None,ticker,dimension,calendardate,datekey,reportperiod,lastupdated,accoci,assets,assetsavg,assetsc,assetsnc,assetturnover,bvps,capex,cashneq,cashnequsd,cor,consolinc,currentratio,de,debt,debtc,debtnc,debtusd,deferredrev,depamor,deposits,divyield,dps,ebit,ebitda,ebitdamargin,ebitdausd,ebitusd,ebt,eps,epsdil,epsusd,equity,equityavg,equityusd,ev,evebit,evebitda,fcf,fcfps,fxusd,gp,grossmargin,intangibles,intexp,invcap,invcapavg,inventory,investments,investmentsc,investmentsnc,liabilities,liabilitiesc,liabilitiesnc,marketcap,ncf,ncfbus,ncfcommon,ncfdebt,ncfdiv,ncff,ncfi,ncfinv,ncfo,ncfx,netinc,netinccmn,netinccmnusd,netincdis,netincnci,netmargin,opex,opinc,payables,payoutratio,pb,pe,pe1,ppnenet,prefdivis,price,ps,ps1,receivables,retearn,revenue,revenueusd,rnd,roa,roe,roic,ros,sbcomp,sgna,sharefactor,sharesbas,shareswa,shareswadil,sps,tangibles,taxassets,taxexp,taxliabilities,tbvps,workingcapital
0,XYL,MRY,2020-12-31,2020-12-31,2020-12-31,2021-08-03,-413000000.0,8750000000.0,8308250000.0,3523000000.0,5227000000.0,0.587,16.48,-183000000.0,1875000000.0,1875000000.0,3046000000.0,254000000.0,1.801,1.945,3084000000.0,600000000.0,2484000000.0,3084000000.0,0.0,251000000.0,0.0,0.01,1.04,362000000.0,613000000.0,0.126,613000000.0,362000000.0,285000000.0,1.41,1.4,1.41,2968000000.0,2875750000.0,2968000000.0,20036814160.0,55.0,32.686,641000000.0,3.559,1.0,1830000000.0,0.375,3947000000.0,77000000.0,4056000000.0,4416500000.0,558000000.0,0.0,0.0,0.0,5774000000.0,1956000000.0,3818000000.0,18345814160.0,1151000000.0,0.0,-41000000.0,1344000000.0,-188000000.0,473000000.0,-169000000.0,0.0,824000000.0,23000000.0,254000000.0,254000000.0,254000000.0,0.0,0.0,0.052,1463000000.0,367000000.0,569000000.0,0.738,6.181,72.228,72.191,657000000.0,0.0,101.79,3.762,3.76,923000000.0,1930000000.0,4876000000.0,4876000000.0,187000000.0,0.031,0.088,0.082,0.074,26000000.0,1143000000.0,1.0,180231989.0,180100000.0,181100000.0,27.074,4803000000.0,0.0,31000000.0,242000000.0,26.669,1567000000.0
1,XYL,MRY,2019-12-31,2019-12-31,2019-12-31,2021-08-03,-375000000.0,7710000000.0,7591750000.0,2450000000.0,5260000000.0,0.691,16.428,-226000000.0,724000000.0,724000000.0,3203000000.0,401000000.0,1.632,1.604,2316000000.0,276000000.0,2040000000.0,2316000000.0,0.0,257000000.0,0.0,0.012,0.96,483000000.0,740000000.0,0.141,740000000.0,483000000.0,416000000.0,2.23,2.21,2.23,2957000000.0,2883250000.0,2957000000.0,16071414246.0,33.0,21.718,613000000.0,3.406,1.0,2046000000.0,0.39,4013000000.0,67000000.0,3788000000.0,3906000000.0,539000000.0,0.0,0.0,0.0,4743000000.0,1501000000.0,3242000000.0,14188414246.0,428000000.0,-18000000.0,-27000000.0,281000000.0,-174000000.0,-177000000.0,-231000000.0,4000000.0,839000000.0,-3000000.0,401000000.0,401000000.0,401000000.0,0.0,0.0,0.076,1559000000.0,487000000.0,597000000.0,0.43,4.798,35.383,35.332,658000000.0,0.0,78.79,2.703,2.702,1036000000.0,1866000000.0,5249000000.0,5249000000.0,191000000.0,0.053,0.139,0.124,0.092,29000000.0,1158000000.0,1.0,180078871.0,180000000.0,181200000.0,29.161,3697000000.0,0.0,15000000.0,310000000.0,20.539,949000000.0
2,XYL,MRY,2018-12-31,2018-12-31,2018-12-31,2021-08-03,-336000000.0,7222000000.0,7282500000.0,2094000000.0,5128000000.0,0.715,15.395,-237000000.0,296000000.0,296000000.0,3181000000.0,549000000.0,1.508,1.604,2308000000.0,257000000.0,2051000000.0,2308000000.0,0.0,261000000.0,0.0,0.013,0.84,667000000.0,928000000.0,0.178,928000000.0,667000000.0,585000000.0,3.05,3.03,3.05,2768000000.0,2609750000.0,2768000000.0,14117654856.0,21.0,15.213,349000000.0,1.941,1.0,2026000000.0,0.389,4208000000.0,82000000.0,3637000000.0,3714000000.0,595000000.0,0.0,0.0,0.0,4440000000.0,1389000000.0,3051000000.0,11990654856.0,-118000000.0,-411000000.0,-52000000.0,216000000.0,-152000000.0,-40000000.0,-643000000.0,0.0,586000000.0,-21000000.0,549000000.0,549000000.0,549000000.0,0.0,0.0,0.105,1372000000.0,654000000.0,586000000.0,0.275,4.332,21.841,21.875,656000000.0,0.0,66.72,2.303,2.304,1031000000.0,1639000000.0,5207000000.0,5207000000.0,189000000.0,0.075,0.21,0.18,0.128,30000000.0,1161000000.0,1.0,179716050.0,179800000.0,181100000.0,28.96,3014000000.0,0.0,36000000.0,303000000.0,16.763,705000000.0
3,XYL,MRY,2017-12-31,2017-12-31,2017-12-31,2021-08-03,-210000000.0,6860000000.0,6719250000.0,2071000000.0,4789000000.0,0.701,13.937,-169000000.0,414000000.0,414000000.0,2860000000.0,330000000.0,1.883,1.734,2200000000.0,0.0,2200000000.0,2200000000.0,0.0,234000000.0,0.0,0.011,0.72,549000000.0,783000000.0,0.166,783000000.0,549000000.0,467000000.0,1.84,1.83,1.84,2503000000.0,2395500000.0,2503000000.0,14251719864.0,26.0,18.201,517000000.0,2.879,1.0,1847000000.0,0.392,3936000000.0,82000000.0,3610000000.0,3665500000.0,524000000.0,0.0,0.0,0.0,4341000000.0,1100000000.0,3241000000.0,12248719864.0,106000000.0,-17000000.0,-9000000.0,0.0,-130000000.0,-421000000.0,-181000000.0,-1000000.0,686000000.0,22000000.0,331000000.0,331000000.0,331000000.0,0.0,-1000000.0,0.07,1295000000.0,552000000.0,549000000.0,0.391,4.894,37.005,37.065,643000000.0,0.0,68.2,2.602,2.602,956000000.0,1227000000.0,4707000000.0,4707000000.0,181000000.0,0.049,0.138,0.15,0.117,21000000.0,1089000000.0,1.0,179599998.0,179600000.0,180900000.0,26.208,2924000000.0,0.0,136000000.0,252000000.0,16.281,971000000.0
4,XYL,MRY,2016-12-31,2016-12-31,2016-12-31,2021-08-03,-318000000.0,6474000000.0,5312500000.0,1839000000.0,4635000000.0,0.71,12.228,-123000000.0,308000000.0,308000000.0,2309000000.0,260000000.0,1.485,1.948,2368000000.0,260000000.0,2108000000.0,2368000000.0,0.0,151000000.0,0.0,0.013,0.62,410000000.0,561000000.0,0.149,561000000.0,410000000.0,340000000.0,1.45,1.45,1.45,2190000000.0,2187500000.0,2190000000.0,9434632279.0,23.0,16.818,374000000.0,2.088,1.0,1462000000.0,0.388,3833000000.0,70000000.0,3463000000.0,2698750000.0,522000000.0,0.0,0.0,0.0,4267000000.0,1238000000.0,3029000000.0,8883632279.0,-372000000.0,-1782000000.0,20000000.0,1206000000.0,-112000000.0,1034000000.0,-1886000000.0,0.0,497000000.0,-17000000.0,260000000.0,260000000.0,260000000.0,0.0,0.0,0.069,1054000000.0,408000000.0,457000000.0,0.428,4.056,34.168,34.152,616000000.0,0.0,49.52,2.356,2.352,843000000.0,1033000000.0,3771000000.0,3771000000.0,110000000.0,0.049,0.119,0.152,0.109,18000000.0,914000000.0,1.0,179394836.0,179100000.0,180000000.0,21.055,2641000000.0,0.0,80000000.0,352000000.0,14.746,601000000.0
5,XYL,MRY,2015-12-31,2015-12-31,2015-12-31,2021-08-03,-238000000.0,4657000000.0,4660250000.0,2005000000.0,2652000000.0,0.784,11.52,-117000000.0,680000000.0,680000000.0,2249000000.0,340000000.0,2.436,1.235,1274000000.0,78000000.0,1196000000.0,1274000000.0,0.0,133000000.0,0.0,0.015,0.564,458000000.0,591000000.0,0.162,591000000.0,458000000.0,403000000.0,1.88,1.87,1.88,2084000000.0,2049000000.0,2084000000.0,7210865168.0,16.0,12.201,347000000.0,1.918,1.0,1404000000.0,0.384,2019000000.0,55000000.0,2409000000.0,2472750000.0,433000000.0,0.0,0.0,0.0,2573000000.0,823000000.0,1750000000.0,6546865168.0,17000000.0,-17000000.0,-158000000.0,0.0,-102000000.0,-262000000.0,-132000000.0,0.0,464000000.0,-53000000.0,340000000.0,340000000.0,340000000.0,0.0,0.0,0.093,955000000.0,449000000.0,338000000.0,0.3,3.141,19.255,19.415,439000000.0,0.0,36.5,1.792,1.808,749000000.0,885000000.0,3653000000.0,3653000000.0,95000000.0,0.073,0.166,0.185,0.125,15000000.0,854000000.0,1.0,179366169.0,180900000.0,181700000.0,20.193,2638000000.0,0.0,63000000.0,118000000.0,14.583,1182000000.0
6,XYL,MRY,2014-12-31,2014-12-31,2014-12-31,2021-08-03,-99000000.0,4833000000.0,4858500000.0,2064000000.0,2769000000.0,0.806,11.617,-117000000.0,663000000.0,663000000.0,2403000000.0,337000000.0,2.286,1.272,1284000000.0,89000000.0,1195000000.0,1284000000.0,0.0,142000000.0,0.0,0.013,0.512,475000000.0,617000000.0,0.158,617000000.0,475000000.0,421000000.0,1.84,1.83,1.84,2127000000.0,2198500000.0,2127000000.0,7634962862.0,16.0,12.374,299000000.0,1.633,1.0,1513000000.0,0.386,2105000000.0,54000000.0,2446000000.0,2567500000.0,486000000.0,0.0,0.0,0.0,2706000000.0,903000000.0,1803000000.0,6923962862.0,130000000.0,30000000.0,-108000000.0,52000000.0,-94000000.0,-147000000.0,-86000000.0,0.0,416000000.0,-53000000.0,337000000.0,337000000.0,337000000.0,0.0,0.0,0.086,1050000000.0,463000000.0,338000000.0,0.278,3.255,20.546,20.69,461000000.0,0.0,38.07,1.768,1.78,771000000.0,648000000.0,3916000000.0,3916000000.0,104000000.0,0.069,0.153,0.185,0.121,18000000.0,920000000.0,1.0,181874517.0,183100000.0,184200000.0,21.387,2728000000.0,0.0,84000000.0,136000000.0,14.899,1161000000.0
7,XYL,MRY,2013-12-31,2013-12-31,2013-12-31,2021-08-03,167000000.0,4896000000.0,4720000000.0,2009000000.0,2887000000.0,0.813,12.1,-120000000.0,533000000.0,533000000.0,2338000000.0,228000000.0,2.355,1.185,1241000000.0,42000000.0,1199000000.0,1241000000.0,0.0,150000000.0,0.0,0.013,0.466,353000000.0,503000000.0,0.131,503000000.0,353000000.0,298000000.0,1.23,1.22,1.23,2241000000.0,2122750000.0,2241000000.0,7191293035.0,20.0,14.297,204000000.0,1.102,1.0,1499000000.0,0.391,2206000000.0,55000000.0,2545000000.0,2551500000.0,475000000.0,0.0,0.0,0.0,2655000000.0,853000000.0,1802000000.0,6383293035.0,29000000.0,-81000000.0,-51000000.0,37000000.0,-87000000.0,-100000000.0,-199000000.0,0.0,324000000.0,4000000.0,228000000.0,228000000.0,228000000.0,0.0,0.0,0.059,1136000000.0,363000000.0,332000000.0,0.379,2.848,27.997,28.13,488000000.0,0.0,34.6,1.664,1.67,817000000.0,405000000.0,3837000000.0,3837000000.0,104000000.0,0.048,0.107,0.138,0.092,27000000.0,990000000.0,1.0,184488238.0,185200000.0,186000000.0,20.718,2690000000.0,41000000.0,70000000.0,191000000.0,14.525,1156000000.0
8,XYL,MRY,2012-12-31,2012-12-31,2012-12-31,2021-08-03,115000000.0,4679000000.0,4567500000.0,1874000000.0,2805000000.0,0.83,11.163,-107000000.0,504000000.0,504000000.0,2289000000.0,297000000.0,2.399,1.256,1205000000.0,6000000.0,1199000000.0,1205000000.0,0.0,142000000.0,0.0,0.015,0.405,443000000.0,585000000.0,0.154,585000000.0,443000000.0,388000000.0,1.6,1.59,1.6,2074000000.0,2006250000.0,2074000000.0,5823018484.0,13.0,9.954,289000000.0,1.555,1.0,1502000000.0,0.396,2131000000.0,55000000.0,2468000000.0,2461500000.0,443000000.0,0.0,0.0,0.0,2605000000.0,781000000.0,1824000000.0,5035018484.0,186000000.0,-41000000.0,11000000.0,-1000000.0,-75000000.0,-74000000.0,-147000000.0,0.0,396000000.0,11000000.0,297000000.0,297000000.0,297000000.0,0.0,0.0,0.078,1059000000.0,443000000.0,332000000.0,0.253,2.428,16.953,16.938,487000000.0,0.0,27.1,1.328,1.328,776000000.0,264000000.0,3791000000.0,3791000000.0,106000000.0,0.065,0.148,0.18,0.117,22000000.0,914000000.0,1.0,185794040.0,185800000.0,186200000.0,20.404,2548000000.0,41000000.0,91000000.0,173000000.0,13.714,1093000000.0
9,XYL,MRY,2011-12-31,2011-12-31,2011-12-31,2021-08-03,122000000.0,4400000000.0,4067500000.0,1649000000.0,2751000000.0,0.935,9.892,-115000000.0,318000000.0,318000000.0,2342000000.0,279000000.0,2.018,1.403,1206000000.0,5000000.0,1201000000.0,1206000000.0,0.0,137000000.0,0.0,0.004,0.101,400000000.0,537000000.0,0.141,537000000.0,400000000.0,383000000.0,1.51,1.5,1.51,1831000000.0,2275000000.0,1831000000.0,5764614321.0,14.0,10.735,334000000.0,1.804,1.0,1461000000.0,0.384,2115000000.0,17000000.0,2356000000.0,1731000000.0,433000000.0,0.0,0.0,0.0,2569000000.0,817000000.0,1752000000.0,4741614321.0,187000000.0,-309000000.0,1000000.0,1185000000.0,-19000000.0,172000000.0,-423000000.0,0.0,449000000.0,-11000000.0,279000000.0,279000000.0,279000000.0,0.0,0.0,0.073,1066000000.0,395000000.0,322000000.0,0.067,2.59,16.995,17.013,463000000.0,0.0,25.69,1.247,1.25,756000000.0,44000000.0,3803000000.0,3803000000.0,100000000.0,0.069,0.123,0.231,0.105,13000000.0,877000000.0,1.0,184570429.0,185100000.0,185300000.0,20.546,2285000000.0,45000000.0,104000000.0,168000000.0,12.345,832000000.0
10,XYL,MRY,2010-12-31,2010-12-31,2010-12-31,2021-08-03,37000000.0,3735000000.0,3135000000.0,1336000000.0,2399000000.0,1.021,14.729,-90000000.0,131000000.0,131000000.0,1988000000.0,329000000.0,2.059,0.374,4000000.0,0.0,4000000.0,4000000.0,0.0,92000000.0,0.0,,0.0,388000000.0,480000000.0,0.15,480000000.0,388000000.0,388000000.0,1.78,1.78,1.78,2719000000.0,2203000000.0,2719000000.0,,,,305000000.0,1.652,1.0,1214000000.0,0.379,1853000000.0,0.0,1106000000.0,964000000.0,389000000.0,0.0,0.0,0.0,1016000000.0,649000000.0,367000000.0,,50000000.0,-1004000000.0,0.0,0.0,0.0,745000000.0,-1093000000.0,0.0,395000000.0,3000000.0,329000000.0,329000000.0,329000000.0,0.0,0.0,0.103,826000000.0,388000000.0,309000000.0,0.0,,,,454000000.0,0.0,,,,690000000.0,0.0,3202000000.0,3202000000.0,74000000.0,0.105,0.149,0.402,0.121,9000000.0,737000000.0,1.0,184570429.0,184600000.0,184600000.0,17.346,1882000000.0,47000000.0,59000000.0,99000000.0,10.195,687000000.0
11,XYL,MRY,2009-12-31,2009-12-31,2009-12-31,2021-08-03,415000000.0,2535000000.0,,1088000000.0,1447000000.0,,9.139,-51000000.0,81000000.0,81000000.0,1812000000.0,263000000.0,1.905,0.503,0.0,0.0,0.0,0.0,0.0,70000000.0,0.0,,0.0,277000000.0,347000000.0,0.122,347000000.0,277000000.0,277000000.0,1.42,1.42,1.42,1687000000.0,,1687000000.0,,,,319000000.0,1.728,1.0,1037000000.0,0.364,1061000000.0,0.0,822000000.0,,301000000.0,0.0,0.0,0.0,848000000.0,571000000.0,277000000.0,,0.0,-33000000.0,0.0,0.0,0.0,-292000000.0,-84000000.0,0.0,370000000.0,6000000.0,263000000.0,263000000.0,263000000.0,0.0,0.0,0.092,761000000.0,276000000.0,256000000.0,0.0,,,,334000000.0,0.0,,,,599000000.0,,2849000000.0,2849000000.0,63000000.0,,,,0.097,9000000.0,667000000.0,1.0,,184600000.0,184600000.0,15.433,1474000000.0,0.0,14000000.0,60000000.0,7.985,517000000.0
12,XYL,MRY,2008-12-31,2008-12-31,2008-12-31,2021-08-03,,,,,,,,-67000000.0,,,2150000000.0,224000000.0,,,,,,,,62000000.0,,,0.0,312000000.0,374000000.0,0.114,374000000.0,312000000.0,312000000.0,,,,,,,,,,341000000.0,,1.0,1141000000.0,0.347,,0.0,,,,,,,,,,,-23000000.0,-23000000.0,0.0,0.0,0.0,-341000000.0,-81000000.0,0.0,408000000.0,-9000000.0,224000000.0,224000000.0,224000000.0,0.0,0.0,0.068,826000000.0,315000000.0,,,,,,,0.0,,,,,,3291000000.0,3291000000.0,64000000.0,,,,0.095,10000000.0,721000000.0,1.0,,,,,,,88000000.0,,,
0,XYL,MRQ,2021-06-30,2021-06-30,2021-06-30,2021-08-03,-398000000.0,8785000000.0,,3623000000.0,5162000000.0,,16.88,-42000000.0,1840000000.0,1840000000.0,831000000.0,113000000.0,1.849,1.887,3066000000.0,600000000.0,2466000000.0,3066000000.0,0.0,62000000.0,0.0,0.009,0.28,159000000.0,221000000.0,0.164,221000000.0,159000000.0,138000000.0,0.63,0.62,0.63,3040000000.0,,3040000000.0,22969789136.0,42.0,28.929,190000000.0,1.055,1.0,520000000.0,0.385,3899000000.0,21000000.0,4153000000.0,,642000000.0,0.0,0.0,0.0,5736000000.0,1959000000.0,3777000000.0,21597789136.0,152000000.0,2000000.0,5000000.0,0.0,-51000000.0,-47000000.0,-38000000.0,0.0,232000000.0,5000000.0,113000000.0,113000000.0,113000000.0,0.0,0.0,0.084,360000000.0,160000000.0,599000000.0,0.444,7.105,56.098,56.056,626000000.0,0.0,119.96,4.153,4.155,975000000.0,2029000000.0,1351000000.0,1351000000.0,53000000.0,,,,,8000000.0,304000000.0,1.0,180041590.0,180100000.0,181300000.0,7.501,4886000000.0,0.0,25000000.0,264000000.0,27.129,1664000000.0
1,XYL,MRQ,2021-03-31,2021-03-31,2021-03-31,2021-08-03,-426000000.0,8545000000.0,,3401000000.0,5144000000.0,,16.29,-38000000.0,1688000000.0,1688000000.0,766000000.0,87000000.0,1.844,1.906,3060000000.0,600000000.0,2460000000.0,3060000000.0,0.0,62000000.0,0.0,0.01,0.28,135000000.0,197000000.0,0.157,197000000.0,135000000.0,114000000.0,0.49,0.48,0.49,2937000000.0,,2937000000.0,20179106294.0,46.0,29.33,-64000000.0,-0.355,1.0,490000000.0,0.39,3906000000.0,21000000.0,4167000000.0,,596000000.0,0.0,0.0,0.0,5599000000.0,1844000000.0,3755000000.0,18970106294.0,-187000000.0,0.0,-64000000.0,0.0,-51000000.0,-115000000.0,-31000000.0,0.0,-26000000.0,-15000000.0,87000000.0,87000000.0,87000000.0,0.0,0.0,0.069,357000000.0,133000000.0,530000000.0,0.571,6.459,62.608,62.607,627000000.0,0.0,105.18,3.787,3.786,952000000.0,1967000000.0,1256000000.0,1256000000.0,50000000.0,,,,,9000000.0,301000000.0,1.0,180358493.0,180300000.0,181500000.0,6.966,4639000000.0,0.0,27000000.0,257000000.0,25.729,1557000000.0
2,XYL,MRQ,2020-12-31,2020-12-31,2020-12-31,2021-08-03,-413000000.0,8750000000.0,,3523000000.0,5227000000.0,,16.48,-48000000.0,1875000000.0,1875000000.0,847000000.0,148000000.0,1.801,1.945,3084000000.0,600000000.0,2484000000.0,3084000000.0,0.0,62000000.0,0.0,0.01,0.26,179000000.0,241000000.0,0.176,241000000.0,179000000.0,158000000.0,0.82,0.82,0.82,2968000000.0,,2968000000.0,20036814160.0,55.0,32.686,322000000.0,1.788,1.0,526000000.0,0.383,3947000000.0,21000000.0,4056000000.0,,558000000.0,0.0,0.0,0.0,5774000000.0,1956000000.0,3818000000.0,18345814160.0,473000000.0,0.0,10000000.0,600000000.0,-46000000.0,-77000000.0,157000000.0,200000000.0,370000000.0,23000000.0,148000000.0,148000000.0,148000000.0,0.0,0.0,0.108,347000000.0,179000000.0,569000000.0,0.317,6.181,72.228,72.191,657000000.0,0.0,101.79,3.762,3.76,923000000.0,1930000000.0,1373000000.0,1373000000.0,49000000.0,,,,,7000000.0,292000000.0,1.0,180231989.0,180100000.0,181400000.0,7.624,4803000000.0,0.0,10000000.0,242000000.0,26.669,1567000000.0
3,XYL,MRQ,2020-09-30,2020-09-30,2020-09-30,2021-08-03,-396000000.0,8448000000.0,,3311000000.0,5137000000.0,,15.928,-40000000.0,1402000000.0,1402000000.0,759000000.0,37000000.0,2.587,1.944,3093000000.0,40000000.0,3053000000.0,3093000000.0,0.0,63000000.0,0.0,0.012,0.26,72000000.0,135000000.0,0.111,135000000.0,72000000.0,50000000.0,0.2,0.2,0.2,2867000000.0,,2867000000.0,16804175727.0,45.0,26.673,235000000.0,1.306,1.0,461000000.0,0.378,3885000000.0,22000000.0,4974000000.0,,582000000.0,200000000.0,200000000.0,0.0,5573000000.0,1280000000.0,4293000000.0,15138175727.0,-175000000.0,0.0,4000000.0,-180000000.0,-47000000.0,-224000000.0,-238000000.0,-200000000.0,275000000.0,12000000.0,37000000.0,37000000.0,37000000.0,0.0,0.0,0.03,388000000.0,73000000.0,495000000.0,1.3,5.28,67.581,67.839,633000000.0,0.0,84.12,3.106,3.107,968000000.0,1828000000.0,1220000000.0,1220000000.0,45000000.0,,,,,3000000.0,266000000.0,1.0,179959293.0,180000000.0,181000000.0,6.778,4563000000.0,0.0,13000000.0,283000000.0,25.35,2031000000.0
4,XYL,MRQ,2020-06-30,2020-06-30,2020-06-30,2021-08-03,-409000000.0,8444000000.0,,3301000000.0,5143000000.0,,15.867,-44000000.0,1577000000.0,1577000000.0,726000000.0,31000000.0,2.404,1.953,3243000000.0,212000000.0,3031000000.0,3243000000.0,0.0,62000000.0,0.0,0.015,0.26,53000000.0,115000000.0,0.099,115000000.0,53000000.0,35000000.0,0.17,0.17,0.17,2856000000.0,,2856000000.0,13438297433.0,44.0,23.827,137000000.0,0.761,1.0,434000000.0,0.374,3928000000.0,18000000.0,4809000000.0,,595000000.0,0.0,0.0,0.0,5579000000.0,1373000000.0,4206000000.0,11687297433.0,838000000.0,0.0,0.0,734000000.0,-47000000.0,687000000.0,-40000000.0,0.0,181000000.0,10000000.0,31000000.0,31000000.0,31000000.0,0.0,0.0,0.027,380000000.0,54000000.0,498000000.0,1.529,4.092,46.378,46.4,635000000.0,0.0,64.96,2.361,2.362,956000000.0,1838000000.0,1160000000.0,1160000000.0,44000000.0,,,,,8000000.0,288000000.0,1.0,179915293.0,180000000.0,180600000.0,6.444,4516000000.0,0.0,4000000.0,304000000.0,25.089,1928000000.0
5,XYL,MRQ,2020-03-31,2020-03-31,2020-03-31,2021-08-03,-461000000.0,7591000000.0,,2462000000.0,5129000000.0,,15.605,-51000000.0,739000000.0,739000000.0,714000000.0,38000000.0,1.554,1.696,2490000000.0,459000000.0,2031000000.0,2490000000.0,0.0,64000000.0,0.0,0.015,0.26,58000000.0,122000000.0,0.109,122000000.0,58000000.0,42000000.0,0.21,0.21,0.21,2812000000.0,,2812000000.0,13329896766.0,31.0,19.431,-53000000.0,-0.294,1.0,409000000.0,0.364,3931000000.0,16000000.0,3827000000.0,,573000000.0,0.0,0.0,0.0,4770000000.0,1584000000.0,3186000000.0,11737896766.0,15000000.0,0.0,-55000000.0,190000000.0,-48000000.0,87000000.0,-48000000.0,0.0,-2000000.0,-22000000.0,38000000.0,38000000.0,38000000.0,0.0,0.0,0.034,348000000.0,61000000.0,506000000.0,1.238,4.174,32.605,32.565,628000000.0,0.0,65.13,2.286,2.286,975000000.0,1854000000.0,1123000000.0,1123000000.0,49000000.0,,,,,8000000.0,297000000.0,1.0,180222582.0,180200000.0,181300000.0,6.232,3660000000.0,0.0,4000000.0,315000000.0,20.311,878000000.0
6,XYL,MRQ,2019-12-31,2019-12-31,2019-12-31,2021-08-03,-375000000.0,7710000000.0,,2450000000.0,5260000000.0,,16.4,-51000000.0,724000000.0,724000000.0,834000000.0,118000000.0,1.632,1.604,2316000000.0,276000000.0,2040000000.0,2316000000.0,0.0,65000000.0,0.0,0.012,0.24,193000000.0,258000000.0,0.188,258000000.0,193000000.0,178000000.0,0.66,0.65,0.66,2957000000.0,,2957000000.0,16071414246.0,33.0,21.718,337000000.0,1.869,1.0,537000000.0,0.392,4013000000.0,15000000.0,3788000000.0,,539000000.0,0.0,0.0,0.0,4743000000.0,1501000000.0,3242000000.0,14188414246.0,271000000.0,2000000.0,2000000.0,218000000.0,-43000000.0,-78000000.0,-46000000.0,1000000.0,388000000.0,7000000.0,118000000.0,118000000.0,118000000.0,0.0,0.0,0.086,341000000.0,196000000.0,597000000.0,0.364,4.798,35.383,35.332,658000000.0,0.0,78.79,2.703,2.702,1036000000.0,1866000000.0,1371000000.0,1371000000.0,49000000.0,,,,,6000000.0,288000000.0,1.0,180078871.0,180300000.0,181200000.0,7.604,3697000000.0,0.0,60000000.0,310000000.0,20.505,949000000.0
7,XYL,MRQ,2019-09-30,2019-09-30,2019-09-30,2021-08-03,-364000000.0,7515000000.0,,2263000000.0,5252000000.0,,16.024,-46000000.0,453000000.0,453000000.0,787000000.0,65000000.0,1.549,1.601,2336000000.0,306000000.0,2030000000.0,2336000000.0,0.0,65000000.0,0.0,0.012,0.24,4000000.0,69000000.0,0.053,69000000.0,4000000.0,-12000000.0,0.36,0.36,0.36,2886000000.0,,2886000000.0,16403917420.0,34.0,21.989,199000000.0,1.105,1.0,509000000.0,0.393,3991000000.0,16000000.0,3946000000.0,,580000000.0,0.0,0.0,0.0,4620000000.0,1461000000.0,3159000000.0,14333917420.0,70000000.0,0.0,2000000.0,-81000000.0,-44000000.0,-124000000.0,-39000000.0,3000000.0,245000000.0,-12000000.0,65000000.0,65000000.0,65000000.0,0.0,0.0,0.05,498000000.0,11000000.0,521000000.0,0.667,4.967,28.216,28.234,641000000.0,0.0,79.62,2.723,2.724,1078000000.0,1791000000.0,1296000000.0,1296000000.0,44000000.0,,,,,7000000.0,273000000.0,1.0,180029106.0,180100000.0,181200000.0,7.196,3524000000.0,0.0,-77000000.0,310000000.0,19.567,802000000.0
8,XYL,MRQ,2019-06-30,2019-06-30,2019-06-30,2021-08-03,-327000000.0,7674000000.0,,2258000000.0,5416000000.0,,16.078,-60000000.0,383000000.0,383000000.0,819000000.0,139000000.0,1.469,1.648,2453000000.0,402000000.0,2051000000.0,2453000000.0,0.0,63000000.0,0.0,0.011,0.24,174000000.0,237000000.0,0.176,237000000.0,174000000.0,156000000.0,0.77,0.77,0.77,2894000000.0,,2894000000.0,17122596873.0,26.0,18.571,63000000.0,0.35,1.0,526000000.0,0.391,4210000000.0,18000000.0,3997000000.0,,604000000.0,0.0,0.0,0.0,4768000000.0,1537000000.0,3231000000.0,15049596873.0,108000000.0,-15000000.0,4000000.0,94000000.0,-43000000.0,54000000.0,-69000000.0,0.0,123000000.0,0.0,139000000.0,139000000.0,139000000.0,0.0,0.0,0.103,355000000.0,171000000.0,539000000.0,0.312,5.2,26.265,26.219,661000000.0,0.0,83.64,2.864,2.865,1096000000.0,1770000000.0,1345000000.0,1345000000.0,47000000.0,,,,,7000000.0,294000000.0,1.0,179933009.0,180000000.0,181200000.0,7.472,3464000000.0,0.0,17000000.0,305000000.0,19.244,721000000.0
9,XYL,MRQ,2019-03-31,2019-03-31,2019-03-31,2021-08-03,-316000000.0,7468000000.0,,2081000000.0,5387000000.0,,15.559,-69000000.0,275000000.0,275000000.0,763000000.0,79000000.0,1.444,1.667,2348000000.0,304000000.0,2044000000.0,2348000000.0,0.0,64000000.0,0.0,0.011,0.24,112000000.0,176000000.0,0.142,176000000.0,112000000.0,94000000.0,0.44,0.43,0.44,2796000000.0,,2796000000.0,16203845250.0,24.0,17.594,14000000.0,0.078,1.0,474000000.0,0.383,4207000000.0,18000000.0,3893000000.0,,617000000.0,0.0,0.0,0.0,4660000000.0,1441000000.0,3219000000.0,14191845250.0,-21000000.0,-5000000.0,-35000000.0,50000000.0,-44000000.0,-29000000.0,-77000000.0,0.0,83000000.0,2000000.0,79000000.0,79000000.0,79000000.0,0.0,0.0,0.064,365000000.0,109000000.0,548000000.0,0.545,5.076,25.85,25.83,653000000.0,0.0,79.04,2.715,2.717,1020000000.0,1674000000.0,1237000000.0,1237000000.0,51000000.0,,,,,9000000.0,303000000.0,1.0,179552698.0,179700000.0,181100000.0,6.884,3261000000.0,0.0,15000000.0,312000000.0,18.147,640000000.0
10,XYL,MRQ,2018-12-31,2018-12-31,2018-12-31,2021-08-03,-336000000.0,7222000000.0,,2094000000.0,5128000000.0,,15.395,-66000000.0,296000000.0,296000000.0,844000000.0,225000000.0,1.508,1.604,2308000000.0,257000000.0,2051000000.0,2308000000.0,0.0,66000000.0,0.0,0.013,0.21,198000000.0,264000000.0,0.19,264000000.0,198000000.0,179000000.0,1.25,1.24,1.25,2768000000.0,,2768000000.0,14117654856.0,21.0,15.213,132000000.0,0.734,1.0,542000000.0,0.391,4208000000.0,19000000.0,3637000000.0,,595000000.0,0.0,0.0,0.0,4440000000.0,1389000000.0,3051000000.0,11990654856.0,-108000000.0,0.0,-1000000.0,-144000000.0,-38000000.0,-235000000.0,-64000000.0,0.0,198000000.0,-7000000.0,225000000.0,225000000.0,225000000.0,0.0,0.0,0.162,348000000.0,194000000.0,586000000.0,0.168,4.332,21.841,21.875,656000000.0,0.0,66.72,2.303,2.304,1031000000.0,1639000000.0,1386000000.0,1386000000.0,52000000.0,,,,,7000000.0,293000000.0,1.0,179716050.0,179800000.0,180800000.0,7.709,3014000000.0,0.0,-46000000.0,303000000.0,16.763,705000000.0
11,XYL,MRQ,2018-09-30,2018-09-30,2018-09-30,2021-08-03,-293000000.0,7326000000.0,,2204000000.0,5122000000.0,,14.563,-60000000.0,404000000.0,404000000.0,782000000.0,130000000.0,1.486,1.794,2531000000.0,342000000.0,2189000000.0,2531000000.0,0.0,63000000.0,0.0,0.01,0.21,182000000.0,245000000.0,0.19,245000000.0,182000000.0,161000000.0,0.73,0.72,0.73,2617000000.0,,2617000000.0,16565065779.0,26.0,18.633,127000000.0,0.707,1.0,505000000.0,0.392,4267000000.0,21000000.0,3703000000.0,,622000000.0,0.0,0.0,0.0,4695000000.0,1483000000.0,3212000000.0,14346065779.0,83000000.0,19000000.0,3000000.0,-23000000.0,-38000000.0,-57000000.0,-42000000.0,0.0,187000000.0,-5000000.0,130000000.0,130000000.0,130000000.0,0.0,0.0,0.101,329000000.0,176000000.0,570000000.0,0.288,5.482,36.319,36.305,636000000.0,0.0,79.87,2.814,2.815,1017000000.0,1452000000.0,1287000000.0,1287000000.0,46000000.0,,,,,7000000.0,279000000.0,1.0,179617701.0,179700000.0,181100000.0,7.162,3059000000.0,0.0,31000000.0,284000000.0,17.023,721000000.0
12,XYL,MRQ,2018-06-30,2018-06-30,2018-06-30,2021-08-03,-294000000.0,7232000000.0,,2106000000.0,5126000000.0,,13.977,-50000000.0,321000000.0,321000000.0,798000000.0,115000000.0,1.426,1.871,2540000000.0,361000000.0,2179000000.0,2540000000.0,0.0,65000000.0,0.0,0.012,0.21,171000000.0,236000000.0,0.179,236000000.0,171000000.0,150000000.0,0.64,0.64,0.64,2513000000.0,,2513000000.0,14425100496.0,24.0,16.871,88000000.0,0.489,1.0,519000000.0,0.394,4265000000.0,21000000.0,3709000000.0,,598000000.0,0.0,0.0,0.0,4703000000.0,1477000000.0,3226000000.0,12123100496.0,24000000.0,0.0,-24000000.0,12000000.0,-38000000.0,-50000000.0,-46000000.0,0.0,138000000.0,-18000000.0,115000000.0,115000000.0,115000000.0,0.0,0.0,0.087,348000000.0,171000000.0,580000000.0,0.328,4.824,32.765,32.868,643000000.0,0.0,67.38,2.422,2.42,1019000000.0,1359000000.0,1317000000.0,1317000000.0,50000000.0,,,,,7000000.0,293000000.0,1.0,179921349.0,179800000.0,181000000.0,7.325,2967000000.0,0.0,35000000.0,288000000.0,16.502,629000000.0
13,XYL,MRQ,2018-03-31,2018-03-31,2018-03-31,2021-08-03,-207000000.0,7350000000.0,,2066000000.0,5284000000.0,,14.125,-61000000.0,297000000.0,297000000.0,757000000.0,79000000.0,1.415,1.886,2599000000.0,371000000.0,2228000000.0,2599000000.0,0.0,67000000.0,0.0,0.01,0.21,116000000.0,183000000.0,0.15,183000000.0,116000000.0,95000000.0,0.44,0.43,0.44,2541000000.0,,2541000000.0,15623373021.0,27.0,19.123,2000000.0,0.011,1.0,460000000.0,0.378,4385000000.0,21000000.0,3807000000.0,,578000000.0,0.0,0.0,0.0,4793000000.0,1460000000.0,3333000000.0,13837373021.0,-117000000.0,-430000000.0,-30000000.0,371000000.0,-38000000.0,302000000.0,-491000000.0,0.0,63000000.0,9000000.0,79000000.0,79000000.0,79000000.0,0.0,0.0,0.065,347000000.0,113000000.0,543000000.0,0.477,5.446,39.089,39.245,666000000.0,0.0,76.92,2.851,2.851,999000000.0,1282000000.0,1217000000.0,1217000000.0,41000000.0,,,,,9000000.0,296000000.0,1.0,179893045.0,179900000.0,181400000.0,6.765,2965000000.0,0.0,16000000.0,285000000.0,16.481,606000000.0
14,XYL,MRQ,2017-12-31,2017-12-31,2017-12-31,2021-08-03,-210000000.0,6860000000.0,,2071000000.0,4789000000.0,,13.937,-50000000.0,414000000.0,414000000.0,770000000.0,70000000.0,1.883,1.734,2200000000.0,0.0,2200000000.0,2200000000.0,0.0,60000000.0,0.0,0.011,0.18,165000000.0,225000000.0,0.176,225000000.0,165000000.0,145000000.0,0.39,0.39,0.39,2503000000.0,,2503000000.0,14251719864.0,26.0,18.201,257000000.0,1.431,1.0,507000000.0,0.397,3936000000.0,20000000.0,3610000000.0,,524000000.0,0.0,0.0,0.0,4341000000.0,1100000000.0,3241000000.0,12248719864.0,131000000.0,-12000000.0,8000000.0,184000000.0,-33000000.0,-122000000.0,-59000000.0,0.0,307000000.0,5000000.0,71000000.0,71000000.0,71000000.0,0.0,-1000000.0,0.056,330000000.0,177000000.0,549000000.0,0.462,4.894,37.005,37.065,643000000.0,0.0,68.2,2.602,2.602,956000000.0,1227000000.0,1277000000.0,1277000000.0,50000000.0,,,,,5000000.0,277000000.0,1.0,179599998.0,179600000.0,181500000.0,7.11,2924000000.0,0.0,74000000.0,252000000.0,16.281,971000000.0
15,XYL,MRQ,2017-09-30,2017-09-30,2017-09-30,2021-08-03,-199000000.0,6783000000.0,,1995000000.0,4788000000.0,,13.714,-42000000.0,283000000.0,283000000.0,724000000.0,104000000.0,1.756,1.747,2286000000.0,97000000.0,2189000000.0,2286000000.0,0.0,58000000.0,0.0,0.011,0.18,153000000.0,211000000.0,0.177,211000000.0,153000000.0,132000000.0,0.58,0.58,0.58,2463000000.0,,2463000000.0,13369373527.0,27.0,18.517,186000000.0,1.036,1.0,471000000.0,0.394,3915000000.0,21000000.0,3735000000.0,,562000000.0,0.0,0.0,0.0,4303000000.0,1136000000.0,3167000000.0,11246373527.0,-5000000.0,-10000000.0,1000000.0,-152000000.0,-32000000.0,-184000000.0,-53000000.0,-1000000.0,228000000.0,4000000.0,105000000.0,105000000.0,105000000.0,0.0,-1000000.0,0.088,319000000.0,152000000.0,477000000.0,0.31,4.566,36.279,36.413,637000000.0,0.0,62.63,2.485,2.486,990000000.0,1188000000.0,1195000000.0,1195000000.0,45000000.0,,,,,5000000.0,270000000.0,1.0,179568474.0,179600000.0,180900000.0,6.654,2868000000.0,0.0,27000000.0,324000000.0,15.969,859000000.0
16,XYL,MRQ,2017-06-30,2017-06-30,2017-06-30,2021-08-03,-220000000.0,6707000000.0,,1961000000.0,4746000000.0,,13.168,-34000000.0,288000000.0,288000000.0,707000000.0,100000000.0,1.634,1.829,2411000000.0,243000000.0,2168000000.0,2411000000.0,0.0,57000000.0,0.0,0.012,0.18,141000000.0,198000000.0,0.17,198000000.0,141000000.0,120000000.0,0.55,0.55,0.55,2365000000.0,,2365000000.0,12061680939.0,27.0,18.443,65000000.0,0.362,1.0,457000000.0,0.393,3901000000.0,21000000.0,3729000000.0,,554000000.0,0.0,0.0,0.0,4325000000.0,1200000000.0,3125000000.0,9961680939.0,1000000.0,0.0,-14000000.0,-27000000.0,-32000000.0,-74000000.0,-31000000.0,0.0,99000000.0,7000000.0,99000000.0,99000000.0,99000000.0,0.0,1000000.0,0.085,320000000.0,137000000.0,442000000.0,0.327,4.212,35.833,35.761,627000000.0,0.0,55.43,2.357,2.355,944000000.0,1117000000.0,1164000000.0,1164000000.0,44000000.0,,,,,5000000.0,270000000.0,1.0,179716416.0,179600000.0,180600000.0,6.481,2806000000.0,0.0,21000000.0,329000000.0,15.624,761000000.0
17,XYL,MRQ,2017-03-31,2017-03-31,2017-03-31,2021-08-03,-276000000.0,6527000000.0,,1863000000.0,4664000000.0,,12.533,-43000000.0,287000000.0,287000000.0,659000000.0,56000000.0,1.564,1.892,2387000000.0,261000000.0,2126000000.0,2387000000.0,0.0,59000000.0,0.0,0.013,0.18,90000000.0,149000000.0,0.139,149000000.0,90000000.0,70000000.0,0.31,0.31,0.31,2251000000.0,,2251000000.0,11073053959.0,26.0,18.486,9000000.0,0.05,1.0,412000000.0,0.385,3848000000.0,20000000.0,3588000000.0,,540000000.0,0.0,0.0,0.0,4259000000.0,1191000000.0,3068000000.0,9013053959.0,-21000000.0,5000000.0,-4000000.0,-5000000.0,-33000000.0,-41000000.0,-38000000.0,0.0,52000000.0,6000000.0,56000000.0,56000000.0,56000000.0,0.0,0.0,0.052,326000000.0,86000000.0,414000000.0,0.581,4.004,36.052,36.129,612000000.0,0.0,50.22,2.256,2.258,868000000.0,1050000000.0,1071000000.0,1071000000.0,42000000.0,,,,,6000000.0,272000000.0,1.0,179471405.0,179600000.0,180700000.0,5.963,2679000000.0,0.0,14000000.0,350000000.0,14.916,672000000.0
18,XYL,MRQ,2016-12-31,2016-12-31,2016-12-31,2021-08-03,-318000000.0,6474000000.0,,1839000000.0,4635000000.0,,12.207,-33000000.0,308000000.0,308000000.0,688000000.0,50000000.0,1.485,1.948,2368000000.0,260000000.0,2108000000.0,2368000000.0,0.0,54000000.0,0.0,0.013,0.155,110000000.0,164000000.0,0.15,164000000.0,110000000.0,90000000.0,0.28,0.28,0.28,2190000000.0,,2190000000.0,9434632279.0,23.0,16.818,190000000.0,1.059,1.0,407000000.0,0.372,3833000000.0,20000000.0,3463000000.0,,522000000.0,0.0,0.0,0.0,4267000000.0,1238000000.0,3029000000.0,8883632279.0,-351000000.0,-1712000000.0,1000000.0,1292000000.0,-28000000.0,1184000000.0,-1731000000.0,0.0,223000000.0,-27000000.0,50000000.0,50000000.0,50000000.0,0.0,0.0,0.046,296000000.0,111000000.0,457000000.0,0.554,4.056,34.168,34.152,616000000.0,0.0,49.52,2.356,2.352,843000000.0,1033000000.0,1095000000.0,1095000000.0,35000000.0,,,,,3000000.0,249000000.0,1.0,179394836.0,179400000.0,180600000.0,6.104,2641000000.0,0.0,40000000.0,352000000.0,14.721,601000000.0
19,XYL,MRQ,2016-09-30,2016-09-30,2016-09-30,2021-08-03,-255000000.0,4778000000.0,,2092000000.0,2686000000.0,,12.421,-28000000.0,659000000.0,659000000.0,540000000.0,73000000.0,2.488,1.145,1210000000.0,62000000.0,1148000000.0,1210000000.0,0.0,32000000.0,0.0,0.012,0.155,111000000.0,143000000.0,0.159,143000000.0,111000000.0,95000000.0,0.41,0.41,0.41,2227000000.0,,2227000000.0,10046074448.0,23.0,17.625,121000000.0,0.675,1.0,357000000.0,0.398,2065000000.0,16000000.0,2423000000.0,,488000000.0,0.0,0.0,0.0,2551000000.0,841000000.0,1710000000.0,9398074448.0,73000000.0,0.0,6000000.0,-30000000.0,-28000000.0,-52000000.0,-28000000.0,0.0,149000000.0,4000000.0,73000000.0,73000000.0,73000000.0,0.0,0.0,0.081,248000000.0,109000000.0,341000000.0,0.378,4.22,29.006,29.139,440000000.0,0.0,52.45,2.561,2.562,792000000.0,1011000000.0,897000000.0,897000000.0,23000000.0,,,,,5000000.0,219000000.0,1.0,179181591.0,179300000.0,180300000.0,5.003,2713000000.0,0.0,22000000.0,114000000.0,15.131,1251000000.0
20,XYL,MRQ,2016-06-30,2016-06-30,2016-06-30,2021-08-03,-252000000.0,4694000000.0,,2007000000.0,2687000000.0,,12.138,-25000000.0,586000000.0,586000000.0,563000000.0,71000000.0,2.448,1.159,1234000000.0,91000000.0,1143000000.0,1234000000.0,0.0,33000000.0,0.0,0.013,0.155,110000000.0,143000000.0,0.153,143000000.0,110000000.0,90000000.0,0.39,0.39,0.39,2174000000.0,,2174000000.0,8667768865.0,19.0,14.944,59000000.0,0.329,1.0,369000000.0,0.396,2069000000.0,20000000.0,2453000000.0,,483000000.0,0.0,0.0,0.0,2520000000.0,820000000.0,1700000000.0,7987768865.0,-607000000.0,0.0,8000000.0,-636000000.0,-28000000.0,-657000000.0,-22000000.0,0.0,84000000.0,-12000000.0,71000000.0,71000000.0,71000000.0,0.0,0.0,0.076,260000000.0,109000000.0,339000000.0,0.397,3.674,23.563,23.877,438000000.0,0.0,44.65,2.174,2.176,784000000.0,966000000.0,932000000.0,932000000.0,27000000.0,,,,,5000000.0,227000000.0,1.0,178897399.0,179100000.0,179900000.0,5.204,2625000000.0,0.0,19000000.0,117000000.0,14.657,1187000000.0
21,XYL,MRQ,2016-03-31,2016-03-31,2016-03-31,2021-08-03,-212000000.0,5304000000.0,,2575000000.0,2729000000.0,,12.088,-37000000.0,1193000000.0,1193000000.0,518000000.0,66000000.0,1.798,1.457,1873000000.0,720000000.0,1153000000.0,1873000000.0,0.0,32000000.0,0.0,0.014,0.155,79000000.0,111000000.0,0.131,111000000.0,79000000.0,65000000.0,0.37,0.37,0.37,2159000000.0,,2159000000.0,7894069547.0,18.0,13.705,4000000.0,0.022,1.0,329000000.0,0.388,2096000000.0,14000000.0,2456000000.0,,482000000.0,0.0,0.0,0.0,3145000000.0,1432000000.0,1713000000.0,7300069547.0,513000000.0,-70000000.0,5000000.0,580000000.0,-28000000.0,559000000.0,-105000000.0,0.0,41000000.0,18000000.0,66000000.0,66000000.0,66000000.0,0.0,0.0,0.078,250000000.0,79000000.0,332000000.0,0.419,3.381,21.345,21.64,446000000.0,0.0,40.9,1.993,1.994,752000000.0,923000000.0,847000000.0,847000000.0,25000000.0,,,,,5000000.0,219000000.0,1.0,178485808.0,178600000.0,179300000.0,4.742,3208000000.0,0.0,-1000000.0,106000000.0,17.962,1143000000.0
22,XYL,MRQ,2015-12-31,2015-12-31,2015-12-31,2021-08-03,-238000000.0,4657000000.0,,2005000000.0,2652000000.0,,11.636,-40000000.0,680000000.0,680000000.0,604000000.0,114000000.0,2.436,1.235,1274000000.0,78000000.0,1196000000.0,1274000000.0,0.0,31000000.0,0.0,0.015,0.141,142000000.0,173000000.0,0.174,173000000.0,142000000.0,128000000.0,0.63,0.63,0.63,2084000000.0,,2084000000.0,7210865168.0,16.0,12.201,164000000.0,0.916,1.0,390000000.0,0.392,2019000000.0,14000000.0,2409000000.0,,433000000.0,0.0,0.0,0.0,2573000000.0,823000000.0,1750000000.0,6546865168.0,69000000.0,-18000000.0,-44000000.0,3000000.0,-25000000.0,-68000000.0,-58000000.0,0.0,204000000.0,-9000000.0,114000000.0,114000000.0,114000000.0,0.0,0.0,0.115,248000000.0,142000000.0,338000000.0,0.224,3.141,19.255,19.415,439000000.0,0.0,36.5,1.792,1.808,749000000.0,885000000.0,994000000.0,994000000.0,24000000.0,,,,,4000000.0,223000000.0,1.0,179366169.0,179100000.0,179900000.0,5.55,2638000000.0,0.0,14000000.0,118000000.0,14.729,1182000000.0
23,XYL,MRQ,2015-09-30,2015-09-30,2015-09-30,2021-08-03,-229000000.0,4645000000.0,,2017000000.0,2628000000.0,,11.3,-20000000.0,611000000.0,611000000.0,551000000.0,88000000.0,2.475,1.274,1275000000.0,79000000.0,1196000000.0,1275000000.0,0.0,33000000.0,0.0,0.017,0.141,120000000.0,153000000.0,0.17,153000000.0,120000000.0,107000000.0,0.48,0.48,0.48,2043000000.0,,2043000000.0,6639247110.0,15.0,11.177,117000000.0,0.647,1.0,351000000.0,0.389,2018000000.0,13000000.0,2476000000.0,,477000000.0,0.0,0.0,0.0,2602000000.0,815000000.0,1787000000.0,5962247110.0,11000000.0,0.0,-70000000.0,-1000000.0,-26000000.0,-98000000.0,-21000000.0,0.0,137000000.0,-7000000.0,88000000.0,88000000.0,88000000.0,0.0,0.0,0.098,231000000.0,120000000.0,314000000.0,0.294,2.918,18.516,18.559,418000000.0,0.0,32.85,1.611,1.605,762000000.0,796000000.0,902000000.0,902000000.0,23000000.0,,,,,3000000.0,207000000.0,1.0,181499151.0,180800000.0,181600000.0,4.989,2627000000.0,35000000.0,19000000.0,141000000.0,14.53,1202000000.0
24,XYL,MRQ,2015-06-30,2015-06-30,2015-06-30,2021-08-03,-198000000.0,4719000000.0,,2056000000.0,2663000000.0,,11.46,-20000000.0,600000000.0,600000000.0,572000000.0,74000000.0,2.456,1.269,1277000000.0,81000000.0,1196000000.0,1277000000.0,0.0,34000000.0,0.0,0.015,0.141,105000000.0,139000000.0,0.151,139000000.0,105000000.0,91000000.0,0.41,0.41,0.41,2080000000.0,,2080000000.0,7445429717.0,16.0,12.048,64000000.0,0.353,1.0,348000000.0,0.378,2034000000.0,14000000.0,2525000000.0,,498000000.0,0.0,0.0,0.0,2639000000.0,837000000.0,1802000000.0,6723429717.0,46000000.0,0.0,3000000.0,-2000000.0,-25000000.0,-25000000.0,-17000000.0,0.0,84000000.0,4000000.0,74000000.0,74000000.0,74000000.0,0.0,0.0,0.08,244000000.0,104000000.0,315000000.0,0.344,3.232,19.775,19.824,431000000.0,0.0,37.07,1.787,1.788,772000000.0,734000000.0,920000000.0,920000000.0,25000000.0,,,,,4000000.0,218000000.0,1.0,181371182.0,181500000.0,182300000.0,5.069,2685000000.0,37000000.0,17000000.0,152000000.0,14.793,1219000000.0
25,XYL,MRQ,2015-03-31,2015-03-31,2015-03-31,2021-08-03,-233000000.0,4620000000.0,,1973000000.0,2647000000.0,,10.923,-37000000.0,554000000.0,554000000.0,522000000.0,64000000.0,2.369,1.323,1276000000.0,81000000.0,1195000000.0,1276000000.0,0.0,35000000.0,0.0,0.015,0.141,91000000.0,126000000.0,0.151,126000000.0,91000000.0,77000000.0,0.35,0.35,0.35,1989000000.0,,1989000000.0,7009486429.0,14.0,11.091,2000000.0,0.011,1.0,315000000.0,0.376,2028000000.0,14000000.0,2481000000.0,,502000000.0,0.0,0.0,0.0,2631000000.0,833000000.0,1798000000.0,6384486429.0,-109000000.0,1000000.0,-47000000.0,0.0,-26000000.0,-71000000.0,-36000000.0,0.0,39000000.0,-41000000.0,64000000.0,64000000.0,64000000.0,0.0,0.0,0.076,232000000.0,83000000.0,311000000.0,0.403,3.21,18.138,18.145,434000000.0,0.0,35.02,1.66,1.658,738000000.0,686000000.0,837000000.0,837000000.0,23000000.0,,,,,4000000.0,206000000.0,1.0,182309721.0,182100000.0,183100000.0,4.596,2592000000.0,38000000.0,13000000.0,152000000.0,14.234,1140000000.0
26,XYL,MRQ,2014-12-31,2014-12-31,2014-12-31,2021-08-03,-99000000.0,4833000000.0,,2064000000.0,2769000000.0,,11.674,-42000000.0,663000000.0,663000000.0,635000000.0,96000000.0,2.286,1.272,1284000000.0,89000000.0,1195000000.0,1284000000.0,0.0,35000000.0,0.0,0.013,0.128,141000000.0,176000000.0,0.169,176000000.0,141000000.0,128000000.0,0.53,0.52,0.53,2127000000.0,,2127000000.0,7634962862.0,16.0,12.374,121000000.0,0.664,1.0,407000000.0,0.391,2105000000.0,13000000.0,2446000000.0,,486000000.0,0.0,0.0,0.0,2706000000.0,903000000.0,1803000000.0,6923962862.0,134000000.0,0.0,7000000.0,50000000.0,-23000000.0,35000000.0,-41000000.0,0.0,163000000.0,-23000000.0,96000000.0,96000000.0,96000000.0,0.0,0.0,0.092,266000000.0,141000000.0,338000000.0,0.242,3.255,20.546,20.69,461000000.0,0.0,38.07,1.768,1.78,771000000.0,648000000.0,1042000000.0,1042000000.0,26000000.0,,,,,4000000.0,232000000.0,1.0,181874517.0,182200000.0,183000000.0,5.719,2728000000.0,0.0,32000000.0,136000000.0,14.973,1161000000.0
27,XYL,MRQ,2014-09-30,2014-09-30,2014-09-30,2021-08-03,49000000.0,4814000000.0,,2025000000.0,2789000000.0,,12.036,-28000000.0,529000000.0,529000000.0,587000000.0,106000000.0,2.382,1.195,1240000000.0,41000000.0,1199000000.0,1240000000.0,0.0,35000000.0,0.0,0.014,0.128,142000000.0,177000000.0,0.184,177000000.0,142000000.0,128000000.0,0.58,0.58,0.58,2193000000.0,,2193000000.0,7275350181.0,16.0,12.085,127000000.0,0.697,1.0,376000000.0,0.39,2115000000.0,14000000.0,2560000000.0,,516000000.0,0.0,0.0,0.0,2621000000.0,850000000.0,1771000000.0,6483350181.0,79000000.0,30000000.0,-30000000.0,1000000.0,-24000000.0,-52000000.0,2000000.0,0.0,155000000.0,-26000000.0,106000000.0,106000000.0,106000000.0,0.0,0.0,0.11,246000000.0,130000000.0,314000000.0,0.221,2.956,20.982,21.0,454000000.0,0.0,35.49,1.659,1.655,804000000.0,575000000.0,963000000.0,963000000.0,24000000.0,,,,,5000000.0,222000000.0,1.0,182681042.0,182200000.0,183400000.0,5.285,2699000000.0,35000000.0,22000000.0,183000000.0,14.813,1175000000.0
28,XYL,MRQ,2014-06-30,2014-06-30,2014-06-30,2021-08-03,158000000.0,4900000000.0,,2016000000.0,2884000000.0,,12.241,-23000000.0,450000000.0,450000000.0,617000000.0,86000000.0,2.383,1.183,1242000000.0,43000000.0,1199000000.0,1242000000.0,0.0,36000000.0,0.0,0.013,0.128,117000000.0,153000000.0,0.152,153000000.0,117000000.0,104000000.0,0.47,0.47,0.47,2245000000.0,,2245000000.0,7959035955.0,19.0,14.264,53000000.0,0.289,1.0,388000000.0,0.386,2190000000.0,13000000.0,2656000000.0,,527000000.0,0.0,0.0,0.0,2655000000.0,846000000.0,1809000000.0,7182035955.0,-16000000.0,0.0,-45000000.0,-1000000.0,-23000000.0,-68000000.0,-23000000.0,0.0,76000000.0,-1000000.0,86000000.0,86000000.0,86000000.0,0.0,0.0,0.086,272000000.0,116000000.0,328000000.0,0.272,3.199,26.022,26.053,469000000.0,0.0,39.08,1.837,1.834,830000000.0,493000000.0,1005000000.0,1005000000.0,27000000.0,,,,,5000000.0,242000000.0,1.0,183777788.0,183400000.0,184500000.0,5.48,2710000000.0,37000000.0,18000000.0,195000000.0,14.776,1170000000.0
29,XYL,MRQ,2014-03-31,2014-03-31,2014-03-31,2021-08-03,166000000.0,4887000000.0,,1991000000.0,2896000000.0,,12.081,-24000000.0,466000000.0,466000000.0,564000000.0,49000000.0,2.323,1.192,1243000000.0,44000000.0,1199000000.0,1243000000.0,0.0,36000000.0,0.0,0.013,0.128,75000000.0,111000000.0,0.123,111000000.0,75000000.0,61000000.0,0.27,0.27,0.27,2229000000.0,,2229000000.0,7434099247.0,20.0,14.491,-2000000.0,-0.011,1.0,342000000.0,0.377,2199000000.0,14000000.0,2608000000.0,,516000000.0,0.0,0.0,0.0,2658000000.0,857000000.0,1801000000.0,6726099247.0,-67000000.0,0.0,-40000000.0,2000000.0,-24000000.0,-62000000.0,-24000000.0,0.0,22000000.0,-3000000.0,49000000.0,49000000.0,49000000.0,0.0,0.0,0.054,266000000.0,76000000.0,325000000.0,0.474,3.018,28.5,28.453,476000000.0,0.0,36.42,1.741,1.739,803000000.0,430000000.0,906000000.0,906000000.0,27000000.0,,,,,4000000.0,224000000.0,1.0,184681473.0,184500000.0,185800000.0,4.911,2688000000.0,40000000.0,12000000.0,198000000.0,14.569,1134000000.0
30,XYL,MRQ,2013-12-31,2013-12-31,2013-12-31,2021-08-03,167000000.0,4896000000.0,,2009000000.0,2887000000.0,,12.16,-36000000.0,533000000.0,533000000.0,623000000.0,68000000.0,2.355,1.185,1241000000.0,42000000.0,1199000000.0,1241000000.0,0.0,40000000.0,0.0,0.013,0.116,121000000.0,161000000.0,0.156,161000000.0,121000000.0,107000000.0,0.37,0.36,0.37,2241000000.0,,2241000000.0,7191293035.0,20.0,14.297,125000000.0,0.678,1.0,410000000.0,0.397,2206000000.0,14000000.0,2545000000.0,,475000000.0,0.0,0.0,0.0,2655000000.0,853000000.0,1802000000.0,6383293035.0,139000000.0,0.0,-9000000.0,39000000.0,-22000000.0,9000000.0,-34000000.0,0.0,161000000.0,3000000.0,68000000.0,68000000.0,68000000.0,0.0,0.0,0.066,281000000.0,129000000.0,332000000.0,0.314,2.848,27.997,28.13,488000000.0,0.0,34.6,1.664,1.67,817000000.0,405000000.0,1033000000.0,1033000000.0,26000000.0,,,,,6000000.0,243000000.0,1.0,184488238.0,184300000.0,185400000.0,5.605,2690000000.0,41000000.0,39000000.0,191000000.0,14.596,1156000000.0
31,XYL,MRQ,2013-09-30,2013-09-30,2013-09-30,2021-08-03,129000000.0,4784000000.0,,1899000000.0,2885000000.0,,11.652,-27000000.0,394000000.0,394000000.0,581000000.0,73000000.0,2.368,1.217,1202000000.0,3000000.0,1199000000.0,1202000000.0,0.0,36000000.0,0.0,0.016,0.116,97000000.0,133000000.0,0.138,133000000.0,97000000.0,83000000.0,0.39,0.39,0.39,2158000000.0,,2158000000.0,6019084986.0,18.0,12.436,74000000.0,0.4,1.0,384000000.0,0.398,2201000000.0,14000000.0,2589000000.0,,496000000.0,0.0,0.0,0.0,2626000000.0,802000000.0,1824000000.0,5175084986.0,34000000.0,0.0,-25000000.0,-2000000.0,-22000000.0,-49000000.0,-27000000.0,0.0,101000000.0,9000000.0,73000000.0,73000000.0,73000000.0,0.0,0.0,0.076,286000000.0,98000000.0,324000000.0,0.297,2.398,22.211,22.167,478000000.0,0.0,27.93,1.372,1.371,845000000.0,359000000.0,965000000.0,965000000.0,24000000.0,,,,,9000000.0,257000000.0,1.0,185287683.0,185200000.0,186000000.0,5.211,2583000000.0,44000000.0,10000000.0,173000000.0,13.947,1097000000.0
32,XYL,MRQ,2013-06-30,2013-06-30,2013-06-30,2021-08-03,55000000.0,4611000000.0,,1779000000.0,2832000000.0,,11.068,-30000000.0,360000000.0,360000000.0,589000000.0,46000000.0,2.417,1.247,1204000000.0,5000000.0,1199000000.0,1204000000.0,0.0,37000000.0,0.0,0.016,0.116,71000000.0,108000000.0,0.113,108000000.0,71000000.0,57000000.0,0.25,0.25,0.25,2052000000.0,,2052000000.0,5821746464.0,17.0,11.62,12000000.0,0.065,1.0,371000000.0,0.386,2172000000.0,14000000.0,2547000000.0,,471000000.0,0.0,0.0,0.0,2559000000.0,736000000.0,1823000000.0,4991746464.0,-15000000.0,-3000000.0,-2000000.0,0.0,-21000000.0,-24000000.0,-33000000.0,0.0,42000000.0,0.0,46000000.0,46000000.0,46000000.0,0.0,0.0,0.048,301000000.0,70000000.0,311000000.0,0.464,2.433,21.516,21.381,470000000.0,0.0,26.94,1.335,1.336,792000000.0,308000000.0,960000000.0,960000000.0,28000000.0,,,,,6000000.0,253000000.0,1.0,185291257.0,185400000.0,186100000.0,5.178,2439000000.0,43000000.0,11000000.0,179000000.0,13.155,1043000000.0
33,XYL,MRQ,2013-03-31,2013-03-31,2013-03-31,2021-08-03,72000000.0,4589000000.0,,1757000000.0,2832000000.0,,10.98,-27000000.0,375000000.0,375000000.0,545000000.0,41000000.0,2.437,1.25,1205000000.0,6000000.0,1199000000.0,1205000000.0,0.0,37000000.0,0.0,0.015,0.116,64000000.0,101000000.0,0.115,101000000.0,64000000.0,51000000.0,0.22,0.22,0.22,2040000000.0,,2040000000.0,5831559237.0,14.0,10.526,-7000000.0,-0.038,1.0,334000000.0,0.38,2173000000.0,13000000.0,2525000000.0,,461000000.0,0.0,0.0,0.0,2549000000.0,721000000.0,1828000000.0,5130559237.0,-129000000.0,-78000000.0,-15000000.0,0.0,-22000000.0,-36000000.0,-105000000.0,0.0,20000000.0,-8000000.0,41000000.0,41000000.0,41000000.0,0.0,0.0,0.047,268000000.0,66000000.0,309000000.0,0.527,2.515,18.657,18.497,474000000.0,0.0,27.56,1.37,1.367,767000000.0,283000000.0,879000000.0,879000000.0,26000000.0,,,,,6000000.0,237000000.0,1.0,186159624.0,185800000.0,186400000.0,4.731,2416000000.0,43000000.0,10000000.0,179000000.0,13.003,1036000000.0
34,XYL,MRQ,2012-12-31,2012-12-31,2012-12-31,2021-08-03,115000000.0,4679000000.0,,1874000000.0,2805000000.0,,11.145,-30000000.0,504000000.0,504000000.0,587000000.0,73000000.0,2.399,1.256,1205000000.0,6000000.0,1199000000.0,1205000000.0,0.0,39000000.0,0.0,0.015,0.101,103000000.0,142000000.0,0.147,142000000.0,103000000.0,89000000.0,0.4,0.39,0.4,2074000000.0,,2074000000.0,5823018484.0,13.0,9.954,136000000.0,0.731,1.0,382000000.0,0.394,2131000000.0,14000000.0,2468000000.0,,443000000.0,0.0,0.0,0.0,2605000000.0,781000000.0,1824000000.0,5035018484.0,80000000.0,-29000000.0,-7000000.0,-7000000.0,-19000000.0,-33000000.0,-58000000.0,0.0,166000000.0,5000000.0,73000000.0,73000000.0,73000000.0,0.0,0.0,0.075,278000000.0,104000000.0,332000000.0,0.253,2.428,16.953,16.938,487000000.0,0.0,27.1,1.328,1.328,776000000.0,264000000.0,969000000.0,969000000.0,26000000.0,,,,,6000000.0,232000000.0,1.0,185794040.0,186100000.0,186200000.0,5.207,2548000000.0,41000000.0,16000000.0,173000000.0,13.692,1093000000.0
35,XYL,MRQ,2012-09-30,2012-09-30,2012-09-30,2021-08-03,153000000.0,4596000000.0,,1834000000.0,2762000000.0,,11.049,-23000000.0,424000000.0,424000000.0,557000000.0,72000000.0,2.336,1.238,1212000000.0,13000000.0,1199000000.0,1212000000.0,0.0,36000000.0,0.0,0.016,0.101,114000000.0,150000000.0,0.161,150000000.0,114000000.0,100000000.0,0.39,0.38,0.39,2054000000.0,,2054000000.0,5515684674.0,13.0,9.592,82000000.0,0.441,1.0,374000000.0,0.402,2106000000.0,14000000.0,2493000000.0,,467000000.0,0.0,0.0,0.0,2542000000.0,785000000.0,1757000000.0,4667684674.0,66000000.0,-12000000.0,5000000.0,6000000.0,-17000000.0,-10000000.0,-36000000.0,0.0,105000000.0,7000000.0,72000000.0,72000000.0,72000000.0,0.0,0.0,0.077,263000000.0,111000000.0,316000000.0,0.259,2.272,16.912,16.879,464000000.0,0.0,25.15,1.22,1.222,801000000.0,206000000.0,931000000.0,931000000.0,24000000.0,,,,,6000000.0,231000000.0,1.0,185593824.0,185900000.0,186300000.0,5.008,2490000000.0,36000000.0,28000000.0,170000000.0,13.394,1049000000.0
36,XYL,MRQ,2012-06-30,2012-06-30,2012-06-30,2021-08-03,106000000.0,4482000000.0,,1749000000.0,2733000000.0,,10.484,-25000000.0,358000000.0,358000000.0,583000000.0,89000000.0,2.245,1.301,1206000000.0,7000000.0,1199000000.0,1206000000.0,0.0,33000000.0,0.0,0.012,0.101,128000000.0,161000000.0,0.167,161000000.0,128000000.0,115000000.0,0.48,0.48,0.48,1948000000.0,,1948000000.0,5526371112.0,14.0,10.159,39000000.0,0.21,1.0,383000000.0,0.396,2086000000.0,13000000.0,2465000000.0,,467000000.0,0.0,0.0,0.0,2534000000.0,779000000.0,1755000000.0,4667371112.0,11000000.0,0.0,-2000000.0,0.0,-20000000.0,-21000000.0,-24000000.0,0.0,64000000.0,-8000000.0,89000000.0,89000000.0,89000000.0,0.0,0.0,0.092,254000000.0,129000000.0,327000000.0,0.21,2.396,16.61,16.559,459000000.0,0.0,25.17,1.218,1.22,770000000.0,153000000.0,966000000.0,966000000.0,28000000.0,,,,,5000000.0,220000000.0,1.0,185433894.0,185800000.0,186200000.0,5.199,2396000000.0,47000000.0,26000000.0,176000000.0,12.896,970000000.0
37,XYL,MRQ,2012-03-31,2012-03-31,2012-03-31,2021-08-03,177000000.0,4513000000.0,,1735000000.0,2778000000.0,,10.512,-29000000.0,347000000.0,347000000.0,562000000.0,63000000.0,2.118,1.316,1206000000.0,4000000.0,1202000000.0,1206000000.0,0.0,34000000.0,0.0,0.007,0.101,98000000.0,132000000.0,0.143,132000000.0,98000000.0,84000000.0,0.34,0.34,0.34,1949000000.0,,1949000000.0,6014060725.0,15.0,11.262,32000000.0,0.173,1.0,363000000.0,0.392,2133000000.0,14000000.0,2420000000.0,,465000000.0,0.0,0.0,0.0,2564000000.0,819000000.0,1745000000.0,5126060725.0,29000000.0,0.0,15000000.0,0.0,-19000000.0,-10000000.0,-29000000.0,0.0,61000000.0,7000000.0,63000000.0,63000000.0,63000000.0,0.0,0.0,0.068,264000000.0,99000000.0,329000000.0,0.297,2.63,19.417,19.406,468000000.0,0.0,27.75,1.336,1.341,761000000.0,84000000.0,925000000.0,925000000.0,28000000.0,,,,,5000000.0,231000000.0,1.0,184722909.0,185400000.0,185900000.0,4.989,2380000000.0,45000000.0,21000000.0,155000000.0,12.837,916000000.0
38,XYL,MRQ,2011-12-31,2011-12-31,2011-12-31,2021-08-03,122000000.0,4400000000.0,,1649000000.0,2751000000.0,,9.812,-45000000.0,318000000.0,318000000.0,623000000.0,52000000.0,2.018,1.403,1206000000.0,5000000.0,1201000000.0,1206000000.0,0.0,33000000.0,0.0,0.004,0.101,99000000.0,132000000.0,0.132,132000000.0,99000000.0,84000000.0,0.28,0.27,0.28,1831000000.0,,1831000000.0,5764614321.0,14.0,10.735,152000000.0,0.815,1.0,380000000.0,0.379,2115000000.0,15000000.0,2356000000.0,,433000000.0,0.0,0.0,0.0,2569000000.0,817000000.0,1752000000.0,4741614321.0,134000000.0,0.0,1000000.0,-9000000.0,-19000000.0,-10000000.0,-46000000.0,0.0,197000000.0,-7000000.0,52000000.0,52000000.0,52000000.0,0.0,0.0,0.052,281000000.0,99000000.0,322000000.0,0.361,2.59,16.995,17.013,463000000.0,0.0,25.69,1.247,1.25,756000000.0,44000000.0,1003000000.0,1003000000.0,27000000.0,,,,,6000000.0,234000000.0,1.0,184570429.0,186600000.0,187400000.0,5.375,2285000000.0,45000000.0,32000000.0,168000000.0,12.245,832000000.0
39,XYL,MRQ,2011-09-30,2011-09-30,2011-09-30,2021-08-03,302000000.0,4151000000.0,,1480000000.0,2671000000.0,,10.569,-22000000.0,184000000.0,184000000.0,574000000.0,77000000.0,2.212,1.128,1207000000.0,5000000.0,1202000000.0,1207000000.0,0.0,36000000.0,0.0,,0.0,83000000.0,119000000.0,0.127,119000000.0,83000000.0,82000000.0,0.42,0.42,0.42,1951000000.0,,1951000000.0,,,,69000000.0,0.374,1.0,365000000.0,0.389,2152000000.0,1000000.0,2353000000.0,,437000000.0,0.0,0.0,0.0,2200000000.0,669000000.0,1531000000.0,,46000000.0,-309000000.0,0.0,1194000000.0,0.0,294000000.0,-329000000.0,0.0,91000000.0,-10000000.0,77000000.0,77000000.0,77000000.0,0.0,0.0,0.082,286000000.0,79000000.0,283000000.0,0.0,,,,442000000.0,0.0,,,,753000000.0,,939000000.0,939000000.0,23000000.0,,,,,2000000.0,215000000.0,1.0,184570429.0,184600000.0,184600000.0,5.087,1999000000.0,0.0,5000000.0,77000000.0,10.829,811000000.0
40,XYL,MRQ,2011-06-30,2011-06-30,2011-06-30,2021-08-03,,,,,,,,-31000000.0,,,592000000.0,72000000.0,,,,,,,,35000000.0,,,0.0,116000000.0,151000000.0,0.156,151000000.0,116000000.0,115000000.0,0.39,0.39,0.39,,,,,,,59000000.0,0.32,1.0,379000000.0,0.39,,1000000.0,,,,,,,,,,,-16000000.0,0.0,0.0,0.0,0.0,-79000000.0,-30000000.0,0.0,90000000.0,3000000.0,72000000.0,72000000.0,72000000.0,0.0,0.0,0.074,263000000.0,116000000.0,,0.0,,,,,0.0,,,,,,971000000.0,971000000.0,26000000.0,,,,,2000000.0,219000000.0,1.0,184570429.0,184600000.0,184600000.0,5.26,,,43000000.0,,,
41,XYL,MRQ,2011-03-31,2011-03-31,2011-03-31,2021-08-03,,,,,,,,-17000000.0,,,553000000.0,78000000.0,,,,,,,,33000000.0,,,0.0,101000000.0,134000000.0,0.151,134000000.0,101000000.0,101000000.0,0.42,0.42,0.42,,,,,,,54000000.0,0.293,1.0,337000000.0,0.379,,0.0,,,,,,,,,,,23000000.0,0.0,0.0,0.0,0.0,-33000000.0,-18000000.0,0.0,71000000.0,3000000.0,78000000.0,78000000.0,78000000.0,0.0,0.0,0.088,237000000.0,100000000.0,,0.0,,,,,0.0,,,,,,890000000.0,890000000.0,24000000.0,,,,,3000000.0,210000000.0,1.0,184570429.0,184600000.0,184600000.0,4.821,,,23000000.0,,,
42,XYL,MRQ,2010-12-31,2010-12-31,2010-12-31,2021-08-03,37000000.0,3735000000.0,,1336000000.0,2399000000.0,,14.729,-47000000.0,131000000.0,131000000.0,576000000.0,97000000.0,2.059,0.374,4000000.0,0.0,4000000.0,4000000.0,0.0,25000000.0,0.0,,0.0,111000000.0,136000000.0,0.145,136000000.0,111000000.0,111000000.0,,,,2719000000.0,,2719000000.0,,,,122000000.0,0.661,1.0,359000000.0,0.384,1853000000.0,0.0,1106000000.0,,389000000.0,0.0,0.0,0.0,1016000000.0,649000000.0,367000000.0,,4000000.0,-23000000.0,0.0,0.0,0.0,-96000000.0,-69000000.0,0.0,169000000.0,0.0,97000000.0,97000000.0,97000000.0,0.0,0.0,0.104,248000000.0,111000000.0,309000000.0,,,,,454000000.0,0.0,,,,690000000.0,0.0,935000000.0,935000000.0,21000000.0,,,,,2000000.0,220000000.0,1.0,184570429.0,184600000.0,,5.065,1882000000.0,47000000.0,14000000.0,99000000.0,10.195,687000000.0
43,XYL,MRQ,2010-09-30,2010-09-30,2010-09-30,2021-08-03,,,,,,,,,,,497000000.0,91000000.0,,,,,,,,,,,0.0,110000000.0,,,,110000000.0,110000000.0,,,,,,,,,,,,1.0,309000000.0,0.383,,0.0,,,,,,,,,,,,,,,,,,,,,91000000.0,91000000.0,91000000.0,0.0,0.0,0.113,202000000.0,107000000.0,,,,,,,0.0,,,,,,806000000.0,806000000.0,18000000.0,,,,,,183000000.0,1.0,,,,,,,19000000.0,,,
44,XYL,MRQ,2009-12-31,2009-12-31,2009-12-31,2021-08-03,415000000.0,2535000000.0,,1088000000.0,1447000000.0,,9.139,,81000000.0,81000000.0,,,1.905,0.503,0.0,0.0,0.0,0.0,0.0,,0.0,,0.0,,,,,,,,,,1687000000.0,,1687000000.0,,,,,,1.0,,,1061000000.0,,822000000.0,,301000000.0,0.0,0.0,0.0,848000000.0,571000000.0,277000000.0,,,,,,,,,,,,,,,,,,,,256000000.0,,,,,334000000.0,,,,,599000000.0,,,,,,,,,,,1.0,,184600000.0,,,1474000000.0,0.0,,60000000.0,7.985,517000000.0
0,XYL,MRT,2021-06-30,2021-06-30,2021-06-30,2021-08-03,-398000000.0,8785000000.0,8632000000.0,3623000000.0,5162000000.0,0.602,16.88,-168000000.0,1840000000.0,1840000000.0,3203000000.0,385000000.0,1.849,1.887,3066000000.0,600000000.0,2466000000.0,3066000000.0,0.0,249000000.0,0.0,0.009,1.08,545000000.0,794000000.0,0.153,794000000.0,545000000.0,460000000.0,2.14,2.12,2.14,3040000000.0,2953000000.0,3040000000.0,22969789136.0,42.0,28.929,683000000.0,3.792,1.0,1997000000.0,0.384,3899000000.0,85000000.0,4153000000.0,4337500000.0,642000000.0,0.0,0.0,0.0,5736000000.0,1959000000.0,3777000000.0,21597789136.0,263000000.0,2000000.0,-45000000.0,420000000.0,-195000000.0,-463000000.0,-150000000.0,0.0,851000000.0,25000000.0,385000000.0,385000000.0,385000000.0,0.0,0.0,0.074,1452000000.0,545000000.0,599000000.0,0.505,7.105,56.098,56.056,626000000.0,0.0,119.96,4.153,4.155,975000000.0,2029000000.0,5200000000.0,5200000000.0,197000000.0,0.045,0.13,0.126,0.105,27000000.0,1163000000.0,1.0,180041590.0,180100000.0,181300000.0,28.873,4886000000.0,0.0,75000000.0,264000000.0,27.129,1664000000.0
1,XYL,MRT,2021-03-31,2021-03-31,2021-03-31,2021-08-03,-426000000.0,8545000000.0,8546750000.0,3401000000.0,5144000000.0,0.586,16.29,-170000000.0,1688000000.0,1688000000.0,3098000000.0,303000000.0,1.844,1.906,3060000000.0,600000000.0,2460000000.0,3060000000.0,0.0,249000000.0,0.0,0.01,1.06,439000000.0,688000000.0,0.137,688000000.0,439000000.0,357000000.0,1.68,1.67,1.68,2937000000.0,2907000000.0,2937000000.0,20179106294.0,46.0,29.33,630000000.0,3.494,1.0,1911000000.0,0.382,3906000000.0,82000000.0,4167000000.0,4501500000.0,596000000.0,0.0,0.0,0.0,5599000000.0,1844000000.0,3755000000.0,18970106294.0,949000000.0,0.0,-50000000.0,1154000000.0,-191000000.0,271000000.0,-152000000.0,0.0,800000000.0,30000000.0,303000000.0,303000000.0,303000000.0,0.0,0.0,0.06,1472000000.0,439000000.0,530000000.0,0.631,6.459,62.608,62.607,627000000.0,0.0,105.18,3.787,3.786,952000000.0,1967000000.0,5009000000.0,5009000000.0,188000000.0,0.035,0.104,0.098,0.088,27000000.0,1147000000.0,1.0,180358493.0,180300000.0,181500000.0,27.781,4639000000.0,0.0,54000000.0,257000000.0,25.729,1557000000.0
2,XYL,MRT,2020-12-31,2020-12-31,2020-12-31,2021-08-03,-413000000.0,8750000000.0,8308250000.0,3523000000.0,5227000000.0,0.587,16.48,-183000000.0,1875000000.0,1875000000.0,3046000000.0,254000000.0,1.801,1.945,3084000000.0,600000000.0,2484000000.0,3084000000.0,0.0,251000000.0,0.0,0.01,1.04,362000000.0,613000000.0,0.126,613000000.0,362000000.0,285000000.0,1.41,1.4,1.41,2968000000.0,2875750000.0,2968000000.0,20036814160.0,55.0,32.686,641000000.0,3.559,1.0,1830000000.0,0.375,3947000000.0,77000000.0,4056000000.0,4416500000.0,558000000.0,0.0,0.0,0.0,5774000000.0,1956000000.0,3818000000.0,18345814160.0,1151000000.0,0.0,-41000000.0,1344000000.0,-188000000.0,473000000.0,-169000000.0,0.0,824000000.0,23000000.0,254000000.0,254000000.0,254000000.0,0.0,0.0,0.052,1463000000.0,367000000.0,569000000.0,0.738,6.181,72.228,72.191,657000000.0,0.0,101.79,3.762,3.76,923000000.0,1930000000.0,4876000000.0,4876000000.0,187000000.0,0.031,0.088,0.082,0.074,26000000.0,1143000000.0,1.0,180231989.0,180100000.0,181100000.0,27.074,4803000000.0,0.0,31000000.0,242000000.0,26.669,1567000000.0
3,XYL,MRT,2020-09-30,2020-09-30,2020-09-30,2021-08-03,-396000000.0,8448000000.0,8048250000.0,3311000000.0,5137000000.0,0.606,15.928,-186000000.0,1402000000.0,1402000000.0,3033000000.0,224000000.0,2.587,1.944,3093000000.0,40000000.0,3053000000.0,3093000000.0,0.0,254000000.0,0.0,0.012,1.02,376000000.0,630000000.0,0.129,630000000.0,376000000.0,305000000.0,1.24,1.23,1.24,2867000000.0,2873000000.0,2867000000.0,16804175727.0,45.0,26.673,656000000.0,3.644,1.0,1841000000.0,0.378,3885000000.0,71000000.0,4974000000.0,4349500000.0,582000000.0,200000000.0,200000000.0,0.0,5573000000.0,1280000000.0,4293000000.0,15138175727.0,949000000.0,2000000.0,-49000000.0,962000000.0,-185000000.0,472000000.0,-372000000.0,-199000000.0,842000000.0,7000000.0,224000000.0,224000000.0,224000000.0,0.0,0.0,0.046,1457000000.0,384000000.0,495000000.0,0.823,5.28,67.581,67.839,633000000.0,0.0,84.12,3.106,3.107,968000000.0,1828000000.0,4874000000.0,4874000000.0,187000000.0,0.028,0.078,0.086,0.077,25000000.0,1139000000.0,1.0,179959293.0,180000000.0,181000000.0,27.078,4563000000.0,0.0,81000000.0,283000000.0,25.35,2031000000.0
4,XYL,MRT,2020-06-30,2020-06-30,2020-06-30,2021-08-03,-409000000.0,8444000000.0,7815000000.0,3301000000.0,5143000000.0,0.633,15.867,-192000000.0,1577000000.0,1577000000.0,3061000000.0,252000000.0,2.404,1.953,3243000000.0,212000000.0,3031000000.0,3243000000.0,0.0,256000000.0,0.0,0.015,1.0,308000000.0,564000000.0,0.114,564000000.0,308000000.0,243000000.0,1.4,1.39,1.4,2856000000.0,2877750000.0,2856000000.0,13438297433.0,44.0,23.827,620000000.0,3.444,1.0,1889000000.0,0.382,3928000000.0,65000000.0,4809000000.0,4092500000.0,595000000.0,0.0,0.0,0.0,5579000000.0,1373000000.0,4206000000.0,11687297433.0,1194000000.0,2000000.0,-51000000.0,1061000000.0,-182000000.0,572000000.0,-173000000.0,4000000.0,812000000.0,-17000000.0,252000000.0,252000000.0,252000000.0,0.0,0.0,0.051,1567000000.0,322000000.0,498000000.0,0.714,4.092,46.378,46.4,635000000.0,0.0,64.96,2.361,2.362,956000000.0,1838000000.0,4950000000.0,4950000000.0,186000000.0,0.032,0.088,0.075,0.062,29000000.0,1146000000.0,1.0,179915293.0,180000000.0,180600000.0,27.5,4516000000.0,0.0,-9000000.0,304000000.0,25.089,1928000000.0
5,XYL,MRT,2020-03-31,2020-03-31,2020-03-31,2021-08-03,-461000000.0,7591000000.0,7622500000.0,2462000000.0,5129000000.0,0.674,15.605,-208000000.0,739000000.0,739000000.0,3154000000.0,360000000.0,1.554,1.696,2490000000.0,459000000.0,2031000000.0,2490000000.0,0.0,257000000.0,0.0,0.015,0.98,429000000.0,686000000.0,0.134,686000000.0,429000000.0,364000000.0,2.0,1.99,2.0,2812000000.0,2887250000.0,2812000000.0,13329896766.0,31.0,19.431,546000000.0,3.03,1.0,1981000000.0,0.386,3931000000.0,65000000.0,3827000000.0,3889500000.0,573000000.0,0.0,0.0,0.0,4770000000.0,1584000000.0,3186000000.0,11737896766.0,464000000.0,-13000000.0,-47000000.0,421000000.0,-178000000.0,-61000000.0,-202000000.0,4000000.0,754000000.0,-27000000.0,360000000.0,360000000.0,360000000.0,0.0,0.0,0.07,1542000000.0,439000000.0,506000000.0,0.49,4.174,32.605,32.565,628000000.0,0.0,65.13,2.286,2.286,975000000.0,1854000000.0,5135000000.0,5135000000.0,189000000.0,0.047,0.125,0.11,0.084,28000000.0,1152000000.0,1.0,180222582.0,180200000.0,181300000.0,28.496,3660000000.0,0.0,4000000.0,315000000.0,20.311,878000000.0
6,XYL,MRT,2019-12-31,2019-12-31,2019-12-31,2021-08-03,-375000000.0,7710000000.0,7591750000.0,2450000000.0,5260000000.0,0.691,16.428,-226000000.0,724000000.0,724000000.0,3203000000.0,401000000.0,1.632,1.604,2316000000.0,276000000.0,2040000000.0,2316000000.0,0.0,257000000.0,0.0,0.012,0.96,483000000.0,740000000.0,0.141,740000000.0,483000000.0,416000000.0,2.23,2.21,2.23,2957000000.0,2883250000.0,2957000000.0,16071414246.0,33.0,21.718,613000000.0,3.406,1.0,2046000000.0,0.39,4013000000.0,67000000.0,3788000000.0,3906000000.0,539000000.0,0.0,0.0,0.0,4743000000.0,1501000000.0,3242000000.0,14188414246.0,428000000.0,-18000000.0,-27000000.0,281000000.0,-174000000.0,-177000000.0,-231000000.0,4000000.0,839000000.0,-3000000.0,401000000.0,401000000.0,401000000.0,0.0,0.0,0.076,1559000000.0,487000000.0,597000000.0,0.43,4.798,35.383,35.332,658000000.0,0.0,78.79,2.703,2.702,1036000000.0,1866000000.0,5249000000.0,5249000000.0,191000000.0,0.053,0.139,0.124,0.092,29000000.0,1158000000.0,1.0,180078871.0,180000000.0,181200000.0,29.161,3697000000.0,0.0,15000000.0,310000000.0,20.539,949000000.0
7,XYL,MRT,2019-09-30,2019-09-30,2019-09-30,2021-08-03,-364000000.0,7515000000.0,7469750000.0,2263000000.0,5252000000.0,0.705,16.024,-241000000.0,453000000.0,453000000.0,3213000000.0,508000000.0,1.549,1.601,2336000000.0,306000000.0,2030000000.0,2336000000.0,0.0,258000000.0,0.0,0.012,0.93,488000000.0,746000000.0,0.142,746000000.0,488000000.0,417000000.0,2.82,2.8,2.82,2886000000.0,2836000000.0,2886000000.0,16403917420.0,34.0,21.989,408000000.0,2.265,1.0,2051000000.0,0.39,3991000000.0,71000000.0,3946000000.0,3868250000.0,580000000.0,0.0,0.0,0.0,4620000000.0,1461000000.0,3159000000.0,14333917420.0,49000000.0,-20000000.0,-30000000.0,-81000000.0,-169000000.0,-334000000.0,-249000000.0,3000000.0,649000000.0,-17000000.0,508000000.0,508000000.0,508000000.0,0.0,0.0,0.097,1566000000.0,485000000.0,521000000.0,0.33,4.967,28.216,28.234,641000000.0,0.0,79.62,2.723,2.724,1078000000.0,1791000000.0,5264000000.0,5264000000.0,194000000.0,0.068,0.179,0.126,0.093,30000000.0,1163000000.0,1.0,180029106.0,180100000.0,181200000.0,29.228,3524000000.0,0.0,-91000000.0,310000000.0,19.567,802000000.0
8,XYL,MRT,2019-06-30,2019-06-30,2019-06-30,2021-08-03,-327000000.0,7674000000.0,7422500000.0,2258000000.0,5416000000.0,0.708,16.078,-255000000.0,383000000.0,383000000.0,3208000000.0,573000000.0,1.469,1.648,2453000000.0,402000000.0,2051000000.0,2453000000.0,0.0,256000000.0,0.0,0.011,0.9,666000000.0,922000000.0,0.175,922000000.0,666000000.0,590000000.0,3.19,3.16,3.19,2894000000.0,2768750000.0,2894000000.0,17122596873.0,26.0,18.571,336000000.0,1.867,1.0,2047000000.0,0.39,4210000000.0,76000000.0,3997000000.0,3807500000.0,604000000.0,0.0,0.0,0.0,4768000000.0,1537000000.0,3231000000.0,15049596873.0,62000000.0,-1000000.0,-29000000.0,-23000000.0,-163000000.0,-267000000.0,-252000000.0,0.0,591000000.0,-10000000.0,573000000.0,573000000.0,573000000.0,0.0,0.0,0.109,1397000000.0,650000000.0,539000000.0,0.282,5.2,26.265,26.219,661000000.0,0.0,83.64,2.864,2.865,1096000000.0,1770000000.0,5255000000.0,5255000000.0,196000000.0,0.077,0.207,0.175,0.127,30000000.0,1169000000.0,1.0,179933009.0,180000000.0,181200000.0,29.194,3464000000.0,0.0,17000000.0,305000000.0,19.244,721000000.0
9,XYL,MRT,2019-03-31,2019-03-31,2019-03-31,2021-08-03,-316000000.0,7468000000.0,7312000000.0,2081000000.0,5387000000.0,0.715,15.559,-245000000.0,275000000.0,275000000.0,3187000000.0,549000000.0,1.444,1.667,2348000000.0,304000000.0,2044000000.0,2348000000.0,0.0,258000000.0,0.0,0.011,0.87,663000000.0,921000000.0,0.176,921000000.0,663000000.0,584000000.0,3.06,3.03,3.06,2796000000.0,2673500000.0,2796000000.0,16203845250.0,24.0,17.594,361000000.0,2.009,1.0,2040000000.0,0.39,4207000000.0,79000000.0,3893000000.0,3735500000.0,617000000.0,0.0,0.0,0.0,4660000000.0,1441000000.0,3219000000.0,14191845250.0,-22000000.0,14000000.0,-57000000.0,-105000000.0,-158000000.0,-371000000.0,-229000000.0,0.0,606000000.0,-28000000.0,549000000.0,549000000.0,549000000.0,0.0,0.0,0.105,1390000000.0,650000000.0,548000000.0,0.284,5.076,25.85,25.83,653000000.0,0.0,79.04,2.715,2.717,1020000000.0,1674000000.0,5227000000.0,5227000000.0,199000000.0,0.075,0.205,0.177,0.127,30000000.0,1168000000.0,1.0,179552698.0,179700000.0,181100000.0,29.087,3261000000.0,0.0,35000000.0,312000000.0,18.147,640000000.0
10,XYL,MRT,2018-12-31,2018-12-31,2018-12-31,2021-08-03,-336000000.0,7222000000.0,7282500000.0,2094000000.0,5128000000.0,0.715,15.395,-237000000.0,296000000.0,296000000.0,3181000000.0,549000000.0,1.508,1.604,2308000000.0,257000000.0,2051000000.0,2308000000.0,0.0,261000000.0,0.0,0.013,0.84,667000000.0,928000000.0,0.178,928000000.0,667000000.0,585000000.0,3.05,3.03,3.05,2768000000.0,2609750000.0,2768000000.0,14117654856.0,21.0,15.213,349000000.0,1.941,1.0,2026000000.0,0.389,4208000000.0,82000000.0,3637000000.0,3714000000.0,595000000.0,0.0,0.0,0.0,4440000000.0,1389000000.0,3051000000.0,11990654856.0,-118000000.0,-411000000.0,-52000000.0,216000000.0,-152000000.0,-40000000.0,-643000000.0,0.0,586000000.0,-21000000.0,549000000.0,549000000.0,549000000.0,0.0,0.0,0.105,1372000000.0,654000000.0,586000000.0,0.275,4.332,21.841,21.875,656000000.0,0.0,66.72,2.303,2.304,1031000000.0,1639000000.0,5207000000.0,5207000000.0,189000000.0,0.075,0.21,0.18,0.128,30000000.0,1161000000.0,1.0,179716050.0,179800000.0,181100000.0,28.96,3014000000.0,0.0,36000000.0,303000000.0,16.763,705000000.0
11,XYL,MRT,2018-09-30,2018-09-30,2018-09-30,2021-08-03,-293000000.0,7326000000.0,7192000000.0,2204000000.0,5122000000.0,0.709,14.563,-221000000.0,404000000.0,404000000.0,3107000000.0,394000000.0,1.486,1.794,2531000000.0,342000000.0,2189000000.0,2531000000.0,0.0,255000000.0,0.0,0.01,0.81,634000000.0,889000000.0,0.174,889000000.0,634000000.0,551000000.0,2.2,2.18,2.2,2617000000.0,2543500000.0,2617000000.0,16565065779.0,26.0,18.633,474000000.0,2.638,1.0,1991000000.0,0.391,4267000000.0,83000000.0,3703000000.0,3707250000.0,622000000.0,0.0,0.0,0.0,4695000000.0,1483000000.0,3212000000.0,14346065779.0,121000000.0,-423000000.0,-43000000.0,544000000.0,-147000000.0,73000000.0,-638000000.0,0.0,695000000.0,-9000000.0,395000000.0,395000000.0,395000000.0,0.0,-1000000.0,0.077,1354000000.0,637000000.0,570000000.0,0.368,5.482,36.319,36.305,636000000.0,0.0,79.87,2.814,2.815,1017000000.0,1452000000.0,5098000000.0,5098000000.0,187000000.0,0.055,0.155,0.171,0.124,28000000.0,1145000000.0,1.0,179617701.0,179700000.0,181100000.0,28.37,3059000000.0,0.0,156000000.0,284000000.0,17.023,721000000.0
12,XYL,MRT,2018-06-30,2018-06-30,2018-06-30,2021-08-03,-294000000.0,7232000000.0,7056250000.0,2106000000.0,5126000000.0,0.709,13.977,-203000000.0,321000000.0,321000000.0,3049000000.0,368000000.0,1.426,1.871,2540000000.0,361000000.0,2179000000.0,2540000000.0,0.0,250000000.0,0.0,0.012,0.78,605000000.0,855000000.0,0.171,855000000.0,605000000.0,522000000.0,2.05,2.04,2.05,2513000000.0,2505000000.0,2513000000.0,14425100496.0,24.0,16.871,533000000.0,2.964,1.0,1957000000.0,0.391,4265000000.0,83000000.0,3709000000.0,3715250000.0,598000000.0,0.0,0.0,0.0,4703000000.0,1477000000.0,3226000000.0,12123100496.0,33000000.0,-452000000.0,-45000000.0,415000000.0,-141000000.0,-54000000.0,-649000000.0,-1000000.0,736000000.0,0.0,370000000.0,370000000.0,370000000.0,0.0,-2000000.0,0.074,1344000000.0,613000000.0,580000000.0,0.38,4.824,32.765,32.868,643000000.0,0.0,67.38,2.422,2.42,1019000000.0,1359000000.0,5006000000.0,5006000000.0,186000000.0,0.052,0.148,0.163,0.121,26000000.0,1136000000.0,1.0,179921349.0,179800000.0,181000000.0,27.842,2967000000.0,0.0,152000000.0,288000000.0,16.502,629000000.0
13,XYL,MRT,2018-03-31,2018-03-31,2018-03-31,2021-08-03,-207000000.0,7350000000.0,6925000000.0,2066000000.0,5284000000.0,0.701,14.125,-187000000.0,297000000.0,297000000.0,2958000000.0,353000000.0,1.415,1.886,2599000000.0,371000000.0,2228000000.0,2599000000.0,0.0,242000000.0,0.0,0.01,0.75,575000000.0,817000000.0,0.168,817000000.0,575000000.0,492000000.0,1.96,1.95,1.96,2541000000.0,2468000000.0,2541000000.0,15623373021.0,27.0,19.123,510000000.0,2.835,1.0,1895000000.0,0.39,4385000000.0,83000000.0,3807000000.0,3720250000.0,578000000.0,0.0,0.0,0.0,4793000000.0,1460000000.0,3333000000.0,13837373021.0,10000000.0,-452000000.0,-35000000.0,376000000.0,-135000000.0,-78000000.0,-634000000.0,-1000000.0,697000000.0,25000000.0,354000000.0,354000000.0,354000000.0,0.0,-1000000.0,0.073,1316000000.0,579000000.0,543000000.0,0.383,5.446,39.089,39.245,666000000.0,0.0,76.92,2.851,2.851,999000000.0,1282000000.0,4853000000.0,4853000000.0,180000000.0,0.051,0.143,0.155,0.118,24000000.0,1113000000.0,1.0,179893045.0,179900000.0,181400000.0,26.976,2965000000.0,0.0,138000000.0,285000000.0,16.481,606000000.0
14,XYL,MRT,2017-12-31,2017-12-31,2017-12-31,2021-08-03,-210000000.0,6860000000.0,6719250000.0,2071000000.0,4789000000.0,0.701,13.937,-169000000.0,414000000.0,414000000.0,2860000000.0,330000000.0,1.883,1.734,2200000000.0,0.0,2200000000.0,2200000000.0,0.0,234000000.0,0.0,0.011,0.72,549000000.0,783000000.0,0.166,783000000.0,549000000.0,467000000.0,1.84,1.83,1.84,2503000000.0,2395500000.0,2503000000.0,14251719864.0,26.0,18.201,517000000.0,2.879,1.0,1847000000.0,0.392,3936000000.0,82000000.0,3610000000.0,3665500000.0,524000000.0,0.0,0.0,0.0,4341000000.0,1100000000.0,3241000000.0,12248719864.0,106000000.0,-17000000.0,-9000000.0,0.0,-130000000.0,-421000000.0,-181000000.0,-1000000.0,686000000.0,22000000.0,331000000.0,331000000.0,331000000.0,0.0,-1000000.0,0.07,1295000000.0,552000000.0,549000000.0,0.391,4.894,37.005,37.065,643000000.0,0.0,68.2,2.602,2.602,956000000.0,1227000000.0,4707000000.0,4707000000.0,181000000.0,0.049,0.138,0.15,0.117,21000000.0,1089000000.0,1.0,179599998.0,179600000.0,180900000.0,26.208,2924000000.0,0.0,136000000.0,252000000.0,16.281,971000000.0
15,XYL,MRT,2017-09-30,2017-09-30,2017-09-30,2021-08-03,-199000000.0,6783000000.0,6622750000.0,1995000000.0,4788000000.0,0.683,13.714,-152000000.0,283000000.0,283000000.0,2778000000.0,310000000.0,1.756,1.747,2286000000.0,97000000.0,2189000000.0,2286000000.0,0.0,228000000.0,0.0,0.011,0.695,494000000.0,722000000.0,0.16,722000000.0,494000000.0,412000000.0,1.72,1.72,1.72,2463000000.0,2317250000.0,2463000000.0,13369373527.0,27.0,18.517,450000000.0,2.506,1.0,1747000000.0,0.386,3915000000.0,82000000.0,3735000000.0,3628750000.0,562000000.0,0.0,0.0,0.0,4303000000.0,1136000000.0,3167000000.0,11246373527.0,-376000000.0,-1717000000.0,-16000000.0,1108000000.0,-125000000.0,885000000.0,-1853000000.0,-1000000.0,602000000.0,-10000000.0,310000000.0,310000000.0,310000000.0,0.0,0.0,0.069,1261000000.0,486000000.0,477000000.0,0.404,4.566,36.279,36.413,637000000.0,0.0,62.63,2.485,2.486,990000000.0,1188000000.0,4525000000.0,4525000000.0,166000000.0,0.047,0.134,0.136,0.109,19000000.0,1061000000.0,1.0,179568474.0,179600000.0,180900000.0,25.195,2868000000.0,0.0,102000000.0,324000000.0,15.969,859000000.0
16,XYL,MRT,2017-06-30,2017-06-30,2017-06-30,2021-08-03,-220000000.0,6707000000.0,6121500000.0,1961000000.0,4746000000.0,0.691,13.168,-138000000.0,288000000.0,288000000.0,2594000000.0,279000000.0,1.634,1.829,2411000000.0,243000000.0,2168000000.0,2411000000.0,0.0,202000000.0,0.0,0.012,0.67,452000000.0,654000000.0,0.155,654000000.0,452000000.0,375000000.0,1.55,1.55,1.55,2365000000.0,2258250000.0,2365000000.0,12061680939.0,27.0,18.443,385000000.0,2.144,1.0,1633000000.0,0.386,3901000000.0,77000000.0,3729000000.0,3300750000.0,554000000.0,0.0,0.0,0.0,4325000000.0,1200000000.0,3125000000.0,9961680939.0,-298000000.0,-1707000000.0,-11000000.0,1230000000.0,-121000000.0,1017000000.0,-1828000000.0,0.0,523000000.0,-10000000.0,278000000.0,278000000.0,278000000.0,0.0,1000000.0,0.066,1190000000.0,443000000.0,442000000.0,0.432,4.212,35.833,35.761,627000000.0,0.0,55.43,2.357,2.355,944000000.0,1117000000.0,4227000000.0,4227000000.0,144000000.0,0.045,0.123,0.137,0.107,19000000.0,1010000000.0,1.0,179716416.0,179600000.0,180600000.0,23.536,2806000000.0,0.0,97000000.0,329000000.0,15.624,761000000.0
17,XYL,MRT,2017-03-31,2017-03-31,2017-03-31,2021-08-03,-276000000.0,6527000000.0,5618250000.0,1863000000.0,4664000000.0,0.711,12.533,-129000000.0,287000000.0,287000000.0,2450000000.0,250000000.0,1.564,1.892,2387000000.0,261000000.0,2126000000.0,2387000000.0,0.0,178000000.0,0.0,0.013,0.645,421000000.0,599000000.0,0.15,599000000.0,421000000.0,345000000.0,1.39,1.39,1.39,2251000000.0,2210500000.0,2251000000.0,11073053959.0,26.0,18.486,379000000.0,2.11,1.0,1545000000.0,0.387,3848000000.0,76000000.0,3588000000.0,2981750000.0,540000000.0,0.0,0.0,0.0,4259000000.0,1191000000.0,3068000000.0,9013053959.0,-906000000.0,-1707000000.0,11000000.0,621000000.0,-117000000.0,434000000.0,-1819000000.0,0.0,508000000.0,-29000000.0,250000000.0,250000000.0,250000000.0,0.0,0.0,0.063,1130000000.0,415000000.0,414000000.0,0.464,4.004,36.052,36.129,612000000.0,0.0,50.22,2.256,2.258,868000000.0,1050000000.0,3995000000.0,3995000000.0,127000000.0,0.044,0.113,0.141,0.105,19000000.0,967000000.0,1.0,179471405.0,179600000.0,180700000.0,22.244,2679000000.0,0.0,95000000.0,350000000.0,14.916,672000000.0
18,XYL,MRT,2016-12-31,2016-12-31,2016-12-31,2021-08-03,-318000000.0,6474000000.0,5312500000.0,1839000000.0,4635000000.0,0.71,12.228,-123000000.0,308000000.0,308000000.0,2309000000.0,260000000.0,1.485,1.948,2368000000.0,260000000.0,2108000000.0,2368000000.0,0.0,151000000.0,0.0,0.013,0.62,410000000.0,561000000.0,0.149,561000000.0,410000000.0,340000000.0,1.45,1.45,1.45,2190000000.0,2187500000.0,2190000000.0,9434632279.0,23.0,16.818,374000000.0,2.088,1.0,1462000000.0,0.388,3833000000.0,70000000.0,3463000000.0,2698750000.0,522000000.0,0.0,0.0,0.0,4267000000.0,1238000000.0,3029000000.0,8883632279.0,-372000000.0,-1782000000.0,20000000.0,1206000000.0,-112000000.0,1034000000.0,-1886000000.0,0.0,497000000.0,-17000000.0,260000000.0,260000000.0,260000000.0,0.0,0.0,0.069,1054000000.0,408000000.0,457000000.0,0.428,4.056,34.168,34.152,616000000.0,0.0,49.52,2.356,2.352,843000000.0,1033000000.0,3771000000.0,3771000000.0,110000000.0,0.049,0.119,0.152,0.109,18000000.0,914000000.0,1.0,179394836.0,179100000.0,180000000.0,21.055,2641000000.0,0.0,80000000.0,352000000.0,14.746,601000000.0
19,XYL,MRT,2016-09-30,2016-09-30,2016-09-30,2021-08-03,-255000000.0,4778000000.0,4858250000.0,2092000000.0,2686000000.0,0.755,12.421,-130000000.0,659000000.0,659000000.0,2225000000.0,324000000.0,2.488,1.145,1210000000.0,62000000.0,1148000000.0,1210000000.0,0.0,128000000.0,0.0,0.012,0.606,442000000.0,570000000.0,0.155,570000000.0,442000000.0,378000000.0,1.8,1.8,1.8,2227000000.0,2161000000.0,2227000000.0,10046074448.0,23.0,17.625,348000000.0,1.941,1.0,1445000000.0,0.394,2065000000.0,64000000.0,2423000000.0,2435250000.0,488000000.0,0.0,0.0,0.0,2551000000.0,841000000.0,1710000000.0,9398074448.0,48000000.0,-88000000.0,-25000000.0,-83000000.0,-109000000.0,-218000000.0,-213000000.0,0.0,478000000.0,1000000.0,324000000.0,324000000.0,324000000.0,0.0,0.0,0.088,1006000000.0,439000000.0,341000000.0,0.337,4.22,29.006,29.139,440000000.0,0.0,52.45,2.561,2.562,792000000.0,1011000000.0,3670000000.0,3670000000.0,99000000.0,0.067,0.15,0.182,0.12,19000000.0,888000000.0,1.0,179181591.0,179300000.0,180300000.0,20.468,2713000000.0,0.0,54000000.0,114000000.0,15.131,1251000000.0
20,XYL,MRT,2016-06-30,2016-06-30,2016-06-30,2021-08-03,-252000000.0,4694000000.0,4825000000.0,2007000000.0,2687000000.0,0.762,12.138,-122000000.0,586000000.0,586000000.0,2236000000.0,339000000.0,2.448,1.159,1234000000.0,91000000.0,1143000000.0,1234000000.0,0.0,129000000.0,0.0,0.013,0.592,451000000.0,580000000.0,0.158,580000000.0,451000000.0,390000000.0,1.87,1.87,1.87,2174000000.0,2115000000.0,2174000000.0,8667768865.0,19.0,14.944,344000000.0,1.921,1.0,1439000000.0,0.392,2069000000.0,61000000.0,2453000000.0,2448500000.0,483000000.0,0.0,0.0,0.0,2520000000.0,820000000.0,1700000000.0,7987768865.0,-14000000.0,-88000000.0,-101000000.0,-54000000.0,-107000000.0,-264000000.0,-206000000.0,0.0,466000000.0,-10000000.0,339000000.0,339000000.0,339000000.0,0.0,0.0,0.092,989000000.0,450000000.0,339000000.0,0.317,3.674,23.563,23.877,438000000.0,0.0,44.65,2.174,2.176,784000000.0,966000000.0,3675000000.0,3675000000.0,99000000.0,0.07,0.16,0.184,0.123,17000000.0,876000000.0,1.0,178897399.0,179100000.0,179900000.0,20.519,2625000000.0,0.0,51000000.0,117000000.0,14.657,1187000000.0
21,XYL,MRT,2016-03-31,2016-03-31,2016-03-31,2021-08-03,-212000000.0,5304000000.0,4831250000.0,2575000000.0,2729000000.0,0.758,12.088,-117000000.0,1193000000.0,1193000000.0,2245000000.0,342000000.0,1.798,1.457,1873000000.0,720000000.0,1153000000.0,1873000000.0,0.0,130000000.0,0.0,0.014,0.578,446000000.0,576000000.0,0.157,576000000.0,446000000.0,391000000.0,1.89,1.89,1.89,2159000000.0,2091500000.0,2159000000.0,7894069547.0,18.0,13.705,349000000.0,1.954,1.0,1418000000.0,0.387,2096000000.0,55000000.0,2456000000.0,2466500000.0,482000000.0,0.0,0.0,0.0,3145000000.0,1432000000.0,1713000000.0,7300069547.0,639000000.0,-88000000.0,-106000000.0,580000000.0,-104000000.0,368000000.0,-201000000.0,0.0,466000000.0,6000000.0,342000000.0,342000000.0,342000000.0,0.0,0.0,0.093,973000000.0,445000000.0,332000000.0,0.306,3.381,21.345,21.64,446000000.0,0.0,40.9,1.993,1.994,752000000.0,923000000.0,3663000000.0,3663000000.0,97000000.0,0.071,0.164,0.181,0.122,16000000.0,867000000.0,1.0,178485808.0,178600000.0,179300000.0,20.51,3208000000.0,0.0,49000000.0,106000000.0,17.962,1143000000.0
22,XYL,MRT,2015-12-31,2015-12-31,2015-12-31,2021-08-03,-238000000.0,4657000000.0,4660250000.0,2005000000.0,2652000000.0,0.784,11.52,-117000000.0,680000000.0,680000000.0,2249000000.0,340000000.0,2.436,1.235,1274000000.0,78000000.0,1196000000.0,1274000000.0,0.0,133000000.0,0.0,0.015,0.564,458000000.0,591000000.0,0.162,591000000.0,458000000.0,403000000.0,1.88,1.87,1.88,2084000000.0,2049000000.0,2084000000.0,7210865168.0,16.0,12.201,347000000.0,1.918,1.0,1404000000.0,0.384,2019000000.0,55000000.0,2409000000.0,2472750000.0,433000000.0,0.0,0.0,0.0,2573000000.0,823000000.0,1750000000.0,6546865168.0,17000000.0,-17000000.0,-158000000.0,0.0,-102000000.0,-262000000.0,-132000000.0,0.0,464000000.0,-53000000.0,340000000.0,340000000.0,340000000.0,0.0,0.0,0.093,955000000.0,449000000.0,338000000.0,0.3,3.141,19.255,19.415,439000000.0,0.0,36.5,1.792,1.808,749000000.0,885000000.0,3653000000.0,3653000000.0,95000000.0,0.073,0.166,0.185,0.125,15000000.0,854000000.0,1.0,179366169.0,180900000.0,181700000.0,20.193,2638000000.0,0.0,63000000.0,118000000.0,14.583,1182000000.0
23,XYL,MRT,2015-09-30,2015-09-30,2015-09-30,2021-08-03,-229000000.0,4645000000.0,4704250000.0,2017000000.0,2628000000.0,0.787,11.3,-119000000.0,611000000.0,611000000.0,2280000000.0,322000000.0,2.475,1.274,1275000000.0,79000000.0,1196000000.0,1275000000.0,0.0,137000000.0,0.0,0.017,0.551,457000000.0,594000000.0,0.16,594000000.0,457000000.0,403000000.0,1.77,1.76,1.77,2043000000.0,2059750000.0,2043000000.0,6639247110.0,15.0,11.177,304000000.0,1.681,1.0,1421000000.0,0.384,2018000000.0,54000000.0,2476000000.0,2482000000.0,477000000.0,0.0,0.0,0.0,2602000000.0,815000000.0,1787000000.0,5962247110.0,82000000.0,1000000.0,-107000000.0,47000000.0,-100000000.0,-159000000.0,-115000000.0,0.0,423000000.0,-67000000.0,322000000.0,322000000.0,322000000.0,0.0,0.0,0.087,973000000.0,448000000.0,314000000.0,0.311,2.918,18.516,18.559,418000000.0,0.0,32.85,1.611,1.605,762000000.0,796000000.0,3701000000.0,3701000000.0,97000000.0,0.068,0.156,0.184,0.123,15000000.0,863000000.0,1.0,181499151.0,180800000.0,181600000.0,20.47,2627000000.0,35000000.0,81000000.0,141000000.0,14.53,1202000000.0
24,XYL,MRT,2015-06-30,2015-06-30,2015-06-30,2021-08-03,-198000000.0,4719000000.0,4746500000.0,2056000000.0,2663000000.0,0.793,11.46,-127000000.0,600000000.0,600000000.0,2316000000.0,340000000.0,2.456,1.269,1277000000.0,81000000.0,1196000000.0,1277000000.0,0.0,139000000.0,0.0,0.015,0.538,479000000.0,618000000.0,0.164,618000000.0,479000000.0,424000000.0,1.87,1.86,1.87,2080000000.0,2097250000.0,2080000000.0,7445429717.0,16.0,12.048,314000000.0,1.73,1.0,1446000000.0,0.384,2034000000.0,55000000.0,2525000000.0,2503000000.0,498000000.0,0.0,0.0,0.0,2639000000.0,837000000.0,1802000000.0,6723429717.0,150000000.0,31000000.0,-67000000.0,49000000.0,-98000000.0,-113000000.0,-92000000.0,0.0,441000000.0,-86000000.0,340000000.0,340000000.0,340000000.0,0.0,0.0,0.09,988000000.0,458000000.0,315000000.0,0.288,3.232,19.775,19.824,431000000.0,0.0,37.07,1.787,1.788,772000000.0,734000000.0,3762000000.0,3762000000.0,98000000.0,0.072,0.162,0.191,0.127,17000000.0,878000000.0,1.0,181371182.0,181500000.0,182300000.0,20.727,2685000000.0,37000000.0,84000000.0,152000000.0,14.793,1219000000.0
25,XYL,MRT,2015-03-31,2015-03-31,2015-03-31,2021-08-03,-233000000.0,4620000000.0,4791750000.0,1973000000.0,2647000000.0,0.803,10.923,-130000000.0,554000000.0,554000000.0,2361000000.0,352000000.0,2.369,1.323,1276000000.0,81000000.0,1195000000.0,1276000000.0,0.0,141000000.0,0.0,0.015,0.525,491000000.0,632000000.0,0.164,632000000.0,491000000.0,437000000.0,1.93,1.92,1.93,1989000000.0,2138500000.0,1989000000.0,7009486429.0,14.0,11.091,303000000.0,1.664,1.0,1486000000.0,0.386,2028000000.0,54000000.0,2481000000.0,2535750000.0,502000000.0,0.0,0.0,0.0,2631000000.0,833000000.0,1798000000.0,6384486429.0,88000000.0,31000000.0,-115000000.0,50000000.0,-96000000.0,-156000000.0,-98000000.0,0.0,433000000.0,-91000000.0,352000000.0,352000000.0,352000000.0,0.0,0.0,0.091,1016000000.0,470000000.0,311000000.0,0.272,3.21,18.138,18.145,434000000.0,0.0,35.02,1.66,1.658,738000000.0,686000000.0,3847000000.0,3847000000.0,100000000.0,0.073,0.165,0.194,0.128,18000000.0,902000000.0,1.0,182309721.0,182100000.0,183100000.0,21.126,2592000000.0,38000000.0,85000000.0,152000000.0,14.234,1140000000.0
26,XYL,MRT,2014-12-31,2014-12-31,2014-12-31,2021-08-03,-99000000.0,4833000000.0,4858500000.0,2064000000.0,2769000000.0,0.806,11.617,-117000000.0,663000000.0,663000000.0,2403000000.0,337000000.0,2.286,1.272,1284000000.0,89000000.0,1195000000.0,1284000000.0,0.0,142000000.0,0.0,0.013,0.512,475000000.0,617000000.0,0.158,617000000.0,475000000.0,421000000.0,1.84,1.83,1.84,2127000000.0,2198500000.0,2127000000.0,7634962862.0,16.0,12.374,299000000.0,1.633,1.0,1513000000.0,0.386,2105000000.0,54000000.0,2446000000.0,2567500000.0,486000000.0,0.0,0.0,0.0,2706000000.0,903000000.0,1803000000.0,6923962862.0,130000000.0,30000000.0,-108000000.0,52000000.0,-94000000.0,-147000000.0,-86000000.0,0.0,416000000.0,-53000000.0,337000000.0,337000000.0,337000000.0,0.0,0.0,0.086,1050000000.0,463000000.0,338000000.0,0.278,3.255,20.546,20.69,461000000.0,0.0,38.07,1.768,1.78,771000000.0,648000000.0,3916000000.0,3916000000.0,104000000.0,0.069,0.153,0.185,0.121,18000000.0,920000000.0,1.0,181874517.0,183100000.0,184200000.0,21.387,2728000000.0,0.0,84000000.0,136000000.0,14.899,1161000000.0
27,XYL,MRT,2014-09-30,2014-09-30,2014-09-30,2021-08-03,49000000.0,4814000000.0,4874250000.0,2025000000.0,2789000000.0,0.802,12.036,-111000000.0,529000000.0,529000000.0,2391000000.0,309000000.0,2.382,1.195,1240000000.0,41000000.0,1199000000.0,1240000000.0,0.0,147000000.0,0.0,0.014,0.5,455000000.0,602000000.0,0.154,602000000.0,455000000.0,400000000.0,1.69,1.68,1.69,2193000000.0,2227000000.0,2193000000.0,7275350181.0,16.0,12.085,303000000.0,1.663,1.0,1516000000.0,0.388,2115000000.0,55000000.0,2560000000.0,2592250000.0,516000000.0,0.0,0.0,0.0,2621000000.0,850000000.0,1771000000.0,6483350181.0,135000000.0,30000000.0,-124000000.0,41000000.0,-93000000.0,-173000000.0,-79000000.0,0.0,414000000.0,-27000000.0,309000000.0,309000000.0,309000000.0,0.0,0.0,0.079,1065000000.0,451000000.0,314000000.0,0.296,2.956,20.982,21.0,454000000.0,0.0,35.49,1.659,1.655,804000000.0,575000000.0,3907000000.0,3907000000.0,104000000.0,0.063,0.139,0.176,0.116,20000000.0,931000000.0,1.0,182681042.0,182200000.0,183400000.0,21.443,2699000000.0,35000000.0,91000000.0,183000000.0,14.813,1175000000.0
28,XYL,MRT,2014-06-30,2014-06-30,2014-06-30,2021-08-03,158000000.0,4900000000.0,4866750000.0,2016000000.0,2884000000.0,0.803,12.241,-110000000.0,450000000.0,450000000.0,2385000000.0,276000000.0,2.383,1.183,1242000000.0,43000000.0,1199000000.0,1242000000.0,0.0,148000000.0,0.0,0.013,0.489,410000000.0,558000000.0,0.143,558000000.0,410000000.0,355000000.0,1.5,1.49,1.5,2245000000.0,2218250000.0,2245000000.0,7959035955.0,19.0,14.264,250000000.0,1.363,1.0,1524000000.0,0.39,2190000000.0,55000000.0,2656000000.0,2599500000.0,527000000.0,0.0,0.0,0.0,2655000000.0,846000000.0,1809000000.0,7182035955.0,90000000.0,0.0,-119000000.0,38000000.0,-91000000.0,-170000000.0,-108000000.0,0.0,360000000.0,8000000.0,276000000.0,276000000.0,276000000.0,0.0,0.0,0.071,1105000000.0,419000000.0,328000000.0,0.326,3.199,26.022,26.053,469000000.0,0.0,39.08,1.837,1.834,830000000.0,493000000.0,3909000000.0,3909000000.0,104000000.0,0.057,0.124,0.158,0.105,24000000.0,966000000.0,1.0,183777788.0,183400000.0,184500000.0,21.314,2710000000.0,37000000.0,79000000.0,195000000.0,14.776,1170000000.0
29,XYL,MRT,2014-03-31,2014-03-31,2014-03-31,2021-08-03,166000000.0,4887000000.0,4794500000.0,1991000000.0,2896000000.0,0.806,12.081,-117000000.0,466000000.0,466000000.0,2357000000.0,236000000.0,2.323,1.192,1243000000.0,44000000.0,1199000000.0,1243000000.0,0.0,149000000.0,0.0,0.013,0.477,364000000.0,513000000.0,0.133,513000000.0,364000000.0,308000000.0,1.28,1.27,1.28,2229000000.0,2170000000.0,2229000000.0,7434099247.0,20.0,14.491,209000000.0,1.133,1.0,1507000000.0,0.39,2199000000.0,56000000.0,2608000000.0,2572250000.0,516000000.0,0.0,0.0,0.0,2658000000.0,857000000.0,1801000000.0,6726099247.0,91000000.0,-3000000.0,-76000000.0,39000000.0,-89000000.0,-126000000.0,-118000000.0,0.0,326000000.0,9000000.0,236000000.0,236000000.0,236000000.0,0.0,0.0,0.061,1134000000.0,373000000.0,325000000.0,0.373,3.018,28.5,28.453,476000000.0,0.0,36.42,1.741,1.739,803000000.0,430000000.0,3864000000.0,3864000000.0,105000000.0,0.049,0.109,0.142,0.094,25000000.0,977000000.0,1.0,184681473.0,184500000.0,185800000.0,20.943,2688000000.0,40000000.0,72000000.0,198000000.0,14.569,1134000000.0
30,XYL,MRT,2013-12-31,2013-12-31,2013-12-31,2021-08-03,167000000.0,4896000000.0,4720000000.0,2009000000.0,2887000000.0,0.813,12.1,-120000000.0,533000000.0,533000000.0,2338000000.0,228000000.0,2.355,1.185,1241000000.0,42000000.0,1199000000.0,1241000000.0,0.0,150000000.0,0.0,0.013,0.466,353000000.0,503000000.0,0.131,503000000.0,353000000.0,298000000.0,1.23,1.22,1.23,2241000000.0,2122750000.0,2241000000.0,7191293035.0,20.0,14.297,204000000.0,1.102,1.0,1499000000.0,0.391,2206000000.0,55000000.0,2545000000.0,2551500000.0,475000000.0,0.0,0.0,0.0,2655000000.0,853000000.0,1802000000.0,6383293035.0,29000000.0,-81000000.0,-51000000.0,37000000.0,-87000000.0,-100000000.0,-199000000.0,0.0,324000000.0,4000000.0,228000000.0,228000000.0,228000000.0,0.0,0.0,0.059,1136000000.0,363000000.0,332000000.0,0.379,2.848,27.997,28.13,488000000.0,0.0,34.6,1.664,1.67,817000000.0,405000000.0,3837000000.0,3837000000.0,104000000.0,0.048,0.107,0.138,0.092,27000000.0,990000000.0,1.0,184488238.0,185200000.0,186000000.0,20.718,2690000000.0,41000000.0,70000000.0,191000000.0,14.525,1156000000.0
31,XYL,MRT,2013-09-30,2013-09-30,2013-09-30,2021-08-03,129000000.0,4784000000.0,4665750000.0,1899000000.0,2885000000.0,0.809,11.652,-114000000.0,394000000.0,394000000.0,2302000000.0,233000000.0,2.368,1.217,1202000000.0,3000000.0,1199000000.0,1202000000.0,0.0,149000000.0,0.0,0.016,0.45,335000000.0,484000000.0,0.128,484000000.0,335000000.0,280000000.0,1.26,1.25,1.26,2158000000.0,2081000000.0,2158000000.0,6019084986.0,18.0,12.436,215000000.0,1.161,1.0,1471000000.0,0.39,2201000000.0,55000000.0,2589000000.0,2532250000.0,496000000.0,0.0,0.0,0.0,2626000000.0,802000000.0,1824000000.0,5175084986.0,-30000000.0,-110000000.0,-49000000.0,-9000000.0,-84000000.0,-142000000.0,-223000000.0,0.0,329000000.0,6000000.0,233000000.0,233000000.0,233000000.0,0.0,0.0,0.062,1133000000.0,338000000.0,324000000.0,0.357,2.398,22.211,22.167,478000000.0,0.0,27.93,1.372,1.371,845000000.0,359000000.0,3773000000.0,3773000000.0,104000000.0,0.05,0.112,0.132,0.089,27000000.0,979000000.0,1.0,185287683.0,185200000.0,186000000.0,20.373,2583000000.0,44000000.0,47000000.0,173000000.0,13.947,1097000000.0
32,XYL,MRT,2013-06-30,2013-06-30,2013-06-30,2021-08-03,55000000.0,4611000000.0,4618750000.0,1779000000.0,2832000000.0,0.81,11.068,-110000000.0,360000000.0,360000000.0,2278000000.0,232000000.0,2.417,1.247,1204000000.0,5000000.0,1199000000.0,1204000000.0,0.0,149000000.0,0.0,0.016,0.435,352000000.0,501000000.0,0.134,501000000.0,352000000.0,297000000.0,1.26,1.24,1.26,2052000000.0,2055000000.0,2052000000.0,5821746464.0,17.0,11.62,223000000.0,1.203,1.0,1461000000.0,0.391,2172000000.0,55000000.0,2547000000.0,2508250000.0,471000000.0,0.0,0.0,0.0,2559000000.0,736000000.0,1823000000.0,4991746464.0,2000000.0,-122000000.0,-19000000.0,-1000000.0,-79000000.0,-103000000.0,-232000000.0,0.0,333000000.0,4000000.0,232000000.0,232000000.0,232000000.0,0.0,0.0,0.062,1110000000.0,351000000.0,311000000.0,0.345,2.433,21.516,21.381,470000000.0,0.0,26.94,1.335,1.336,792000000.0,308000000.0,3739000000.0,3739000000.0,104000000.0,0.05,0.113,0.14,0.094,24000000.0,953000000.0,1.0,185291257.0,185400000.0,186100000.0,20.167,2439000000.0,43000000.0,65000000.0,179000000.0,13.155,1043000000.0
33,XYL,MRT,2013-03-31,2013-03-31,2013-03-31,2021-08-03,72000000.0,4589000000.0,4586500000.0,1757000000.0,2832000000.0,0.817,10.98,-105000000.0,375000000.0,375000000.0,2272000000.0,275000000.0,2.437,1.25,1205000000.0,6000000.0,1199000000.0,1205000000.0,0.0,145000000.0,0.0,0.015,0.42,409000000.0,554000000.0,0.148,554000000.0,409000000.0,355000000.0,1.49,1.47,1.49,2040000000.0,2029000000.0,2040000000.0,5831559237.0,14.0,10.526,250000000.0,1.346,1.0,1473000000.0,0.393,2173000000.0,54000000.0,2525000000.0,2487750000.0,461000000.0,0.0,0.0,0.0,2549000000.0,721000000.0,1828000000.0,5130559237.0,28000000.0,-119000000.0,-19000000.0,-1000000.0,-78000000.0,-100000000.0,-223000000.0,0.0,355000000.0,-4000000.0,275000000.0,275000000.0,275000000.0,0.0,0.0,0.073,1063000000.0,410000000.0,309000000.0,0.282,2.515,18.657,18.497,474000000.0,0.0,27.56,1.37,1.367,767000000.0,283000000.0,3745000000.0,3745000000.0,104000000.0,0.06,0.136,0.164,0.109,23000000.0,920000000.0,1.0,186159624.0,185800000.0,186400000.0,20.156,2416000000.0,43000000.0,80000000.0,179000000.0,13.003,1036000000.0
34,XYL,MRT,2012-12-31,2012-12-31,2012-12-31,2021-08-03,115000000.0,4679000000.0,4567500000.0,1874000000.0,2805000000.0,0.83,11.163,-107000000.0,504000000.0,504000000.0,2289000000.0,297000000.0,2.399,1.256,1205000000.0,6000000.0,1199000000.0,1205000000.0,0.0,142000000.0,0.0,0.015,0.405,443000000.0,585000000.0,0.154,585000000.0,443000000.0,388000000.0,1.6,1.59,1.6,2074000000.0,2006250000.0,2074000000.0,5823018484.0,13.0,9.954,289000000.0,1.555,1.0,1502000000.0,0.396,2131000000.0,55000000.0,2468000000.0,2461500000.0,443000000.0,0.0,0.0,0.0,2605000000.0,781000000.0,1824000000.0,5035018484.0,186000000.0,-41000000.0,11000000.0,-1000000.0,-75000000.0,-74000000.0,-147000000.0,0.0,396000000.0,11000000.0,297000000.0,297000000.0,297000000.0,0.0,0.0,0.078,1059000000.0,443000000.0,332000000.0,0.253,2.428,16.953,16.938,487000000.0,0.0,27.1,1.328,1.328,776000000.0,264000000.0,3791000000.0,3791000000.0,106000000.0,0.065,0.148,0.18,0.117,22000000.0,914000000.0,1.0,185794040.0,185800000.0,186200000.0,20.404,2548000000.0,41000000.0,91000000.0,173000000.0,13.714,1093000000.0
35,XYL,MRT,2012-09-30,2012-09-30,2012-09-30,2021-08-03,153000000.0,4596000000.0,4497750000.0,1834000000.0,2762000000.0,0.85,11.049,-122000000.0,424000000.0,424000000.0,2325000000.0,276000000.0,2.336,1.238,1212000000.0,13000000.0,1199000000.0,1212000000.0,0.0,136000000.0,0.0,0.016,0.405,439000000.0,575000000.0,0.15,575000000.0,439000000.0,383000000.0,1.49,1.47,1.49,2054000000.0,1945500000.0,2054000000.0,5515684674.0,13.0,9.592,305000000.0,1.641,1.0,1500000000.0,0.392,2106000000.0,56000000.0,2493000000.0,2433500000.0,467000000.0,0.0,0.0,0.0,2542000000.0,785000000.0,1757000000.0,4667684674.0,240000000.0,-12000000.0,19000000.0,-3000000.0,-75000000.0,-51000000.0,-135000000.0,0.0,427000000.0,-1000000.0,276000000.0,276000000.0,276000000.0,0.0,0.0,0.072,1062000000.0,438000000.0,316000000.0,0.272,2.272,16.912,16.879,464000000.0,0.0,25.15,1.22,1.222,801000000.0,206000000.0,3825000000.0,3825000000.0,107000000.0,0.061,0.142,0.18,0.115,22000000.0,916000000.0,1.0,185593824.0,185900000.0,186300000.0,20.576,2490000000.0,36000000.0,107000000.0,170000000.0,13.394,1049000000.0
36,XYL,MRT,2012-06-30,2012-06-30,2012-06-30,2021-08-03,106000000.0,4482000000.0,4386500000.0,1749000000.0,2733000000.0,0.874,10.484,-121000000.0,358000000.0,358000000.0,2342000000.0,281000000.0,2.245,1.301,1206000000.0,7000000.0,1199000000.0,1206000000.0,0.0,136000000.0,0.0,0.012,0.304,408000000.0,544000000.0,0.142,544000000.0,408000000.0,365000000.0,1.52,1.51,1.52,1948000000.0,1919750000.0,1948000000.0,5526371112.0,14.0,10.159,292000000.0,1.572,1.0,1491000000.0,0.389,2086000000.0,43000000.0,2465000000.0,2398500000.0,467000000.0,0.0,0.0,0.0,2534000000.0,779000000.0,1755000000.0,4667371112.0,220000000.0,-309000000.0,14000000.0,1185000000.0,-58000000.0,253000000.0,-428000000.0,0.0,413000000.0,-18000000.0,281000000.0,281000000.0,281000000.0,0.0,0.0,0.073,1085000000.0,406000000.0,327000000.0,0.2,2.396,16.61,16.559,459000000.0,0.0,25.17,1.218,1.22,770000000.0,153000000.0,3833000000.0,3833000000.0,106000000.0,0.064,0.146,0.17,0.106,18000000.0,900000000.0,1.0,185433894.0,185800000.0,186200000.0,20.63,2396000000.0,47000000.0,84000000.0,176000000.0,12.896,970000000.0
37,XYL,MRT,2012-03-31,2012-03-31,2012-03-31,2021-08-03,177000000.0,4513000000.0,,1735000000.0,2778000000.0,,10.512,-127000000.0,347000000.0,347000000.0,2351000000.0,264000000.0,2.118,1.316,1206000000.0,4000000.0,1202000000.0,1206000000.0,0.0,138000000.0,0.0,0.007,0.202,396000000.0,534000000.0,0.139,534000000.0,396000000.0,365000000.0,1.43,1.42,1.43,1949000000.0,,1949000000.0,6014060725.0,15.0,11.262,312000000.0,1.683,1.0,1487000000.0,0.387,2133000000.0,31000000.0,2420000000.0,,465000000.0,0.0,0.0,0.0,2564000000.0,819000000.0,1745000000.0,5126060725.0,193000000.0,-309000000.0,16000000.0,1185000000.0,-38000000.0,195000000.0,-434000000.0,0.0,439000000.0,-7000000.0,264000000.0,264000000.0,264000000.0,0.0,0.0,0.069,1094000000.0,393000000.0,329000000.0,0.141,2.63,19.417,19.406,468000000.0,0.0,27.75,1.336,1.341,761000000.0,84000000.0,3838000000.0,3838000000.0,104000000.0,,,,0.103,15000000.0,899000000.0,1.0,184722909.0,185400000.0,185900000.0,20.701,2380000000.0,45000000.0,101000000.0,155000000.0,12.837,916000000.0
38,XYL,MRT,2011-12-31,2011-12-31,2011-12-31,2021-08-03,122000000.0,4400000000.0,4067500000.0,1649000000.0,2751000000.0,0.935,9.892,-115000000.0,318000000.0,318000000.0,2342000000.0,279000000.0,2.018,1.403,1206000000.0,5000000.0,1201000000.0,1206000000.0,0.0,137000000.0,0.0,0.004,0.101,400000000.0,537000000.0,0.141,537000000.0,400000000.0,383000000.0,1.51,1.5,1.51,1831000000.0,2275000000.0,1831000000.0,5764614321.0,14.0,10.735,334000000.0,1.804,1.0,1461000000.0,0.384,2115000000.0,17000000.0,2356000000.0,1731000000.0,433000000.0,0.0,0.0,0.0,2569000000.0,817000000.0,1752000000.0,4741614321.0,187000000.0,-309000000.0,1000000.0,1185000000.0,-19000000.0,172000000.0,-423000000.0,0.0,449000000.0,-11000000.0,279000000.0,279000000.0,279000000.0,0.0,0.0,0.073,1066000000.0,395000000.0,322000000.0,0.067,2.59,16.995,17.013,463000000.0,0.0,25.69,1.247,1.25,756000000.0,44000000.0,3803000000.0,3803000000.0,100000000.0,0.069,0.123,0.231,0.105,13000000.0,877000000.0,1.0,184570429.0,185100000.0,185300000.0,20.546,2285000000.0,45000000.0,104000000.0,168000000.0,12.345,832000000.0
39,XYL,MRT,2011-09-30,2011-09-30,2011-09-30,2021-08-03,302000000.0,4151000000.0,,1480000000.0,2671000000.0,,10.569,-117000000.0,184000000.0,184000000.0,2295000000.0,324000000.0,2.212,1.128,1207000000.0,5000000.0,1202000000.0,1207000000.0,0.0,129000000.0,0.0,,0.0,411000000.0,540000000.0,0.145,540000000.0,411000000.0,409000000.0,,,,1951000000.0,,1951000000.0,,,,304000000.0,1.647,1.0,1440000000.0,0.386,2152000000.0,2000000.0,2353000000.0,,437000000.0,0.0,0.0,0.0,2200000000.0,669000000.0,1531000000.0,,57000000.0,-332000000.0,0.0,1194000000.0,0.0,86000000.0,-446000000.0,0.0,421000000.0,-4000000.0,324000000.0,324000000.0,324000000.0,0.0,0.0,0.087,1034000000.0,406000000.0,283000000.0,,,,,442000000.0,0.0,,,,753000000.0,,3735000000.0,3735000000.0,94000000.0,,,,0.11,9000000.0,864000000.0,1.0,184570429.0,184600000.0,,20.233,1999000000.0,0.0,85000000.0,77000000.0,10.829,811000000.0
40,XYL,MRT,2011-06-30,2011-06-30,2011-06-30,2021-08-03,,,,,,,,,,,2218000000.0,338000000.0,,,,,,,,,,,0.0,438000000.0,,,,438000000.0,437000000.0,,,,,,,,,,,,1.0,1384000000.0,0.384,,1000000.0,,,,,,,,,,,,,,,,,,,,,338000000.0,338000000.0,338000000.0,0.0,0.0,0.094,950000000.0,434000000.0,,,,,,,0.0,,,,,,3602000000.0,3602000000.0,89000000.0,,,,0.122,,832000000.0,1.0,184570429.0,184600000.0,,19.512,,,99000000.0,,,
41,XYL,MRT,2011-03-31,2011-03-31,2011-03-31,2021-08-03,,,,,,,,,,,,,,,,,,,,,,,0.0,,,,,,,,,,,,,,,,,,1.0,,,,,,,,,,,,,,,,,,,,,,,,,,,,,,,,,,,,,,,,,,,,,,,,,,,,,,1.0,184570429.0,184600000.0,,,,,,,,
42,XYL,MRT,2010-12-31,2010-12-31,2010-12-31,2021-08-03,37000000.0,3735000000.0,3135000000.0,1336000000.0,2399000000.0,1.021,14.729,-90000000.0,131000000.0,131000000.0,1988000000.0,329000000.0,2.059,0.374,4000000.0,0.0,4000000.0,4000000.0,0.0,92000000.0,0.0,,0.0,388000000.0,480000000.0,0.15,480000000.0,388000000.0,388000000.0,1.78,1.78,1.78,2719000000.0,2203000000.0,2719000000.0,,,,305000000.0,1.652,1.0,1214000000.0,0.379,1853000000.0,0.0,1106000000.0,964000000.0,389000000.0,0.0,0.0,0.0,1016000000.0,649000000.0,367000000.0,,50000000.0,-1004000000.0,0.0,0.0,0.0,745000000.0,-1093000000.0,0.0,395000000.0,3000000.0,329000000.0,329000000.0,329000000.0,0.0,0.0,0.103,826000000.0,388000000.0,309000000.0,0.0,,,,454000000.0,0.0,,,,690000000.0,0.0,3202000000.0,3202000000.0,74000000.0,0.105,0.149,0.402,0.121,9000000.0,737000000.0,1.0,184570429.0,184600000.0,184600000.0,17.346,1882000000.0,47000000.0,59000000.0,99000000.0,10.195,687000000.0
43,XYL,MRT,2010-09-30,2010-09-30,2010-09-30,2021-08-03,,,,,,,,,,,,,,,,,,,,,,,0.0,,,,,,,,,,,,,,,,,,1.0,,,,,,,,,,,,,,,,,,,,,,,,,,,,,,,,,,,,,,,,,,,,,,,,,,,,,,1.0,,,,,,,,,,
44,XYL,MRT,2009-12-31,2009-12-31,2009-12-31,2021-08-03,415000000.0,2535000000.0,,1088000000.0,1447000000.0,,9.139,-51000000.0,81000000.0,81000000.0,1812000000.0,263000000.0,1.905,0.503,0.0,0.0,0.0,0.0,0.0,70000000.0,0.0,,0.0,277000000.0,347000000.0,0.122,347000000.0,277000000.0,277000000.0,1.42,1.42,1.42,1687000000.0,,1687000000.0,,,,319000000.0,1.728,1.0,1037000000.0,0.364,1061000000.0,0.0,822000000.0,,301000000.0,0.0,0.0,0.0,848000000.0,571000000.0,277000000.0,,0.0,-33000000.0,0.0,0.0,0.0,-292000000.0,-84000000.0,0.0,370000000.0,6000000.0,263000000.0,263000000.0,263000000.0,0.0,0.0,0.092,761000000.0,276000000.0,256000000.0,0.0,,,,334000000.0,0.0,,,,599000000.0,,2849000000.0,2849000000.0,63000000.0,,,,0.097,9000000.0,667000000.0,1.0,,184600000.0,184600000.0,15.433,1474000000.0,0.0,14000000.0,60000000.0,7.985,517000000.0
45,XYL,MRT,2008-12-31,2008-12-31,2008-12-31,2021-08-03,,,,,,,,-67000000.0,,,2150000000.0,224000000.0,,,,,,,,62000000.0,,,0.0,312000000.0,374000000.0,0.114,374000000.0,312000000.0,312000000.0,,,,,,,,,,341000000.0,,1.0,1141000000.0,0.347,,0.0,,,,,,,,,,,-23000000.0,-23000000.0,0.0,0.0,0.0,-341000000.0,-81000000.0,0.0,408000000.0,-9000000.0,224000000.0,224000000.0,224000000.0,0.0,0.0,0.068,826000000.0,315000000.0,,,,,,,0.0,,,,,,3291000000.0,3291000000.0,64000000.0,,,,0.095,10000000.0,721000000.0,1.0,,,,,,,88000000.0,,,
