None,ticker,dimension,calendardate,datekey,reportperiod,lastupdated,accoci,assets,assetsavg,assetsc,assetsnc,assetturnover,bvps,capex,cashneq,cashnequsd,cor,consolinc,currentratio,de,debt,debtc,debtnc,debtusd,deferredrev,depamor,deposits,divyield,dps,ebit,ebitda,ebitdamargin,ebitdausd,ebitusd,ebt,eps,epsdil,epsusd,equity,equityavg,equityusd,ev,evebit,evebitda,fcf,fcfps,fxusd,gp,grossmargin,intangibles,intexp,invcap,invcapavg,inventory,investments,investmentsc,investmentsnc,liabilities,liabilitiesc,liabilitiesnc,marketcap,ncf,ncfbus,ncfcommon,ncfdebt,ncfdiv,ncff,ncfi,ncfinv,ncfo,ncfx,netinc,netinccmn,netinccmnusd,netincdis,netincnci,netmargin,opex,opinc,payables,payoutratio,pb,pe,pe1,ppnenet,prefdivis,price,ps,ps1,receivables,retearn,revenue,revenueusd,rnd,roa,roe,roic,ros,sbcomp,sgna,sharefactor,sharesbas,shareswa,shareswadil,sps,tangibles,taxassets,taxexp,taxliabilities,tbvps,workingcapital
0,HMA,MRY,2012-12-31,2012-12-31,2012-12-31,2019-05-16,-41940000.0,6386354000.0,6232515500.0,1452294000.0,4934060000.0,0.941,3.849,-388793000.0,59173000.0,59173000.0,0.0,176919000.0,1.487,5.293,3779073000.0,126262000.0,3652811000.0,3779073000.0,0.0,359732000.0,0.0,0.0,0.0,550585000.0,910317000.0,0.155,910317000.0,550585000.0,239516000.0,0.59,0.58,0.59,978405000.0,904531500.0,978405000.0,6135887786.0,11.0,6.74,206185000.0,0.811,1.0,5865505000.0,1.0,1025137000.0,311069000.0,8104710000.0,8072052750.0,159599000.0,121106000.0,121106000.0,0.0,5178883000.0,976407000.0,4202476000.0,2389353786.0,-4970000.0,-72556000.0,0.0,-95563000.0,0.0,-126023000.0,-473925000.0,7625000.0,594978000.0,0.0,149947000.0,149947000.0,149947000.0,7617000.0,26972000.0,0.026,5280093000.0,585412000.0,211387000.0,0.0,2.442,15.935,15.797,3465890000.0,0.0,9.32,0.407,0.404,957918000.0,843938000.0,5865505000.0,5865505000.0,0.0,0.024,0.166,0.068,0.094,24107000.0,2620094000.0,1.0,256368432.0,254217000,256710000.0,23.073,5361217000.0,60438000.0,89569000.0,330263000.0,21.089,475887000.0
1,HMA,MRY,2011-12-31,2011-12-31,2011-12-31,2019-05-16,-95440000.0,6002951000.0,5458557500.0,1404569000.0,4598382000.0,0.932,3.013,-301878000.0,64143000.0,64143000.0,0.0,198546000.0,1.741,6.634,3782826000.0,85692000.0,3697134000.0,3782826000.0,0.0,272005000.0,0.0,0.0,0.0,501023000.0,773028000.0,0.152,773028000.0,501023000.0,277808000.0,0.69,0.68,0.69,757952000.0,682830750.0,757952000.0,5397211673.0,11.0,6.982,247967000.0,0.986,1.0,5086395000.0,1.0,1001061000.0,223215000.0,7913942000.0,7219746000.0,156529000.0,122277000.0,122277000.0,0.0,5028381000.0,806631000.0,4221750000.0,1872737673.0,-37669000.0,-577239000.0,14067000.0,412441000.0,0.0,401223000.0,-988737000.0,-64182000.0,549845000.0,0.0,173331000.0,173331000.0,173331000.0,2409000.0,25215000.0,0.034,4534924000.0,551471000.0,229398000.0,0.0,2.471,10.804,10.681,3265822000.0,0.0,7.37,0.368,0.364,899216000.0,693991000.0,5086395000.0,5086395000.0,0.0,0.032,0.254,0.069,0.099,21509000.0,2303030000.0,1.0,254102805.0,251541000,255037000.0,20.221,5001890000.0,60488000.0,104477000.0,278502000.0,19.885,597938000.0
2,HMA,MRY,2010-12-31,2010-12-31,2010-12-31,2019-05-16,-131124000.0,4910085000.0,4782904000.0,1198380000.0,3711705000.0,0.934,2.098,-209020000.0,101812000.0,101812000.0,0.0,168982000.0,2.157,8.015,3219951000.0,34745000.0,3185206000.0,3219951000.0,0.0,249959000.0,0.0,0.0,0.0,459011000.0,708970000.0,0.159,708970000.0,459011000.0,246949000.0,0.6,0.59,0.6,520895000.0,454189500.0,520895000.0,5373274621.0,12.0,7.579,231255000.0,0.931,1.0,4465713000.0,1.0,909470000.0,212062000.0,6563124000.0,6419442250.0,137214000.0,57327000.0,57327000.0,0.0,4175112000.0,555630000.0,3619482000.0,2390921621.0,-4206000.0,-165094000.0,7469000.0,-40147000.0,0.0,-49483000.0,-394998000.0,-16843000.0,440275000.0,0.0,146803000.0,146803000.0,146803000.0,13526000.0,22179000.0,0.033,3979794000.0,485919000.0,184422000.0,0.0,4.59,16.287,15.9,2662947000.0,0.0,9.54,0.535,0.53,759131000.0,526470000.0,4465713000.0,4465713000.0,0.0,0.031,0.323,0.072,0.103,17749000.0,2017628000.0,1.0,250620715.0,248272000,251106000.0,17.987,4000615000.0,44961000.0,100146000.0,184229000.0,16.114,642750000.0
3,HMA,MRY,2009-12-31,2009-12-31,2009-12-31,2019-05-16,-120242000.0,4604099000.0,4557309000.0,1111963000.0,3492136000.0,0.995,1.447,-198878000.0,106018000.0,106018000.0,0.0,163941000.0,2.114,11.431,3223134000.0,35989000.0,3187145000.0,3223134000.0,0.0,241683000.0,0.0,0.0,0.0,439057000.0,680740000.0,0.15,680740000.0,439057000.0,221119000.0,0.56,0.56,0.56,355175000.0,309811000.0,355175000.0,4710890548.0,11.0,6.92,250291000.0,1.02,1.0,4536106000.0,1.0,884979000.0,217938000.0,6310339000.0,6190653250.0,115433000.0,36585000.0,36585000.0,0.0,4060006000.0,525897000.0,3534109000.0,1805782548.0,-37596000.0,-138764000.0,9699000.0,-156787000.0,0.0,-128009000.0,-358756000.0,-36527000.0,449169000.0,0.0,138182000.0,138182000.0,138182000.0,-2638000.0,25759000.0,0.03,4094666000.0,441440000.0,153129000.0,0.0,5.084,13.068,12.982,2465748000.0,0.0,7.27,0.398,0.393,656171000.0,376401000.0,4536106000.0,4536106000.0,0.0,0.03,0.446,0.071,0.097,10649000.0,1779440000.0,1.0,248388246.0,245381000,246965000.0,18.486,3719120000.0,58852000.0,82937000.0,176428000.0,15.157,586066000.0
4,HMA,MRY,2008-12-31,2008-12-31,2008-12-31,2019-05-16,-169914000.0,4554232000.0,4714890750.0,1108960000.0,3445272000.0,0.912,0.736,-209919000.0,143614000.0,143614000.0,0.0,184157000.0,2.261,23.557,3255702000.0,62792000.0,3192910000.0,3255702000.0,0.0,242483000.0,0.0,0.0,0.0,531656000.0,774139000.0,0.18,774139000.0,531656000.0,286251000.0,0.69,0.69,0.69,179121000.0,203424750.0,179121000.0,3555782045.0,7.0,4.593,185569000.0,0.763,1.0,4301664000.0,1.0,883686000.0,245405000.0,6292182000.0,6406679000.0,113778000.0,0.0,0.0,0.0,4219553000.0,490452000.0,3729101000.0,436811045.0,19627000.0,9640000.0,0.0,-522566000.0,0.0,-199745000.0,-176116000.0,0.0,395488000.0,0.0,168149000.0,168149000.0,168149000.0,27164000.0,16008000.0,0.039,3908164000.0,393500000.0,184850000.0,0.0,2.439,2.598,2.594,2388070000.0,0.0,1.79,0.102,0.101,621505000.0,238219000.0,4301664000.0,4301664000.0,0.0,0.036,0.827,0.083,0.124,18226000.0,1770887000.0,1.0,244028517.0,243307000,244671000.0,17.68,3670546000.0,68570000.0,118102000.0,94023000.0,15.086,618508000.0
5,HMA,MRY,2007-12-31,2007-12-31,2007-12-31,2019-05-16,-57860000.0,4643919000.0,4669957500.0,1118420000.0,3525499000.0,0.896,0.334,-255848000.0,123987000.0,123987000.0,0.0,117834000.0,1.872,56.313,3764367000.0,197798000.0,3566569000.0,3764367000.0,0.0,221760000.0,0.0,1.672,10.0,416084000.0,637844000.0,0.152,637844000.0,416084000.0,189449000.0,0.48,0.48,0.48,81028000.0,96989500.0,81028000.0,5118520367.0,12.0,8.025,55857000.0,0.231,1.0,4185819000.0,1.0,897274000.0,226635000.0,6789593000.0,6806926000.0,115492000.0,0.0,0.0,0.0,4562891000.0,597432000.0,3965459000.0,1451166367.0,57173000.0,70000000.0,24793000.0,2360293000.0,-2425001000.0,-67028000.0,-187504000.0,0.0,311705000.0,0.0,117508000.0,117508000.0,117508000.0,1959000.0,326000.0,0.028,3774002000.0,411817000.0,154644000.0,20.833,17.909,12.35,12.458,2403746000.0,0.0,5.98,0.347,0.346,627879000.0,71706000.0,4185819000.0,4185819000.0,0.0,0.025,1.212,0.061,0.099,18129000.0,1682954000.0,1.0,242669961.0,242308000,245119000.0,17.275,3746645000.0,120473000.0,71941000.0,70457000.0,15.462,520988000.0
6,HMA,MRY,2006-12-31,2006-12-31,2006-12-31,2019-05-16,654000.0,4490952000.0,4467911250.0,1045674000.0,3445278000.0,0.882,9.995,-326563000.0,66814000.0,66814000.0,0.0,182749000.0,2.212,0.866,1340840000.0,44437000.0,1296403000.0,1340840000.0,0.0,181247000.0,0.0,0.011,0.24,360652000.0,541899000.0,0.138,541899000.0,360652000.0,302946000.0,0.76,0.75,0.76,2406122000.0,2415766750.0,2406122000.0,6337264500.0,18.0,11.695,123495000.0,0.513,1.0,3940262000.0,1.0,913908000.0,57706000.0,4378405000.0,4280168000.0,107194000.0,0.0,0.0,0.0,2084830000.0,472665000.0,1612165000.0,5078250500.0,-3095000.0,-147674000.0,-14311000.0,120144000.0,-57877000.0,47216000.0,-500369000.0,0.0,450058000.0,0.0,182749000.0,182749000.0,182749000.0,8254000.0,0.0,0.046,3581912000.0,358350000.0,176088000.0,0.316,2.111,27.788,27.776,2395237000.0,0.0,21.11,1.289,1.29,633555000.0,2329756000.0,3940262000.0,3940262000.0,0.0,0.041,0.076,0.084,0.092,16961000.0,1561702000.0,1.0,240561369.0,240723000,243340000.0,16.368,3577044000.0,94206000.0,120197000.0,127225000.0,14.86,573009000.0
7,HMA,MRY,2005-12-31,2005-09-30,2005-09-30,2019-05-16,128000.0,3988171000.0,3889842750.0,988155000.0,3000016000.0,0.9,9.324,-269797000.0,78575000.0,78575000.0,0.0,353077000.0,0.924,0.742,999987000.0,633338000.0,366649000.0,999987000.0,0.0,152030000.0,0.0,0.007,0.16,573172000.0,725202000.0,0.207,725202000.0,573172000.0,562322000.0,1.44,1.42,1.44,2289459000.0,2208103250.0,2289459000.0,6706656521.0,12.0,9.248,294445000.0,1.199,1.0,3501765000.0,1.0,848523000.0,10850000.0,2992203000.0,3441985750.0,0.0,0.0,0.0,0.0,1698712000.0,1068857000.0,629855000.0,5801545521.0,-34371000.0,-341990000.0,933000.0,42019000.0,-38632000.0,-12426000.0,-586187000.0,0.0,564242000.0,0.0,353077000.0,353077000.0,353077000.0,-3181000.0,0.0,0.101,2960886000.0,540879000.0,181776000.0,0.111,2.534,16.431,16.299,2032752000.0,0.0,23.47,1.657,1.646,681440000.0,2140393000.0,3501765000.0,3501765000.0,0.0,0.091,0.16,0.167,0.164,2416000.0,1368837000.0,1.0,247189839.0,245538000,248976000.0,14.262,3139648000.0,0.0,209245000.0,136457000.0,12.787,-80702000.0
8,HMA,MRY,2004-12-31,2004-09-30,2004-09-30,2019-05-16,0.0,3482182000.0,3411796250.0,958112000.0,2524070000.0,0.906,8.149,-196606000.0,112946000.0,112946000.0,0.0,325099000.0,3.021,0.76,935260000.0,9742000.0,925518000.0,935260000.0,0.0,129280000.0,0.0,0.004,0.08,540964000.0,670244000.0,0.217,670244000.0,540964000.0,524809000.0,1.34,1.32,1.34,1978010000.0,1864048000.0,1978010000.0,5890077502.0,11.0,8.788,261396000.0,1.077,1.0,3092547000.0,1.0,742661000.0,16155000.0,3244668000.0,3262717750.0,78927000.0,0.0,0.0,0.0,1504172000.0,317167000.0,1187005000.0,4972749502.0,-282392000.0,-517944000.0,27389000.0,1032000.0,-19789000.0,8632000.0,-743646000.0,0.0,458002000.0,0.0,325099000.0,325099000.0,325099000.0,-2746000.0,0.0,0.105,2551029000.0,541518000.0,150268000.0,0.06,2.514,15.296,15.246,1679655000.0,0.0,20.43,1.608,1.603,626149000.0,1830736000.0,3092547000.0,3092547000.0,0.0,0.095,0.174,0.166,0.175,3300000.0,1205231000.0,1.0,243404283.0,242725000,246826000.0,12.741,2739521000.0,23541000.0,199710000.0,121618000.0,11.287,640945000.0
9,HMA,MRY,2003-12-31,2003-09-30,2003-09-30,2019-05-16,0.0,3010526000.0,2640988250.0,1093336000.0,1917190000.0,0.958,6.847,-164749000.0,395338000.0,395338000.0,0.0,283424000.0,4.086,0.839,934160000.0,9447000.0,924713000.0,934160000.0,0.0,108522000.0,0.0,0.004,0.08,472960000.0,581482000.0,0.23,581482000.0,472960000.0,458048000.0,1.19,1.13,1.19,1637075000.0,1520074750.0,1637075000.0,5642665458.0,12.0,9.704,169113000.0,0.707,1.0,2529668000.0,1.0,397825000.0,14912000.0,2883910000.0,2474847000.0,65342000.0,0.0,0.0,0.0,1373451000.0,267613000.0,1105838000.0,5230359458.0,271602000.0,-126477000.0,21264000.0,257487000.0,-19685000.0,257844000.0,-319289000.0,0.0,333862000.0,0.0,283424000.0,283424000.0,283424000.0,-1044000.0,0.0,0.112,2048480000.0,481188000.0,146155000.0,0.067,3.195,18.454,18.328,1427715000.0,0.0,21.81,2.068,2.061,527254000.0,1535322000.0,2529668000.0,2529668000.0,0.0,0.107,0.186,0.191,0.187,0.0,973738000.0,1.0,239814739.0,239086000,255884000.0,10.581,2612701000.0,61066000.0,174624000.0,85423000.0,10.928,825723000.0
10,HMA,MRY,2002-12-31,2002-09-30,2002-09-30,2019-05-16,0.0,2364317000.0,2277642750.0,695786000.0,1668531000.0,0.993,5.581,-74973000.0,123736000.0,123736000.0,0.0,246436000.0,2.542,0.756,657768000.0,7609000.0,650159000.0,657768000.0,0.0,95328000.0,0.0,0.0,0.0,421205000.0,516533000.0,0.228,516533000.0,421205000.0,405662000.0,1.02,0.97,1.02,1346752000.0,1284150250.0,1346752000.0,5307124231.0,13.0,10.275,279163000.0,1.157,1.0,2262601000.0,1.0,342113000.0,15543000.0,2282493000.0,2186890000.0,59412000.0,0.0,0.0,0.0,1017565000.0,273743000.0,743822000.0,4819980231.0,53473000.0,-268179000.0,-171726000.0,214610000.0,0.0,42489000.0,-343152000.0,0.0,354136000.0,0.0,246436000.0,246436000.0,246436000.0,0.0,0.0,0.109,1840387000.0,422214000.0,154128000.0,0.0,3.579,19.559,19.824,1281782000.0,0.0,20.22,2.13,2.156,454427000.0,1271583000.0,2262601000.0,2262601000.0,0.0,0.108,0.192,0.193,0.186,0.0,874729000.0,1.0,238376866.0,241298000,260641000.0,9.377,2022204000.0,35961000.0,159226000.0,29089000.0,8.381,422043000.0
11,HMA,MRY,2001-12-31,2001-09-30,2001-09-30,2019-05-16,0.0,1941577000.0,1871654250.0,565231000.0,1376346000.0,1.004,5.129,-70116000.0,70263000.0,70263000.0,0.0,194978000.0,3.005,0.549,435742000.0,6752000.0,428990000.0,435742000.0,0.0,90646000.0,0.0,0.0,0.0,340921000.0,431567000.0,0.23,431567000.0,340921000.0,320951000.0,0.8,0.76,0.8,1253649000.0,1165171750.0,1253649000.0,5495036159.0,16.0,12.733,226039000.0,0.925,1.0,1879801000.0,1.0,251315000.0,19970000.0,1867654000.0,1877835000.0,50113000.0,0.0,0.0,0.0,687928000.0,188087000.0,499841000.0,5089959159.0,53792000.0,-100894000.0,22492000.0,-94729000.0,0.0,-72237000.0,-170126000.0,0.0,296155000.0,0.0,194978000.0,194978000.0,194978000.0,0.0,0.0,0.104,1538880000.0,340921000.0,106362000.0,0.0,4.06,26.105,25.95,1089413000.0,0.0,20.76,2.708,2.699,380136000.0,1025147000.0,1879801000.0,1879801000.0,0.0,0.104,0.167,0.182,0.181,0.0,710535000.0,1.0,245181077.0,244425000,264351000.0,7.691,1690262000.0,43801000.0,125973000.0,35642000.0,6.915,377144000.0
12,HMA,MRY,2000-12-31,2000-09-30,2000-09-30,2019-05-16,0.0,1772065000.0,1631803750.0,486963000.0,1285102000.0,0.967,4.257,-120497000.0,16471000.0,16471000.0,0.0,167667000.0,2.868,0.72,526674000.0,6523000.0,520151000.0,526674000.0,0.0,74499000.0,0.0,0.0,0.0,301359000.0,375858000.0,0.238,375858000.0,301359000.0,275995000.0,0.69,0.68,0.69,1030066000.0,958046500.0,1030066000.0,5492785591.0,18.0,14.614,59044000.0,0.244,1.0,1577767000.0,1.0,182265000.0,25364000.0,1930221000.0,1757727250.0,39207000.0,0.0,0.0,0.0,741999000.0,169782000.0,572217000.0,5052752591.0,3545000.0,-130402000.0,-30768000.0,104343000.0,0.0,74903000.0,-250899000.0,0.0,179541000.0,0.0,167667000.0,167667000.0,167667000.0,0.0,0.0,0.106,1276408000.0,301359000.0,101199000.0,0.0,4.905,30.136,30.164,1065330000.0,0.0,20.813,3.202,3.192,372653000.0,830169000.0,1577767000.0,1577767000.0,0.0,0.103,0.175,0.171,0.191,0.0,569112000.0,1.0,242769067.0,241946000,247277000.0,6.521,1589800000.0,37411000.0,108328000.0,36618000.0,6.571,317181000.0
13,HMA,MRY,1999-12-31,1999-09-30,1999-09-30,2019-05-16,0.0,1527381000.0,1337703250.0,435553000.0,1091828000.0,1.013,3.555,-159281000.0,12926000.0,12926000.0,0.0,149845000.0,2.354,0.715,410873000.0,9351000.0,401522000.0,410873000.0,0.0,61278000.0,0.0,0.0,0.0,255038000.0,316316000.0,0.233,316316000.0,255038000.0,246653000.0,0.6,0.59,0.6,890523000.0,873778750.0,890523000.0,2270136286.0,9.0,7.177,9068000.0,0.036,1.0,1355707000.0,1.0,158499000.0,8385000.0,1581825000.0,1330423750.0,32038000.0,0.0,0.0,0.0,636858000.0,185004000.0,451854000.0,1963513286.0,241000.0,-183967000.0,-57093000.0,232416000.0,0.0,175140000.0,-343248000.0,0.0,168349000.0,0.0,149845000.0,149845000.0,149845000.0,0.0,0.0,0.111,1100669000.0,255038000.0,95369000.0,0.0,2.205,13.104,12.917,912489000.0,0.0,7.75,1.448,1.432,348688000.0,662502000.0,1355707000.0,1355707000.0,0.0,0.112,0.171,0.192,0.188,0.0,486003000.0,1.0,253356553.0,250467000,255067000.0,5.413,1368882000.0,30813000.0,96808000.0,53155000.0,5.465,250549000.0
14,HMA,MRY,1998-12-31,1998-09-30,1998-09-30,2019-05-16,0.0,1106022000.0,975167000.0,317124000.0,788898000.0,1.168,3.039,-63884000.0,12685000.0,12685000.0,0.0,136844000.0,2.631,0.461,142761000.0,8544000.0,134217000.0,142761000.0,0.0,50437000.0,0.0,0.0,0.0,230038000.0,280475000.0,0.246,280475000.0,230038000.0,225279000.0,0.55,0.54,0.55,756825000.0,702162000.0,756825000.0,4727981020.0,21.0,16.857,54067000.0,0.217,1.0,1138802000.0,1.0,121101000.0,4759000.0,994451000.0,911779000.0,24425000.0,0.0,0.0,0.0,349197000.0,120546000.0,228651000.0,4583690020.0,-54696000.0,-169484000.0,20707000.0,41145000.0,0.0,60721000.0,-233368000.0,0.0,117951000.0,0.0,136844000.0,136844000.0,136844000.0,0.0,0.0,0.12,908764000.0,230038000.0,59144000.0,0.0,6.056,33.496,33.182,648828000.0,0.0,18.25,4.025,3.991,243542000.0,512657000.0,1138802000.0,1138802000.0,0.0,0.14,0.195,0.252,0.202,0.0,402133000.0,1.0,251161097.0,249049000,255575000.0,4.573,984921000.0,26456000.0,88435000.0,43706000.0,3.955,196578000.0
15,HMA,MRY,1997-12-31,1997-09-30,1997-09-30,2019-05-16,0.0,734041000.0,,242610000.0,491431000.0,,2.308,-59349000.0,67381000.0,67381000.0,0.0,108322000.0,2.715,0.31,57913000.0,8263000.0,49650000.0,57913000.0,0.0,36561000.0,0.0,0.0,0.0,182021000.0,218582000.0,0.244,218582000.0,182021000.0,178309000.0,0.44,0.43,0.44,560220000.0,,560220000.0,,,,72987000.0,0.301,1.0,895482000.0,1.0,9714000.0,3712000.0,625499000.0,,15597000.0,0.0,0.0,0.0,173821000.0,89360000.0,84461000.0,,36209000.0,-51467000.0,34159000.0,-20101000.0,0.0,14301000.0,-110428000.0,0.0,132336000.0,0.0,108322000.0,108322000.0,108322000.0,0.0,0.0,0.121,713461000.0,182021000.0,40423000.0,0.0,,,31.945,472719000.0,0.0,14.056,,3.811,139376000.0,375813000.0,895482000.0,895482000.0,0.0,,,,0.203,0.0,310992000.0,1.0,,242767000,249130000.0,3.689,724327000.0,13039000.0,69987000.0,21920000.0,2.984,153250000.0
16,HMA,MRY,1996-12-31,1996-09-30,1996-09-30,2019-05-16,,,,,,,,-41239000.0,,,0.0,84086000.0,,,,,,,,27173000.0,,0.0,0.0,141926000.0,169099000.0,0.237,169099000.0,141926000.0,138411000.0,0.36,0.34,0.36,,,,,,,53330000.0,0.225,1.0,714317000.0,1.0,,3515000.0,,,,,,,,,,,-44154000.0,-99639000.0,9468000.0,-6479000.0,0.0,2128000.0,-140851000.0,0.0,94569000.0,0.0,84086000.0,84086000.0,84086000.0,0.0,0.0,0.118,572391000.0,141926000.0,,0.0,,,30.864,,0.0,11.111,,3.682,,,714317000.0,714317000.0,0.0,,,,0.199,0.0,247917000.0,,,236693000,244045000.0,3.018,,,54325000.0,,,
0,HMA,MRQ,2013-09-30,2013-09-30,2013-09-30,2019-05-16,-8148000.0,6624903000.0,,1462656000.0,5162247000.0,,3.806,-64871000.0,1291000.0,1291000.0,0.0,-73347000.0,1.716,5.362,4019741000.0,110780000.0,3908961000.0,4019741000.0,0.0,102247000.0,0.0,0.0,0.0,-71594000.0,30653000.0,0.022,30653000.0,-71594000.0,-142341000.0,-0.37,-0.37,-0.37,996955000.0,,996955000.0,7235914763.0,30.0,11.421,-72125000.0,-0.275,1.0,1421243000.0,1.0,1032713000.0,70747000.0,8758346000.0,,0.0,62961000.0,62961000.0,0.0,5345297000.0,852294000.0,4493003000.0,3330747763.0,-27901000.0,-753000.0,2923000.0,48009000.0,0.0,61126000.0,-81773000.0,-6383000.0,-7254000.0,0.0,-76832000.0,-96645000.0,-96645000.0,0.0,3485000.0,-0.068,1488468000.0,-67225000.0,160565000.0,0.0,3.341,-89.906,-91.429,3590832000.0,19813000.0,12.8,0.57,0.574,970132000.0,771141000.0,1421243000.0,1421243000.0,0.0,,,,,29755000.0,655839000.0,1.0,260214669.0,261927000,261927000.0,5.426,5592190000.0,164803000.0,-65509000.0,396712000.0,21.35,610362000.0
1,HMA,MRQ,2013-06-30,2013-06-30,2013-06-30,2019-05-16,-21285000.0,6547264000.0,,1395362000.0,5151902000.0,,4.076,-81741000.0,29192000.0,29192000.0,0.0,4814000.0,1.673,4.966,3941857000.0,103558000.0,3838299000.0,3941857000.0,0.0,99167000.0,0.0,0.0,0.0,74572000.0,173739000.0,0.119,173739000.0,74572000.0,4458000.0,0.0,0.0,0.0,1053635000.0,,1053635000.0,7761405856.0,17.0,9.298,26480000.0,0.102,1.0,1461707000.0,1.0,1029884000.0,70114000.0,8596092000.0,,0.0,56722000.0,56722000.0,0.0,5232187000.0,833953000.0,4398234000.0,4076660856.0,-8166000.0,-171375000.0,11829000.0,125308000.0,0.0,131672000.0,-248059000.0,-6184000.0,108221000.0,0.0,160000.0,160000.0,160000.0,0.0,4654000.0,0.0,1384322000.0,77385000.0,175285000.0,,3.869,40.547,40.308,3597222000.0,0.0,15.72,0.696,0.693,974823000.0,867786000.0,1461707000.0,1461707000.0,0.0,,,,,7438000.0,671998000.0,1.0,259329571.0,258522000,262620000.0,5.654,5517380000.0,72755000.0,4298000.0,365228000.0,21.342,561409000.0
2,HMA,MRQ,2013-03-31,2013-03-31,2013-03-31,2019-05-16,-28961000.0,6309599000.0,,1397954000.0,4911645000.0,,4.01,-61040000.0,37358000.0,37358000.0,0.0,28353000.0,1.64,4.929,3729496000.0,99093000.0,3630403000.0,3729496000.0,0.0,97123000.0,0.0,0.0,0.0,107594000.0,204717000.0,0.138,204717000.0,107594000.0,36103000.0,0.09,0.09,0.09,1027229000.0,,1027229000.0,7023290863.0,14.0,7.95,-41799000.0,-0.163,1.0,1487829000.0,1.0,1025823000.0,71491000.0,8123248000.0,,0.0,52207000.0,52207000.0,0.0,5062876000.0,852666000.0,4210210000.0,3310681863.0,-21815000.0,-1525000.0,13197000.0,-56516000.0,0.0,-53167000.0,12111000.0,70851000.0,19241000.0,0.0,23688000.0,23688000.0,23688000.0,0.0,4665000.0,0.016,1377461000.0,110368000.0,169713000.0,0.0,3.223,24.374,24.283,3457018000.0,0.0,12.87,0.564,0.562,991027000.0,867626000.0,1487829000.0,1487829000.0,0.0,,,,,2601000.0,685678000.0,1.0,257240238.0,256152000,260550000.0,5.808,5283776000.0,64498000.0,12415000.0,351243000.0,20.628,545288000.0
3,HMA,MRQ,2012-12-31,2012-12-31,2012-12-31,2019-05-16,-41940000.0,6386354000.0,,1452294000.0,4934060000.0,,3.844,-106450000.0,59173000.0,59173000.0,0.0,40965000.0,1.487,5.293,3779073000.0,126262000.0,3652811000.0,3779073000.0,0.0,95913000.0,0.0,0.0,0.0,128533000.0,224446000.0,0.152,224446000.0,128533000.0,58513000.0,0.14,0.13,0.14,978405000.0,,978405000.0,6135887786.0,11.0,6.74,31790000.0,0.125,1.0,1471911000.0,1.0,1025137000.0,70020000.0,8104710000.0,,159599000.0,121106000.0,121106000.0,0.0,5178883000.0,976407000.0,4202476000.0,2389353786.0,23955000.0,-1081000.0,0.0,-24000000.0,0.0,-28680000.0,-85605000.0,26593000.0,138240000.0,0.0,35750000.0,35750000.0,35750000.0,1812000.0,5215000.0,0.024,1334368000.0,137543000.0,211387000.0,0.0,2.442,15.935,15.797,3465890000.0,0.0,9.32,0.407,0.404,957918000.0,843938000.0,1471911000.0,1471911000.0,0.0,,,,,6059000.0,678619000.0,1.0,256368432.0,254535000,258324000.0,5.783,5361217000.0,60438000.0,22763000.0,330263000.0,21.063,475887000.0
4,HMA,MRQ,2012-09-30,2012-09-30,2012-09-30,2019-05-16,-53255000.0,6306728000.0,,1424201000.0,4882527000.0,,3.691,-88222000.0,35218000.0,35218000.0,0.0,47628000.0,1.578,5.47,3781752000.0,92721000.0,3689031000.0,3781752000.0,0.0,94301000.0,0.0,0.0,0.0,137522000.0,231823000.0,0.161,231823000.0,137522000.0,60606000.0,0.16,0.16,0.16,939497000.0,,939497000.0,5888236584.0,11.0,6.765,78433000.0,0.308,1.0,1438859000.0,1.0,1022313000.0,76916000.0,8128271000.0,,0.0,146569000.0,146569000.0,0.0,5138671000.0,902678000.0,4235993000.0,2150818584.0,-1082000.0,-4802000.0,0.0,-27491000.0,0.0,-34988000.0,-132749000.0,-23350000.0,166655000.0,0.0,40943000.0,40943000.0,40943000.0,1389000.0,6685000.0,0.028,1295626000.0,143233000.0,187708000.0,0.0,2.289,15.4,14.982,3415431000.0,0.0,8.39,0.372,0.369,972104000.0,821168000.0,1438859000.0,1438859000.0,0.0,,,,,6251000.0,637305000.0,1.0,256355016.0,254516000,256784000.0,5.653,5284415000.0,14626000.0,19663000.0,290630000.0,20.763,521523000.0
5,HMA,MRQ,2012-06-30,2012-06-30,2012-06-30,2019-05-16,-67597000.0,6175607000.0,,1348896000.0,4826711000.0,,3.449,-113331000.0,36300000.0,36300000.0,0.0,43611000.0,1.591,5.774,3773718000.0,92522000.0,3681196000.0,3773718000.0,0.0,88409000.0,0.0,0.0,0.0,134052000.0,222461000.0,0.151,222461000.0,134052000.0,58784000.0,0.14,0.14,0.14,877827000.0,,877827000.0,5764630983.0,11.0,7.014,117652000.0,0.462,1.0,1470728000.0,1.0,1019340000.0,75268000.0,8045814000.0,,0.0,120016000.0,120016000.0,0.0,5068619000.0,847871000.0,4220748000.0,2012222983.0,27904000.0,14944000.0,0.0,-23273000.0,0.0,-26856000.0,-176223000.0,-77103000.0,230983000.0,0.0,35445000.0,35445000.0,35445000.0,3021000.0,8166000.0,0.024,1326511000.0,144217000.0,181186000.0,0.0,2.292,14.126,13.772,3377695000.0,0.0,7.85,0.362,0.359,924027000.0,779824000.0,1470728000.0,1470728000.0,0.0,,,,,6310000.0,645933000.0,1.0,256334138.0,254496000,256030000.0,5.779,5156267000.0,14341000.0,23339000.0,279830000.0,20.261,501025000.0
6,HMA,MRQ,2012-03-31,2012-03-31,2012-03-31,2019-05-16,-79428000.0,6061373000.0,,1341104000.0,4720269000.0,,3.247,-80790000.0,8396000.0,8396000.0,0.0,44715000.0,1.675,6.116,3760804000.0,86095000.0,3674709000.0,3760804000.0,0.0,81109000.0,0.0,0.0,0.0,150478000.0,231587000.0,0.156,231587000.0,150478000.0,61613000.0,0.15,0.15,0.15,822397000.0,,822397000.0,5421302934.0,11.0,6.804,-21690000.0,-0.086,1.0,1484007000.0,1.0,1003918000.0,88865000.0,8009416000.0,,0.0,43041000.0,43041000.0,0.0,5029610000.0,800447000.0,4229163000.0,1709804934.0,-55747000.0,-81617000.0,0.0,-20799000.0,0.0,-35499000.0,-79348000.0,81485000.0,59100000.0,0.0,37809000.0,37809000.0,37809000.0,1395000.0,6906000.0,0.025,1323588000.0,160419000.0,185401000.0,0.0,2.079,10.987,10.839,3286029000.0,0.0,6.72,0.322,0.32,994719000.0,742870000.0,1484007000.0,1484007000.0,0.0,,,,,5487000.0,658237000.0,1.0,254435258.0,253316000,255699000.0,5.858,5057455000.0,33331000.0,23804000.0,284919000.0,19.965,540657000.0
7,HMA,MRQ,2011-12-31,2011-12-31,2011-12-31,2019-05-16,-95440000.0,6002951000.0,,1404569000.0,4598382000.0,,3.006,-99059000.0,64143000.0,64143000.0,0.0,31142000.0,1.741,6.634,3782826000.0,85692000.0,3697134000.0,3782826000.0,0.0,72577000.0,0.0,0.0,0.0,111894000.0,184471000.0,0.133,184471000.0,111894000.0,40767000.0,0.11,0.1,0.11,757952000.0,,757952000.0,5397211673.0,11.0,6.982,-4169000.0,-0.017,1.0,1387447000.0,1.0,1001061000.0,71127000.0,7913942000.0,,156529000.0,122277000.0,122277000.0,0.0,5028381000.0,806631000.0,4221750000.0,1872737673.0,-24208000.0,-8651000.0,0.0,86413000.0,0.0,80037000.0,-199135000.0,-84038000.0,94890000.0,0.0,25468000.0,25468000.0,25468000.0,1227000.0,5674000.0,0.018,1244045000.0,143402000.0,229398000.0,0.0,2.471,10.804,10.681,3265822000.0,0.0,7.37,0.368,0.364,899216000.0,693991000.0,1387447000.0,1387447000.0,0.0,,,,,5127000.0,637937000.0,1.0,254102805.0,252183000,256039000.0,5.502,5001890000.0,60488000.0,15299000.0,278502000.0,19.834,597938000.0
8,HMA,MRQ,2011-09-30,2011-09-30,2011-09-30,2019-05-16,-116867000.0,5684710000.0,,1233748000.0,4450962000.0,,2.82,-69785000.0,88351000.0,88351000.0,0.0,49959000.0,1.839,6.692,3612825000.0,69860000.0,3542965000.0,3612825000.0,0.0,67266000.0,0.0,0.0,0.0,116133000.0,183399000.0,0.15,183399000.0,116133000.0,66115000.0,0.17,0.17,0.17,710966000.0,,710966000.0,4892093411.0,10.0,6.471,108425000.0,0.43,1.0,1219622000.0,1.0,1006006000.0,50018000.0,7532311000.0,,0.0,37485000.0,37485000.0,0.0,4757871000.0,670867000.0,4087004000.0,1758391411.0,-1956000.0,-525697000.0,0.0,345769000.0,0.0,340226000.0,-520392000.0,102855000.0,178210000.0,0.0,43728000.0,43728000.0,43728000.0,-255000.0,6231000.0,0.036,1098963000.0,120659000.0,169471000.0,0.0,2.473,10.177,10.029,3179720000.0,0.0,6.92,0.398,0.395,799139000.0,674333000.0,1219622000.0,1219622000.0,0.0,,,,,6356000.0,549857000.0,1.0,254102805.0,252157000,255124000.0,4.837,4678704000.0,44995000.0,22387000.0,240935000.0,18.555,562881000.0
9,HMA,MRQ,2011-06-30,2011-06-30,2011-06-30,2019-05-16,-114829000.0,5102061000.0,,1269010000.0,3833051000.0,,2.634,-85612000.0,90307000.0,90307000.0,0.0,55333000.0,2.278,6.372,3224009000.0,35660000.0,3188349000.0,3224009000.0,0.0,65866000.0,0.0,0.0,0.0,131401000.0,197267000.0,0.161,197267000.0,131401000.0,80368000.0,0.19,0.19,0.19,663135000.0,,663135000.0,5845666610.0,12.0,7.876,72127000.0,0.286,1.0,1224566000.0,1.0,911632000.0,51033000.0,6767028000.0,,0.0,140430000.0,140430000.0,0.0,4225619000.0,557103000.0,3668516000.0,2729197610.0,-5489000.0,-39195000.0,8510000.0,-10723000.0,0.0,-13930000.0,-149298000.0,-8413000.0,157739000.0,0.0,48611000.0,48611000.0,48611000.0,1583000.0,6722000.0,0.04,1084999000.0,139567000.0,169383000.0,0.0,4.116,16.607,16.333,2741546000.0,0.0,10.78,0.613,0.61,761776000.0,630605000.0,1224566000.0,1224566000.0,0.0,,,,,6440000.0,546198000.0,1.0,253172320.0,251765000,255235000.0,4.864,4190429000.0,45340000.0,31757000.0,202856000.0,16.644,711907000.0
10,HMA,MRQ,2011-03-31,2011-03-31,2011-03-31,2019-05-16,-114798000.0,5044508000.0,,1296668000.0,3747840000.0,,2.397,-47422000.0,95796000.0,95796000.0,0.0,62112000.0,2.234,7.057,3212265000.0,33667000.0,3178598000.0,3212265000.0,0.0,66296000.0,0.0,0.0,0.0,141595000.0,207891000.0,0.166,207891000.0,141595000.0,90558000.0,0.22,0.22,0.22,599270000.0,,599270000.0,5862475742.0,12.0,8.101,71584000.0,0.286,1.0,1254760000.0,1.0,914940000.0,51037000.0,6665703000.0,,0.0,131874000.0,131874000.0,0.0,4228960000.0,580334000.0,3648626000.0,2744336742.0,-6016000.0,-3696000.0,5557000.0,-9018000.0,0.0,-5110000.0,-119912000.0,-74586000.0,119006000.0,0.0,55524000.0,55524000.0,55524000.0,-146000.0,6588000.0,0.044,1106917000.0,147843000.0,188030000.0,0.0,4.579,17.661,17.302,2677986000.0,0.0,10.9,0.616,0.612,808950000.0,581994000.0,1254760000.0,1254760000.0,0.0,,,,,3586000.0,569038000.0,1.0,251774013.0,250038000,253727000.0,5.018,4129568000.0,26255000.0,35034000.0,204491000.0,16.516,716334000.0
11,HMA,MRQ,2010-12-31,2010-12-31,2010-12-31,2019-05-16,-131124000.0,4910085000.0,,1198380000.0,3711705000.0,,2.095,-62412000.0,101812000.0,101812000.0,0.0,29970000.0,2.157,8.015,3219951000.0,34745000.0,3185206000.0,3219951000.0,0.0,64305000.0,0.0,0.0,0.0,103182000.0,167487000.0,0.233,167487000.0,103182000.0,50051000.0,0.11,0.1,0.11,520895000.0,,520895000.0,5373274621.0,12.0,7.579,17792000.0,0.072,1.0,720096000.0,1.0,909470000.0,53131000.0,6563124000.0,,137214000.0,57327000.0,57327000.0,0.0,4175112000.0,555630000.0,3619482000.0,2390921621.0,-143942000.0,-127187000.0,2007000.0,-9794000.0,0.0,-13273000.0,-210873000.0,-24172000.0,80204000.0,0.0,24913000.0,24913000.0,24913000.0,12976000.0,5057000.0,0.035,599570000.0,120526000.0,184422000.0,0.0,4.59,16.287,15.9,2662947000.0,0.0,9.54,0.535,0.53,759131000.0,526470000.0,720096000.0,720096000.0,0.0,,,,,5099000.0,539808000.0,1.0,250620715.0,248605000,252375000.0,2.897,4000615000.0,44961000.0,25138000.0,184229000.0,16.092,642750000.0
12,HMA,MRQ,2010-09-30,2010-09-30,2010-09-30,2019-05-16,-155772000.0,4799824000.0,,1212841000.0,3586983000.0,,1.856,-55180000.0,245754000.0,245754000.0,0.0,39880000.0,2.332,8.94,3228107000.0,35339000.0,3192768000.0,3228107000.0,0.0,61489000.0,0.0,0.0,0.0,108067000.0,169556000.0,0.136,169556000.0,108067000.0,55240000.0,0.14,0.14,0.14,461277000.0,,461277000.0,5023921677.0,11.0,7.094,67563000.0,0.272,1.0,1250362000.0,1.0,917507000.0,52827000.0,6344605000.0,,0.0,33846000.0,33846000.0,0.0,4123874000.0,520065000.0,3603809000.0,1919754677.0,133117000.0,-26948000.0,0.0,-10361000.0,0.0,-15473000.0,25847000.0,107024000.0,122743000.0,0.0,35293000.0,35293000.0,35293000.0,126000.0,4587000.0,0.028,1140489000.0,109873000.0,116479000.0,0.0,4.162,12.305,12.159,2525721000.0,0.0,7.66,0.394,0.391,676632000.0,498291000.0,1250362000.0,1250362000.0,0.0,,,,,4828000.0,494377000.0,1.0,250620715.0,248526000,250972000.0,5.031,3882317000.0,31634000.0,19947000.0,153066000.0,15.621,692776000.0
13,HMA,MRQ,2010-06-30,2010-06-30,2010-06-30,2019-05-16,-143610000.0,4720163000.0,,1183307000.0,3536856000.0,,1.743,-58716000.0,112637000.0,112637000.0,0.0,45713000.0,2.298,9.436,3216804000.0,35644000.0,3181160000.0,3216804000.0,0.0,61265000.0,0.0,0.0,0.0,117505000.0,178770000.0,0.145,178770000.0,117505000.0,64975000.0,0.16,0.16,0.16,433037000.0,,433037000.0,5063666359.0,11.0,7.307,98962000.0,0.398,1.0,1230101000.0,1.0,908708000.0,52530000.0,6400720000.0,,0.0,140395000.0,140395000.0,0.0,4086295000.0,514902000.0,3571393000.0,1945102359.0,5380000.0,0.0,1901000.0,-10547000.0,0.0,-13093000.0,-139205000.0,-64565000.0,157678000.0,0.0,39657000.0,39657000.0,39657000.0,355000.0,6056000.0,0.032,1108920000.0,121181000.0,156335000.0,0.0,4.492,13.307,13.169,2488493000.0,0.0,7.77,0.41,0.407,655480000.0,462998000.0,1230101000.0,1230101000.0,0.0,,,,,4455000.0,483423000.0,1.0,250334924.0,248390000,251198000.0,4.952,3811455000.0,50114000.0,25318000.0,156581000.0,15.345,668405000.0
14,HMA,MRQ,2010-03-31,2010-03-31,2010-03-31,2019-05-16,-129855000.0,4701544000.0,,1186090000.0,3515454000.0,,1.622,-32712000.0,107257000.0,107257000.0,0.0,53419000.0,2.188,10.212,3225821000.0,35936000.0,3189885000.0,3225821000.0,0.0,62900000.0,0.0,0.0,0.0,130497000.0,193397000.0,0.152,193397000.0,130497000.0,76923000.0,0.19,0.19,0.19,401549000.0,,401549000.0,5265902084.0,12.0,7.72,46938000.0,0.19,1.0,1271744000.0,1.0,908708000.0,53574000.0,6369320000.0,,0.0,72216000.0,72216000.0,0.0,4100761000.0,542080000.0,3558681000.0,2148786084.0,1239000.0,-10959000.0,3561000.0,-9445000.0,0.0,-7644000.0,-70767000.0,-35130000.0,79650000.0,0.0,46940000.0,46940000.0,46940000.0,447000.0,6479000.0,0.037,1136787000.0,134957000.0,157142000.0,0.0,5.351,15.447,15.357,2481495000.0,0.0,8.6,0.463,0.459,741534000.0,423341000.0,1271744000.0,1271744000.0,0.0,,,,,3367000.0,502575000.0,1.0,249858847.0,247555000,249867000.0,5.137,3792836000.0,36569000.0,29983000.0,175442000.0,15.321,644010000.0
15,HMA,MRQ,2009-12-31,2009-12-31,2009-12-31,2019-05-16,-120242000.0,4604099000.0,,1111963000.0,3492136000.0,,1.44,-40132000.0,106018000.0,106018000.0,0.0,40153000.0,2.114,11.431,3223134000.0,35989000.0,3187145000.0,3223134000.0,0.0,57371000.0,0.0,0.0,0.0,109126000.0,166497000.0,0.149,166497000.0,109126000.0,54673000.0,0.14,0.14,0.14,355175000.0,,355175000.0,4710890548.0,11.0,6.92,44861000.0,0.182,1.0,1117733000.0,1.0,884979000.0,54453000.0,6310339000.0,,115433000.0,36585000.0,36585000.0,0.0,4060006000.0,525897000.0,3534109000.0,1805782548.0,-116328000.0,-138195000.0,1204000.0,-10231000.0,0.0,6580000.0,-207901000.0,-36527000.0,84993000.0,0.0,34128000.0,34128000.0,34128000.0,-1596000.0,6025000.0,0.031,1005723000.0,112010000.0,153129000.0,0.0,5.084,13.068,12.982,2465748000.0,0.0,7.27,0.398,0.393,656171000.0,376401000.0,1117733000.0,1117733000.0,0.0,,,,,2843000.0,447175000.0,1.0,248388246.0,246665000,249185000.0,4.531,3719120000.0,58852000.0,20545000.0,176428000.0,15.078,586066000.0
16,HMA,MRQ,2009-09-30,2009-09-30,2009-09-30,2019-05-16,-131229000.0,4587285000.0,,1164255000.0,3423030000.0,,1.377,-43955000.0,222346000.0,222346000.0,0.0,31921000.0,2.532,12.027,3127454000.0,36428000.0,3091026000.0,3127454000.0,0.0,62114000.0,0.0,0.0,0.0,92240000.0,154354000.0,0.138,154354000.0,92240000.0,37940000.0,0.1,0.1,0.1,337678000.0,,337678000.0,4811053684.0,12.0,7.387,63274000.0,0.258,1.0,1121903000.0,1.0,877652000.0,54300000.0,6154945000.0,,0.0,0.0,0.0,0.0,4061396000.0,459796000.0,3601600000.0,1847309684.0,57737000.0,-569000.0,8495000.0,-19451000.0,0.0,-2502000.0,-46990000.0,0.0,107229000.0,0.0,25445000.0,25445000.0,25445000.0,-626000.0,6476000.0,0.023,1024312000.0,97591000.0,108684000.0,0.0,5.471,16.63,16.644,2385778000.0,0.0,7.49,0.415,0.413,618143000.0,342273000.0,1121903000.0,1121903000.0,0.0,,,,,2554000.0,438203000.0,1.0,246636807.0,245234000,247514000.0,4.575,3709633000.0,33482000.0,12495000.0,155537000.0,15.127,704459000.0
17,HMA,MRQ,2009-06-30,2009-06-30,2009-06-30,2019-05-16,-122188000.0,4513842000.0,,1022328000.0,3491514000.0,,1.267,-50197000.0,164609000.0,164609000.0,0.0,39298000.0,2.203,13.021,3128353000.0,37553000.0,3090800000.0,3128353000.0,0.0,60892000.0,0.0,0.0,0.0,106981000.0,167873000.0,0.148,167873000.0,106981000.0,52799000.0,0.13,0.13,0.13,310246000.0,,310246000.0,4269548746.0,11.0,6.754,88293000.0,0.361,1.0,1131765000.0,1.0,897847000.0,54182000.0,6115620000.0,,0.0,0.0,0.0,0.0,4039630000.0,464119000.0,3575511000.0,1218262746.0,61722000.0,0.0,0.0,-38751000.0,0.0,-33681000.0,-43087000.0,0.0,138490000.0,0.0,32593000.0,32593000.0,32593000.0,-1020000.0,6705000.0,0.029,1021157000.0,110608000.0,126701000.0,0.0,3.927,12.631,12.667,2434067000.0,0.0,4.94,0.278,0.276,623748000.0,316828000.0,1131765000.0,1131765000.0,0.0,,,,,2637000.0,439125000.0,1.0,246611892.0,244834000,245914000.0,4.623,3615995000.0,17006000.0,20206000.0,134889000.0,14.769,558209000.0
18,HMA,MRQ,2009-03-31,2009-03-31,2009-03-31,2019-05-16,-161133000.0,4524010000.0,,1029591000.0,3494419000.0,,0.965,-64594000.0,102887000.0,102887000.0,0.0,52569000.0,2.077,17.514,3154173000.0,40744000.0,3113429000.0,3154173000.0,0.0,61306000.0,0.0,0.0,0.0,130710000.0,192016000.0,0.165,192016000.0,130710000.0,75707000.0,0.19,0.19,0.19,236145000.0,,236145000.0,3742674571.0,10.0,6.003,53863000.0,0.22,1.0,1164705000.0,1.0,897949000.0,55003000.0,6181709000.0,,0.0,0.0,0.0,0.0,4135819000.0,495638000.0,3640181000.0,636261571.0,-40727000.0,0.0,0.0,-88354000.0,0.0,-98406000.0,-60778000.0,0.0,118457000.0,0.0,46016000.0,46016000.0,46016000.0,604000.0,6553000.0,0.04,1043474000.0,121231000.0,177711000.0,0.0,2.694,7.864,7.818,2436652000.0,0.0,2.58,0.146,0.145,674852000.0,284235000.0,1164705000.0,1164705000.0,0.0,,,,,2615000.0,454937000.0,1.0,246613012.0,244774000,245229000.0,4.758,3626061000.0,37551000.0,29691000.0,108017000.0,14.814,533953000.0
19,HMA,MRQ,2008-12-31,2008-12-31,2008-12-31,2019-05-16,-169914000.0,4554232000.0,,1108960000.0,3445272000.0,,0.736,-53971000.0,143614000.0,143614000.0,0.0,12284000.0,2.261,23.557,3255702000.0,62792000.0,3192910000.0,3255702000.0,0.0,59362000.0,0.0,0.0,0.0,77642000.0,137004000.0,0.133,137004000.0,77642000.0,19169000.0,0.03,0.03,0.03,179121000.0,,179121000.0,3555782045.0,7.0,4.593,-7420000.0,-0.03,1.0,1031116000.0,1.0,883686000.0,58473000.0,6292182000.0,,113778000.0,0.0,0.0,0.0,4219553000.0,490452000.0,3729101000.0,436811045.0,-36418000.0,-6106000.0,0.0,-34544000.0,0.0,-30865000.0,-52104000.0,0.0,46551000.0,0.0,7030000.0,7030000.0,7030000.0,13562000.0,5254000.0,0.007,943843000.0,87273000.0,184850000.0,0.0,2.439,2.598,2.594,2388070000.0,0.0,1.79,0.102,0.101,621505000.0,238219000.0,1031116000.0,1031116000.0,0.0,,,,,4691000.0,431722000.0,1.0,244028517.0,243481000,244362000.0,4.235,3670546000.0,68570000.0,12139000.0,94023000.0,15.075,618508000.0
20,HMA,MRQ,2008-09-30,2008-09-30,2008-09-30,2019-05-16,-67719000.0,4568105000.0,,1065596000.0,3502509000.0,,0.977,-62436000.0,180032000.0,180032000.0,0.0,15380000.0,2.133,18.216,3299003000.0,42245000.0,3256758000.0,3299003000.0,0.0,59943000.0,0.0,0.0,0.0,75311000.0,135254000.0,0.128,135254000.0,75311000.0,15595000.0,0.04,0.04,0.04,237728000.0,,237728000.0,4188741256.0,8.0,5.266,20145000.0,0.083,1.0,1060224000.0,1.0,898170000.0,59716000.0,6289357000.0,,0.0,0.0,0.0,0.0,4330377000.0,499549000.0,3830828000.0,1016544256.0,-234454000.0,14666000.0,0.0,-294189000.0,0.0,-275652000.0,-41383000.0,0.0,82581000.0,0.0,10811000.0,10811000.0,10811000.0,4597000.0,4569000.0,0.01,978300000.0,81924000.0,189968000.0,0.0,4.276,5.937,6.029,2413145000.0,0.0,4.16,0.237,0.236,639176000.0,224382000.0,1060224000.0,1060224000.0,0.0,,,,,4803000.0,440624000.0,1.0,244361600.0,243286000,244805000.0,4.358,3669935000.0,31266000.0,4784000.0,117884000.0,15.085,566047000.0
21,HMA,MRQ,2008-06-30,2008-06-30,2008-06-30,2019-05-16,-55391000.0,4815883000.0,,1307286000.0,3508597000.0,,0.982,-46707000.0,414486000.0,414486000.0,0.0,22435000.0,1.748,19.167,3586683000.0,320103000.0,3266580000.0,3586683000.0,0.0,62896000.0,0.0,0.0,0.0,96314000.0,159210000.0,0.144,159210000.0,96314000.0,33358000.0,0.07,0.07,0.07,238801000.0,,238801000.0,4833423993.0,8.0,5.845,77548000.0,0.319,1.0,1105367000.0,1.0,899550000.0,62956000.0,6340481000.0,,0.0,0.0,0.0,0.0,4577082000.0,748049000.0,3829033000.0,1583659993.0,-40382000.0,0.0,0.0,-131738000.0,0.0,-131349000.0,-33288000.0,0.0,124255000.0,0.0,17050000.0,17050000.0,17050000.0,9808000.0,5385000.0,0.015,1001646000.0,103721000.0,174076000.0,0.0,6.632,8.297,8.455,2405927000.0,0.0,6.51,0.371,0.371,624122000.0,217979000.0,1105367000.0,1105367000.0,0.0,,,,,4432000.0,448617000.0,1.0,243265744.0,243268000,245778000.0,4.544,3916333000.0,41825000.0,16308000.0,129224000.0,16.099,559237000.0
22,HMA,MRQ,2008-03-31,2008-03-31,2008-03-31,2019-05-16,-121118000.0,4921343000.0,,1397988000.0,3523355000.0,,0.65,-46805000.0,454868000.0,454868000.0,0.0,134058000.0,2.456,30.138,3704632000.0,150073000.0,3554559000.0,3704632000.0,0.0,60282000.0,0.0,0.0,0.0,299378000.0,359660000.0,0.312,359660000.0,299378000.0,235084000.0,0.55,0.55,0.55,158049000.0,,158049000.0,4926461914.0,9.0,6.116,95296000.0,0.392,1.0,1152504000.0,1.0,897202000.0,64294000.0,6704696000.0,,0.0,0.0,0.0,0.0,4763294000.0,569209000.0,4194085000.0,1286366914.0,330881000.0,1080000.0,0.0,-62095000.0,0.0,238121000.0,-49341000.0,0.0,142101000.0,0.0,133258000.0,133258000.0,133258000.0,27732000.0,800000.0,0.116,1028412000.0,124092000.0,168288000.0,0.0,8.139,6.926,7.053,2405352000.0,0.0,5.29,0.304,0.304,657799000.0,205582000.0,1152504000.0,1152504000.0,0.0,,,,,4300000.0,467803000.0,1.0,243169549.0,243187000,243734000.0,4.739,4024141000.0,63339000.0,101826000.0,95876000.0,16.548,828779000.0
23,HMA,MRQ,2007-12-31,2007-12-31,2007-12-31,2019-05-16,-57860000.0,4643919000.0,,1118420000.0,3525499000.0,,0.334,-45546000.0,123987000.0,123987000.0,0.0,10415000.0,1.872,56.313,3764367000.0,197798000.0,3566569000.0,3764367000.0,0.0,59019000.0,0.0,1.672,0.0,82268000.0,141287000.0,0.146,141287000.0,82268000.0,14194000.0,0.03,0.04,0.03,81028000.0,,81028000.0,5118520367.0,12.0,8.025,37202000.0,0.153,1.0,967563000.0,1.0,897274000.0,68074000.0,6789593000.0,,115492000.0,0.0,0.0,0.0,4562891000.0,597432000.0,3965459000.0,1451166367.0,9366000.0,36127000.0,0.0,-18718000.0,0.0,-51259000.0,-22123000.0,0.0,82748000.0,0.0,10089000.0,10089000.0,10089000.0,-49000.0,326000.0,0.01,889705000.0,77858000.0,154644000.0,0.0,17.909,12.35,12.458,2403746000.0,0.0,5.98,0.347,0.346,627879000.0,71706000.0,967563000.0,967563000.0,0.0,,,,,3906000.0,403580000.0,1.0,242669961.0,242734000,244117000.0,3.986,3746645000.0,120473000.0,4105000.0,70457000.0,15.435,520988000.0
24,HMA,MRQ,2007-09-30,2007-09-30,2007-09-30,2019-05-16,-10307000.0,4641995000.0,,1062729000.0,3579266000.0,,0.472,-66204000.0,114621000.0,114621000.0,0.0,30474000.0,1.294,39.53,3781975000.0,376717000.0,3405258000.0,3781975000.0,0.0,57662000.0,0.0,1.45,0.0,109090000.0,166752000.0,0.159,166752000.0,109090000.0,45396000.0,0.12,0.12,0.12,114532000.0,,114532000.0,5359016355.0,19.0,10.86,-58824000.0,-0.243,1.0,1046816000.0,1.0,909589000.0,63694000.0,6578504000.0,,0.0,0.0,0.0,0.0,4527463000.0,821256000.0,3706207000.0,1682710355.0,4209000.0,70000000.0,74000.0,-10792000.0,216000.0,-11056000.0,7885000.0,0.0,7380000.0,0.0,30474000.0,30474000.0,30474000.0,-4663000.0,0.0,0.029,942663000.0,104153000.0,171095000.0,0.0,14.692,32.856,33.048,2459600000.0,0.0,6.94,0.404,0.404,649589000.0,59246000.0,1046816000.0,1046816000.0,0.0,,,,,4636000.0,421538000.0,1.0,242465469.0,242463000,245137000.0,4.317,3732406000.0,105825000.0,14922000.0,122537000.0,15.394,241473000.0
25,HMA,MRQ,2007-06-30,2007-06-30,2007-06-30,2019-05-16,36740000.0,4764078000.0,,1172052000.0,3592026000.0,,0.501,-93898000.0,110412000.0,110412000.0,0.0,11906000.0,1.947,38.244,3786718000.0,50291000.0,3736427000.0,3786718000.0,0.0,54166000.0,0.0,0.891,0.0,83662000.0,137828000.0,0.13,137828000.0,83662000.0,22037000.0,0.05,0.05,0.05,121396000.0,,121396000.0,6449878537.0,22.0,12.933,51605000.0,0.213,1.0,1064104000.0,1.0,899290000.0,61625000.0,6938980000.0,,0.0,0.0,0.0,0.0,4642682000.0,602114000.0,4040568000.0,2752588537.0,11837000.0,-36127000.0,1700000.0,-14543000.0,0.0,-14586000.0,-119080000.0,0.0,145503000.0,0.0,11906000.0,11906000.0,11906000.0,4090000.0,0.0,0.011,978721000.0,85383000.0,200833000.0,0.0,22.674,28.921,28.4,2442072000.0,0.0,11.36,0.67,0.67,642033000.0,28772000.0,1064104000.0,1064104000.0,0.0,,,,,4997000.0,424990000.0,1.0,242305329.0,242355000,246794000.0,4.391,3864788000.0,148289000.0,10131000.0,204837000.0,15.947,569938000.0
26,HMA,MRQ,2007-03-31,2007-03-31,2007-03-31,2019-05-16,250000.0,4629838000.0,,1079870000.0,3549968000.0,,0.294,-50200000.0,98575000.0,98575000.0,0.0,65039000.0,2.204,64.207,3795865000.0,49840000.0,3746025000.0,3795865000.0,0.0,50913000.0,0.0,0.937,10.0,141064000.0,191977000.0,0.173,191977000.0,141064000.0,107822000.0,0.27,0.27,0.27,71002000.0,,71002000.0,3906689431.0,11.0,7.218,25874000.0,0.107,1.0,1107336000.0,1.0,916555000.0,33242000.0,6920627000.0,,0.0,0.0,0.0,0.0,4558836000.0,489946000.0,4068890000.0,2631799431.0,31761000.0,0.0,23019000.0,2404346000.0,-2425217000.0,9873000.0,-54186000.0,0.0,76074000.0,0.0,65039000.0,65039000.0,65039000.0,2581000.0,0.0,0.059,962913000.0,144423000.0,151969000.0,37.037,37.067,16.39,16.224,2439346000.0,0.0,10.87,0.651,0.65,668816000.0,16866000.0,1107336000.0,1107336000.0,0.0,,,,,4590000.0,432846000.0,1.0,242115863.0,241652000,244400000.0,4.582,3713283000.0,97086000.0,42783000.0,102501000.0,15.366,589924000.0
27,HMA,MRQ,2006-12-31,2006-12-31,2006-12-31,2019-05-16,654000.0,4490952000.0,,1045674000.0,3445278000.0,,9.994,-79340000.0,66814000.0,66814000.0,0.0,-56205000.0,2.212,0.866,1340840000.0,44437000.0,1296403000.0,1340840000.0,0.0,48405000.0,0.0,0.011,0.06,-51497000.0,-3092000.0,-0.003,-3092000.0,-51497000.0,-78794000.0,-0.23,-0.23,-0.23,2406122000.0,,2406122000.0,6337264500.0,18.0,11.695,23212000.0,0.096,1.0,947550000.0,1.0,913908000.0,27297000.0,4378405000.0,,107194000.0,0.0,0.0,0.0,2084830000.0,472665000.0,1612165000.0,5078250500.0,10918000.0,0.0,-11707000.0,15043000.0,-14540000.0,-11072000.0,-80562000.0,0.0,102552000.0,0.0,-56205000.0,-56205000.0,-56205000.0,20540000.0,0.0,-0.059,996849000.0,-49299000.0,176088000.0,-0.261,2.111,27.788,27.776,2395237000.0,0.0,21.11,1.289,1.29,633555000.0,2329756000.0,947550000.0,947550000.0,0.0,,,,,4673000.0,371689000.0,1.0,240561369.0,240759000,243139000.0,3.936,3577044000.0,94206000.0,-22589000.0,127225000.0,14.857,573009000.0
28,HMA,MRQ,2006-09-30,2006-09-30,2006-09-30,2019-05-16,618000.0,4550956000.0,,1127541000.0,3423415000.0,,10.333,-75080000.0,55896000.0,55896000.0,0.0,74436000.0,2.385,0.83,1314910000.0,29900000.0,1285010000.0,1314910000.0,0.0,46908000.0,0.0,0.011,0.06,125089000.0,171997000.0,0.174,171997000.0,125089000.0,114357000.0,0.31,0.31,0.31,2486249000.0,,2486249000.0,6211700853.0,12.0,8.719,9712000.0,0.04,1.0,989250000.0,1.0,908817000.0,10732000.0,4428468000.0,,0.0,0.0,0.0,0.0,2064707000.0,472685000.0,1592022000.0,5021903853.0,-19971000.0,34892000.0,-6623000.0,-41377000.0,-14457000.0,-61376000.0,-43387000.0,0.0,84792000.0,0.0,74436000.0,74436000.0,74436000.0,-11732000.0,0.0,0.075,872430000.0,116820000.0,126145000.0,0.194,2.02,15.968,16.077,2377987000.0,0.0,20.9,1.283,1.285,815101000.0,2400501000.0,989250000.0,989250000.0,0.0,,,,,2755000.0,402239000.0,1.0,240282481.0,240605000,243240000.0,4.112,3642139000.0,36566000.0,39921000.0,112900000.0,15.137,654856000.0
29,HMA,MRQ,2006-06-30,2006-06-30,2006-06-30,2019-05-16,-12000.0,4551065000.0,,1163787000.0,3387278000.0,,10.031,-42940000.0,156458000.0,156458000.0,0.0,77305000.0,2.318,0.884,1346255000.0,27355000.0,1318900000.0,1346255000.0,0.0,43034000.0,0.0,0.011,0.06,137300000.0,180334000.0,0.181,180334000.0,137300000.0,126012000.0,0.32,0.32,0.32,2415922000.0,,2415922000.0,5815881021.0,11.0,8.166,74299000.0,0.308,1.0,996866000.0,1.0,921402000.0,11288000.0,4317313000.0,,0.0,0.0,0.0,0.0,2135143000.0,502147000.0,1632996000.0,4745563021.0,1751000.0,-182566000.0,2311000.0,140463000.0,-14443000.0,128263000.0,-243751000.0,0.0,117239000.0,0.0,77305000.0,77305000.0,77305000.0,78000.0,0.0,0.078,858822000.0,138044000.0,221109000.0,0.188,1.964,14.475,14.6,2344414000.0,0.0,19.71,1.263,1.263,776212000.0,2351702000.0,996866000.0,996866000.0,0.0,,,,,4755000.0,395164000.0,1.0,240769306.0,240842000,243561000.0,4.139,3629663000.0,32788000.0,48707000.0,161051000.0,15.071,661640000.0
30,HMA,MRQ,2006-03-31,2006-03-31,2006-03-31,2019-05-16,131000.0,4278672000.0,,1079966000.0,3198706000.0,,9.784,-129203000.0,134623000.0,134623000.0,0.0,87213000.0,2.421,0.817,1204941000.0,12338000.0,1192603000.0,1204941000.0,0.0,42900000.0,0.0,0.009,0.06,149847000.0,192747000.0,0.191,192747000.0,149847000.0,141445000.0,0.36,0.36,0.36,2354774000.0,,2354774000.0,6249118163.0,11.0,8.751,16272000.0,0.068,1.0,1009489000.0,1.0,906439000.0,8402000.0,3996486000.0,,0.0,0.0,0.0,0.0,1923898000.0,446065000.0,1477833000.0,5190769163.0,4207000.0,0.0,1708000.0,6015000.0,-14437000.0,-8599000.0,-132669000.0,0.0,145475000.0,0.0,87213000.0,87213000.0,87213000.0,-510000.0,0.0,0.086,856495000.0,152994000.0,190385000.0,0.167,2.204,15.388,15.63,2174029000.0,0.0,21.57,1.4,1.401,766021000.0,2288840000.0,1009489000.0,1009489000.0,0.0,,,,,4778000.0,394718000.0,1.0,240647620.0,240686000,243420000.0,4.194,3372233000.0,2738000.0,54232000.0,143287000.0,14.011,633901000.0
31,HMA,MRQ,2005-12-31,2005-12-31,2005-12-31,2019-05-16,-88000.0,4091224000.0,,1010282000.0,3080942000.0,,9.396,-73781000.0,69909000.0,69909000.0,0.0,75541000.0,1.084,0.807,1204284000.0,585105000.0,619179000.0,1204284000.0,0.0,40266000.0,0.0,0.008,0.06,127103000.0,167369000.0,0.182,167369000.0,127103000.0,122898000.0,0.31,0.31,0.31,2264175000.0,,2264175000.0,6201048815.0,11.0,8.564,39392000.0,0.163,1.0,918585000.0,1.0,851396000.0,4205000.0,3442408000.0,,89789000.0,0.0,0.0,0.0,1827049000.0,931795000.0,895254000.0,5279636815.0,27550000.0,-89044000.0,-128246000.0,193917000.0,-14726000.0,46845000.0,-132468000.0,0.0,113173000.0,0.0,75541000.0,75541000.0,75541000.0,-1165000.0,0.0,0.082,792239000.0,126346000.0,151013000.0,0.194,2.332,15.09,15.357,2078874000.0,0.0,21.96,1.464,1.468,704159000.0,2204884000.0,918585000.0,918585000.0,0.0,,,,,954000.0,368743000.0,1.0,240420620.0,240964000,244697000.0,3.812,3239828000.0,0.0,47357000.0,129287000.0,13.445,78487000.0
32,HMA,MRQ,2005-09-30,2005-09-30,2005-09-30,2019-05-16,128000.0,3988171000.0,,988155000.0,3000016000.0,,9.324,-65522000.0,78575000.0,78575000.0,0.0,87790000.0,0.924,0.742,999987000.0,633338000.0,366649000.0,999987000.0,0.0,38980000.0,0.0,0.007,0.04,132780000.0,171760000.0,0.206,171760000.0,132780000.0,131814000.0,0.36,0.35,0.36,2289459000.0,,2289459000.0,6706656521.0,12.0,9.248,57201000.0,0.233,1.0,833785000.0,1.0,848523000.0,966000.0,2992203000.0,,0.0,0.0,0.0,0.0,1698712000.0,1068857000.0,629855000.0,5801545521.0,-30636000.0,-116000.0,-48725000.0,-33542000.0,-9861000.0,-86746000.0,-66613000.0,0.0,122723000.0,0.0,87790000.0,87790000.0,87790000.0,-4399000.0,0.0,0.105,736915000.0,96870000.0,181776000.0,0.111,2.534,16.431,16.299,2032752000.0,0.0,23.47,1.657,1.646,681440000.0,2140393000.0,833785000.0,833785000.0,0.0,,,,,2416000.0,340816000.0,1.0,247189839.0,245538000,248976000.0,3.396,3139648000.0,0.0,44024000.0,136457000.0,12.787,-80702000.0
33,HMA,MRQ,2005-06-30,2005-06-30,2005-06-30,2019-05-16,0.0,3990046000.0,,997195000.0,2992851000.0,,9.263,-93916000.0,109211000.0,109211000.0,0.0,86772000.0,2.857,0.746,1014322000.0,10036000.0,1004286000.0,1014322000.0,0.0,38805000.0,0.0,0.005,0.04,143405000.0,182210000.0,0.193,182210000.0,143405000.0,140553000.0,0.35,0.35,0.35,2285904000.0,,2285904000.0,7470172534.0,13.0,10.612,89474000.0,0.363,1.0,944883000.0,1.0,858895000.0,2852000.0,3687188000.0,,0.0,0.0,0.0,0.0,1704142000.0,349074000.0,1355068000.0,6454540534.0,20599000.0,-1856000.0,12132000.0,-91958000.0,-9868000.0,-89998000.0,-72746000.0,0.0,183390000.0,0.0,86772000.0,86772000.0,86772000.0,-17000.0,0.0,0.092,800657000.0,144226000.0,166155000.0,0.114,2.824,19.022,18.971,1984829000.0,0.0,26.18,1.925,1.927,668481000.0,2076989000.0,944883000.0,944883000.0,0.0,,,,,900000.0,351852000.0,1.0,246544711.0,246785000,250654000.0,3.829,3131151000.0,65959000.0,53781000.0,202774000.0,12.688,648121000.0
34,HMA,MRQ,2005-03-31,2005-03-31,2005-03-31,2019-05-16,0.0,3948955000.0,,1013095000.0,2935860000.0,,8.954,-66784000.0,88612000.0,88612000.0,0.0,99763000.0,3.062,0.8,1104244000.0,10328000.0,1093916000.0,1104244000.0,0.0,37031000.0,0.0,0.005,0.04,165720000.0,202751000.0,0.223,202751000.0,165720000.0,161905000.0,0.41,0.4,0.41,2194085000.0,,2194085000.0,7133115521.0,13.0,10.138,34937000.0,0.143,1.0,908159000.0,1.0,824853000.0,3815000.0,3808922000.0,,0.0,0.0,0.0,0.0,1754870000.0,330812000.0,1424058000.0,6388027521.0,-103831000.0,-319910000.0,31122000.0,166713000.0,-8964000.0,188508000.0,-394041000.0,0.0,101721000.0,0.0,99763000.0,99763000.0,99763000.0,501000.0,0.0,0.11,741039000.0,167120000.0,161410000.0,0.098,2.911,18.688,18.7,1924779000.0,0.0,26.18,1.981,1.989,726144000.0,2000085000.0,908159000.0,908159000.0,0.0,,,,,900000.0,353684000.0,1.0,244004107.0,245030000,248888000.0,3.706,3124102000.0,48647000.0,62142000.0,175550000.0,12.75,682283000.0
35,HMA,MRQ,2004-12-31,2004-12-31,2004-12-31,2019-05-16,0.0,3632199000.0,,1017740000.0,2614459000.0,,8.465,-43106000.0,192443000.0,192443000.0,0.0,78752000.0,2.964,0.761,937531000.0,10319000.0,927212000.0,937531000.0,0.0,36277000.0,0.0,0.004,0.04,131267000.0,167544000.0,0.206,167544000.0,131267000.0,128050000.0,0.32,0.32,0.32,2062965000.0,,2062965000.0,6363459925.0,12.0,9.266,113302000.0,0.465,1.0,814938000.0,1.0,754253000.0,3217000.0,3279630000.0,,0.0,0.0,0.0,0.0,1569234000.0,343404000.0,1225830000.0,5541145925.0,79497000.0,-20108000.0,6404000.0,806000.0,-9939000.0,-2729000.0,-74116000.0,0.0,156408000.0,0.0,78752000.0,78752000.0,78752000.0,734000.0,0.0,0.097,682275000.0,132663000.0,140890000.0,0.125,2.686,16.663,16.706,1712993000.0,0.0,22.72,1.759,1.757,638240000.0,1909287000.0,814938000.0,814938000.0,0.0,,,,,900000.0,322485000.0,1.0,243888465.0,243714000,247379000.0,3.344,2877946000.0,48647000.0,49298000.0,194429000.0,11.809,674336000.0
36,HMA,MRQ,2004-09-30,2004-09-30,2004-09-30,2019-05-16,0.0,3482182000.0,,958112000.0,2524070000.0,,8.149,-23037000.0,112946000.0,112946000.0,0.0,74030000.0,3.021,0.76,935260000.0,9742000.0,925518000.0,935260000.0,0.0,29867000.0,0.0,0.004,0.02,121573000.0,151440000.0,0.221,151440000.0,121573000.0,118220000.0,0.3,0.3,0.3,1978010000.0,,1978010000.0,5890077502.0,11.0,8.788,106188000.0,0.437,1.0,684746000.0,1.0,742661000.0,3353000.0,3244668000.0,,78927000.0,0.0,0.0,0.0,1504172000.0,317167000.0,1187005000.0,4972749502.0,-2666000.0,-170000.0,1127000.0,-97167000.0,-4967000.0,-69699000.0,-56812000.0,0.0,129225000.0,0.0,74030000.0,74030000.0,74030000.0,-2746000.0,0.0,0.108,566734000.0,118012000.0,150268000.0,0.067,2.514,15.296,15.246,1679655000.0,0.0,20.43,1.608,1.603,626149000.0,1830736000.0,684746000.0,684746000.0,0.0,,,,,3300000.0,261309000.0,1.0,243404283.0,242725000,246826000.0,2.821,2739521000.0,23541000.0,44190000.0,121618000.0,11.287,640945000.0
37,HMA,MRQ,2004-06-30,2004-06-30,2004-06-30,2019-05-16,0.0,3419672000.0,,897641000.0,2522031000.0,,7.877,-56004000.0,115612000.0,115612000.0,0.0,89283000.0,2.97,0.785,1032940000.0,8790000.0,1024150000.0,1032940000.0,0.0,34030000.0,0.0,0.004,0.02,147814000.0,181844000.0,0.222,181844000.0,147814000.0,144174000.0,0.37,0.36,0.37,1915426000.0,,1915426000.0,6458944546.0,12.0,9.823,96039000.0,0.395,1.0,817341000.0,1.0,722572000.0,3640000.0,3312159000.0,,0.0,0.0,0.0,0.0,1504246000.0,302269000.0,1201977000.0,5449391546.0,12818000.0,1242000.0,5473000.0,-79407000.0,-4961000.0,-88972000.0,-50253000.0,0.0,152043000.0,0.0,89283000.0,89283000.0,89283000.0,0.0,0.0,0.109,667947000.0,149394000.0,145401000.0,0.054,2.845,16.984,16.857,1703462000.0,0.0,22.42,1.796,1.797,632314000.0,1771411000.0,817341000.0,817341000.0,0.0,,,,,0.0,315776000.0,1.0,243059391.0,243175000,247136000.0,3.361,2697100000.0,30027000.0,54891000.0,60012000.0,11.091,595372000.0
38,HMA,MRQ,2004-03-31,2004-03-31,2004-03-31,2019-05-16,0.0,3401004000.0,,913483000.0,2487521000.0,,7.516,-63678000.0,102794000.0,102794000.0,0.0,90475000.0,3.05,0.863,1112347000.0,8856000.0,1103491000.0,1112347000.0,0.0,34380000.0,0.0,0.003,0.02,151574000.0,185954000.0,0.223,185954000.0,151574000.0,146866000.0,0.37,0.37,0.37,1825633000.0,,1825633000.0,6654120135.0,13.0,10.529,19840000.0,0.082,1.0,833907000.0,1.0,717331000.0,4708000.0,3393698000.0,,0.0,0.0,0.0,0.0,1575371000.0,299528000.0,1275843000.0,5638359135.0,-16556000.0,8482000.0,3148000.0,-23161000.0,-4957000.0,-44878000.0,-55196000.0,0.0,83518000.0,0.0,90475000.0,90475000.0,90475000.0,0.0,0.0,0.108,680938000.0,152969000.0,151319000.0,0.054,3.088,18.337,18.133,1684961000.0,0.0,23.21,1.969,1.968,664427000.0,1687088000.0,833907000.0,833907000.0,0.0,,,,,0.0,325384000.0,1.0,242928011.0,242901000,247163000.0,3.433,2683673000.0,30027000.0,56391000.0,58125000.0,11.048,613955000.0
39,HMA,MRQ,2003-12-31,2003-12-31,2003-12-31,2019-05-16,0.0,3344327000.0,,894538000.0,2449789000.0,,7.198,-53887000.0,119350000.0,119350000.0,0.0,71311000.0,1.689,0.925,1135111000.0,208906000.0,926205000.0,1135111000.0,0.0,31003000.0,0.0,0.003,0.02,120003000.0,151006000.0,0.2,151006000.0,120003000.0,115549000.0,0.3,0.29,0.3,1737123000.0,,1737123000.0,6365705344.0,13.0,10.524,39329000.0,0.163,1.0,756553000.0,1.0,730230000.0,4454000.0,3100346000.0,,0.0,0.0,0.0,0.0,1607204000.0,529512000.0,1077692000.0,5826883344.0,-275988000.0,-527498000.0,17641000.0,200767000.0,-4904000.0,212181000.0,-581385000.0,0.0,93216000.0,0.0,71311000.0,71311000.0,71311000.0,0.0,0.0,0.094,635410000.0,121143000.0,142184000.0,0.067,3.354,19.747,19.355,1652585000.0,0.0,24.0,2.177,2.164,627025000.0,1601729000.0,756553000.0,756553000.0,0.0,,,,,0.0,302762000.0,1.0,242786806.0,241322000,246153000.0,3.135,2614097000.0,30027000.0,44238000.0,78066000.0,10.832,365026000.0
40,HMA,MRQ,2003-09-30,2003-09-30,2003-09-30,2019-05-16,0.0,3010526000.0,,1093336000.0,1917190000.0,,6.847,-42202000.0,395338000.0,395338000.0,0.0,69782000.0,4.086,0.839,934160000.0,9447000.0,924713000.0,934160000.0,0.0,27319000.0,0.0,0.004,0.02,111430000.0,138749000.0,0.221,138749000.0,111430000.0,107793000.0,0.29,0.28,0.29,1637075000.0,,1637075000.0,5642665458.0,12.0,9.704,25939000.0,0.108,1.0,626650000.0,1.0,397825000.0,3637000.0,2883910000.0,,65342000.0,0.0,0.0,0.0,1373451000.0,267613000.0,1105838000.0,5230359458.0,147064000.0,-107208000.0,8851000.0,254674000.0,-5077000.0,257226000.0,-177488000.0,0.0,68141000.0,0.0,69782000.0,69782000.0,69782000.0,-1044000.0,0.0,0.111,510098000.0,116552000.0,146155000.0,0.069,3.195,18.454,18.328,1427715000.0,0.0,21.81,2.068,2.061,527254000.0,1535322000.0,626650000.0,626650000.0,0.0,,,,,0.0,239804000.0,1.0,239814739.0,239086000,255884000.0,2.621,2612701000.0,61066000.0,38011000.0,85423000.0,10.928,825723000.0
41,HMA,MRQ,2003-06-30,2003-06-30,2003-06-30,2019-05-16,0.0,2591475000.0,,865975000.0,1725500000.0,,6.533,-38810000.0,248274000.0,248274000.0,0.0,75921000.0,3.04,0.659,660580000.0,7777000.0,652803000.0,660580000.0,0.0,28003000.0,0.0,0.003,0.02,128284000.0,156287000.0,0.242,156287000.0,128284000.0,124482000.0,0.32,0.3,0.32,1562137000.0,,1562137000.0,4903763996.0,11.0,8.588,79282000.0,0.332,1.0,647127000.0,1.0,354446000.0,3802000.0,2364437000.0,,0.0,0.0,0.0,0.0,1029338000.0,284898000.0,744440000.0,4403661996.0,87614000.0,88000.0,12094000.0,-181000.0,-4872000.0,7041000.0,-37519000.0,0.0,118092000.0,0.0,75921000.0,75921000.0,75921000.0,0.0,0.0,0.117,517722000.0,129405000.0,126247000.0,0.063,2.819,16.086,16.043,1329727000.0,0.0,18.45,1.763,1.766,481964000.0,1470437000.0,647127000.0,647127000.0,0.0,,,,,0.0,245477000.0,1.0,238680867.0,239108000,257379000.0,2.706,2237029000.0,44248000.0,48561000.0,33893000.0,9.356,581077000.0
42,HMA,MRQ,2003-03-31,2003-03-31,2003-03-31,2019-05-16,0.0,2510061000.0,,796976000.0,1713085000.0,,6.189,-51842000.0,160660000.0,160660000.0,0.0,78065000.0,2.792,0.699,660762000.0,7729000.0,653033000.0,660762000.0,0.0,27113000.0,0.0,0.002,0.02,131701000.0,158814000.0,0.246,158814000.0,131701000.0,127989000.0,0.33,0.31,0.33,1477140000.0,,1477140000.0,5005200973.0,11.0,9.064,-14687000.0,-0.062,1.0,646472000.0,1.0,352439000.0,3712000.0,2372319000.0,,0.0,0.0,0.0,0.0,1032921000.0,285405000.0,747516000.0,4534888973.0,-28641000.0,-9801000.0,0.0,1155000.0,-4873000.0,-3718000.0,-62078000.0,0.0,37155000.0,0.0,78065000.0,78065000.0,78065000.0,0.0,0.0,0.121,513708000.0,132764000.0,146635000.0,0.061,3.07,17.148,17.117,1318665000.0,0.0,19.0,1.856,1.856,495307000.0,1399569000.0,646472000.0,646472000.0,0.0,,,,,0.0,245946000.0,1.0,238678367.0,238673000,256993000.0,2.709,2157622000.0,48185000.0,49924000.0,23590000.0,9.04,511571000.0
43,HMA,MRQ,2002-12-31,2002-12-31,2002-12-31,2019-05-16,0.0,2451891000.0,,779033000.0,1672858000.0,,5.884,-31895000.0,189301000.0,189301000.0,0.0,59656000.0,2.553,0.746,659613000.0,7519000.0,652094000.0,659613000.0,0.0,26087000.0,0.0,0.001,0.02,101545000.0,127632000.0,0.209,127632000.0,101545000.0,97784000.0,0.25,0.24,0.25,1403947000.0,,1403947000.0,4806051030.0,11.0,8.978,78579000.0,0.329,1.0,609419000.0,1.0,338296000.0,3761000.0,2278722000.0,,0.0,0.0,0.0,0.0,1047944000.0,305185000.0,742759000.0,4272019030.0,65565000.0,-9556000.0,319000.0,1839000.0,-4863000.0,-2705000.0,-42204000.0,0.0,110474000.0,0.0,59656000.0,59656000.0,59656000.0,0.0,0.0,0.098,506952000.0,102467000.0,135182000.0,0.08,3.043,16.712,16.729,1292582000.0,0.0,17.9,1.798,1.797,463442000.0,1326376000.0,609419000.0,609419000.0,0.0,,,,,0.0,242511000.0,1.0,238660281.0,238589000,257255000.0,2.554,2113595000.0,35961000.0,38128000.0,52323000.0,8.859,473848000.0
44,HMA,MRQ,2002-09-30,2002-09-30,2002-09-30,2019-05-16,0.0,2364317000.0,,695786000.0,1668531000.0,,5.634,-33465000.0,123736000.0,123736000.0,0.0,60118000.0,2.542,0.756,657768000.0,7609000.0,650159000.0,657768000.0,0.0,25494000.0,0.0,0.0,0.0,102744000.0,128238000.0,0.216,128238000.0,102744000.0,98960000.0,0.25,0.24,0.25,1346752000.0,,1346752000.0,5307124231.0,13.0,10.275,37123000.0,0.155,1.0,594356000.0,1.0,342113000.0,3784000.0,2282493000.0,,59412000.0,0.0,0.0,0.0,1017565000.0,273743000.0,743822000.0,4819980231.0,-25884000.0,-33059000.0,-50255000.0,20398000.0,0.0,-29948000.0,-66524000.0,0.0,70588000.0,0.0,60118000.0,60118000.0,60118000.0,0.0,0.0,0.101,490962000.0,103394000.0,154128000.0,0.0,3.579,19.559,19.824,1281782000.0,0.0,20.22,2.13,2.156,454427000.0,1271583000.0,594356000.0,594356000.0,0.0,,,,,0.0,233350000.0,1.0,238376866.0,239033000,257776000.0,2.487,2022204000.0,35961000.0,38842000.0,29089000.0,8.46,422043000.0
45,HMA,MRQ,2002-06-30,2002-06-30,2002-06-30,2019-05-16,0.0,2355455000.0,,724814000.0,1630641000.0,,5.466,-26043000.0,149620000.0,149620000.0,0.0,66616000.0,2.427,0.787,636764000.0,5473000.0,631291000.0,636764000.0,0.0,24293000.0,0.0,0.0,0.0,113222000.0,137515000.0,0.232,137515000.0,113222000.0,109665000.0,0.28,0.26,0.28,1318436000.0,,1318436000.0,5388291538.0,13.0,10.732,86154000.0,0.357,1.0,592476000.0,1.0,337138000.0,3557000.0,2206847000.0,,0.0,0.0,0.0,0.0,1037019000.0,298614000.0,738405000.0,4862041538.0,36605000.0,-48164000.0,1295000.0,-4606000.0,0.0,-1385000.0,-74207000.0,0.0,112197000.0,0.0,66616000.0,66616000.0,66616000.0,0.0,0.0,0.112,478895000.0,113581000.0,138526000.0,0.0,3.688,20.408,20.354,1245860000.0,0.0,20.15,2.252,2.251,445315000.0,1211405000.0,592476000.0,592476000.0,0.0,,,,,0.0,226587000.0,1.0,241292384.0,241227000,260821000.0,2.456,2018317000.0,43801000.0,43049000.0,56109000.0,8.367,426200000.0
46,HMA,MRQ,2002-03-31,2002-03-31,2002-03-31,2019-05-16,0.0,2240136000.0,,686033000.0,1554103000.0,,5.184,-34935000.0,113015000.0,113015000.0,0.0,69236000.0,2.424,0.791,639265000.0,7245000.0,632020000.0,639265000.0,0.0,23893000.0,0.0,0.0,0.0,118051000.0,141944000.0,0.245,141944000.0,118051000.0,113965000.0,0.29,0.27,0.29,1250590000.0,,1250590000.0,5500354340.0,14.0,11.433,7974000.0,0.033,1.0,579948000.0,1.0,304118000.0,4086000.0,2179260000.0,,0.0,0.0,0.0,0.0,989546000.0,283008000.0,706538000.0,5011154340.0,-5145000.0,-436000.0,-39756000.0,28269000.0,0.0,-12683000.0,-35371000.0,0.0,42909000.0,0.0,69236000.0,69236000.0,69236000.0,0.0,0.0,0.119,461897000.0,118051000.0,136025000.0,0.0,4.007,22.197,22.053,1204395000.0,0.0,20.73,2.456,2.451,440999000.0,1144854000.0,579948000.0,579948000.0,0.0,,,,,0.0,219044000.0,1.0,241734411.0,241259000,260661000.0,2.404,1936018000.0,43801000.0,44729000.0,52309000.0,8.025,403025000.0
47,HMA,MRQ,2001-12-31,2001-12-31,2001-12-31,2019-05-16,0.0,2150663000.0,,626523000.0,1524140000.0,,5.011,19470000.0,118160000.0,118160000.0,0.0,50466000.0,2.423,0.762,607360000.0,7322000.0,600038000.0,607360000.0,0.0,21648000.0,0.0,0.0,0.0,87188000.0,108836000.0,0.22,108836000.0,87188000.0,83072000.0,0.21,0.2,0.21,1220823000.0,,1220823000.0,4820455205.0,14.0,10.788,147912000.0,0.607,1.0,495821000.0,1.0,302281000.0,4116000.0,2078960000.0,,0.0,0.0,0.0,0.0,929840000.0,258622000.0,671218000.0,4454976205.0,47897000.0,-186520000.0,-83010000.0,170549000.0,0.0,86505000.0,-167050000.0,0.0,128442000.0,0.0,50466000.0,50466000.0,50466000.0,0.0,0.0,0.102,408633000.0,87188000.0,122810000.0,0.0,3.649,21.703,21.647,1185145000.0,0.0,18.4,2.295,2.309,381713000.0,1075613000.0,495821000.0,495821000.0,0.0,,,,,0.0,195748000.0,1.0,242118272.0,243649000,263365000.0,2.035,1848382000.0,43801000.0,32606000.0,64012000.0,7.586,367901000.0
48,HMA,MRQ,2001-09-30,2001-09-30,2001-09-30,2019-05-16,0.0,1941577000.0,,565231000.0,1376346000.0,,5.11,-3621000.0,70263000.0,70263000.0,0.0,51922000.0,3.005,0.549,435742000.0,6752000.0,428990000.0,435742000.0,0.0,24224000.0,0.0,0.0,0.0,89570000.0,113794000.0,0.232,113794000.0,89570000.0,85408000.0,0.21,0.2,0.21,1253649000.0,,1253649000.0,5495036159.0,16.0,12.733,80046000.0,0.326,1.0,491217000.0,1.0,251315000.0,4162000.0,1867654000.0,,50113000.0,0.0,0.0,0.0,687928000.0,188087000.0,499841000.0,5089959159.0,20614000.0,-43036000.0,2086000.0,-19782000.0,0.0,-17280000.0,-45773000.0,0.0,83667000.0,0.0,51922000.0,51922000.0,51922000.0,0.0,0.0,0.106,401647000.0,89570000.0,106362000.0,0.0,4.06,26.105,25.95,1089413000.0,0.0,20.76,2.708,2.699,380136000.0,1025147000.0,491217000.0,491217000.0,0.0,,,,,0.0,187583000.0,1.0,245181077.0,245310000,265404000.0,2.002,1690262000.0,43801000.0,33486000.0,35642000.0,6.89,377144000.0
49,HMA,MRQ,2001-06-30,2001-06-30,2001-06-30,2019-05-16,0.0,1881137000.0,,532493000.0,1348644000.0,,4.871,-15687000.0,49649000.0,49649000.0,0.0,54138000.0,3.016,0.576,454726000.0,6669000.0,448057000.0,454726000.0,0.0,22876000.0,0.0,0.0,0.0,93656000.0,116532000.0,0.246,116532000.0,93656000.0,89156000.0,0.23,0.21,0.23,1193529000.0,,1193529000.0,5586318285.0,17.0,13.718,81761000.0,0.334,1.0,473203000.0,1.0,229962000.0,4500000.0,1879721000.0,,0.0,0.0,0.0,0.0,687608000.0,176531000.0,511077000.0,5156307285.0,8101000.0,-57858000.0,1238000.0,-16819000.0,0.0,-15802000.0,-73545000.0,0.0,97448000.0,0.0,54138000.0,54138000.0,54138000.0,0.0,0.0,0.114,379547000.0,93656000.0,90180000.0,0.0,4.32,28.313,27.684,1094418000.0,0.0,21.04,2.87,2.87,375589000.0,973225000.0,473203000.0,473203000.0,0.0,,,,,0.0,176279000.0,1.0,245071639.0,245048000,264622000.0,1.931,1651175000.0,37411000.0,35018000.0,29827000.0,6.738,355962000.0
50,HMA,MRQ,2001-03-31,2001-03-31,2001-03-31,2019-05-16,0.0,1838579000.0,,540836000.0,1297743000.0,,4.662,-37080000.0,41548000.0,41548000.0,0.0,48740000.0,3.076,0.615,471559000.0,6619000.0,464940000.0,471559000.0,0.0,22116000.0,0.0,0.0,0.0,85537000.0,107653000.0,0.224,107653000.0,85537000.0,80265000.0,0.2,0.19,0.2,1138152000.0,,1138152000.0,4253007104.0,14.0,10.942,22929000.0,0.094,1.0,481144000.0,1.0,206833000.0,5272000.0,1885913000.0,,0.0,0.0,0.0,0.0,700427000.0,175844000.0,524583000.0,3787777104.0,7497000.0,0.0,14056000.0,-29160000.0,0.0,-15432000.0,-37080000.0,0.0,60009000.0,0.0,48740000.0,48740000.0,48740000.0,0.0,0.0,0.101,395607000.0,85537000.0,87340000.0,0.0,3.328,22.047,21.901,1069034000.0,0.0,15.55,2.209,2.214,392505000.0,919087000.0,481144000.0,481144000.0,0.0,,,,,0.0,177520000.0,1.0,243586952.0,244117000,263100000.0,1.971,1631746000.0,37411000.0,31525000.0,32181000.0,6.684,364992000.0
51,HMA,MRQ,2000-12-31,2000-12-31,2000-12-31,2019-05-16,0.0,1825324000.0,,536138000.0,1289186000.0,,4.421,-13728000.0,34051000.0,34051000.0,0.0,40178000.0,2.614,0.697,499281000.0,6645000.0,492636000.0,499281000.0,0.0,21430000.0,0.0,0.0,0.0,72158000.0,93588000.0,0.216,93588000.0,72158000.0,66122000.0,0.17,0.16,0.17,1075357000.0,,1075357000.0,5564348228.0,18.0,14.298,41303000.0,0.17,1.0,434237000.0,1.0,207432000.0,6036000.0,1878052000.0,,0.0,0.0,0.0,0.0,749967000.0,205070000.0,544897000.0,5054145228.0,17580000.0,0.0,5112000.0,-28968000.0,0.0,-23723000.0,-13728000.0,0.0,55031000.0,0.0,40178000.0,40178000.0,40178000.0,0.0,0.0,0.093,362079000.0,72158000.0,86216000.0,0.0,4.7,29.122,28.819,1062005000.0,0.0,20.75,3.078,3.074,398569000.0,870347000.0,434237000.0,434237000.0,0.0,,,,,0.0,169153000.0,1.0,243573264.0,243234000,264297000.0,1.785,1617892000.0,37411000.0,25944000.0,58510000.0,6.652,331068000.0
52,HMA,MRQ,2000-09-30,2000-09-30,2000-09-30,2019-05-16,0.0,1772065000.0,,486963000.0,1285102000.0,,4.246,-33380000.0,16471000.0,16471000.0,0.0,39065000.0,2.868,0.72,526674000.0,6523000.0,520151000.0,526674000.0,0.0,18739000.0,0.0,0.0,0.0,70707000.0,89446000.0,0.219,89446000.0,70707000.0,64303000.0,0.16,0.15,0.16,1030066000.0,,1030066000.0,5492785591.0,18.0,14.614,13716000.0,0.057,1.0,407919000.0,1.0,182265000.0,6404000.0,1930221000.0,,39207000.0,0.0,0.0,0.0,741999000.0,169782000.0,572217000.0,5052752591.0,-6869000.0,-74799000.0,1718000.0,52054000.0,0.0,54214000.0,-108179000.0,0.0,47096000.0,0.0,39065000.0,39065000.0,39065000.0,0.0,0.0,0.096,337212000.0,70707000.0,101199000.0,0.0,4.905,30.136,30.164,1065330000.0,0.0,20.813,3.202,3.192,372653000.0,830169000.0,407919000.0,407919000.0,0.0,,,,,0.0,154926000.0,1.0,242769067.0,242624000,254486000.0,1.681,1589800000.0,37411000.0,25238000.0,36618000.0,6.553,317181000.0
53,HMA,MRQ,2000-06-30,2000-06-30,2000-06-30,2019-05-16,0.0,1629502000.0,,442367000.0,1187135000.0,,4.074,-30823000.0,23340000.0,23340000.0,0.0,43823000.0,3.285,0.652,463373000.0,6007000.0,457366000.0,463373000.0,0.0,19094000.0,0.0,0.0,0.0,78905000.0,97999000.0,0.251,97999000.0,78905000.0,72138000.0,0.18,0.18,0.18,986639000.0,,986639000.0,3679965542.0,13.0,10.217,28687000.0,0.118,1.0,391099000.0,1.0,157237000.0,6767000.0,1777651000.0,,0.0,0.0,0.0,0.0,642863000.0,134647000.0,508216000.0,3257131542.0,-1060000.0,-55603000.0,9805000.0,15928000.0,0.0,25856000.0,-86426000.0,0.0,59510000.0,0.0,43823000.0,43823000.0,43823000.0,0.0,0.0,0.112,312194000.0,78905000.0,71562000.0,0.0,3.301,20.227,19.792,1000272000.0,0.0,13.063,2.132,2.071,333821000.0,791104000.0,391099000.0,391099000.0,0.0,,,,,0.0,134579000.0,1.0,249340239.0,242176000,244896000.0,1.615,1472265000.0,30515000.0,28315000.0,34749000.0,6.079,307720000.0
54,HMA,MRQ,2000-03-31,2000-03-31,2000-03-31,2019-05-16,0.0,1572218000.0,,459068000.0,1113150000.0,,3.87,-27780000.0,24400000.0,24400000.0,0.0,50487000.0,2.899,0.685,447234000.0,16880000.0,430354000.0,447234000.0,0.0,18534000.0,0.0,0.0,0.0,89605000.0,108139000.0,0.265,108139000.0,89605000.0,83103000.0,0.21,0.21,0.21,933011000.0,,933011000.0,3866464634.0,14.0,11.228,7363000.0,0.031,1.0,408655000.0,1.0,159279000.0,6502000.0,1677431000.0,,0.0,0.0,0.0,0.0,639207000.0,158342000.0,480865000.0,3435142634.0,-274000.0,0.0,54000.0,-8762000.0,0.0,-7637000.0,-27780000.0,0.0,35143000.0,0.0,50487000.0,50487000.0,50487000.0,0.0,0.0,0.124,319050000.0,89605000.0,76468000.0,0.0,3.682,22.026,22.266,930614000.0,0.0,14.25,2.307,2.307,351741000.0,747281000.0,408655000.0,408655000.0,0.0,,,,,0.0,143179000.0,1.0,241062641.0,241068000,244711000.0,1.695,1412939000.0,30515000.0,32616000.0,40346000.0,5.861,300726000.0
55,HMA,MRQ,1999-12-31,1999-12-31,1999-12-31,2019-05-16,0.0,1553430000.0,,447927000.0,1105503000.0,,3.648,-28514000.0,24674000.0,24674000.0,0.0,34292000.0,2.454,0.76,455996000.0,17888000.0,438108000.0,455996000.0,0.0,18132000.0,0.0,0.0,0.0,62142000.0,80274000.0,0.217,80274000.0,62142000.0,56451000.0,0.14,0.14,0.14,882470000.0,,882470000.0,3619425492.0,14.0,10.976,9278000.0,0.038,1.0,370094000.0,1.0,156614000.0,5691000.0,1645606000.0,,0.0,0.0,0.0,0.0,670960000.0,182532000.0,488428000.0,3221478492.0,11748000.0,0.0,-42345000.0,45123000.0,0.0,2470000.0,-28514000.0,0.0,37792000.0,0.0,34292000.0,34292000.0,34292000.0,0.0,0.0,0.093,307952000.0,62142000.0,81274000.0,0.0,3.651,21.03,21.573,924914000.0,0.0,13.375,2.268,2.278,346253000.0,696794000.0,370094000.0,370094000.0,0.0,,,,,0.0,136428000.0,1.0,240858205.0,241916000,245015000.0,1.53,1396816000.0,30515000.0,22159000.0,60246000.0,5.774,265395000.0
56,HMA,MRQ,1999-09-30,1999-09-30,1999-09-30,2019-05-16,0.0,1527381000.0,,435553000.0,1091828000.0,,3.615,-50294000.0,12926000.0,12926000.0,0.0,32426000.0,2.354,0.715,410873000.0,9351000.0,401522000.0,410873000.0,0.0,16470000.0,0.0,0.0,0.0,57307000.0,73777000.0,0.206,73777000.0,57307000.0,53370000.0,0.13,0.13,0.13,890523000.0,,890523000.0,2270136286.0,9.0,7.177,-21827000.0,-0.089,1.0,357990000.0,1.0,158499000.0,3937000.0,1581825000.0,,32038000.0,0.0,0.0,0.0,636858000.0,185004000.0,451854000.0,1963513286.0,1204000.0,-15911000.0,-52126000.0,90319000.0,0.0,38942000.0,-66205000.0,0.0,28467000.0,0.0,32426000.0,32426000.0,32426000.0,0.0,0.0,0.091,300683000.0,57307000.0,95369000.0,0.0,2.205,13.104,12.917,912489000.0,0.0,7.75,1.448,1.432,348688000.0,662502000.0,357990000.0,357990000.0,0.0,,,,,0.0,133305000.0,1.0,253356553.0,246339000,248566000.0,1.453,1368882000.0,30813000.0,20944000.0,53155000.0,5.557,250549000.0
57,HMA,MRQ,1999-06-30,1999-06-30,1999-06-30,2019-05-16,0.0,1454534000.0,,372944000.0,1081590000.0,,3.612,-31737000.0,11722000.0,11722000.0,0.0,38757000.0,2.083,0.598,318345000.0,10223000.0,308122000.0,318345000.0,0.0,15957000.0,0.0,0.0,0.0,66202000.0,82159000.0,0.233,82159000.0,66202000.0,63796000.0,0.16,0.15,0.16,910223000.0,,910223000.0,2958336459.0,12.0,9.46,734000.0,0.003,1.0,352473000.0,1.0,94616000.0,2406000.0,1487476000.0,,0.0,0.0,0.0,0.0,544311000.0,179065000.0,365246000.0,2834422459.0,-8463000.0,-160791000.0,285000.0,151635000.0,0.0,151594000.0,-192528000.0,0.0,32471000.0,0.0,38757000.0,38757000.0,38757000.0,0.0,0.0,0.11,286271000.0,66202000.0,63609000.0,0.0,3.114,18.862,18.75,965834000.0,0.0,11.25,2.186,2.186,298979000.0,630076000.0,352473000.0,352473000.0,0.0,,,,,0.0,124382000.0,1.0,251948663.0,251973000,256742000.0,1.399,1359918000.0,18039000.0,25039000.0,91591000.0,5.397,193879000.0
58,HMA,MRQ,1999-03-31,1999-03-31,1999-03-31,2019-05-16,0.0,1207498000.0,,336630000.0,870868000.0,,3.458,-39251000.0,20185000.0,20185000.0,0.0,47707000.0,2.347,0.386,144099000.0,8155000.0,135944000.0,144099000.0,0.0,14344000.0,0.0,0.0,0.0,79216000.0,93560000.0,0.275,93560000.0,79216000.0,78534000.0,0.19,0.19,0.19,871180000.0,,871180000.0,3206497848.0,13.0,10.394,13935000.0,0.055,1.0,339748000.0,1.0,44737000.0,682000.0,1143268000.0,,0.0,0.0,0.0,0.0,336318000.0,143407000.0,192911000.0,3069862848.0,11611000.0,-244000.0,285000.0,-1910000.0,0.0,-2080000.0,-39495000.0,0.0,53186000.0,0.0,47707000.0,47707000.0,47707000.0,0.0,0.0,0.14,260532000.0,79216000.0,57055000.0,0.0,3.524,20.442,20.313,806340000.0,0.0,12.188,2.463,2.463,257996000.0,591319000.0,339748000.0,339748000.0,0.0,,,,,0.0,114673000.0,1.0,251875849.0,251903000,256846000.0,1.349,1162761000.0,18039000.0,30827000.0,75745000.0,4.616,193223000.0
59,HMA,MRQ,1998-12-31,1998-12-31,1998-12-31,2019-05-16,0.0,1161400000.0,,317582000.0,843818000.0,,3.271,-37999000.0,8574000.0,8574000.0,0.0,30955000.0,2.218,0.411,145209000.0,6889000.0,138320000.0,145209000.0,0.0,14507000.0,0.0,0.0,0.0,52313000.0,66820000.0,0.219,66820000.0,52313000.0,50953000.0,0.12,0.12,0.12,823189000.0,,823189000.0,5572513124.0,23.0,18.838,16226000.0,0.064,1.0,305496000.0,1.0,45737000.0,1360000.0,1109126000.0,,0.0,0.0,0.0,0.0,338211000.0,143172000.0,195039000.0,5442437124.0,-4111000.0,-7021000.0,-5537000.0,-7628000.0,0.0,-13316000.0,-45020000.0,0.0,54225000.0,0.0,30955000.0,30955000.0,30955000.0,0.0,0.0,0.101,253183000.0,52313000.0,64659000.0,0.0,6.611,38.069,37.939,779116000.0,0.0,21.625,4.499,4.499,253282000.0,543612000.0,305496000.0,305496000.0,0.0,,,,,0.0,113643000.0,1.0,251673393.0,251653000,258114000.0,1.214,1115663000.0,18039000.0,19998000.0,67435000.0,4.433,174410000.0
60,HMA,MRQ,1998-09-30,1998-09-30,1998-09-30,2019-05-16,0.0,1106022000.0,,317124000.0,788898000.0,,3.011,-22047000.0,12685000.0,12685000.0,0.0,32854000.0,2.631,0.461,142761000.0,8544000.0,134217000.0,142761000.0,0.0,14621000.0,0.0,0.0,0.0,55547000.0,70168000.0,0.235,70168000.0,55547000.0,54103000.0,0.13,0.13,0.13,756825000.0,,756825000.0,4727981020.0,21.0,16.857,-40000.0,0.0,1.0,299160000.0,1.0,121101000.0,1444000.0,994451000.0,,24425000.0,0.0,0.0,0.0,349197000.0,120546000.0,228651000.0,4583690020.0,-2990000.0,-1271000.0,13093000.0,-17203000.0,0.0,-1679000.0,-23318000.0,0.0,22007000.0,0.0,32854000.0,32854000.0,32854000.0,0.0,0.0,0.11,243613000.0,55547000.0,59144000.0,0.0,6.056,33.496,33.182,648828000.0,0.0,18.25,4.025,3.991,243542000.0,512657000.0,299160000.0,299160000.0,0.0,,,,,0.0,109777000.0,1.0,251161097.0,251392000,257705000.0,1.19,984921000.0,26456000.0,21249000.0,43706000.0,3.918,196578000.0
61,HMA,MRQ,1998-06-30,1998-06-30,1998-06-30,2019-05-16,0.0,1071170000.0,,277868000.0,793302000.0,,2.997,-20327000.0,15675000.0,15675000.0,0.0,38655000.0,2.102,0.425,159966000.0,9242000.0,150724000.0,159966000.0,0.0,13080000.0,0.0,0.0,0.0,64870000.0,77950000.0,0.258,77950000.0,64870000.0,63628000.0,0.16,0.15,0.16,751822000.0,,751822000.0,5680180979.0,26.0,21.648,21298000.0,0.085,1.0,302150000.0,1.0,0.0,1242000.0,1083254000.0,,0.0,0.0,0.0,0.0,319348000.0,132207000.0,187141000.0,5591401979.0,11215000.0,-72478000.0,2503000.0,62707000.0,0.0,62395000.0,-92805000.0,0.0,41625000.0,0.0,38655000.0,38655000.0,38655000.0,0.0,0.0,0.128,237280000.0,64870000.0,43774000.0,0.0,7.437,43.179,42.869,727384000.0,0.0,22.292,5.248,5.249,214002000.0,479802000.0,302150000.0,302150000.0,0.0,,,,,0.0,103641000.0,1.0,250825497.0,250866000,258107000.0,1.204,1071170000.0,13039000.0,24973000.0,53957000.0,4.27,145661000.0
62,HMA,MRQ,1998-03-31,1998-03-31,1998-03-31,2019-05-16,0.0,954735000.0,,249734000.0,705001000.0,,2.853,-10898000.0,4460000.0,4460000.0,0.0,40498000.0,1.964,0.343,93239000.0,12453000.0,80786000.0,93239000.0,0.0,12564000.0,0.0,0.0,0.0,68303000.0,80867000.0,0.267,80867000.0,68303000.0,66663000.0,0.16,0.16,0.16,710666000.0,,710666000.0,4673131077.0,23.0,19.011,8895000.0,0.036,1.0,302922000.0,1.0,0.0,1640000.0,916338000.0,,0.0,0.0,0.0,0.0,244069000.0,127176000.0,116893000.0,4689143077.0,-67927000.0,-75503000.0,833000.0,-2036000.0,0.0,-1319000.0,-86401000.0,0.0,19793000.0,0.0,40498000.0,40498000.0,40498000.0,0.0,0.0,0.134,234619000.0,68303000.0,40689000.0,0.0,6.598,38.487,39.185,641971000.0,0.0,19.083,4.708,4.773,198865000.0,441148000.0,302922000.0,302922000.0,0.0,,,,,0.0,104148000.0,1.0,245723580.0,249109000,255353000.0,1.216,954735000.0,13039000.0,26165000.0,56734000.0,3.833,122558000.0
63,HMA,MRQ,1997-12-31,1997-12-31,1997-12-31,2019-05-16,0.0,768741000.0,,257914000.0,510827000.0,,2.407,-10612000.0,72387000.0,72387000.0,0.0,24837000.0,2.588,0.304,56375000.0,8540000.0,47835000.0,56375000.0,0.0,10172000.0,0.0,0.0,0.0,41318000.0,51490000.0,0.22,51490000.0,41318000.0,40885000.0,0.1,0.1,0.1,589335000.0,,589335000.0,,,,23914000.0,0.098,1.0,234570000.0,1.0,0.0,433000.0,653073000.0,,0.0,0.0,0.0,0.0,179406000.0,99656000.0,79750000.0,4136265022.0,5006000.0,-20232000.0,4278000.0,-2323000.0,0.0,1324000.0,-30844000.0,0.0,34526000.0,0.0,24837000.0,24837000.0,24837000.0,0.0,0.0,0.106,193252000.0,41318000.0,35518000.0,0.0,7.019,36.513,37.159,493475000.0,0.0,16.833,4.443,4.427,145670000.0,400650000.0,234570000.0,234570000.0,0.0,,,,,0.0,84567000.0,1.0,245723580.0,244829000,251135000.0,0.958,768741000.0,13039000.0,16048000.0,36077000.0,3.14,158258000.0
64,HMA,MRQ,1997-09-30,1997-09-30,1997-09-30,2019-05-16,0.0,734041000.0,,242610000.0,491431000.0,,2.249,-12420000.0,67381000.0,67381000.0,0.0,25503000.0,2.715,0.31,57913000.0,8263000.0,49650000.0,57913000.0,0.0,9874000.0,0.0,0.0,0.0,42209000.0,52083000.0,0.231,52083000.0,42209000.0,41980000.0,0.1,0.1,0.1,560220000.0,,560220000.0,,,,7334000.0,0.029,1.0,225837000.0,1.0,9714000.0,229000.0,625499000.0,,15597000.0,0.0,0.0,0.0,173821000.0,89360000.0,84461000.0,,13447000.0,0.0,18689000.0,-13424000.0,0.0,5725000.0,-12032000.0,0.0,19754000.0,0.0,25503000.0,25503000.0,25503000.0,0.0,0.0,0.113,183628000.0,42209000.0,40423000.0,0.0,,,31.945,472719000.0,0.0,14.056,,3.811,139376000.0,375813000.0,225837000.0,225837000.0,0.0,,,,,0.0,79165000.0,1.0,,249130000,254434000.0,0.907,724327000.0,13039000.0,16477000.0,21920000.0,2.907,153250000.0
65,HMA,MRQ,1997-06-30,1997-06-30,1997-06-30,2019-05-16,,,,,,,,-18261000.0,,,0.0,30999000.0,,,,,,,,9347000.0,,0.0,0.0,52026000.0,61373000.0,0.264,61373000.0,52026000.0,51029000.0,0.127,0.123,0.127,,,,,,,21711000.0,0.089,1.0,232691000.0,1.0,,997000.0,,,,,,,,,,,26258000.0,-350000.0,6998000.0,-1991000.0,0.0,4897000.0,-18611000.0,0.0,39972000.0,0.0,30999000.0,30999000.0,30999000.0,0.0,0.0,0.133,180665000.0,52026000.0,,0.0,,,,,0.0,12.667,,,,,232691000.0,232691000.0,0.0,,,,,0.0,78880000.0,1.0,,242823000,248388000.0,0.958,,,20030000.0,,,
66,HMA,MRQ,1997-03-31,1997-03-31,1997-03-31,2019-05-16,,,,,,,,-15091000.0,,,0.0,31943000.0,,,,,,,,9010000.0,,0.0,0.0,53989000.0,62999000.0,0.265,62999000.0,53989000.0,52578000.0,0.127,0.127,0.127,,,,,,,14493000.0,0.06,1.0,237792000.0,1.0,,1411000.0,,,,,,,,,,,-31709000.0,-51117000.0,7911000.0,-2348000.0,0.0,4915000.0,-66208000.0,0.0,29584000.0,0.0,31943000.0,31943000.0,31943000.0,0.0,0.0,0.134,183803000.0,53989000.0,,0.0,,,,,0.0,10.556,,,,,237792000.0,237792000.0,0.0,,,,,0.0,81004000.0,1.0,,240595500,248041500.0,0.988,,,20635000.0,,,
67,HMA,MRQ,1996-12-31,1996-12-31,1996-12-31,2019-05-16,,,,,,,,-13577000.0,,,0.0,19877000.0,,,,,,,,8330000.0,,0.0,0.0,33797000.0,42127000.0,0.212,42127000.0,33797000.0,32722000.0,0.087,0.08,0.087,,,,,,,29449000.0,0.123,1.0,199162000.0,1.0,,1075000.0,,,,,,,,,,,28213000.0,0.0,561000.0,-2338000.0,0.0,-1236000.0,-13577000.0,0.0,43026000.0,0.0,19877000.0,19877000.0,19877000.0,0.0,0.0,0.1,165365000.0,33797000.0,,0.0,,,,,0.0,10.0,,,,,199162000.0,199162000.0,0.0,,,,,0.0,71943000.0,1.0,,238519500,245656500.0,0.835,,,12845000.0,,,
0,HMA,MRT,2013-09-30,2013-09-30,2013-09-30,2019-05-16,-8148000.0,6624903000.0,6467030000.0,1462656000.0,5162247000.0,0.903,3.806,-314102000.0,1291000.0,1291000.0,0.0,785000.0,1.716,5.362,4019741000.0,110780000.0,3908961000.0,4019741000.0,0.0,394450000.0,0.0,0.0,0.0,239105000.0,633555000.0,0.108,633555000.0,239105000.0,-43267000.0,-0.14,-0.15,-0.14,996955000.0,1014056000.0,996955000.0,7235914763.0,30.0,11.421,-55654000.0,-0.212,1.0,5842690000.0,1.0,1032713000.0,282372000.0,8758346000.0,8395599000.0,0.0,62961000.0,62961000.0,0.0,5345297000.0,852294000.0,4493003000.0,3330747763.0,-33927000.0,-174734000.0,27949000.0,92801000.0,0.0,110951000.0,-403326000.0,84877000.0,258448000.0,0.0,-17234000.0,-37047000.0,-37047000.0,1812000.0,18019000.0,-0.006,5584619000.0,258071000.0,160565000.0,0.0,3.341,-89.906,-91.429,3590832000.0,19813000.0,12.8,0.57,0.574,970132000.0,771141000.0,5842690000.0,5842690000.0,0.0,-0.006,-0.037,0.028,0.041,45853000.0,2692134000.0,1.0,260214669.0,261927000,261927000.0,22.307,5592190000.0,164803000.0,-26033000.0,396712000.0,21.35,610362000.0
1,HMA,MRT,2013-06-30,2013-06-30,2013-06-30,2019-05-16,-21285000.0,6547264000.0,6387486250.0,1395362000.0,5151902000.0,0.917,4.076,-337453000.0,29192000.0,29192000.0,0.0,121760000.0,1.673,4.966,3941857000.0,103558000.0,3838299000.0,3941857000.0,0.0,386504000.0,0.0,0.0,0.0,448221000.0,834725000.0,0.142,834725000.0,448221000.0,159680000.0,0.39,0.38,0.39,1053635000.0,999691500.0,1053635000.0,7761405856.0,17.0,9.298,94904000.0,0.367,1.0,5860306000.0,1.0,1029884000.0,288541000.0,8596092000.0,8238080250.0,0.0,56722000.0,56722000.0,0.0,5232187000.0,833953000.0,4398234000.0,4076660856.0,-7108000.0,-178783000.0,25026000.0,17301000.0,0.0,14837000.0,-454302000.0,67910000.0,432357000.0,0.0,100541000.0,100541000.0,100541000.0,3201000.0,21219000.0,0.017,5391777000.0,468529000.0,175285000.0,0.0,3.869,40.547,40.308,3597222000.0,0.0,15.72,0.696,0.693,974823000.0,867786000.0,5860306000.0,5860306000.0,0.0,0.016,0.101,0.054,0.076,22349000.0,2673600000.0,1.0,259329571.0,258522000,262620000.0,22.669,5517380000.0,72755000.0,59139000.0,365228000.0,21.342,561409000.0
2,HMA,MRT,2013-03-31,2013-03-31,2013-03-31,2019-05-16,-28961000.0,6309599000.0,6294572000.0,1397954000.0,4911645000.0,0.932,4.01,-369043000.0,37358000.0,37358000.0,0.0,160557000.0,1.64,4.929,3729496000.0,99093000.0,3630403000.0,3729496000.0,0.0,375746000.0,0.0,0.0,0.0,507701000.0,883447000.0,0.151,883447000.0,507701000.0,214006000.0,0.53,0.52,0.53,1027229000.0,955739500.0,1027229000.0,7023290863.0,14.0,7.95,186076000.0,0.726,1.0,5869327000.0,1.0,1025823000.0,293695000.0,8123248000.0,8100510750.0,0.0,52207000.0,52207000.0,0.0,5062876000.0,852666000.0,4210210000.0,3310681863.0,28962000.0,7536000.0,13197000.0,-131280000.0,0.0,-143691000.0,-382466000.0,-3009000.0,555119000.0,0.0,135826000.0,135826000.0,135826000.0,6222000.0,24731000.0,0.023,5333966000.0,535361000.0,169713000.0,0.0,3.223,24.374,24.283,3457018000.0,0.0,12.87,0.564,0.562,991027000.0,867626000.0,5869327000.0,5869327000.0,0.0,0.022,0.142,0.063,0.087,21221000.0,2647535000.0,1.0,257240238.0,256152000,260550000.0,22.913,5283776000.0,64498000.0,78180000.0,351243000.0,20.628,545288000.0
3,HMA,MRT,2012-12-31,2012-12-31,2012-12-31,2019-05-16,-41940000.0,6386354000.0,6232515500.0,1452294000.0,4934060000.0,0.941,3.849,-388793000.0,59173000.0,59173000.0,0.0,176919000.0,1.487,5.293,3779073000.0,126262000.0,3652811000.0,3779073000.0,0.0,359732000.0,0.0,0.0,0.0,550585000.0,910317000.0,0.155,910317000.0,550585000.0,239516000.0,0.59,0.58,0.59,978405000.0,904531500.0,978405000.0,6135887786.0,11.0,6.74,206185000.0,0.811,1.0,5865505000.0,1.0,1025137000.0,311069000.0,8104710000.0,8072052750.0,159599000.0,121106000.0,121106000.0,0.0,5178883000.0,976407000.0,4202476000.0,2389353786.0,-4970000.0,-72556000.0,0.0,-95563000.0,0.0,-126023000.0,-473925000.0,7625000.0,594978000.0,0.0,149947000.0,149947000.0,149947000.0,7617000.0,26972000.0,0.026,5280093000.0,585412000.0,211387000.0,0.0,2.442,15.935,15.797,3465890000.0,0.0,9.32,0.407,0.404,957918000.0,843938000.0,5865505000.0,5865505000.0,0.0,0.024,0.166,0.068,0.094,24107000.0,2620094000.0,1.0,256368432.0,254217000,256710000.0,23.073,5361217000.0,60438000.0,89569000.0,330263000.0,21.089,475887000.0
4,HMA,MRT,2012-09-30,2012-09-30,2012-09-30,2019-05-16,-53255000.0,6306728000.0,6136664750.0,1424201000.0,4882527000.0,0.942,3.691,-381402000.0,35218000.0,35218000.0,0.0,167096000.0,1.578,5.47,3781752000.0,92721000.0,3689031000.0,3781752000.0,0.0,336396000.0,0.0,0.0,0.0,533946000.0,870342000.0,0.151,870342000.0,533946000.0,221770000.0,0.56,0.55,0.56,939497000.0,849418250.0,939497000.0,5888236584.0,11.0,6.765,170226000.0,0.669,1.0,5781041000.0,1.0,1022313000.0,312176000.0,8128271000.0,8024360750.0,0.0,146569000.0,146569000.0,0.0,5138671000.0,902678000.0,4235993000.0,2150818584.0,-53133000.0,-80126000.0,0.0,14850000.0,0.0,-17306000.0,-587455000.0,-103006000.0,551628000.0,0.0,139665000.0,139665000.0,139665000.0,7032000.0,27431000.0,0.024,5189770000.0,591271000.0,187708000.0,0.0,2.289,15.4,14.982,3415431000.0,0.0,8.39,0.372,0.369,972104000.0,821168000.0,5781041000.0,5781041000.0,0.0,0.023,0.164,0.067,0.092,23175000.0,2579412000.0,1.0,256355016.0,254516000,256784000.0,22.714,5284415000.0,14626000.0,82105000.0,290630000.0,20.763,521523000.0
5,HMA,MRT,2012-06-30,2012-06-30,2012-06-30,2019-05-16,-67597000.0,6175607000.0,5981160250.0,1348896000.0,4826711000.0,0.93,3.449,-362965000.0,36300000.0,36300000.0,0.0,169427000.0,1.591,5.774,3773718000.0,92522000.0,3681196000.0,3773718000.0,0.0,309361000.0,0.0,0.0,0.0,512557000.0,821918000.0,0.148,821918000.0,512557000.0,227279000.0,0.57,0.56,0.57,877827000.0,792285500.0,877827000.0,5764630983.0,11.0,7.014,200218000.0,0.787,1.0,5561804000.0,1.0,1019340000.0,285278000.0,8045814000.0,7875370750.0,0.0,120016000.0,120016000.0,0.0,5068619000.0,847871000.0,4220748000.0,2012222983.0,-54007000.0,-601021000.0,0.0,388110000.0,0.0,357908000.0,-975098000.0,23199000.0,563183000.0,0.0,142450000.0,142450000.0,142450000.0,5388000.0,26977000.0,0.026,4993107000.0,568697000.0,181186000.0,0.0,2.292,14.126,13.772,3377695000.0,0.0,7.85,0.362,0.359,924027000.0,779824000.0,5561804000.0,5561804000.0,0.0,0.024,0.18,0.065,0.092,23280000.0,2491964000.0,1.0,256334138.0,254496000,256030000.0,21.854,5156267000.0,14341000.0,84829000.0,279830000.0,20.261,501025000.0
6,HMA,MRT,2012-03-31,2012-03-31,2012-03-31,2019-05-16,-79428000.0,6061373000.0,5712773750.0,1341104000.0,4720269000.0,0.93,3.247,-335246000.0,8396000.0,8396000.0,0.0,181149000.0,1.675,6.116,3760804000.0,86095000.0,3674709000.0,3760804000.0,0.0,286818000.0,0.0,0.0,0.0,509906000.0,796724000.0,0.15,796724000.0,509906000.0,248863000.0,0.62,0.61,0.62,822397000.0,738612500.0,822397000.0,5421302934.0,11.0,6.804,154693000.0,0.611,1.0,5315642000.0,1.0,1003918000.0,261043000.0,8009416000.0,7555674250.0,0.0,43041000.0,43041000.0,0.0,5029610000.0,800447000.0,4229163000.0,1709804934.0,-87400000.0,-655160000.0,8510000.0,400660000.0,0.0,370834000.0,-948173000.0,91889000.0,489939000.0,0.0,155616000.0,155616000.0,155616000.0,3950000.0,25533000.0,0.029,4751595000.0,564047000.0,185401000.0,0.0,2.079,10.987,10.839,3286029000.0,0.0,6.72,0.322,0.32,994719000.0,742870000.0,5315642000.0,5315642000.0,0.0,0.027,0.211,0.067,0.096,23410000.0,2392229000.0,1.0,254435258.0,253316000,255699000.0,20.984,5057455000.0,33331000.0,93247000.0,284919000.0,19.965,540657000.0
7,HMA,MRT,2011-12-31,2011-12-31,2011-12-31,2019-05-16,-95440000.0,6002951000.0,5458557500.0,1404569000.0,4598382000.0,0.932,3.013,-301878000.0,64143000.0,64143000.0,0.0,198546000.0,1.741,6.634,3782826000.0,85692000.0,3697134000.0,3782826000.0,0.0,272005000.0,0.0,0.0,0.0,501023000.0,773028000.0,0.152,773028000.0,501023000.0,277808000.0,0.69,0.68,0.69,757952000.0,682830750.0,757952000.0,5397211673.0,11.0,6.982,247967000.0,0.986,1.0,5086395000.0,1.0,1001061000.0,223215000.0,7913942000.0,7219746000.0,156529000.0,122277000.0,122277000.0,0.0,5028381000.0,806631000.0,4221750000.0,1872737673.0,-37669000.0,-577239000.0,14067000.0,412441000.0,0.0,401223000.0,-988737000.0,-64182000.0,549845000.0,0.0,173331000.0,173331000.0,173331000.0,2409000.0,25215000.0,0.034,4534924000.0,551471000.0,229398000.0,0.0,2.471,10.804,10.681,3265822000.0,0.0,7.37,0.368,0.364,899216000.0,693991000.0,5086395000.0,5086395000.0,0.0,0.032,0.254,0.069,0.099,21509000.0,2303030000.0,1.0,254102805.0,251541000,255037000.0,20.221,5001890000.0,60488000.0,104477000.0,278502000.0,19.885,597938000.0
8,HMA,MRT,2011-09-30,2011-09-30,2011-09-30,2019-05-16,-116867000.0,5684710000.0,5185341000.0,1233748000.0,4450962000.0,0.852,2.82,-265231000.0,88351000.0,88351000.0,0.0,197374000.0,1.839,6.692,3612825000.0,69860000.0,3542965000.0,3612825000.0,0.0,263733000.0,0.0,0.0,0.0,492311000.0,756044000.0,0.171,756044000.0,492311000.0,287092000.0,0.69,0.68,0.69,710966000.0,623566500.0,710966000.0,4892093411.0,10.0,6.471,269928000.0,1.07,1.0,4419044000.0,1.0,1006006000.0,205219000.0,7532311000.0,6882041500.0,0.0,37485000.0,37485000.0,0.0,4757871000.0,670867000.0,4087004000.0,1758391411.0,-157403000.0,-695775000.0,16074000.0,316234000.0,0.0,307913000.0,-1000475000.0,-4316000.0,535159000.0,0.0,172776000.0,172776000.0,172776000.0,14158000.0,24598000.0,0.039,3890449000.0,528595000.0,169471000.0,0.0,2.473,10.177,10.029,3179720000.0,0.0,6.92,0.398,0.395,799139000.0,674333000.0,4419044000.0,4419044000.0,0.0,0.033,0.277,0.072,0.111,21481000.0,2204901000.0,1.0,254102805.0,252157000,255124000.0,17.525,4678704000.0,44995000.0,114316000.0,240935000.0,18.555,562881000.0
9,HMA,MRT,2011-06-30,2011-06-30,2011-06-30,2019-05-16,-114829000.0,5102061000.0,4964119500.0,1269010000.0,3833051000.0,0.896,2.634,-250626000.0,90307000.0,90307000.0,0.0,187295000.0,2.278,6.372,3224009000.0,35660000.0,3188349000.0,3224009000.0,0.0,257956000.0,0.0,0.0,0.0,484245000.0,742201000.0,0.167,742201000.0,484245000.0,276217000.0,0.66,0.65,0.66,663135000.0,561144250.0,663135000.0,5845666610.0,12.0,7.876,229066000.0,0.91,1.0,4449784000.0,1.0,911632000.0,208028000.0,6767028000.0,6585115000.0,0.0,140430000.0,140430000.0,0.0,4225619000.0,557103000.0,3668516000.0,2729197610.0,-22330000.0,-197026000.0,16074000.0,-39896000.0,0.0,-47786000.0,-454236000.0,-147000.0,479692000.0,0.0,164341000.0,164341000.0,164341000.0,14539000.0,22954000.0,0.037,3931975000.0,517809000.0,169383000.0,0.0,4.116,16.607,16.333,2741546000.0,0.0,10.78,0.613,0.61,761776000.0,630605000.0,4449784000.0,4449784000.0,0.0,0.033,0.293,0.074,0.109,19953000.0,2149421000.0,1.0,253172320.0,251765000,255235000.0,17.674,4190429000.0,45340000.0,111876000.0,202856000.0,16.644,711907000.0
10,HMA,MRT,2011-03-31,2011-03-31,2011-03-31,2019-05-16,-114798000.0,5044508000.0,4868645000.0,1296668000.0,3747840000.0,0.915,2.397,-223730000.0,95796000.0,95796000.0,0.0,177675000.0,2.234,7.057,3212265000.0,33667000.0,3178598000.0,3212265000.0,0.0,253355000.0,0.0,0.0,0.0,470349000.0,723704000.0,0.162,723704000.0,470349000.0,260824000.0,0.63,0.62,0.63,599270000.0,503619750.0,599270000.0,5862475742.0,12.0,8.101,255901000.0,1.023,1.0,4455319000.0,1.0,914940000.0,209525000.0,6665703000.0,6493538000.0,0.0,131874000.0,131874000.0,0.0,4228960000.0,580334000.0,3648626000.0,2744336742.0,-11461000.0,-157831000.0,9465000.0,-39720000.0,0.0,-46949000.0,-444143000.0,-56299000.0,479631000.0,0.0,155387000.0,155387000.0,155387000.0,13311000.0,22288000.0,0.035,3955896000.0,499423000.0,188030000.0,0.0,4.579,17.661,17.302,2677986000.0,0.0,10.9,0.616,0.612,808950000.0,581994000.0,4455319000.0,4455319000.0,0.0,0.032,0.309,0.072,0.106,17968000.0,2086646000.0,1.0,251774013.0,250038000,253727000.0,17.819,4129568000.0,26255000.0,105437000.0,204491000.0,16.516,716334000.0
11,HMA,MRT,2010-12-31,2010-12-31,2010-12-31,2019-05-16,-131124000.0,4910085000.0,4782904000.0,1198380000.0,3711705000.0,0.934,2.098,-209020000.0,101812000.0,101812000.0,0.0,168982000.0,2.157,8.015,3219951000.0,34745000.0,3185206000.0,3219951000.0,0.0,249959000.0,0.0,0.0,0.0,459011000.0,708970000.0,0.159,708970000.0,459011000.0,246949000.0,0.6,0.59,0.6,520895000.0,454189500.0,520895000.0,5373274621.0,12.0,7.579,231255000.0,0.931,1.0,4465713000.0,1.0,909470000.0,212062000.0,6563124000.0,6419442250.0,137214000.0,57327000.0,57327000.0,0.0,4175112000.0,555630000.0,3619482000.0,2390921621.0,-4206000.0,-165094000.0,7469000.0,-40147000.0,0.0,-49483000.0,-394998000.0,-16843000.0,440275000.0,0.0,146803000.0,146803000.0,146803000.0,13526000.0,22179000.0,0.033,3979794000.0,485919000.0,184422000.0,0.0,4.59,16.287,15.9,2662947000.0,0.0,9.54,0.535,0.53,759131000.0,526470000.0,4465713000.0,4465713000.0,0.0,0.031,0.323,0.072,0.103,17749000.0,2017628000.0,1.0,250620715.0,248272000,251106000.0,17.987,4000615000.0,44961000.0,100146000.0,184229000.0,16.114,642750000.0
12,HMA,MRT,2010-09-30,2010-09-30,2010-09-30,2019-05-16,-155772000.0,4799824000.0,4706407500.0,1212841000.0,3586983000.0,1.035,1.856,-186740000.0,245754000.0,245754000.0,0.0,179165000.0,2.332,8.94,3228107000.0,35339000.0,3192768000.0,3228107000.0,0.0,243025000.0,0.0,0.0,0.0,465195000.0,708220000.0,0.145,708220000.0,465195000.0,251811000.0,0.63,0.63,0.63,461277000.0,412759500.0,461277000.0,5023921677.0,11.0,7.094,258324000.0,1.039,1.0,4869940000.0,1.0,917507000.0,213384000.0,6344605000.0,6356246000.0,0.0,33846000.0,33846000.0,0.0,4123874000.0,520065000.0,3603809000.0,1919754677.0,23408000.0,-176102000.0,6666000.0,-40584000.0,0.0,-29630000.0,-392026000.0,-29198000.0,445064000.0,0.0,156018000.0,156018000.0,156018000.0,-668000.0,23147000.0,0.032,4391919000.0,478021000.0,116479000.0,0.0,4.162,12.305,12.159,2525721000.0,0.0,7.66,0.394,0.391,676632000.0,498291000.0,4869940000.0,4869940000.0,0.0,0.033,0.378,0.073,0.096,15493000.0,1927550000.0,1.0,250620715.0,248526000,250972000.0,19.595,3882317000.0,31634000.0,95793000.0,153066000.0,15.621,692776000.0
13,HMA,MRT,2010-06-30,2010-06-30,2010-06-30,2019-05-16,-143610000.0,4720163000.0,4653272750.0,1183307000.0,3536856000.0,1.019,1.743,-175515000.0,112637000.0,112637000.0,0.0,171206000.0,2.298,9.436,3216804000.0,35644000.0,3181160000.0,3216804000.0,0.0,243650000.0,0.0,0.0,0.0,449368000.0,693018000.0,0.146,693018000.0,449368000.0,234511000.0,0.59,0.59,0.59,433037000.0,381859750.0,433037000.0,5063666359.0,11.0,7.307,254035000.0,1.023,1.0,4741481000.0,1.0,908708000.0,214857000.0,6400720000.0,6308831000.0,0.0,140395000.0,140395000.0,0.0,4086295000.0,514902000.0,3571393000.0,1945102359.0,-51972000.0,-149723000.0,15161000.0,-49674000.0,0.0,-16659000.0,-464863000.0,-136222000.0,429550000.0,0.0,146170000.0,146170000.0,146170000.0,-1420000.0,25036000.0,0.031,4275742000.0,465739000.0,156335000.0,0.0,4.492,13.307,13.169,2488493000.0,0.0,7.77,0.41,0.407,655480000.0,462998000.0,4741481000.0,4741481000.0,0.0,0.031,0.383,0.071,0.095,13219000.0,1871376000.0,1.0,250334924.0,248390000,251198000.0,19.089,3811455000.0,50114000.0,88341000.0,156581000.0,15.345,668405000.0
14,HMA,MRT,2010-03-31,2010-03-31,2010-03-31,2019-05-16,-129855000.0,4701544000.0,4601692500.0,1186090000.0,3515454000.0,1.009,1.622,-166996000.0,107257000.0,107257000.0,0.0,164791000.0,2.188,10.212,3225821000.0,35936000.0,3189885000.0,3225821000.0,0.0,243277000.0,0.0,0.0,0.0,438844000.0,682121000.0,0.147,682121000.0,438844000.0,222335000.0,0.56,0.56,0.56,401549000.0,351162000.0,401549000.0,5265902084.0,12.0,7.72,243366000.0,0.983,1.0,4643145000.0,1.0,908708000.0,216509000.0,6369320000.0,6237556000.0,0.0,72216000.0,72216000.0,0.0,4100761000.0,542080000.0,3558681000.0,2148786084.0,4370000.0,-149723000.0,13260000.0,-77878000.0,0.0,-37247000.0,-368745000.0,-71657000.0,410362000.0,0.0,139106000.0,139106000.0,139106000.0,-2795000.0,25685000.0,0.03,4187979000.0,455166000.0,157142000.0,0.0,5.351,15.447,15.357,2481495000.0,0.0,8.6,0.463,0.459,741534000.0,423341000.0,4643145000.0,4643145000.0,0.0,0.03,0.396,0.07,0.095,11401000.0,1827078000.0,1.0,249858847.0,247555000,249867000.0,18.756,3792836000.0,36569000.0,83229000.0,175442000.0,15.321,644010000.0
15,HMA,MRT,2009-12-31,2009-12-31,2009-12-31,2019-05-16,-120242000.0,4604099000.0,4557309000.0,1111963000.0,3492136000.0,0.995,1.447,-198878000.0,106018000.0,106018000.0,0.0,163941000.0,2.114,11.431,3223134000.0,35989000.0,3187145000.0,3223134000.0,0.0,241683000.0,0.0,0.0,0.0,439057000.0,680740000.0,0.15,680740000.0,439057000.0,221119000.0,0.56,0.56,0.56,355175000.0,309811000.0,355175000.0,4710890548.0,11.0,6.92,250291000.0,1.02,1.0,4536106000.0,1.0,884979000.0,217938000.0,6310339000.0,6190653250.0,115433000.0,36585000.0,36585000.0,0.0,4060006000.0,525897000.0,3534109000.0,1805782548.0,-37596000.0,-138764000.0,9699000.0,-156787000.0,0.0,-128009000.0,-358756000.0,-36527000.0,449169000.0,0.0,138182000.0,138182000.0,138182000.0,-2638000.0,25759000.0,0.03,4094666000.0,441440000.0,153129000.0,0.0,5.084,13.068,12.982,2465748000.0,0.0,7.27,0.398,0.393,656171000.0,376401000.0,4536106000.0,4536106000.0,0.0,0.03,0.446,0.071,0.097,10649000.0,1779440000.0,1.0,248388246.0,245381000,246965000.0,18.486,3719120000.0,58852000.0,82937000.0,176428000.0,15.157,586066000.0
16,HMA,MRT,2009-09-30,2009-09-30,2009-09-30,2019-05-16,-131229000.0,4587285000.0,4544842250.0,1164255000.0,3423030000.0,0.979,1.377,-212717000.0,222346000.0,222346000.0,0.0,136072000.0,2.532,12.027,3127454000.0,36428000.0,3091026000.0,3127454000.0,0.0,243674000.0,0.0,0.0,0.0,407573000.0,651247000.0,0.146,651247000.0,407573000.0,185615000.0,0.45,0.45,0.45,337678000.0,265797500.0,337678000.0,4811053684.0,12.0,7.387,198010000.0,0.807,1.0,4449489000.0,1.0,877652000.0,221958000.0,6154945000.0,6186114000.0,0.0,0.0,0.0,0.0,4061396000.0,459796000.0,3601600000.0,1847309684.0,42314000.0,-6675000.0,8495000.0,-181100000.0,0.0,-165454000.0,-202959000.0,0.0,410727000.0,0.0,111084000.0,111084000.0,111084000.0,12520000.0,24988000.0,0.025,4032786000.0,416703000.0,108684000.0,0.0,5.471,16.63,16.644,2385778000.0,0.0,7.49,0.415,0.413,618143000.0,342273000.0,4449489000.0,4449489000.0,0.0,0.024,0.418,0.066,0.092,12497000.0,1763987000.0,1.0,246636807.0,245234000,247514000.0,18.144,3709633000.0,33482000.0,74531000.0,155537000.0,15.127,704459000.0
17,HMA,MRT,2009-06-30,2009-06-30,2009-06-30,2019-05-16,-122188000.0,4513842000.0,4540047250.0,1022328000.0,3491514000.0,0.966,1.267,-231198000.0,164609000.0,164609000.0,0.0,119531000.0,2.203,13.021,3128353000.0,37553000.0,3090800000.0,3128353000.0,0.0,241503000.0,0.0,0.0,0.0,390644000.0,632147000.0,0.144,632147000.0,390644000.0,163270000.0,0.39,0.39,0.39,310246000.0,240810000.0,310246000.0,4269548746.0,11.0,6.754,154881000.0,0.633,1.0,4387810000.0,1.0,897847000.0,227374000.0,6115620000.0,6219717000.0,0.0,0.0,0.0,0.0,4039630000.0,464119000.0,3575511000.0,1218262746.0,-249877000.0,8560000.0,0.0,-455838000.0,0.0,-438604000.0,-197352000.0,0.0,386079000.0,0.0,96450000.0,96450000.0,96450000.0,17743000.0,23081000.0,0.022,3986774000.0,401036000.0,126701000.0,0.0,3.927,12.631,12.667,2434067000.0,0.0,4.94,0.278,0.276,623748000.0,316828000.0,4387810000.0,4387810000.0,0.0,0.021,0.401,0.063,0.089,14746000.0,1766408000.0,1.0,246611892.0,244834000,245914000.0,17.922,3615995000.0,17006000.0,66820000.0,134889000.0,14.769,558209000.0
18,HMA,MRT,2009-03-31,2009-03-31,2009-03-31,2019-05-16,-161133000.0,4524010000.0,4615557500.0,1029591000.0,3494419000.0,0.945,0.965,-227708000.0,102887000.0,102887000.0,0.0,102668000.0,2.077,17.514,3154173000.0,40744000.0,3113429000.0,3154173000.0,0.0,243507000.0,0.0,0.0,0.0,379977000.0,623484000.0,0.143,623484000.0,379977000.0,143829000.0,0.33,0.33,0.33,236145000.0,222948750.0,236145000.0,3742674571.0,10.0,6.003,144136000.0,0.589,1.0,4361412000.0,1.0,897949000.0,236148000.0,6181709000.0,6275932250.0,0.0,0.0,0.0,0.0,4135819000.0,495638000.0,3640181000.0,636261571.0,-351981000.0,8560000.0,0.0,-548825000.0,0.0,-536272000.0,-187553000.0,0.0,371844000.0,0.0,80907000.0,80907000.0,80907000.0,28571000.0,21761000.0,0.019,3967263000.0,394149000.0,177711000.0,0.0,2.694,7.864,7.818,2436652000.0,0.0,2.58,0.146,0.145,674852000.0,284235000.0,4361412000.0,4361412000.0,0.0,0.018,0.363,0.061,0.087,16541000.0,1775900000.0,1.0,246613012.0,244774000,245229000.0,17.818,3626061000.0,37551000.0,62922000.0,108017000.0,14.814,533953000.0
19,HMA,MRT,2008-12-31,2008-12-31,2008-12-31,2019-05-16,-169914000.0,4554232000.0,4714890750.0,1108960000.0,3445272000.0,0.912,0.736,-209919000.0,143614000.0,143614000.0,0.0,184157000.0,2.261,23.557,3255702000.0,62792000.0,3192910000.0,3255702000.0,0.0,242483000.0,0.0,0.0,0.0,531656000.0,774139000.0,0.18,774139000.0,531656000.0,286251000.0,0.69,0.69,0.69,179121000.0,203424750.0,179121000.0,3555782045.0,7.0,4.593,185569000.0,0.763,1.0,4301664000.0,1.0,883686000.0,245405000.0,6292182000.0,6406679000.0,113778000.0,0.0,0.0,0.0,4219553000.0,490452000.0,3729101000.0,436811045.0,19627000.0,9640000.0,0.0,-522566000.0,0.0,-199745000.0,-176116000.0,0.0,395488000.0,0.0,168149000.0,168149000.0,168149000.0,27164000.0,16008000.0,0.039,3908164000.0,393500000.0,184850000.0,0.0,2.439,2.598,2.594,2388070000.0,0.0,1.79,0.102,0.101,621505000.0,238219000.0,4301664000.0,4301664000.0,0.0,0.036,0.827,0.083,0.124,18226000.0,1770887000.0,1.0,244028517.0,243307000,244671000.0,17.68,3670546000.0,68570000.0,118102000.0,94023000.0,15.086,618508000.0
20,HMA,MRT,2008-09-30,2008-09-30,2008-09-30,2019-05-16,-67719000.0,4568105000.0,4737312500.0,1065596000.0,3502509000.0,0.905,0.977,-201494000.0,180032000.0,180032000.0,0.0,182288000.0,2.133,18.216,3299003000.0,42245000.0,3256758000.0,3299003000.0,0.0,242140000.0,0.0,0.0,0.0,553271000.0,795411000.0,0.186,795411000.0,553271000.0,298231000.0,0.69,0.7,0.69,237728000.0,178901500.0,237728000.0,4188741256.0,8.0,5.266,230191000.0,0.946,1.0,4285658000.0,1.0,898170000.0,255040000.0,6289357000.0,6531031750.0,0.0,0.0,0.0,0.0,4330377000.0,499549000.0,3830828000.0,1016544256.0,65411000.0,51873000.0,0.0,-506740000.0,0.0,-220139000.0,-146135000.0,0.0,431685000.0,0.0,171208000.0,171208000.0,171208000.0,42088000.0,11080000.0,0.04,3898063000.0,387595000.0,189968000.0,0.0,4.276,5.937,6.029,2413145000.0,0.0,4.16,0.237,0.236,639176000.0,224382000.0,4285658000.0,4285658000.0,0.0,0.036,0.957,0.085,0.129,17441000.0,1760624000.0,1.0,244361600.0,243286000,244805000.0,17.616,3669935000.0,31266000.0,127023000.0,117884000.0,15.085,566047000.0
21,HMA,MRT,2008-06-30,2008-06-30,2008-06-30,2019-05-16,-55391000.0,4815883000.0,4755785000.0,1307286000.0,3508597000.0,0.898,0.982,-205262000.0,414486000.0,414486000.0,0.0,197382000.0,1.748,19.167,3586683000.0,320103000.0,3266580000.0,3586683000.0,0.0,239859000.0,0.0,0.0,0.0,587050000.0,826909000.0,0.194,826909000.0,587050000.0,328032000.0,0.77,0.78,0.77,238801000.0,148102500.0,238801000.0,4833423993.0,8.0,5.845,151222000.0,0.622,1.0,4272250000.0,1.0,899550000.0,259018000.0,6340481000.0,6603318500.0,0.0,0.0,0.0,0.0,4577082000.0,748049000.0,3829033000.0,1583659993.0,304074000.0,107207000.0,74000.0,-223343000.0,216000.0,44457000.0,-96867000.0,0.0,356484000.0,0.0,190871000.0,190871000.0,190871000.0,32828000.0,6511000.0,0.045,3862426000.0,409824000.0,174076000.0,0.0,6.632,8.297,8.455,2405927000.0,0.0,6.51,0.371,0.371,624122000.0,217979000.0,4272250000.0,4272250000.0,0.0,0.04,1.289,0.089,0.137,17274000.0,1741538000.0,1.0,243265744.0,243268000,245778000.0,17.562,3916333000.0,41825000.0,137161000.0,129224000.0,16.099,559237000.0
22,HMA,MRT,2008-03-31,2008-03-31,2008-03-31,2019-05-16,-121118000.0,4921343000.0,4742833750.0,1397988000.0,3523355000.0,0.892,0.65,-252453000.0,454868000.0,454868000.0,0.0,186853000.0,2.456,30.138,3704632000.0,150073000.0,3554559000.0,3704632000.0,0.0,231129000.0,0.0,0.0,0.0,574398000.0,805527000.0,0.19,805527000.0,574398000.0,316711000.0,0.75,0.76,0.75,158049000.0,118751250.0,158049000.0,4926461914.0,9.0,6.116,125279000.0,0.515,1.0,4230987000.0,1.0,897202000.0,257687000.0,6704696000.0,6752943250.0,0.0,0.0,0.0,0.0,4763294000.0,569209000.0,4194085000.0,1286366914.0,356293000.0,71080000.0,1774000.0,-106148000.0,216000.0,161220000.0,-182659000.0,0.0,377732000.0,0.0,185727000.0,185727000.0,185727000.0,27110000.0,1126000.0,0.044,3839501000.0,391486000.0,168288000.0,0.0,8.139,6.926,7.053,2405352000.0,0.0,5.29,0.304,0.304,657799000.0,205582000.0,4230987000.0,4230987000.0,0.0,0.039,1.564,0.085,0.136,17839000.0,1717911000.0,1.0,243169549.0,243187000,243734000.0,17.398,4024141000.0,63339000.0,130984000.0,95876000.0,16.548,828779000.0
23,HMA,MRT,2007-12-31,2007-12-31,2007-12-31,2019-05-16,-57860000.0,4643919000.0,4669957500.0,1118420000.0,3525499000.0,0.896,0.334,-255848000.0,123987000.0,123987000.0,0.0,117834000.0,1.872,56.313,3764367000.0,197798000.0,3566569000.0,3764367000.0,0.0,221760000.0,0.0,1.672,10.0,416084000.0,637844000.0,0.152,637844000.0,416084000.0,189449000.0,0.48,0.48,0.48,81028000.0,96989500.0,81028000.0,5118520367.0,12.0,8.025,55857000.0,0.231,1.0,4185819000.0,1.0,897274000.0,226635000.0,6789593000.0,6806926000.0,115492000.0,0.0,0.0,0.0,4562891000.0,597432000.0,3965459000.0,1451166367.0,57173000.0,70000000.0,24793000.0,2360293000.0,-2425001000.0,-67028000.0,-187504000.0,0.0,311705000.0,0.0,117508000.0,117508000.0,117508000.0,1959000.0,326000.0,0.028,3774002000.0,411817000.0,154644000.0,20.833,17.909,12.35,12.458,2403746000.0,0.0,5.98,0.347,0.346,627879000.0,71706000.0,4185819000.0,4185819000.0,0.0,0.025,1.212,0.061,0.099,18129000.0,1682954000.0,1.0,242669961.0,242308000,245119000.0,17.275,3746645000.0,120473000.0,71941000.0,70457000.0,15.462,520988000.0
24,HMA,MRT,2007-09-30,2007-09-30,2007-09-30,2019-05-16,-10307000.0,4641995000.0,4631715750.0,1062729000.0,3579266000.0,0.899,0.472,-289642000.0,114621000.0,114621000.0,0.0,51214000.0,1.294,39.53,3781975000.0,376717000.0,3405258000.0,3781975000.0,0.0,211146000.0,0.0,1.45,10.06,282319000.0,493465000.0,0.118,493465000.0,282319000.0,96461000.0,0.21,0.21,0.21,114532000.0,678263000.0,114532000.0,5359016355.0,19.0,10.86,41867000.0,0.173,1.0,4165806000.0,1.0,909589000.0,185858000.0,6578504000.0,6204129000.0,0.0,0.0,0.0,0.0,4527463000.0,821256000.0,3706207000.0,1682710355.0,58725000.0,33873000.0,13086000.0,2394054000.0,-2439541000.0,-26841000.0,-245943000.0,0.0,331509000.0,0.0,51214000.0,51214000.0,51214000.0,22548000.0,0.0,0.012,3881146000.0,284660000.0,171095000.0,47.905,14.692,32.856,33.048,2459600000.0,0.0,6.94,0.404,0.404,649589000.0,59246000.0,4165806000.0,4165806000.0,0.0,0.011,0.076,0.046,0.068,18896000.0,1651063000.0,1.0,242465469.0,242463000,245137000.0,17.181,3732406000.0,105825000.0,45247000.0,122537000.0,15.394,241473000.0
25,HMA,MRT,2007-06-30,2007-06-30,2007-06-30,2019-05-16,36740000.0,4764078000.0,4608956000.0,1172052000.0,3592026000.0,0.891,0.501,-298518000.0,110412000.0,110412000.0,0.0,95176000.0,1.947,38.244,3786718000.0,50291000.0,3736427000.0,3786718000.0,0.0,200392000.0,0.0,0.891,10.12,298318000.0,498710000.0,0.121,498710000.0,298318000.0,165422000.0,0.4,0.4,0.4,121396000.0,1271192250.0,121396000.0,6449878537.0,22.0,12.933,110403000.0,0.456,1.0,4108240000.0,1.0,899290000.0,132896000.0,6938980000.0,5666620000.0,0.0,0.0,0.0,0.0,4642682000.0,602114000.0,4040568000.0,2752588537.0,34545000.0,-1235000.0,6389000.0,2363469000.0,-2454214000.0,-77161000.0,-297215000.0,0.0,408921000.0,0.0,95176000.0,95176000.0,95176000.0,15479000.0,0.0,0.023,3810913000.0,297327000.0,200833000.0,25.3,22.674,28.921,28.4,2442072000.0,0.0,11.36,0.67,0.67,642033000.0,28772000.0,4108240000.0,4108240000.0,0.0,0.021,0.075,0.053,0.073,17015000.0,1631764000.0,1.0,242305329.0,242355000,246794000.0,16.951,3864788000.0,148289000.0,70246000.0,204837000.0,15.947,569938000.0
26,HMA,MRT,2007-03-31,2007-03-31,2007-03-31,2019-05-16,250000.0,4629838000.0,4555702750.0,1079870000.0,3549968000.0,0.887,0.294,-247560000.0,98575000.0,98575000.0,0.0,160575000.0,2.204,64.207,3795865000.0,49840000.0,3746025000.0,3795865000.0,0.0,189260000.0,0.0,0.937,10.18,351956000.0,541216000.0,0.134,541216000.0,351956000.0,269397000.0,0.67,0.67,0.67,71002000.0,1844823750.0,71002000.0,3906689431.0,11.0,7.218,133097000.0,0.551,1.0,4041002000.0,1.0,916555000.0,82559000.0,6920627000.0,5011203250.0,0.0,0.0,0.0,0.0,4558836000.0,489946000.0,4068890000.0,2631799431.0,24459000.0,-147674000.0,7000000.0,2518475000.0,-2468657000.0,65688000.0,-421886000.0,0.0,380657000.0,0.0,160575000.0,160575000.0,160575000.0,11467000.0,0.0,0.04,3691014000.0,349988000.0,151969000.0,15.194,37.067,16.39,16.224,2439346000.0,0.0,10.87,0.651,0.65,668816000.0,16866000.0,4041002000.0,4041002000.0,0.0,0.035,0.087,0.07,0.087,16773000.0,1601938000.0,1.0,242115863.0,241652000,244400000.0,16.722,3713283000.0,97086000.0,108822000.0,102501000.0,15.366,589924000.0
27,HMA,MRT,2006-12-31,2006-12-31,2006-12-31,2019-05-16,654000.0,4490952000.0,4467911250.0,1045674000.0,3445278000.0,0.882,9.995,-326563000.0,66814000.0,66814000.0,0.0,182749000.0,2.212,0.866,1340840000.0,44437000.0,1296403000.0,1340840000.0,0.0,181247000.0,0.0,0.011,0.24,360652000.0,541899000.0,0.138,541899000.0,360652000.0,302946000.0,0.76,0.75,0.76,2406122000.0,2415766750.0,2406122000.0,6337264500.0,18.0,11.695,123495000.0,0.513,1.0,3940262000.0,1.0,913908000.0,57706000.0,4378405000.0,4280168000.0,107194000.0,0.0,0.0,0.0,2084830000.0,472665000.0,1612165000.0,5078250500.0,-3095000.0,-147674000.0,-14311000.0,120144000.0,-57877000.0,47216000.0,-500369000.0,0.0,450058000.0,0.0,182749000.0,182749000.0,182749000.0,8254000.0,0.0,0.046,3581912000.0,358350000.0,176088000.0,0.316,2.111,27.788,27.776,2395237000.0,0.0,21.11,1.289,1.29,633555000.0,2329756000.0,3940262000.0,3940262000.0,0.0,0.041,0.076,0.084,0.092,16961000.0,1561702000.0,1.0,240561369.0,240723000,243340000.0,16.368,3577044000.0,94206000.0,120197000.0,127225000.0,14.86,573009000.0
28,HMA,MRT,2006-09-30,2006-09-30,2006-09-30,2019-05-16,618000.0,4550956000.0,4367979250.0,1127541000.0,3423415000.0,0.896,10.333,-321004000.0,55896000.0,55896000.0,0.0,314495000.0,2.385,0.83,1314910000.0,29900000.0,1285010000.0,1314910000.0,0.0,173108000.0,0.0,0.011,0.24,539339000.0,712447000.0,0.182,712447000.0,539339000.0,504712000.0,1.3,1.3,1.3,2486249000.0,2380280000.0,2486249000.0,6211700853.0,12.0,8.719,139675000.0,0.581,1.0,3914190000.0,1.0,908817000.0,34627000.0,4428468000.0,4046168750.0,0.0,0.0,0.0,0.0,2064707000.0,472685000.0,1592022000.0,5021903853.0,13537000.0,-236718000.0,-130850000.0,299018000.0,-58063000.0,105133000.0,-552275000.0,0.0,460679000.0,0.0,314495000.0,314495000.0,314495000.0,-13329000.0,0.0,0.08,3379986000.0,534204000.0,126145000.0,0.185,2.02,15.968,16.077,2377987000.0,0.0,20.9,1.283,1.285,815101000.0,2400501000.0,3914190000.0,3914190000.0,0.0,0.072,0.132,0.133,0.138,13242000.0,1560864000.0,1.0,240282481.0,240605000,243240000.0,16.268,3642139000.0,36566000.0,190217000.0,112900000.0,15.137,654856000.0
29,HMA,MRT,2006-06-30,2006-06-30,2006-06-30,2019-05-16,-12000.0,4551065000.0,4227283000.0,1163787000.0,3387278000.0,0.889,10.031,-311446000.0,156458000.0,156458000.0,0.0,327849000.0,2.318,0.884,1346255000.0,27355000.0,1318900000.0,1346255000.0,0.0,165180000.0,0.0,0.011,0.22,547030000.0,712210000.0,0.189,712210000.0,547030000.0,522169000.0,1.35,1.34,1.35,2415922000.0,2331082500.0,2415922000.0,5815881021.0,11.0,8.166,187164000.0,0.777,1.0,3758725000.0,1.0,921402000.0,24861000.0,4317313000.0,3687102500.0,0.0,0.0,0.0,0.0,2135143000.0,502147000.0,1632996000.0,4745563021.0,2872000.0,-271726000.0,-172952000.0,306853000.0,-53467000.0,79763000.0,-575501000.0,0.0,498610000.0,0.0,327849000.0,327849000.0,327849000.0,-5996000.0,0.0,0.087,3244471000.0,514254000.0,221109000.0,0.163,1.964,14.475,14.6,2344414000.0,0.0,19.71,1.263,1.263,776212000.0,2351702000.0,3758725000.0,3758725000.0,0.0,0.078,0.141,0.148,0.146,12903000.0,1499441000.0,1.0,240769306.0,240842000,243561000.0,15.607,3629663000.0,32788000.0,194320000.0,161051000.0,15.071,661640000.0
30,HMA,MRT,2006-03-31,2006-03-31,2006-03-31,2019-05-16,131000.0,4278672000.0,4087028250.0,1079966000.0,3198706000.0,0.907,9.784,-362422000.0,134623000.0,134623000.0,0.0,337316000.0,2.421,0.817,1204941000.0,12338000.0,1192603000.0,1204941000.0,0.0,160951000.0,0.0,0.009,0.2,553135000.0,714086000.0,0.193,714086000.0,553135000.0,536710000.0,1.38,1.37,1.38,2354774000.0,2298578000.0,2354774000.0,6249118163.0,11.0,8.751,202339000.0,0.841,1.0,3706742000.0,1.0,906439000.0,16425000.0,3996486000.0,3529571250.0,0.0,0.0,0.0,0.0,1923898000.0,446065000.0,1477833000.0,5190769163.0,21720000.0,-91016000.0,-163131000.0,74432000.0,-48892000.0,-138498000.0,-404496000.0,0.0,564761000.0,0.0,337316000.0,337316000.0,337316000.0,-6091000.0,0.0,0.091,3186306000.0,520436000.0,190385000.0,0.145,2.204,15.388,15.63,2174029000.0,0.0,21.57,1.4,1.401,766021000.0,2288840000.0,3706742000.0,3706742000.0,0.0,0.083,0.147,0.157,0.149,9048000.0,1456129000.0,1.0,240647620.0,240686000,243420000.0,15.401,3372233000.0,2738000.0,199394000.0,143287000.0,14.011,633901000.0
31,HMA,MRT,2005-12-31,2005-12-31,2005-12-31,2019-05-16,-88000.0,4091224000.0,4004599000.0,1010282000.0,3080942000.0,0.9,9.396,-300003000.0,69909000.0,69909000.0,0.0,349866000.0,1.084,0.807,1204284000.0,585105000.0,619179000.0,1204284000.0,0.0,155082000.0,0.0,0.008,0.18,569008000.0,724090000.0,0.201,724090000.0,569008000.0,557170000.0,1.43,1.41,1.43,2264175000.0,2258405750.0,2264175000.0,6201048815.0,11.0,8.564,221004000.0,0.917,1.0,3605412000.0,1.0,851396000.0,11838000.0,3442408000.0,3482680250.0,89789000.0,0.0,0.0,0.0,1827049000.0,931795000.0,895254000.0,5279636815.0,-86318000.0,-410926000.0,-133717000.0,235130000.0,-43419000.0,58609000.0,-665868000.0,0.0,521007000.0,0.0,349866000.0,349866000.0,349866000.0,-5080000.0,0.0,0.097,3070850000.0,534562000.0,151013000.0,0.126,2.332,15.09,15.357,2078874000.0,0.0,21.96,1.464,1.468,704159000.0,2204884000.0,3605412000.0,3605412000.0,0.0,0.087,0.155,0.163,0.158,5170000.0,1415095000.0,1.0,240420620.0,240964000,244697000.0,14.962,3239828000.0,0.0,207304000.0,129287000.0,13.445,78487000.0
32,HMA,MRT,2005-09-30,2005-09-30,2005-09-30,2019-05-16,128000.0,3988171000.0,3889842750.0,988155000.0,3000016000.0,0.9,9.324,-269797000.0,78575000.0,78575000.0,0.0,353077000.0,0.924,0.742,999987000.0,633338000.0,366649000.0,999987000.0,0.0,152030000.0,0.0,0.007,0.16,573172000.0,725202000.0,0.207,725202000.0,573172000.0,562322000.0,1.44,1.42,1.44,2289459000.0,2208103250.0,2289459000.0,6706656521.0,12.0,9.248,294445000.0,1.199,1.0,3501765000.0,1.0,848523000.0,10850000.0,2992203000.0,3441985750.0,0.0,0.0,0.0,0.0,1698712000.0,1068857000.0,629855000.0,5801545521.0,-34371000.0,-341990000.0,933000.0,42019000.0,-38632000.0,-12426000.0,-586187000.0,0.0,564242000.0,0.0,353077000.0,353077000.0,353077000.0,-3181000.0,0.0,0.101,2960886000.0,540879000.0,181776000.0,0.111,2.534,16.431,16.299,2032752000.0,0.0,23.47,1.657,1.646,681440000.0,2140393000.0,3501765000.0,3501765000.0,0.0,0.091,0.16,0.167,0.164,2416000.0,1368837000.0,1.0,247189839.0,245538000,248976000.0,14.262,3139648000.0,0.0,209245000.0,136457000.0,12.787,-80702000.0
33,HMA,MRT,2005-06-30,2005-06-30,2005-06-30,2019-05-16,0.0,3990046000.0,3763345500.0,997195000.0,2992851000.0,0.891,9.263,-226843000.0,109211000.0,109211000.0,0.0,339317000.0,2.857,0.746,1014322000.0,10036000.0,1004286000.0,1014322000.0,0.0,141980000.0,0.0,0.005,0.14,561965000.0,703945000.0,0.21,703945000.0,561965000.0,548728000.0,1.38,1.37,1.38,2285904000.0,2130241000.0,2285904000.0,7470172534.0,13.0,10.612,343901000.0,1.394,1.0,3352726000.0,1.0,858895000.0,13237000.0,3687188000.0,3505102000.0,0.0,0.0,0.0,0.0,1704142000.0,349074000.0,1355068000.0,6454540534.0,-6401000.0,-342044000.0,50785000.0,-21606000.0,-33738000.0,26082000.0,-597715000.0,0.0,570744000.0,0.0,339317000.0,339317000.0,339317000.0,-1528000.0,0.0,0.101,2790705000.0,562021000.0,166155000.0,0.101,2.824,19.022,18.971,1984829000.0,0.0,26.18,1.925,1.927,668481000.0,2076989000.0,3352726000.0,3352726000.0,0.0,0.09,0.159,0.16,0.168,6000000.0,1289330000.0,1.0,246544711.0,246785000,250654000.0,13.586,3131151000.0,65959000.0,209411000.0,202774000.0,12.688,648121000.0
34,HMA,MRT,2005-03-31,2005-03-31,2005-03-31,2019-05-16,0.0,3948955000.0,3620752000.0,1013095000.0,2935860000.0,0.891,8.954,-188931000.0,88612000.0,88612000.0,0.0,341828000.0,3.062,0.8,1104244000.0,10328000.0,1093916000.0,1104244000.0,0.0,137205000.0,0.0,0.005,0.12,566374000.0,703579000.0,0.218,703579000.0,566374000.0,552349000.0,1.4,1.38,1.4,2194085000.0,2037621500.0,2194085000.0,7133115521.0,13.0,10.138,350466000.0,1.43,1.0,3225184000.0,1.0,824853000.0,14025000.0,3808922000.0,3411344750.0,0.0,0.0,0.0,0.0,1754870000.0,330812000.0,1424058000.0,6388027521.0,-14182000.0,-338946000.0,44126000.0,-9055000.0,-28831000.0,27108000.0,-575222000.0,0.0,539397000.0,0.0,341828000.0,341828000.0,341828000.0,-1511000.0,0.0,0.106,2657995000.0,567189000.0,161410000.0,0.086,2.911,18.688,18.7,1924779000.0,0.0,26.18,1.981,1.989,726144000.0,2000085000.0,3225184000.0,3225184000.0,0.0,0.094,0.168,0.166,0.176,5100000.0,1253254000.0,1.0,244004107.0,245030000,248888000.0,13.162,3124102000.0,48647000.0,210521000.0,175550000.0,12.75,682283000.0
35,HMA,MRT,2004-12-31,2004-12-31,2004-12-31,2019-05-16,0.0,3632199000.0,3483764250.0,1017740000.0,2614459000.0,0.904,8.465,-185825000.0,192443000.0,192443000.0,0.0,332540000.0,2.964,0.761,937531000.0,10319000.0,927212000.0,937531000.0,0.0,134554000.0,0.0,0.004,0.1,552228000.0,686782000.0,0.218,686782000.0,552228000.0,537310000.0,1.36,1.35,1.36,2062965000.0,1945508500.0,2062965000.0,6363459925.0,12.0,9.266,335369000.0,1.376,1.0,3150932000.0,1.0,754253000.0,14918000.0,3279630000.0,3307538750.0,0.0,0.0,0.0,0.0,1569234000.0,343404000.0,1225830000.0,5541145925.0,73093000.0,-10554000.0,16152000.0,-198929000.0,-24824000.0,-206278000.0,-236377000.0,0.0,521194000.0,0.0,332540000.0,332540000.0,332540000.0,-2012000.0,0.0,0.106,2597894000.0,553038000.0,140890000.0,0.074,2.686,16.663,16.706,1712993000.0,0.0,22.72,1.759,1.757,638240000.0,1909287000.0,3150932000.0,3150932000.0,0.0,0.095,0.171,0.167,0.175,4200000.0,1224954000.0,1.0,243888465.0,243714000,247379000.0,12.929,2877946000.0,48647000.0,204770000.0,194429000.0,11.809,674336000.0
36,HMA,MRT,2004-09-30,2004-09-30,2004-09-30,2019-05-16,0.0,3482182000.0,3411796250.0,958112000.0,2524070000.0,0.906,8.149,-196606000.0,112946000.0,112946000.0,0.0,325099000.0,3.021,0.76,935260000.0,9742000.0,925518000.0,935260000.0,0.0,129280000.0,0.0,0.004,0.08,540964000.0,670244000.0,0.217,670244000.0,540964000.0,524809000.0,1.34,1.32,1.34,1978010000.0,1864048000.0,1978010000.0,5890077502.0,11.0,8.788,261396000.0,1.077,1.0,3092547000.0,1.0,742661000.0,16155000.0,3244668000.0,3262717750.0,78927000.0,0.0,0.0,0.0,1504172000.0,317167000.0,1187005000.0,4972749502.0,-282392000.0,-517944000.0,27389000.0,1032000.0,-19789000.0,8632000.0,-743646000.0,0.0,458002000.0,0.0,325099000.0,325099000.0,325099000.0,-2746000.0,0.0,0.105,2551029000.0,541518000.0,150268000.0,0.06,2.514,15.296,15.246,1679655000.0,0.0,20.43,1.608,1.603,626149000.0,1830736000.0,3092547000.0,3092547000.0,0.0,0.095,0.174,0.166,0.175,3300000.0,1205231000.0,1.0,243404283.0,242725000,246826000.0,12.741,2739521000.0,23541000.0,199710000.0,121618000.0,11.287,640945000.0
37,HMA,MRT,2004-06-30,2004-06-30,2004-06-30,2019-05-16,0.0,3419672000.0,3293882250.0,897641000.0,2522031000.0,0.921,7.877,-215771000.0,115612000.0,115612000.0,0.0,320851000.0,2.97,0.785,1032940000.0,8790000.0,1024150000.0,1032940000.0,0.0,126732000.0,0.0,0.004,0.08,530821000.0,657553000.0,0.217,657553000.0,530821000.0,514382000.0,1.33,1.3,1.33,1915426000.0,1778814250.0,1915426000.0,6458944546.0,12.0,9.823,181147000.0,0.745,1.0,3034451000.0,1.0,722572000.0,16439000.0,3312159000.0,3172528250.0,0.0,0.0,0.0,0.0,1504246000.0,302269000.0,1201977000.0,5449391546.0,-132662000.0,-624982000.0,35113000.0,352873000.0,-19899000.0,335557000.0,-864322000.0,0.0,396918000.0,0.0,320851000.0,320851000.0,320851000.0,-1044000.0,0.0,0.106,2494393000.0,540058000.0,145401000.0,0.06,2.845,16.984,16.857,1703462000.0,0.0,22.42,1.796,1.797,632314000.0,1771411000.0,3034451000.0,3034451000.0,0.0,0.097,0.18,0.167,0.175,0.0,1183726000.0,1.0,243059391.0,243175000,247136000.0,12.478,2697100000.0,30027000.0,193531000.0,60012000.0,11.091,595372000.0
38,HMA,MRT,2004-03-31,2004-03-31,2004-03-31,2019-05-16,0.0,3401004000.0,3086833000.0,913483000.0,2487521000.0,0.928,7.516,-198577000.0,102794000.0,102794000.0,0.0,307489000.0,3.05,0.863,1112347000.0,8856000.0,1103491000.0,1112347000.0,0.0,120705000.0,0.0,0.003,0.08,511291000.0,631996000.0,0.221,631996000.0,511291000.0,494690000.0,1.28,1.24,1.28,1825633000.0,1690492000.0,1825633000.0,6654120135.0,13.0,10.529,164390000.0,0.677,1.0,2864237000.0,1.0,717331000.0,16601000.0,3393698000.0,2935597750.0,0.0,0.0,0.0,0.0,1575371000.0,299528000.0,1275843000.0,5638359135.0,-57866000.0,-626136000.0,41734000.0,432099000.0,-19810000.0,431570000.0,-851588000.0,0.0,362967000.0,0.0,307489000.0,307489000.0,307489000.0,-1044000.0,0.0,0.107,2344168000.0,520069000.0,151319000.0,0.063,3.088,18.337,18.133,1684961000.0,0.0,23.21,1.969,1.968,664427000.0,1687088000.0,2864237000.0,2864237000.0,0.0,0.1,0.182,0.174,0.179,0.0,1113427000.0,1.0,242928011.0,242901000,247163000.0,11.792,2683673000.0,30027000.0,187201000.0,58125000.0,11.048,613955000.0
39,HMA,MRT,2003-12-31,2003-12-31,2003-12-31,2019-05-16,0.0,3344327000.0,2864097250.0,894538000.0,2449789000.0,0.935,7.198,-186741000.0,119350000.0,119350000.0,0.0,295079000.0,1.689,0.925,1135111000.0,208906000.0,926205000.0,1135111000.0,0.0,113438000.0,0.0,0.003,0.08,491418000.0,604856000.0,0.226,604856000.0,491418000.0,475813000.0,1.24,1.18,1.24,1737123000.0,1603368750.0,1737123000.0,6365705344.0,13.0,10.524,129863000.0,0.538,1.0,2676802000.0,1.0,730230000.0,15605000.0,3100346000.0,2680253000.0,0.0,0.0,0.0,0.0,1607204000.0,529512000.0,1077692000.0,5826883344.0,-69951000.0,-644419000.0,38586000.0,456415000.0,-19726000.0,472730000.0,-858470000.0,0.0,316604000.0,0.0,295079000.0,295079000.0,295079000.0,-1044000.0,0.0,0.11,2176938000.0,499864000.0,142184000.0,0.065,3.354,19.747,19.355,1652585000.0,0.0,24.0,2.177,2.164,627025000.0,1601729000.0,2676802000.0,2676802000.0,0.0,0.103,0.184,0.183,0.184,0.0,1033989000.0,1.0,242786806.0,241322000,246153000.0,11.092,2614097000.0,30027000.0,180734000.0,78066000.0,10.832,365026000.0
40,HMA,MRT,2003-09-30,2003-09-30,2003-09-30,2019-05-16,0.0,3010526000.0,2640988250.0,1093336000.0,1917190000.0,0.958,6.847,-164749000.0,395338000.0,395338000.0,0.0,283424000.0,4.086,0.839,934160000.0,9447000.0,924713000.0,934160000.0,0.0,108522000.0,0.0,0.004,0.08,472960000.0,581482000.0,0.23,581482000.0,472960000.0,458048000.0,1.19,1.13,1.19,1637075000.0,1520074750.0,1637075000.0,5642665458.0,12.0,9.704,169113000.0,0.707,1.0,2529668000.0,1.0,397825000.0,14912000.0,2883910000.0,2474847000.0,65342000.0,0.0,0.0,0.0,1373451000.0,267613000.0,1105838000.0,5230359458.0,271602000.0,-126477000.0,21264000.0,257487000.0,-19685000.0,257844000.0,-319289000.0,0.0,333862000.0,0.0,283424000.0,283424000.0,283424000.0,-1044000.0,0.0,0.112,2048480000.0,481188000.0,146155000.0,0.067,3.195,18.454,18.328,1427715000.0,0.0,21.81,2.068,2.061,527254000.0,1535322000.0,2529668000.0,2529668000.0,0.0,0.107,0.186,0.191,0.187,0.0,973738000.0,1.0,239814739.0,239086000,255884000.0,10.581,2612701000.0,61066000.0,174624000.0,85423000.0,10.928,825723000.0
41,HMA,MRT,2003-06-30,2003-06-30,2003-06-30,2019-05-16,0.0,2591475000.0,2479436000.0,865975000.0,1725500000.0,1.007,6.533,-156012000.0,248274000.0,248274000.0,0.0,273760000.0,3.04,0.659,660580000.0,7777000.0,652803000.0,660580000.0,0.0,106697000.0,0.0,0.003,0.06,464274000.0,570971000.0,0.229,570971000.0,464274000.0,449215000.0,1.15,1.09,1.15,1562137000.0,1447494000.0,1562137000.0,4903763996.0,11.0,8.588,180297000.0,0.754,1.0,2497374000.0,1.0,354446000.0,15059000.0,2364437000.0,2324492750.0,0.0,0.0,0.0,0.0,1029338000.0,284898000.0,744440000.0,4403661996.0,98654000.0,-52328000.0,-37842000.0,23211000.0,-14608000.0,-29330000.0,-208325000.0,0.0,336309000.0,0.0,273760000.0,273760000.0,273760000.0,0.0,0.0,0.11,2029344000.0,468030000.0,126247000.0,0.052,2.819,16.086,16.043,1329727000.0,0.0,18.45,1.763,1.766,481964000.0,1470437000.0,2497374000.0,2497374000.0,0.0,0.11,0.189,0.2,0.186,0.0,967284000.0,1.0,238680867.0,239108000,257379000.0,10.445,2237029000.0,44248000.0,175455000.0,33893000.0,9.356,581077000.0
42,HMA,MRT,2003-03-31,2003-03-31,2003-03-31,2019-05-16,0.0,2510061000.0,2420431000.0,796976000.0,1713085000.0,1.009,6.189,-143245000.0,160660000.0,160660000.0,0.0,264455000.0,2.792,0.699,660762000.0,7729000.0,653033000.0,660762000.0,0.0,102987000.0,0.0,0.002,0.04,449212000.0,552199000.0,0.226,552199000.0,449212000.0,434398000.0,1.11,1.05,1.11,1477140000.0,1386568750.0,1477140000.0,5005200973.0,11.0,9.064,187169000.0,0.784,1.0,2442723000.0,1.0,352439000.0,14814000.0,2372319000.0,2285095250.0,0.0,0.0,0.0,0.0,1032921000.0,285405000.0,747516000.0,4534888973.0,47645000.0,-100580000.0,-48641000.0,18786000.0,-9736000.0,-37756000.0,-245013000.0,0.0,330414000.0,0.0,264455000.0,264455000.0,264455000.0,0.0,0.0,0.108,1990517000.0,452206000.0,146635000.0,0.036,3.07,17.148,17.117,1318665000.0,0.0,19.0,1.856,1.856,495307000.0,1399569000.0,2442723000.0,2442723000.0,0.0,0.109,0.191,0.197,0.184,0.0,948394000.0,1.0,238678367.0,238673000,256993000.0,10.235,2157622000.0,48185000.0,169943000.0,23590000.0,9.04,511571000.0
43,HMA,MRT,2002-12-31,2002-12-31,2002-12-31,2019-05-16,0.0,2451891000.0,2352949750.0,779033000.0,1672858000.0,1.01,5.884,-126338000.0,189301000.0,189301000.0,0.0,255626000.0,2.553,0.746,659613000.0,7519000.0,652094000.0,659613000.0,0.0,99767000.0,0.0,0.001,0.02,435562000.0,535329000.0,0.225,535329000.0,435562000.0,420374000.0,1.07,1.01,1.07,1403947000.0,1329931250.0,1403947000.0,4806051030.0,11.0,8.978,209830000.0,0.879,1.0,2376199000.0,1.0,338296000.0,15188000.0,2278722000.0,2236830500.0,0.0,0.0,0.0,0.0,1047944000.0,305185000.0,742759000.0,4272019030.0,71141000.0,-91215000.0,-88397000.0,45900000.0,-4863000.0,-46721000.0,-218306000.0,0.0,336168000.0,0.0,255626000.0,255626000.0,255626000.0,0.0,0.0,0.108,1938706000.0,437493000.0,135182000.0,0.019,3.043,16.712,16.729,1292582000.0,0.0,17.9,1.798,1.797,463442000.0,1326376000.0,2376199000.0,2376199000.0,0.0,0.109,0.192,0.195,0.183,0.0,921492000.0,1.0,238660281.0,238589000,257255000.0,9.959,2113595000.0,35961000.0,164748000.0,52323000.0,8.859,473848000.0
44,HMA,MRT,2002-09-30,2002-09-30,2002-09-30,2019-05-16,0.0,2364317000.0,2277642750.0,695786000.0,1668531000.0,0.993,5.581,-74973000.0,123736000.0,123736000.0,0.0,246436000.0,2.542,0.756,657768000.0,7609000.0,650159000.0,657768000.0,0.0,95328000.0,0.0,0.0,0.0,421205000.0,516533000.0,0.228,516533000.0,421205000.0,405662000.0,1.02,0.97,1.02,1346752000.0,1284150250.0,1346752000.0,5307124231.0,13.0,10.275,279163000.0,1.157,1.0,2262601000.0,1.0,342113000.0,15543000.0,2282493000.0,2186890000.0,59412000.0,0.0,0.0,0.0,1017565000.0,273743000.0,743822000.0,4819980231.0,53473000.0,-268179000.0,-171726000.0,214610000.0,0.0,42489000.0,-343152000.0,0.0,354136000.0,0.0,246436000.0,246436000.0,246436000.0,0.0,0.0,0.109,1840387000.0,422214000.0,154128000.0,0.0,3.579,19.559,19.824,1281782000.0,0.0,20.22,2.13,2.156,454427000.0,1271583000.0,2262601000.0,2262601000.0,0.0,0.108,0.192,0.193,0.186,0.0,874729000.0,1.0,238376866.0,241298000,260641000.0,9.377,2022204000.0,35961000.0,159226000.0,29089000.0,8.381,422043000.0
45,HMA,MRT,2002-06-30,2002-06-30,2002-06-30,2019-05-16,0.0,2355455000.0,2171957750.0,724814000.0,1630641000.0,0.994,5.466,-45129000.0,149620000.0,149620000.0,0.0,238240000.0,2.427,0.787,636764000.0,5473000.0,631291000.0,636764000.0,0.0,94058000.0,0.0,0.0,0.0,408031000.0,502089000.0,0.233,502089000.0,408031000.0,392110000.0,0.99,0.93,0.99,1318436000.0,1260874500.0,1318436000.0,5388291538.0,13.0,10.732,322086000.0,1.335,1.0,2159462000.0,1.0,337138000.0,15921000.0,2206847000.0,2083180250.0,0.0,0.0,0.0,0.0,1037019000.0,298614000.0,738405000.0,4862041538.0,99971000.0,-278156000.0,-119385000.0,174430000.0,0.0,55157000.0,-322401000.0,0.0,367215000.0,0.0,238240000.0,238240000.0,238240000.0,0.0,0.0,0.11,1751072000.0,408390000.0,138526000.0,0.0,3.688,20.408,20.354,1245860000.0,0.0,20.15,2.252,2.251,445315000.0,1211405000.0,2159462000.0,2159462000.0,0.0,0.11,0.189,0.196,0.189,0.0,828962000.0,1.0,241292384.0,241227000,260821000.0,8.952,2018317000.0,43801000.0,153870000.0,56109000.0,8.367,426200000.0
46,HMA,MRT,2002-03-31,2002-03-31,2002-03-31,2019-05-16,0.0,2240136000.0,2053378250.0,686033000.0,1554103000.0,0.994,5.184,-34773000.0,113015000.0,113015000.0,0.0,225762000.0,2.424,0.791,639265000.0,7245000.0,632020000.0,639265000.0,0.0,92641000.0,0.0,0.0,0.0,388465000.0,481106000.0,0.236,481106000.0,388465000.0,371601000.0,0.94,0.88,0.94,1250590000.0,1229647750.0,1250590000.0,5500354340.0,14.0,11.433,317693000.0,1.317,1.0,2040189000.0,1.0,304118000.0,16864000.0,2179260000.0,2001398750.0,0.0,0.0,0.0,0.0,989546000.0,283008000.0,706538000.0,5011154340.0,71467000.0,-287850000.0,-119442000.0,162217000.0,0.0,40740000.0,-321739000.0,0.0,352466000.0,0.0,225762000.0,225762000.0,225762000.0,0.0,0.0,0.111,1651724000.0,388465000.0,136025000.0,0.0,4.007,22.197,22.053,1204395000.0,0.0,20.73,2.456,2.451,440999000.0,1144854000.0,2040189000.0,2040189000.0,0.0,0.11,0.184,0.194,0.19,0.0,778654000.0,1.0,241734411.0,241259000,260661000.0,8.456,1936018000.0,43801000.0,145839000.0,52309000.0,8.025,403025000.0
47,HMA,MRT,2001-12-31,2001-12-31,2001-12-31,2019-05-16,0.0,2150663000.0,1952989000.0,626523000.0,1524140000.0,0.994,5.011,-36918000.0,118160000.0,118160000.0,0.0,205266000.0,2.423,0.762,607360000.0,7322000.0,600038000.0,607360000.0,0.0,90864000.0,0.0,0.0,0.0,355951000.0,446815000.0,0.23,446815000.0,355951000.0,337901000.0,0.85,0.8,0.85,1220823000.0,1201538250.0,1220823000.0,4820455205.0,14.0,10.788,332648000.0,1.365,1.0,1941385000.0,1.0,302281000.0,18050000.0,2078960000.0,1928062000.0,0.0,0.0,0.0,0.0,929840000.0,258622000.0,671218000.0,4454976205.0,84109000.0,-287414000.0,-65630000.0,104788000.0,0.0,37991000.0,-323448000.0,0.0,369566000.0,0.0,205266000.0,205266000.0,205266000.0,0.0,0.0,0.106,1585434000.0,355951000.0,122810000.0,0.0,3.649,21.703,21.647,1185145000.0,0.0,18.4,2.295,2.309,381713000.0,1075613000.0,1941385000.0,1941385000.0,0.0,0.105,0.171,0.185,0.183,0.0,737130000.0,1.0,242118272.0,243649000,263365000.0,7.968,1848382000.0,43801000.0,132635000.0,64012000.0,7.586,367901000.0
48,HMA,MRT,2001-09-30,2001-09-30,2001-09-30,2019-05-16,0.0,1941577000.0,1871654250.0,565231000.0,1376346000.0,1.004,5.129,-70116000.0,70263000.0,70263000.0,0.0,194978000.0,3.005,0.549,435742000.0,6752000.0,428990000.0,435742000.0,0.0,90646000.0,0.0,0.0,0.0,340921000.0,431567000.0,0.23,431567000.0,340921000.0,320951000.0,0.8,0.76,0.8,1253649000.0,1165171750.0,1253649000.0,5495036159.0,16.0,12.733,226039000.0,0.925,1.0,1879801000.0,1.0,251315000.0,19970000.0,1867654000.0,1877835000.0,50113000.0,0.0,0.0,0.0,687928000.0,188087000.0,499841000.0,5089959159.0,53792000.0,-100894000.0,22492000.0,-94729000.0,0.0,-72237000.0,-170126000.0,0.0,296155000.0,0.0,194978000.0,194978000.0,194978000.0,0.0,0.0,0.104,1538880000.0,340921000.0,106362000.0,0.0,4.06,26.105,25.95,1089413000.0,0.0,20.76,2.708,2.699,380136000.0,1025147000.0,1879801000.0,1879801000.0,0.0,0.104,0.167,0.182,0.181,0.0,710535000.0,1.0,245181077.0,244425000,264351000.0,7.691,1690262000.0,43801000.0,125973000.0,35642000.0,6.915,377144000.0
49,HMA,MRT,2001-06-30,2001-06-30,2001-06-30,2019-05-16,0.0,1881137000.0,1829276250.0,532493000.0,1348644000.0,0.982,4.871,-99875000.0,49649000.0,49649000.0,0.0,182121000.0,3.016,0.576,454726000.0,6669000.0,448057000.0,454726000.0,0.0,85161000.0,0.0,0.0,0.0,322058000.0,407219000.0,0.227,407219000.0,322058000.0,299846000.0,0.76,0.71,0.76,1193529000.0,1109276000.0,1193529000.0,5586318285.0,17.0,13.718,159709000.0,0.652,1.0,1796503000.0,1.0,229962000.0,22212000.0,1879721000.0,1893476750.0,0.0,0.0,0.0,0.0,687608000.0,176531000.0,511077000.0,5156307285.0,26309000.0,-132657000.0,22124000.0,-22893000.0,0.0,-743000.0,-232532000.0,0.0,259584000.0,0.0,182121000.0,182121000.0,182121000.0,0.0,0.0,0.101,1474445000.0,322058000.0,90180000.0,0.0,4.32,28.313,27.684,1094418000.0,0.0,21.04,2.87,2.87,375589000.0,973225000.0,1796503000.0,1796503000.0,0.0,0.1,0.164,0.17,0.179,0.0,677878000.0,1.0,245071639.0,245048000,264622000.0,7.331,1651175000.0,37411000.0,117725000.0,29827000.0,6.738,355962000.0
50,HMA,MRT,2001-03-31,2001-03-31,2001-03-31,2019-05-16,0.0,1838579000.0,1766367500.0,540836000.0,1297743000.0,0.971,4.662,-115011000.0,41548000.0,41548000.0,0.0,171806000.0,3.076,0.615,471559000.0,6619000.0,464940000.0,471559000.0,0.0,81379000.0,0.0,0.0,0.0,307307000.0,388686000.0,0.227,388686000.0,307307000.0,282828000.0,0.71,0.68,0.71,1138152000.0,1057553500.0,1138152000.0,4253007104.0,14.0,10.942,106635000.0,0.437,1.0,1714399000.0,1.0,206833000.0,24479000.0,1885913000.0,1867959250.0,0.0,0.0,0.0,0.0,700427000.0,175844000.0,524583000.0,3787777104.0,17148000.0,-130402000.0,30691000.0,9854000.0,0.0,40915000.0,-245413000.0,0.0,221646000.0,0.0,171806000.0,171806000.0,171806000.0,0.0,0.0,0.1,1407092000.0,307307000.0,87340000.0,0.0,3.328,22.047,21.901,1069034000.0,0.0,15.55,2.209,2.214,392505000.0,919087000.0,1714399000.0,1714399000.0,0.0,0.097,0.162,0.165,0.179,0.0,636178000.0,1.0,243586952.0,244117000,263100000.0,7.023,1631746000.0,37411000.0,111022000.0,32181000.0,6.684,364992000.0
51,HMA,MRT,2000-12-31,2000-12-31,2000-12-31,2019-05-16,0.0,1825324000.0,1699777250.0,536138000.0,1289186000.0,0.966,4.421,-105711000.0,34051000.0,34051000.0,0.0,173553000.0,2.614,0.697,499281000.0,6645000.0,492636000.0,499281000.0,0.0,77797000.0,0.0,0.0,0.0,311375000.0,389172000.0,0.237,389172000.0,311375000.0,285666000.0,0.72,0.7,0.72,1075357000.0,1006268250.0,1075357000.0,5564348228.0,18.0,14.298,91069000.0,0.374,1.0,1641910000.0,1.0,207432000.0,25709000.0,1878052000.0,1815838750.0,0.0,0.0,0.0,0.0,749967000.0,205070000.0,544897000.0,5054145228.0,9377000.0,-130402000.0,16689000.0,30252000.0,0.0,48710000.0,-236113000.0,0.0,196780000.0,0.0,173553000.0,173553000.0,173553000.0,0.0,0.0,0.106,1330535000.0,311375000.0,86216000.0,0.0,4.7,29.122,28.819,1062005000.0,0.0,20.75,3.078,3.074,398569000.0,870347000.0,1641910000.0,1641910000.0,0.0,0.102,0.172,0.171,0.19,0.0,601837000.0,1.0,243573264.0,243234000,264297000.0,6.75,1617892000.0,37411000.0,112113000.0,58510000.0,6.652,331068000.0
52,HMA,MRT,2000-09-30,2000-09-30,2000-09-30,2019-05-16,0.0,1772065000.0,1631803750.0,486963000.0,1285102000.0,0.967,4.257,-120497000.0,16471000.0,16471000.0,0.0,167667000.0,2.868,0.72,526674000.0,6523000.0,520151000.0,526674000.0,0.0,74499000.0,0.0,0.0,0.0,301359000.0,375858000.0,0.238,375858000.0,301359000.0,275995000.0,0.69,0.68,0.69,1030066000.0,958046500.0,1030066000.0,5492785591.0,18.0,14.614,59044000.0,0.244,1.0,1577767000.0,1.0,182265000.0,25364000.0,1930221000.0,1757727250.0,39207000.0,0.0,0.0,0.0,741999000.0,169782000.0,572217000.0,5052752591.0,3545000.0,-130402000.0,-30768000.0,104343000.0,0.0,74903000.0,-250899000.0,0.0,179541000.0,0.0,167667000.0,167667000.0,167667000.0,0.0,0.0,0.106,1276408000.0,301359000.0,101199000.0,0.0,4.905,30.136,30.164,1065330000.0,0.0,20.813,3.202,3.192,372653000.0,830169000.0,1577767000.0,1577767000.0,0.0,0.103,0.175,0.171,0.191,0.0,569112000.0,1.0,242769067.0,241946000,247277000.0,6.521,1589800000.0,37411000.0,108328000.0,36618000.0,6.571,317181000.0
53,HMA,MRT,2000-06-30,2000-06-30,2000-06-30,2019-05-16,0.0,1629502000.0,1570632750.0,442367000.0,1187135000.0,0.973,4.074,-137411000.0,23340000.0,23340000.0,0.0,161028000.0,3.285,0.652,463373000.0,6007000.0,457366000.0,463373000.0,0.0,72230000.0,0.0,0.0,0.0,287959000.0,360189000.0,0.236,360189000.0,287959000.0,265062000.0,0.66,0.66,0.66,986639000.0,923160750.0,986639000.0,3679965542.0,13.0,10.217,23501000.0,0.097,1.0,1527838000.0,1.0,157237000.0,22897000.0,1777651000.0,1670628250.0,0.0,0.0,0.0,0.0,642863000.0,134647000.0,508216000.0,3257131542.0,11618000.0,-71514000.0,-84612000.0,142608000.0,0.0,59631000.0,-208925000.0,0.0,160912000.0,0.0,161028000.0,161028000.0,161028000.0,0.0,0.0,0.105,1239879000.0,287959000.0,71562000.0,0.0,3.301,20.227,19.792,1000272000.0,0.0,13.063,2.132,2.071,333821000.0,791104000.0,1527838000.0,1527838000.0,0.0,0.103,0.174,0.172,0.188,0.0,547491000.0,1.0,249340239.0,242176000,244896000.0,6.309,1472265000.0,30515000.0,104034000.0,34749000.0,6.079,307720000.0
54,HMA,MRT,2000-03-31,2000-03-31,2000-03-31,2019-05-16,0.0,1572218000.0,1526890750.0,459068000.0,1113150000.0,0.975,3.87,-138325000.0,24400000.0,24400000.0,0.0,155962000.0,2.899,0.685,447234000.0,16880000.0,430354000.0,447234000.0,0.0,69093000.0,0.0,0.0,0.0,275256000.0,344349000.0,0.231,344349000.0,275256000.0,256720000.0,0.64,0.63,0.64,933011000.0,904056750.0,933011000.0,3866464634.0,14.0,11.228,-4452000.0,-0.018,1.0,1489212000.0,1.0,159279000.0,18536000.0,1677431000.0,1598084500.0,0.0,0.0,0.0,0.0,639207000.0,158342000.0,480865000.0,3435142634.0,4215000.0,-176702000.0,-94132000.0,278315000.0,0.0,185369000.0,-315027000.0,0.0,133873000.0,0.0,155962000.0,155962000.0,155962000.0,0.0,0.0,0.105,1213956000.0,275256000.0,76468000.0,0.0,3.682,22.026,22.266,930614000.0,0.0,14.25,2.307,2.307,351741000.0,747281000.0,1489212000.0,1489212000.0,0.0,0.102,0.173,0.172,0.185,0.0,537294000.0,1.0,241062641.0,241068000,244711000.0,6.178,1412939000.0,30515000.0,100758000.0,40346000.0,5.861,300726000.0
55,HMA,MRT,1999-12-31,1999-12-31,1999-12-31,2019-05-16,0.0,1553430000.0,1435710750.0,447927000.0,1105503000.0,0.989,3.648,-149796000.0,24674000.0,24674000.0,0.0,153182000.0,2.454,0.76,455996000.0,17888000.0,438108000.0,455996000.0,0.0,64903000.0,0.0,0.0,0.0,264867000.0,329770000.0,0.232,329770000.0,264867000.0,252151000.0,0.62,0.61,0.62,882470000.0,888599000.0,882470000.0,3619425492.0,14.0,10.976,2120000.0,0.009,1.0,1420305000.0,1.0,156614000.0,12716000.0,1645606000.0,1464543750.0,0.0,0.0,0.0,0.0,670960000.0,182532000.0,488428000.0,3221478492.0,16100000.0,-176946000.0,-93901000.0,285167000.0,0.0,190926000.0,-326742000.0,0.0,151916000.0,0.0,153182000.0,153182000.0,153182000.0,0.0,0.0,0.108,1155438000.0,264867000.0,81274000.0,0.0,3.651,21.03,21.573,924914000.0,0.0,13.375,2.268,2.278,346253000.0,696794000.0,1420305000.0,1420305000.0,0.0,0.107,0.172,0.181,0.186,0.0,508788000.0,1.0,240858205.0,241916000,245015000.0,5.871,1396816000.0,30515000.0,98969000.0,60246000.0,5.774,265395000.0
56,HMA,MRT,1999-09-30,1999-09-30,1999-09-30,2019-05-16,0.0,1527381000.0,1337703250.0,435553000.0,1091828000.0,1.013,3.555,-159281000.0,12926000.0,12926000.0,0.0,149845000.0,2.354,0.715,410873000.0,9351000.0,401522000.0,410873000.0,0.0,61278000.0,0.0,0.0,0.0,255038000.0,316316000.0,0.233,316316000.0,255038000.0,246653000.0,0.6,0.59,0.6,890523000.0,873778750.0,890523000.0,2270136286.0,9.0,7.177,9068000.0,0.036,1.0,1355707000.0,1.0,158499000.0,8385000.0,1581825000.0,1330423750.0,32038000.0,0.0,0.0,0.0,636858000.0,185004000.0,451854000.0,1963513286.0,241000.0,-183967000.0,-57093000.0,232416000.0,0.0,175140000.0,-343248000.0,0.0,168349000.0,0.0,149845000.0,149845000.0,149845000.0,0.0,0.0,0.111,1100669000.0,255038000.0,95369000.0,0.0,2.205,13.104,12.917,912489000.0,0.0,7.75,1.448,1.432,348688000.0,662502000.0,1355707000.0,1355707000.0,0.0,0.112,0.171,0.192,0.188,0.0,486003000.0,1.0,253356553.0,250467000,255067000.0,5.413,1368882000.0,30813000.0,96808000.0,53155000.0,5.465,250549000.0
57,HMA,MRT,1999-06-30,1999-06-30,1999-06-30,2019-05-16,0.0,1454534000.0,1232363500.0,372944000.0,1081590000.0,1.052,3.612,-131034000.0,11722000.0,11722000.0,0.0,150273000.0,2.083,0.598,318345000.0,10223000.0,308122000.0,318345000.0,0.0,59429000.0,0.0,0.0,0.0,253278000.0,312707000.0,0.241,312707000.0,253278000.0,247386000.0,0.6,0.59,0.6,910223000.0,840354250.0,910223000.0,2958336459.0,12.0,9.46,30855000.0,0.122,1.0,1296877000.0,1.0,94616000.0,5892000.0,1487476000.0,1183580250.0,0.0,0.0,0.0,0.0,544311000.0,179065000.0,365246000.0,2834422459.0,-3953000.0,-169327000.0,8126000.0,124894000.0,0.0,134519000.0,-300361000.0,0.0,161889000.0,0.0,150273000.0,150273000.0,150273000.0,0.0,0.0,0.116,1043599000.0,253278000.0,63609000.0,0.0,3.114,18.862,18.75,965834000.0,0.0,11.25,2.186,2.186,298979000.0,630076000.0,1296877000.0,1296877000.0,0.0,0.122,0.179,0.214,0.195,0.0,462475000.0,1.0,251948663.0,251973000,256742000.0,5.147,1359918000.0,18039000.0,97113000.0,91591000.0,5.397,193879000.0
58,HMA,MRT,1999-03-31,1999-03-31,1999-03-31,2019-05-16,0.0,1207498000.0,1136522500.0,336630000.0,870868000.0,1.097,3.458,-119624000.0,20185000.0,20185000.0,0.0,150171000.0,2.347,0.386,144099000.0,8155000.0,135944000.0,144099000.0,0.0,56552000.0,0.0,0.0,0.0,251946000.0,308498000.0,0.247,308498000.0,251946000.0,247218000.0,0.6,0.59,0.6,871180000.0,800754000.0,871180000.0,3206497848.0,13.0,10.394,51419000.0,0.204,1.0,1246554000.0,1.0,44737000.0,4728000.0,1143268000.0,1082524750.0,0.0,0.0,0.0,0.0,336318000.0,143407000.0,192911000.0,3069862848.0,15725000.0,-81014000.0,10344000.0,35966000.0,0.0,45320000.0,-200638000.0,0.0,171043000.0,0.0,150171000.0,150171000.0,150171000.0,0.0,0.0,0.12,994608000.0,251946000.0,57055000.0,0.0,3.524,20.442,20.313,806340000.0,0.0,12.188,2.463,2.463,257996000.0,591319000.0,1246554000.0,1246554000.0,0.0,0.132,0.188,0.233,0.202,0.0,441734000.0,1.0,251875849.0,251903000,256846000.0,4.949,1162761000.0,18039000.0,97047000.0,75745000.0,4.616,193223000.0
59,HMA,MRT,1998-12-31,1998-12-31,1998-12-31,2019-05-16,0.0,1161400000.0,1073331750.0,317582000.0,843818000.0,1.127,3.271,-91271000.0,8574000.0,8574000.0,0.0,142962000.0,2.218,0.411,145209000.0,6889000.0,138320000.0,145209000.0,0.0,54772000.0,0.0,0.0,0.0,241033000.0,295805000.0,0.245,295805000.0,241033000.0,235347000.0,0.57,0.56,0.57,823189000.0,760625500.0,823189000.0,5572513124.0,23.0,18.838,46379000.0,0.184,1.0,1209728000.0,1.0,45737000.0,5686000.0,1109126000.0,1025792250.0,0.0,0.0,0.0,0.0,338211000.0,143172000.0,195039000.0,5442437124.0,-63813000.0,-156273000.0,10892000.0,35840000.0,0.0,46081000.0,-247544000.0,0.0,137650000.0,0.0,142962000.0,142962000.0,142962000.0,0.0,0.0,0.118,968695000.0,241033000.0,64659000.0,0.0,6.611,38.069,37.939,779116000.0,0.0,21.625,4.499,4.499,253282000.0,543612000.0,1209728000.0,1209728000.0,0.0,0.133,0.188,0.235,0.199,0.0,431209000.0,1.0,251673393.0,251653000,258114000.0,4.807,1115663000.0,18039000.0,92385000.0,67435000.0,4.433,174410000.0
60,HMA,MRT,1998-09-30,1998-09-30,1998-09-30,2019-05-16,0.0,1106022000.0,975167000.0,317124000.0,788898000.0,1.168,3.039,-63884000.0,12685000.0,12685000.0,0.0,136844000.0,2.631,0.461,142761000.0,8544000.0,134217000.0,142761000.0,0.0,50437000.0,0.0,0.0,0.0,230038000.0,280475000.0,0.246,280475000.0,230038000.0,225279000.0,0.55,0.54,0.55,756825000.0,702162000.0,756825000.0,4727981020.0,21.0,16.857,54067000.0,0.217,1.0,1138802000.0,1.0,121101000.0,4759000.0,994451000.0,911779000.0,24425000.0,0.0,0.0,0.0,349197000.0,120546000.0,228651000.0,4583690020.0,-54696000.0,-169484000.0,20707000.0,41145000.0,0.0,60721000.0,-233368000.0,0.0,117951000.0,0.0,136844000.0,136844000.0,136844000.0,0.0,0.0,0.12,908764000.0,230038000.0,59144000.0,0.0,6.056,33.496,33.182,648828000.0,0.0,18.25,4.025,3.991,243542000.0,512657000.0,1138802000.0,1138802000.0,0.0,0.14,0.195,0.252,0.202,0.0,402133000.0,1.0,251161097.0,249049000,255575000.0,4.573,984921000.0,26456000.0,88435000.0,43706000.0,3.955,196578000.0
61,HMA,MRT,1998-06-30,1998-06-30,1998-06-30,2019-05-16,0.0,1071170000.0,882171750.0,277868000.0,793302000.0,1.208,2.997,-54257000.0,15675000.0,15675000.0,0.0,129493000.0,2.102,0.425,159966000.0,9242000.0,150724000.0,159966000.0,0.0,45690000.0,0.0,0.0,0.0,216700000.0,262390000.0,0.246,262390000.0,216700000.0,213156000.0,0.52,0.51,0.52,751822000.0,653010750.0,751822000.0,5680180979.0,26.0,21.648,61441000.0,0.245,1.0,1065479000.0,1.0,0.0,3544000.0,1083254000.0,819541000.0,0.0,0.0,0.0,0.0,319348000.0,132207000.0,187141000.0,5591401979.0,-38259000.0,-168213000.0,26303000.0,44924000.0,0.0,68125000.0,-222082000.0,0.0,115698000.0,0.0,129493000.0,129493000.0,129493000.0,0.0,0.0,0.122,848779000.0,216700000.0,43774000.0,0.0,7.437,43.179,42.869,727384000.0,0.0,22.292,5.248,5.249,214002000.0,479802000.0,1065479000.0,1065479000.0,0.0,0.147,0.198,0.264,0.203,0.0,371521000.0,1.0,250825497.0,250866000,258107000.0,4.247,1071170000.0,13039000.0,83663000.0,53957000.0,4.27,145661000.0
62,HMA,MRT,1998-03-31,1998-03-31,1998-03-31,2019-05-16,0.0,954735000.0,,249734000.0,705001000.0,,2.853,-52191000.0,4460000.0,4460000.0,0.0,121837000.0,1.964,0.343,93239000.0,12453000.0,80786000.0,93239000.0,0.0,41957000.0,0.0,0.0,0.0,203856000.0,245813000.0,0.247,245813000.0,203856000.0,200557000.0,0.487,0.483,0.487,710666000.0,,710666000.0,4673131077.0,23.0,19.011,61854000.0,0.248,1.0,996020000.0,1.0,0.0,3299000.0,916338000.0,,0.0,0.0,0.0,0.0,244069000.0,127176000.0,116893000.0,4689143077.0,-23216000.0,-96085000.0,30798000.0,-19774000.0,0.0,10627000.0,-147888000.0,0.0,114045000.0,0.0,121837000.0,121837000.0,121837000.0,0.0,0.0,0.122,792164000.0,203856000.0,40689000.0,0.0,6.598,38.487,39.185,641971000.0,0.0,19.083,4.708,4.773,198865000.0,441148000.0,996020000.0,996020000.0,0.0,,,,0.205,0.0,346760000.0,1.0,245723580.0,249109000,255353000.0,3.998,954735000.0,13039000.0,78720000.0,56734000.0,3.833,122558000.0
63,HMA,MRT,1997-12-31,1997-12-31,1997-12-31,2019-05-16,0.0,768741000.0,,257914000.0,510827000.0,,2.407,-56384000.0,72387000.0,72387000.0,0.0,113282000.0,2.588,0.304,56375000.0,8540000.0,47835000.0,56375000.0,0.0,38403000.0,0.0,0.0,0.0,189542000.0,227945000.0,0.245,227945000.0,189542000.0,186472000.0,0.453,0.45,0.453,589335000.0,,589335000.0,,,,67452000.0,0.276,1.0,930890000.0,1.0,0.0,3070000.0,653073000.0,,0.0,0.0,0.0,0.0,179406000.0,99656000.0,79750000.0,4136265022.0,13002000.0,-71699000.0,37876000.0,-20086000.0,0.0,16861000.0,-127695000.0,0.0,123836000.0,0.0,113282000.0,113282000.0,113282000.0,0.0,0.0,0.122,741348000.0,189542000.0,35518000.0,0.0,7.019,36.513,37.159,493475000.0,0.0,16.833,4.443,4.427,145670000.0,400650000.0,930890000.0,930890000.0,0.0,,,,0.204,0.0,323616000.0,1.0,245723580.0,244829000,251135000.0,3.802,768741000.0,13039000.0,73190000.0,36077000.0,3.14,158258000.0
64,HMA,MRT,1997-09-30,1997-09-30,1997-09-30,2019-05-16,0.0,734041000.0,,242610000.0,491431000.0,,2.308,-59349000.0,67381000.0,67381000.0,0.0,108322000.0,2.715,0.31,57913000.0,8263000.0,49650000.0,57913000.0,0.0,36561000.0,0.0,0.0,0.0,182021000.0,218582000.0,0.244,218582000.0,182021000.0,178309000.0,0.44,0.43,0.44,560220000.0,,560220000.0,,,,72987000.0,0.301,1.0,895482000.0,1.0,9714000.0,3712000.0,625499000.0,,15597000.0,0.0,0.0,0.0,173821000.0,89360000.0,84461000.0,,36209000.0,-51467000.0,34159000.0,-20101000.0,0.0,14301000.0,-110428000.0,0.0,132336000.0,0.0,108322000.0,108322000.0,108322000.0,0.0,0.0,0.121,713461000.0,182021000.0,40423000.0,0.0,,,31.945,472719000.0,0.0,14.056,,3.811,139376000.0,375813000.0,895482000.0,895482000.0,0.0,,,,0.203,0.0,310992000.0,1.0,,242767000,249130000.0,3.689,724327000.0,13039000.0,69987000.0,21920000.0,2.984,153250000.0
65,HMA,MRT,1997-06-30,1997-06-30,1997-06-30,2019-05-16,,,,,,,,,,,,,,,,,,,,,,0.0,0.0,,,,,,,,,,,,,,,,,,1.0,,,,,,,,,,,,,,,,,,,,,,,,,,,,,,,,,,,,,,,,12.667,,,,,,,,,,,,,,1.0,,242823000,,,,,,,,
66,HMA,MRT,1997-03-31,1997-03-31,1997-03-31,2019-05-16,,,,,,,,,,,,,,,,,,,,,,0.0,0.0,,,,,,,,,,,,,,,,,,1.0,,,,,,,,,,,,,,,,,,,,,,,,,,,,,,,,,,,,,,,,10.556,,,,,,,,,,,,,,1.0,,240595500,,,,,,,,
67,HMA,MRT,1996-12-31,1996-12-31,1996-12-31,2019-05-16,,,,,,,,,,,,,,,,,,,,,,0.0,0.0,,,,,,,,,,,,,,,,,,1.0,,,,,,,,,,,,,,,,,,,,,,,,,,,,,,,,,,,,,,,,10.0,,,,,,,,,,,,,,1.0,,238519500,,,,,,,,
68,HMA,MRT,1996-09-30,1996-09-30,1996-09-30,2019-05-16,,,,,,,,-41239000.0,,,0.0,84086000.0,,,,,,,,27173000.0,,0.0,0.0,141926000.0,169099000.0,0.237,169099000.0,141926000.0,138411000.0,0.36,0.34,0.36,,,,,,,53330000.0,0.225,1.0,714317000.0,1.0,,3515000.0,,,,,,,,,,,-44154000.0,-99639000.0,9468000.0,-6479000.0,0.0,2128000.0,-140851000.0,0.0,94569000.0,0.0,84086000.0,84086000.0,84086000.0,0.0,0.0,0.118,572391000.0,141926000.0,,0.0,,,30.864,,0.0,11.111,,3.682,,,714317000.0,714317000.0,0.0,,,,0.199,0.0,247917000.0,,,236693000,244045000.0,3.018,,,54325000.0,,,
