None,ticker,dimension,calendardate,datekey,reportperiod,lastupdated,accoci,assets,assetsavg,assetsc,assetsnc,assetturnover,bvps,capex,cashneq,cashnequsd,cor,consolinc,currentratio,de,debt,debtc,debtnc,debtusd,deferredrev,depamor,deposits,divyield,dps,ebit,ebitda,ebitdamargin,ebitdausd,ebitusd,ebt,eps,epsdil,epsusd,equity,equityavg,equityusd,ev,evebit,evebitda,fcf,fcfps,fxusd,gp,grossmargin,intangibles,intexp,invcap,invcapavg,inventory,investments,investmentsc,investmentsnc,liabilities,liabilitiesc,liabilitiesnc,marketcap,ncf,ncfbus,ncfcommon,ncfdebt,ncfdiv,ncff,ncfi,ncfinv,ncfo,ncfx,netinc,netinccmn,netinccmnusd,netincdis,netincnci,netmargin,opex,opinc,payables,payoutratio,pb,pe,pe1,ppnenet,prefdivis,price,ps,ps1,receivables,retearn,revenue,revenueusd,rnd,roa,roe,roic,ros,sbcomp,sgna,sharefactor,sharesbas,shareswa,shareswadil,sps,tangibles,taxassets,taxexp,taxliabilities,tbvps,workingcapital
0,PAYC,MRY,2020-12-31,2020-12-31,2020-12-31,2021-08-06,0.0,2607912000.0,2331084000.0,1864605000.0,743307000.0,0.361,11.379,-94102000.0,151710000.0,151710000.0,123546000.0,143453000.0,1.085,2.978,30894000.0,1775000.0,29119000.0,30894000.0,86826000.0,53373000.0,0.0,0.0,0.0,185955000.0,239328000.0,0.284,239328000.0,185955000.0,185936000.0,2.49,2.46,2.49,655643000.0,618420750.0,655643000.0,26337223145.0,142.0,110.047,133105000.0,2.31,1.0,717888000.0,0.853,52208000.0,19000.0,716858000.0,669549000.0,1151000.0,0.0,0.0,0.0,1952269000.0,1718030000.0,234239000.0,26462292145.0,-56579000.0,0.0,-52040000.0,-1775000.0,0.0,-165909000.0,-117877000.0,-23775000.0,227207000.0,0.0,143453000.0,143453000.0,143453000.0,0.0,0.0,0.17,531765000.0,186123000.0,6787000.0,0.0,40.361,184.467,181.627,285218000.0,0.0,452.25,31.449,30.969,9130000.0,719619000.0,841434000.0,841434000.0,90244000.0,0.062,0.232,0.278,0.221,90108000.0,413916000.0,1.0,58512531.0,57620000,58285000.0,14.603,2555704000.0,10447000.0,42483000.0,112598000.0,44.354,146575000.0
1,PAYC,MRY,2019-12-31,2019-12-31,2019-12-31,2021-08-06,0.0,2486917000.0,1991991000.0,1871100000.0,615817000.0,0.37,9.149,-92934000.0,133667000.0,133667000.0,109747000.0,180576000.0,1.067,3.722,32633000.0,1775000.0,30858000.0,32633000.0,76244000.0,42211000.0,0.0,0.0,0.0,227027000.0,269238000.0,0.365,269238000.0,227027000.0,226087000.0,3.14,3.09,3.14,526628000.0,458710250.0,526628000.0,15386662623.0,68.0,57.149,131329000.0,2.282,1.0,627924000.0,0.851,51889000.0,940000.0,580472000.0,527165500.0,1158000.0,0.0,0.0,0.0,1960289000.0,1753522000.0,206767000.0,15461721623.0,655390000.0,0.0,0.0,-1791000.0,0.0,650672000.0,-219545000.0,-126611000.0,224263000.0,0.0,180576000.0,180576000.0,180576000.0,0.0,0.0,0.245,401700000.0,226224000.0,5051000.0,0.0,29.36,85.624,84.318,238458000.0,0.0,264.76,20.96,20.659,9298000.0,576166000.0,737671000.0,737671000.0,73080000.0,0.091,0.394,0.431,0.308,47268000.0,306820000.0,1.0,58399009.0,57561000,58395000.0,12.815,2435028000.0,4020000.0,45511000.0,91217000.0,42.303,117578000.0
2,PAYC,MRY,2018-12-31,2018-12-31,2018-12-31,2021-08-06,0.0,1521926000.0,1504301750.0,1064622000.0,457304000.0,0.376,5.801,-59906000.0,45718000.0,45718000.0,90763000.0,137065000.0,1.035,3.546,34389000.0,1775000.0,32614000.0,34389000.0,64651000.0,29657000.0,0.0,0.0,0.0,175477000.0,205134000.0,0.362,205134000.0,175477000.0,174711000.0,2.37,2.34,2.37,334753000.0,339475250.0,334753000.0,7127017810.0,41.0,34.743,124911000.0,2.164,1.0,475573000.0,0.84,51889000.0,766000.0,430026000.0,404522500.0,797000.0,0.0,0.0,0.0,1187173000.0,1028682000.0,158491000.0,7177241810.0,-112396000.0,0.0,-105188000.0,-946000.0,0.0,-247796000.0,-49417000.0,10489000.0,184817000.0,0.0,137065000.0,137065000.0,137065000.0,0.0,0.0,0.242,301858000.0,173715000.0,6288000.0,0.0,21.44,52.364,51.667,176962000.0,0.0,122.45,12.673,12.478,3414000.0,395590000.0,566336000.0,566336000.0,46247000.0,0.091,0.404,0.434,0.31,36576000.0,240486000.0,1.0,58613653.0,57711000,58582000.0,9.813,1470037000.0,3962000.0,37646000.0,70206000.0,25.472,35940000.0
3,PAYC,MRY,2017-12-31,2017-12-31,2017-12-31,2021-08-06,0.0,1550138000.0,1221142250.0,1176265000.0,373873000.0,0.355,4.863,-59389000.0,46077000.0,46077000.0,72028000.0,123486000.0,1.032,4.512,35302000.0,888000.0,34414000.0,35302000.0,51624000.0,19395000.0,0.0,0.0,0.0,128643000.0,148038000.0,0.342,148038000.0,128643000.0,127732000.0,2.13,2.1,2.13,281247000.0,182434750.0,281247000.0,4722984239.0,37.0,31.904,70760000.0,1.223,1.0,361019000.0,0.834,52847000.0,911000.0,346364000.0,180738000.0,979000.0,0.0,0.0,0.0,1268891000.0,1140152000.0,128739000.0,4755224239.0,291395000.0,0.0,-56880000.0,4438000.0,0.0,145665000.0,15581000.0,74970000.0,130149000.0,0.0,123486000.0,123486000.0,123486000.0,0.0,0.0,0.285,231309000.0,129710000.0,6490000.0,0.0,16.908,38.508,37.714,147705000.0,0.0,80.33,10.981,10.729,1576000.0,258525000.0,433047000.0,433047000.0,30430000.0,0.101,0.677,0.712,0.297,36076000.0,191074000.0,1.0,59196119.0,57839000,58790000.0,7.487,1497291000.0,7047000.0,4246000.0,49129000.0,25.887,36113000.0
4,PAYC,MRY,2016-12-31,2016-12-31,2016-12-31,2021-08-06,0.0,1078613000.0,1122555750.0,925583000.0,153030000.0,0.293,2.025,-43510000.0,60158000.0,60158000.0,54066000.0,70421000.0,1.03,8.256,29824000.0,1113000.0,28711000.0,29824000.0,39711000.0,13632000.0,0.0,0.0,0.0,102048000.0,115680000.0,0.351,115680000.0,102048000.0,101012000.0,1.21,1.19,1.21,116527000.0,123685750.0,116527000.0,2690057856.0,26.0,23.254,55308000.0,0.961,1.0,275075000.0,0.836,53760000.0,1036000.0,95625000.0,84447000.0,675000.0,0.0,0.0,0.0,962086000.0,898894000.0,63192000.0,2734463856.0,9444000.0,0.0,-35561000.0,3958000.0,0.0,115542000.0,-204916000.0,-97657000.0,98818000.0,0.0,70421000.0,70421000.0,70421000.0,0.0,0.0,0.214,173335000.0,101740000.0,3737000.0,0.0,23.466,38.83,37.595,96848000.0,0.0,45.49,8.308,7.954,1339000.0,70448000.0,329141000.0,329141000.0,20966000.0,0.063,0.569,1.208,0.31,20721000.0,144535000.0,1.0,60111318.0,57550204,58968099.0,5.719,1024853000.0,1899000.0,30591000.0,0.0,17.808,26689000.0
5,PAYC,MRY,2015-12-31,2015-12-31,2015-12-31,2021-08-06,0.0,876655000.0,774252000.0,761138000.0,115517000.0,0.29,1.74,-16549000.0,50714000.0,50714000.0,35473000.0,20945000.0,1.046,7.917,25742000.0,886000.0,24856000.0,25742000.0,29036000.0,9421000.0,0.0,0.0,0.0,34952000.0,44373000.0,0.198,44373000.0,34952000.0,33525000.0,0.37,0.36,0.37,98314000.0,89188000.0,98314000.0,2201660531.0,63.0,49.617,26423000.0,0.468,1.0,189180000.0,0.842,55373000.0,1427000.0,68776000.0,63130500.0,1093000.0,0.0,0.0,0.0,778341000.0,727534000.0,50807000.0,2224126531.0,25570000.0,0.0,0.0,-1224000.0,0.0,34922000.0,-52324000.0,0.0,42972000.0,0.0,20945000.0,20945000.0,20945000.0,0.0,0.0,0.093,154745000.0,34435000.0,4899000.0,0.0,22.623,106.189,101.703,58858000.0,0.0,37.63,9.9,9.463,2354000.0,26608000.0,224653000.0,224653000.0,8627000.0,0.027,0.235,0.554,0.156,3219000.0,140380000.0,1.0,59105143.0,56495170,57919700.0,3.976,821282000.0,6743000.0,12580000.0,641000.0,14.537,33604000.0
6,PAYC,MRY,2014-12-31,2014-12-31,2014-12-31,2021-08-06,0.0,797497000.0,573219750.0,691948000.0,105549000.0,0.263,1.489,-14270000.0,25515000.0,25515000.0,27318000.0,5663000.0,1.019,9.757,26978000.0,855000.0,26123000.0,26978000.0,19337000.0,7162000.0,0.0,0.0,0.0,13077000.0,20239000.0,0.134,20239000.0,13077000.0,9656000.0,0.11,0.11,0.11,74138000.0,54661500.0,74138000.0,1354133256.0,104.0,66.907,8067000.0,0.162,1.0,123611000.0,0.819,56985000.0,3421000.0,63203000.0,75975250.0,195000.0,0.0,0.0,0.0,723359000.0,678772000.0,44587000.0,1345790256.0,11782000.0,0.0,62840000.0,-59123000.0,0.0,208495000.0,-219050000.0,0.0,22337000.0,0.0,5663000.0,5663000.0,5663000.0,0.0,0.0,0.038,107911000.0,15700000.0,3042000.0,0.0,18.153,237.646,239.364,47919000.0,0.0,26.33,8.917,8.685,2794000.0,5663000.0,150929000.0,150929000.0,4325000.0,0.01,0.104,0.172,0.087,712000.0,99048000.0,1.0,51112429.0,49784154,51857309.0,3.032,740512000.0,935000.0,3993000.0,1662000.0,14.874,13176000.0
7,PAYC,MRY,2013-12-31,2013-12-31,2013-12-31,2021-08-06,0.0,575478000.0,502759500.0,477748000.0,97730000.0,0.214,0.112,-16918000.0,13731000.0,13731000.0,20891000.0,607000.0,0.989,112.15,81965000.0,9545000.0,72420000.0,81965000.0,12572000.0,5486000.0,0.0,,0.0,10665000.0,16151000.0,0.15,16151000.0,10665000.0,1393000.0,0.01,0.01,0.01,5086000.0,7429500.0,5086000.0,,,,66000.0,0.001,1.0,86710000.0,0.806,58598000.0,9272000.0,102131000.0,98621000.0,578000.0,0.0,0.0,0.0,570395000.0,482983000.0,87412000.0,,-73000.0,0.0,0.0,6979000.0,-5409000.0,131375000.0,-148432000.0,0.0,16984000.0,0.0,601000.0,601000.0,601000.0,0.0,6000.0,0.006,77238000.0,9472000.0,5020000.0,0.0,,,,38671000.0,0.0,,,,1705000.0,-29349000.0,107601000.0,107601000.0,2146000.0,0.001,0.081,0.108,0.099,934000.0,71410000.0,1.0,50333739.0,45476895,48062075.0,2.366,516880000.0,3822000.0,792000.0,2895000.0,11.366,-5235000.0
8,PAYC,MRY,2012-12-31,2012-12-31,2012-12-31,2021-08-06,0.0,430041000.0,,344275000.0,85766000.0,,0.218,-5865000.0,13803000.0,13803000.0,16326000.0,-406000.0,1.026,43.003,74743000.0,2151000.0,72592000.0,74743000.0,8392000.0,5522000.0,0.0,,0.0,6490000.0,12012000.0,0.156,12012000.0,6490000.0,-487000.0,-0.01,-0.01,-0.01,9773000.0,,9773000.0,,,,5109000.0,0.114,1.0,60484000.0,0.787,60210000.0,6977000.0,95111000.0,,714000.0,0.0,0.0,0.0,420265000.0,335660000.0,84605000.0,,6183000.0,0.0,2409000.0,17747000.0,-18965000.0,72192000.0,-76983000.0,0.0,10974000.0,0.0,-403000.0,-403000.0,-403000.0,0.0,-3000.0,-0.005,54351000.0,6133000.0,2351000.0,0.0,,,,25139000.0,0.0,,,,622000.0,-14249000.0,76810000.0,76810000.0,1632000.0,,,,0.084,503000.0,48627000.0,1.0,,44771559,44771559.0,1.716,369831000.0,4184000.0,-84000.0,2890000.0,8.26,8615000.0
9,PAYC,MRY,2011-12-31,2011-12-31,2011-12-31,2021-08-06,,,,,,,,-14858000.0,,,13274000.0,886000.0,,,,,,,,5286000.0,,,0.0,1621000.0,6907000.0,0.121,6907000.0,1621000.0,1487000.0,0.02,0.02,0.02,,,,,,,-5773000.0,-0.13,1.0,43932000.0,0.768,,134000.0,,,,,,,,,,,1146000.0,0.0,-1000000.0,9612000.0,-1443000.0,94360000.0,-102299000.0,0.0,9085000.0,0.0,886000.0,886000.0,886000.0,0.0,0.0,0.015,42419000.0,1513000.0,,0.0,,,,,0.0,,,,,,57206000.0,57206000.0,1225000.0,,,,0.028,165000.0,36894000.0,1.0,,44560053,45411371.0,1.284,,,601000.0,,,
0,PAYC,MRQ,2021-06-30,2021-06-30,2021-06-30,2021-08-06,0.0,3233087000.0,,2356522000.0,876565000.0,,13.694,-37402000.0,202362000.0,202362000.0,36410000.0,52278000.0,1.099,3.081,30025000.0,1775000.0,28250000.0,30025000.0,92458000.0,16017000.0,0.0,0.0,0.0,47236000.0,63253000.0,0.261,63253000.0,47236000.0,47236000.0,0.9,0.9,0.9,792256000.0,,792256000.0,21690179874.0,102.0,79.653,19584000.0,0.339,1.0,205736000.0,0.85,111976000.0,0.0,803566000.0,,882000.0,0.0,0.0,0.0,2440831000.0,2145208000.0,295623000.0,21874813874.0,-306986000.0,0.0,0.0,-444000.0,0.0,-306734000.0,-57238000.0,-19836000.0,56986000.0,0.0,52278000.0,52278000.0,52278000.0,0.0,0.0,0.216,158646000.0,47090000.0,9220000.0,0.0,27.611,129.634,124.476,320997000.0,0.0,363.47,23.475,22.566,19905000.0,836513000.0,242146000.0,242146000.0,28224000.0,,,,,23792000.0,122042000.0,1.0,60183272.0,57853000,58092000.0,4.186,3121111000.0,7997000.0,-5042000.0,119083000.0,53.949,211314000.0
1,PAYC,MRQ,2021-03-31,2021-03-31,2021-03-31,2021-08-06,0.0,3406773000.0,,2624207000.0,782566000.0,,12.911,-25330000.0,215093000.0,215093000.0,36273000.0,64616000.0,1.082,3.57,30459000.0,1775000.0,28684000.0,30459000.0,88993000.0,14916000.0,0.0,0.0,0.0,95175000.0,110091000.0,0.404,110091000.0,95175000.0,95175000.0,1.12,1.11,1.12,745476000.0,,745476000.0,22152555482.0,115.0,89.013,64127000.0,1.111,1.0,235925000.0,0.867,51889000.0,0.0,744676000.0,,1088000.0,0.0,0.0,0.0,2661297000.0,2425574000.0,235723000.0,22273371482.0,782281000.0,0.0,0.0,-444000.0,0.0,685369000.0,7455000.0,32785000.0,89457000.0,0.0,64616000.0,64616000.0,64616000.0,0.0,0.0,0.237,141379000.0,94546000.0,12133000.0,0.0,29.878,153.552,146.849,301579000.0,0.0,370.06,25.564,24.524,19792000.0,784235000.0,272198000.0,272198000.0,24711000.0,,,,,23581000.0,108952000.0,1.0,60188541.0,57740000,58394000.0,4.714,3354884000.0,0.0,30559000.0,128313000.0,58.103,198633000.0
2,PAYC,MRQ,2020-12-31,2020-12-31,2020-12-31,2021-08-06,0.0,2607912000.0,,1864605000.0,743307000.0,,11.372,-20600000.0,151710000.0,151710000.0,33030000.0,24367000.0,1.085,2.978,30894000.0,1775000.0,29119000.0,30894000.0,86826000.0,14300000.0,0.0,0.0,0.0,36601000.0,50901000.0,0.23,50901000.0,36601000.0,36601000.0,0.42,0.42,0.42,655643000.0,,655643000.0,26337223145.0,142.0,110.047,32279000.0,0.56,1.0,187917000.0,0.851,52208000.0,0.0,716858000.0,,1151000.0,0.0,0.0,0.0,1952269000.0,1718030000.0,234239000.0,26462292145.0,186751000.0,0.0,0.0,-444000.0,0.0,53982000.0,79890000.0,100490000.0,52879000.0,0.0,24367000.0,24367000.0,24367000.0,0.0,0.0,0.11,151670000.0,36247000.0,6787000.0,0.0,40.361,184.467,181.627,285218000.0,0.0,452.25,31.449,30.969,9130000.0,719619000.0,220947000.0,220947000.0,25073000.0,,,,,33577000.0,119201000.0,1.0,58512531.0,57653000,58204000.0,3.832,2555704000.0,10447000.0,12234000.0,112598000.0,44.329,146575000.0
3,PAYC,MRQ,2020-09-30,2020-09-30,2020-09-30,2021-08-06,0.0,2485199000.0,,1778316000.0,706883000.0,,10.979,-21044000.0,156398000.0,156398000.0,30912000.0,27482000.0,1.092,2.93,31329000.0,1775000.0,29554000.0,31329000.0,85387000.0,13783000.0,0.0,0.0,0.0,34282000.0,48065000.0,0.245,48065000.0,34282000.0,34282000.0,0.48,0.47,0.48,632399000.0,,632399000.0,18139541506.0,86.0,69.431,45772000.0,0.795,1.0,165620000.0,0.843,51889000.0,0.0,680440000.0,,924000.0,0.0,0.0,0.0,1852800000.0,1627801000.0,224999000.0,18221295506.0,544571000.0,0.0,0.0,-443000.0,0.0,485529000.0,-7774000.0,13270000.0,66816000.0,0.0,27482000.0,27482000.0,27482000.0,0.0,0.0,0.14,131584000.0,34036000.0,9237000.0,0.0,28.813,110.791,108.846,275624000.0,0.0,311.3,22.388,22.032,12355000.0,695252000.0,196532000.0,196532000.0,21772000.0,,,,,19502000.0,102662000.0,1.0,58532912.0,57603000,58171000.0,3.412,2433310000.0,9280000.0,6800000.0,102421000.0,42.243,150515000.0
4,PAYC,MRQ,2020-06-30,2020-06-30,2020-06-30,2021-08-06,0.0,1921500000.0,,1240058000.0,681442000.0,,10.177,-26732000.0,113518000.0,113518000.0,29558000.0,28589000.0,1.11,2.28,31764000.0,1775000.0,29989000.0,31764000.0,80887000.0,13075000.0,0.0,0.0,0.0,26738000.0,39813000.0,0.219,39813000.0,26738000.0,26735000.0,0.5,0.49,0.5,585853000.0,,585853000.0,17990041719.0,79.0,65.439,-1250000.0,-0.022,1.0,152029000.0,0.837,51889000.0,3000.0,670606000.0,,1376000.0,0.0,0.0,0.0,1335647000.0,1117251000.0,218396000.0,18139670719.0,-407291000.0,0.0,-44042000.0,-444000.0,0.0,-426409000.0,-6364000.0,20368000.0,25482000.0,0.0,28589000.0,28589000.0,28589000.0,0.0,0.0,0.157,125453000.0,26576000.0,3667000.0,0.0,30.963,102.987,101.219,266831000.0,0.0,309.73,22.893,22.503,9295000.0,667770000.0,181587000.0,181587000.0,21778000.0,,,,,21218000.0,96901000.0,1.0,58566076.0,57568000,58237000.0,3.154,1869611000.0,4324000.0,-1854000.0,98536000.0,32.477,122807000.0
5,PAYC,MRQ,2020-03-31,2020-03-31,2020-03-31,2021-08-06,0.0,2309725000.0,,1651561000.0,658164000.0,,10.403,-25726000.0,181827000.0,181827000.0,30046000.0,63015000.0,1.103,2.851,32198000.0,1775000.0,30423000.0,32198000.0,78455000.0,12215000.0,0.0,0.0,0.0,88334000.0,100549000.0,0.415,100549000.0,88334000.0,88318000.0,1.09,1.08,1.09,599788000.0,,599788000.0,11786448682.0,47.0,39.545,56304000.0,0.977,1.0,212322000.0,0.876,51889000.0,16000.0,610292000.0,,930000.0,0.0,0.0,0.0,1709937000.0,1497915000.0,212022000.0,11887482682.0,-380610000.0,0.0,-7998000.0,-444000.0,0.0,-279011000.0,-183629000.0,-157903000.0,82030000.0,0.0,63015000.0,63015000.0,63015000.0,0.0,0.0,0.26,123058000.0,89264000.0,5694000.0,0.0,19.819,60.555,59.24,254423000.0,0.0,202.01,15.238,14.93,8059000.0,639181000.0,242368000.0,242368000.0,21621000.0,,,,,15811000.0,95152000.0,1.0,58846011.0,57655000,58440000.0,4.204,2257836000.0,0.0,25303000.0,108562000.0,39.161,153646000.0
6,PAYC,MRQ,2019-12-31,2019-12-31,2019-12-31,2021-08-06,0.0,2486917000.0,,1871100000.0,615817000.0,,9.133,-21854000.0,133667000.0,133667000.0,28798000.0,45380000.0,1.067,3.722,32633000.0,1775000.0,30858000.0,32633000.0,76244000.0,11567000.0,0.0,0.0,0.0,61265000.0,72832000.0,0.377,72832000.0,61265000.0,61119000.0,0.79,0.78,0.79,526628000.0,,526628000.0,15386662623.0,68.0,57.149,25990000.0,0.451,1.0,164611000.0,0.851,51889000.0,146000.0,580472000.0,,1158000.0,0.0,0.0,0.0,1960289000.0,1753522000.0,206767000.0,15461721623.0,732564000.0,0.0,0.0,-444000.0,0.0,826117000.0,-141397000.0,-119543000.0,47844000.0,0.0,45380000.0,45380000.0,45380000.0,0.0,0.0,0.235,104317000.0,60294000.0,5051000.0,0.0,29.36,85.624,84.318,238458000.0,0.0,264.76,20.96,20.659,9298000.0,576166000.0,193409000.0,193409000.0,18211000.0,,,,,6146000.0,80154000.0,1.0,58399009.0,57660000,58371000.0,3.354,2435028000.0,4020000.0,15739000.0,91217000.0,42.231,117578000.0
7,PAYC,MRQ,2019-09-30,2019-09-30,2019-09-30,2021-08-06,0.0,1592027000.0,,1012975000.0,579052000.0,,8.237,-36375000.0,108127000.0,108127000.0,26392000.0,39152000.0,1.103,2.352,33068000.0,1775000.0,31293000.0,33068000.0,73365000.0,10969000.0,0.0,0.0,0.0,50751000.0,61720000.0,0.353,61720000.0,50751000.0,50491000.0,0.68,0.67,0.68,474898000.0,,474898000.0,12177232901.0,58.0,49.062,17276000.0,0.3,1.0,148614000.0,0.849,51889000.0,260000.0,546601000.0,,700000.0,0.0,0.0,0.0,1117129000.0,918478000.0,198651000.0,12238544901.0,-272700000.0,0.0,0.0,-443000.0,0.0,-295133000.0,-31218000.0,5157000.0,53651000.0,0.0,39152000.0,39152000.0,39152000.0,0.0,0.0,0.224,98058000.0,50556000.0,4693000.0,0.0,25.771,73.456,72.488,224035000.0,0.0,209.49,17.62,17.388,2609000.0,530786000.0,175006000.0,175006000.0,19605000.0,,,,,4454000.0,72788000.0,1.0,58420664.0,57654000,58383000.0,3.035,1540138000.0,9512000.0,11339000.0,85921000.0,26.713,94497000.0
8,PAYC,MRQ,2019-06-30,2019-06-30,2019-06-30,2021-08-06,0.0,1826192000.0,,1287986000.0,538206000.0,,7.552,-19816000.0,94814000.0,94814000.0,25239000.0,48762000.0,1.072,3.2,33502000.0,1775000.0,31727000.0,33502000.0,70004000.0,10328000.0,0.0,0.0,0.0,52623000.0,62951000.0,0.372,62951000.0,52623000.0,52365000.0,0.85,0.83,0.85,434762000.0,,434762000.0,13207443594.0,68.0,57.067,22526000.0,0.391,1.0,144074000.0,0.851,51889000.0,258000.0,511713000.0,,767000.0,0.0,0.0,0.0,1391430000.0,1201278000.0,190152000.0,13264796594.0,-285276000.0,0.0,0.0,-460000.0,0.0,-297877000.0,-29741000.0,-9925000.0,42342000.0,0.0,48762000.0,48762000.0,48762000.0,0.0,0.0,0.288,91188000.0,52886000.0,3622000.0,0.0,30.51,84.907,83.661,196371000.0,0.0,226.72,20.317,19.992,2850000.0,491634000.0,169313000.0,169313000.0,16775000.0,,,,,5597000.0,69035000.0,1.0,58507395.0,57569000,58410000.0,2.941,1774303000.0,10615000.0,3603000.0,79642000.0,30.82,86708000.0
9,PAYC,MRQ,2019-03-31,2019-03-31,2019-03-31,2021-08-06,0.0,2062828000.0,,1549484000.0,513344000.0,,6.949,-14889000.0,91307000.0,91307000.0,29318000.0,47282000.0,1.044,4.176,33954000.0,1775000.0,32179000.0,33954000.0,67511000.0,9347000.0,0.0,0.0,0.0,62388000.0,71735000.0,0.359,71735000.0,62388000.0,62112000.0,0.82,0.81,0.82,398553000.0,,398553000.0,11071600298.0,60.0,50.613,65537000.0,1.143,1.0,170625000.0,0.853,51889000.0,276000.0,469876000.0,,910000.0,0.0,0.0,0.0,1664275000.0,1483710000.0,180565000.0,11082929298.0,480802000.0,0.0,0.0,-444000.0,0.0,417565000.0,-17189000.0,-2300000.0,80426000.0,0.0,47282000.0,47282000.0,47282000.0,0.0,0.0,0.236,108137000.0,62488000.0,4081000.0,0.0,27.808,77.402,76.262,187511000.0,0.0,189.13,18.099,17.715,3835000.0,442872000.0,199943000.0,199943000.0,18489000.0,,,,,31071000.0,84843000.0,1.0,58599531.0,57357000,58316000.0,3.486,2010939000.0,0.0,14830000.0,77454000.0,35.06,65774000.0
10,PAYC,MRQ,2018-12-31,2018-12-31,2018-12-31,2021-08-06,0.0,1521926000.0,,1064622000.0,457304000.0,,5.823,-15642000.0,45718000.0,45718000.0,24102000.0,31414000.0,1.035,3.546,34389000.0,1775000.0,32614000.0,34389000.0,64651000.0,8747000.0,0.0,0.0,0.0,43047000.0,51794000.0,0.345,51794000.0,43047000.0,42699000.0,0.54,0.54,0.54,334753000.0,,334753000.0,7127017810.0,41.0,34.743,23326000.0,0.406,1.0,126230000.0,0.84,51889000.0,348000.0,430026000.0,,797000.0,0.0,0.0,0.0,1187173000.0,1028682000.0,158491000.0,7177241810.0,78061000.0,0.0,-62331000.0,-444000.0,0.0,2132000.0,36961000.0,52603000.0,38968000.0,0.0,31414000.0,31414000.0,31414000.0,0.0,0.0,0.209,82817000.0,43413000.0,6288000.0,0.0,21.44,52.364,51.667,176962000.0,0.0,122.45,12.673,12.478,3414000.0,395590000.0,150332000.0,150332000.0,12740000.0,,,,,5068000.0,65604000.0,1.0,58613653.0,57489000,58156000.0,2.615,1470037000.0,3962000.0,11285000.0,70206000.0,25.571,35940000.0
11,PAYC,MRQ,2018-09-30,2018-09-30,2018-09-30,2021-08-06,0.0,1468186000.0,,1037534000.0,430652000.0,,6.243,-12391000.0,85048000.0,85048000.0,22125000.0,28769000.0,1.083,3.074,34824000.0,1775000.0,33049000.0,34824000.0,60814000.0,8128000.0,0.0,0.0,0.0,36828000.0,44956000.0,0.337,44956000.0,36828000.0,36444000.0,0.5,0.49,0.5,360377000.0,,360377000.0,9091566805.0,54.0,46.91,33594000.0,0.582,1.0,111163000.0,0.834,52687000.0,384000.0,407126000.0,,574000.0,776000.0,97000.0,679000.0,1107809000.0,958149000.0,149660000.0,9110935805.0,19799000.0,0.0,-1168000.0,-446000.0,0.0,-1083000.0,-25103000.0,-12712000.0,45985000.0,0.0,28769000.0,28769000.0,28769000.0,0.0,0.0,0.216,74918000.0,36245000.0,6173000.0,0.0,25.282,58.964,58.206,168397000.0,0.0,155.41,17.19,16.926,2213000.0,364176000.0,133288000.0,133288000.0,11526000.0,,,,,4587000.0,59231000.0,1.0,58625158.0,57727000,58545000.0,2.309,1415499000.0,6456000.0,7675000.0,64206000.0,24.521,79385000.0
12,PAYC,MRQ,2018-06-30,2018-06-30,2018-06-30,2021-08-06,0.0,1418965000.0,,1002032000.0,416933000.0,,5.701,-13165000.0,54630000.0,54630000.0,20931000.0,35722000.0,1.058,3.303,35261000.0,1775000.0,33486000.0,35261000.0,57189000.0,6713000.0,0.0,0.0,0.0,43552000.0,50265000.0,0.39,50265000.0,43552000.0,43518000.0,0.62,0.61,0.62,329738000.0,,329738000.0,5804366294.0,38.0,33.001,29212000.0,0.505,1.0,107869000.0,0.837,52741000.0,34000.0,399799000.0,,477000.0,492000.0,57000.0,435000.0,1089227000.0,947056000.0,142171000.0,5837221294.0,-232300000.0,0.0,-36690000.0,-14000.0,0.0,-237892000.0,-36785000.0,15730000.0,42377000.0,0.0,35722000.0,35722000.0,35722000.0,0.0,0.0,0.277,64832000.0,43037000.0,4995000.0,0.0,17.703,39.802,39.063,165370000.0,0.0,98.83,11.721,11.477,2414000.0,335407000.0,128800000.0,128800000.0,10731000.0,,,,,3699000.0,50642000.0,1.0,59063253.0,57837000,58721000.0,2.227,1366224000.0,5602000.0,7796000.0,59363000.0,23.622,54976000.0
13,PAYC,MRQ,2018-03-31,2018-03-31,2018-03-31,2021-08-06,0.0,1608130000.0,,1205019000.0,403111000.0,,5.763,-18708000.0,68121000.0,68121000.0,23605000.0,41160000.0,1.056,3.829,35266000.0,1331000.0,33935000.0,35266000.0,53777000.0,6069000.0,0.0,0.0,0.0,52050000.0,58119000.0,0.378,58119000.0,52050000.0,52050000.0,0.71,0.7,0.71,333033000.0,,333033000.0,6344856764.0,50.0,42.507,38779000.0,0.671,1.0,130311000.0,0.847,52794000.0,0.0,381139000.0,,420000.0,168000.0,13000.0,155000.0,1275097000.0,1141342000.0,133755000.0,6355631764.0,22044000.0,0.0,-4999000.0,-42000.0,0.0,-10953000.0,-24490000.0,-45132000.0,57487000.0,0.0,41160000.0,41160000.0,41160000.0,0.0,0.0,0.267,79291000.0,51020000.0,3421000.0,0.0,19.084,48.534,47.729,159561000.0,0.0,107.39,13.596,13.277,2350000.0,299685000.0,153916000.0,153916000.0,11250000.0,,,,,23222000.0,65009000.0,1.0,59182715.0,57793023,58738732.0,2.663,1555336000.0,3034000.0,10890000.0,53401000.0,26.912,63677000.0
14,PAYC,MRQ,2017-12-31,2017-12-31,2017-12-31,2021-08-06,0.0,1550138000.0,,1176265000.0,373873000.0,,4.841,-16463000.0,46077000.0,46077000.0,19180000.0,48866000.0,1.032,4.512,35302000.0,888000.0,34414000.0,35302000.0,51624000.0,5497000.0,0.0,0.0,0.0,34972000.0,40469000.0,0.355,40469000.0,34972000.0,34819000.0,0.84,0.84,0.84,281247000.0,,281247000.0,4722984239.0,37.0,31.904,21637000.0,0.372,1.0,94845000.0,0.832,52847000.0,153000.0,346364000.0,,979000.0,0.0,0.0,0.0,1268891000.0,1140152000.0,128739000.0,4755224239.0,284943000.0,0.0,-37489000.0,-16000.0,0.0,254217000.0,-7374000.0,9089000.0,38100000.0,0.0,48866000.0,48866000.0,48866000.0,0.0,0.0,0.429,58444000.0,36401000.0,6490000.0,0.0,16.908,38.508,37.714,147705000.0,0.0,80.33,10.981,10.729,1576000.0,258525000.0,114025000.0,114025000.0,7426000.0,,,,,6413000.0,48282000.0,1.0,59196119.0,58102388,58640687.0,1.962,1497291000.0,7047000.0,-14047000.0,49129000.0,25.77,36113000.0
15,PAYC,MRQ,2017-09-30,2017-09-30,2017-09-30,2021-08-06,0.0,1069936000.0,,876490000.0,193446000.0,,2.711,-21017000.0,66610000.0,66610000.0,17826000.0,20910000.0,1.046,5.803,34370000.0,1152000.0,33218000.0,34370000.0,48367000.0,4905000.0,0.0,0.0,0.0,22125000.0,27030000.0,0.267,27030000.0,22125000.0,21905000.0,0.36,0.35,0.36,157265000.0,,157265000.0,4432281230.0,29.0,26.328,15739000.0,0.271,1.0,83461000.0,0.824,52900000.0,220000.0,147184000.0,,750000.0,0.0,0.0,0.0,912671000.0,837612000.0,75059000.0,4465780230.0,-1507000.0,0.0,-4204000.0,-281000.0,0.0,-11898000.0,-26365000.0,65881000.0,36756000.0,0.0,20910000.0,20910000.0,20910000.0,0.0,0.0,0.206,61454000.0,22007000.0,2505000.0,0.0,28.397,40.659,39.872,133765000.0,0.0,74.96,10.977,10.687,1444000.0,124350000.0,101287000.0,101287000.0,8112000.0,,,,,13357000.0,50939000.0,1.0,59575510.0,58003222,58873502.0,1.746,1017036000.0,14687000.0,995000.0,0.0,17.534,38878000.0
16,PAYC,MRQ,2017-06-30,2017-06-30,2017-06-30,2021-08-06,0.0,1045943000.0,,866739000.0,179204000.0,,2.505,-12773000.0,68117000.0,68117000.0,17876000.0,20016000.0,1.046,6.211,34618000.0,1139000.0,33479000.0,34618000.0,45004000.0,4707000.0,0.0,0.0,0.0,18941000.0,23648000.0,0.241,23648000.0,18941000.0,18660000.0,0.34,0.34,0.34,145048000.0,,145048000.0,4004017762.0,31.0,27.568,2295000.0,0.04,1.0,80351000.0,0.818,52954000.0,281000.0,131038000.0,,520000.0,0.0,0.0,0.0,900895000.0,828452000.0,72443000.0,4065417762.0,-24798000.0,0.0,-15187000.0,3067000.0,0.0,-191058000.0,151192000.0,0.0,15068000.0,0.0,20016000.0,20016000.0,20016000.0,0.0,0.0,0.204,61559000.0,18792000.0,3439000.0,0.0,28.028,42.739,41.969,116957000.0,0.0,68.41,10.618,10.345,1803000.0,110283000.0,98227000.0,98227000.0,8095000.0,,,,,12963000.0,51024000.0,1.0,59427244.0,57898914,58816442.0,1.697,992989000.0,11514000.0,-1356000.0,0.0,17.15,38287000.0
17,PAYC,MRQ,2017-03-31,2017-03-31,2017-03-31,2021-08-06,0.0,1218552000.0,,1051654000.0,166898000.0,,2.551,-9136000.0,92915000.0,92915000.0,17146000.0,33694000.0,1.046,7.336,31515000.0,1126000.0,30389000.0,31515000.0,42166000.0,4286000.0,0.0,0.0,0.0,52605000.0,56891000.0,0.476,56891000.0,52605000.0,52348000.0,0.58,0.57,0.58,146179000.0,,146179000.0,3391037693.0,27.0,24.063,31089000.0,0.542,1.0,102362000.0,0.857,53357000.0,257000.0,98366000.0,,499000.0,0.0,0.0,0.0,1072373000.0,1005429000.0,66944000.0,3421371693.0,32757000.0,0.0,0.0,1668000.0,0.0,94404000.0,-101872000.0,0.0,40225000.0,0.0,33694000.0,33694000.0,33694000.0,0.0,0.0,0.282,49852000.0,52510000.0,3134000.0,0.0,23.405,40.003,39.122,106485000.0,0.0,57.51,9.543,9.193,1847000.0,96062000.0,119508000.0,119508000.0,6797000.0,,,,,3343000.0,40829000.0,1.0,59491770.0,57307187,58525980.0,2.085,1165195000.0,5687000.0,18654000.0,16577000.0,20.332,46225000.0
18,PAYC,MRQ,2016-12-31,2016-12-31,2016-12-31,2021-08-06,0.0,1078613000.0,,925583000.0,153030000.0,,2.021,-11380000.0,60158000.0,60158000.0,15482000.0,35214000.0,1.03,8.256,29824000.0,1113000.0,28711000.0,29824000.0,39711000.0,3961000.0,0.0,0.0,0.0,56821000.0,60782000.0,0.692,60782000.0,56821000.0,56518000.0,0.6,0.6,0.6,116527000.0,,116527000.0,2690057856.0,26.0,23.254,13003000.0,0.226,1.0,72328000.0,0.824,53760000.0,303000.0,95625000.0,,675000.0,0.0,0.0,0.0,962086000.0,898894000.0,63192000.0,2734463856.0,-14338000.0,0.0,-27182000.0,-294000.0,0.0,237727000.0,-276448000.0,-97657000.0,24383000.0,0.0,35214000.0,35214000.0,35214000.0,0.0,0.0,0.401,15878000.0,56450000.0,3737000.0,0.0,23.466,38.83,37.595,96848000.0,0.0,45.49,8.308,7.954,1339000.0,70448000.0,87810000.0,87810000.0,6672000.0,,,,,1979000.0,6950000.0,1.0,60111318.0,57653278,59491959.0,1.523,1024853000.0,1899000.0,21304000.0,0.0,17.776,26689000.0
19,PAYC,MRQ,2016-09-30,2016-09-30,2016-09-30,2021-08-06,0.0,820995000.0,,677678000.0,143317000.0,,2.266,-7790000.0,74496000.0,74496000.0,14748000.0,6198000.0,1.078,5.265,30090000.0,1090000.0,29000000.0,30090000.0,36885000.0,3553000.0,0.0,0.0,0.0,369000.0,3922000.0,0.051,3922000.0,369000.0,117000.0,0.11,0.1,0.11,131037000.0,,131037000.0,2947483331.0,57.0,45.984,12091000.0,0.209,1.0,62577000.0,0.809,54163000.0,252000.0,93532000.0,,355000.0,0.0,0.0,0.0,689958000.0,628894000.0,61064000.0,2999116331.0,-6397000.0,0.0,-4889000.0,797000.0,0.0,-459761000.0,433483000.0,0.0,19881000.0,0.0,6198000.0,6198000.0,6198000.0,0.0,0.0,0.08,61995000.0,582000.0,4850000.0,0.0,22.888,74.302,71.614,87285000.0,0.0,50.13,9.787,9.458,1479000.0,61815000.0,77325000.0,77325000.0,6232000.0,,,,,13925000.0,53731000.0,1.0,59826777.0,57819734,58907281.0,1.337,766832000.0,5175000.0,-6081000.0,0.0,13.262,48784000.0
20,PAYC,MRQ,2016-06-30,2016-06-30,2016-06-30,2021-08-06,0.0,1258983000.0,,1122559000.0,136424000.0,,2.237,-15977000.0,80893000.0,80893000.0,11865000.0,10421000.0,1.047,8.774,29260000.0,911000.0,28349000.0,29260000.0,33711000.0,3209000.0,0.0,0.0,0.0,16120000.0,19329000.0,0.262,19329000.0,16120000.0,15950000.0,0.18,0.18,0.18,128815000.0,,128815000.0,2542896213.0,44.0,36.572,8629000.0,0.15,1.0,62015000.0,0.839,54566000.0,170000.0,80287000.0,,441000.0,0.0,0.0,0.0,1130168000.0,1072497000.0,57671000.0,2589421213.0,8818000.0,0.0,-3490000.0,3679000.0,0.0,-91116000.0,75328000.0,0.0,24606000.0,0.0,10421000.0,10421000.0,10421000.0,0.0,0.0,0.141,46011000.0,16004000.0,5530000.0,0.0,20.102,68.119,65.47,76627000.0,0.0,43.21,9.103,8.748,2775000.0,55617000.0,73880000.0,73880000.0,4202000.0,,,,,3594000.0,39986000.0,1.0,59926434.0,57591556,58697229.0,1.283,1204417000.0,4295000.0,5529000.0,5371000.0,20.913,50062000.0
21,PAYC,MRQ,2016-03-31,2016-03-31,2016-03-31,2021-08-06,0.0,1331632000.0,,1205803000.0,125829000.0,,2.072,-8363000.0,72075000.0,72075000.0,11971000.0,18588000.0,1.038,10.25,25550000.0,900000.0,24650000.0,25550000.0,30819000.0,2909000.0,0.0,0.0,0.0,28738000.0,31647000.0,0.351,31647000.0,28738000.0,28427000.0,0.32,0.31,0.32,118364000.0,,118364000.0,2078996530.0,39.0,32.835,21585000.0,0.378,1.0,78155000.0,0.867,54970000.0,311000.0,68344000.0,,736000.0,0.0,0.0,0.0,1213268000.0,1161793000.0,51475000.0,2103850530.0,21361000.0,0.0,0.0,-224000.0,0.0,428692000.0,-437279000.0,0.0,29948000.0,0.0,18588000.0,18588000.0,18588000.0,0.0,0.0,0.206,49451000.0,28704000.0,5694000.0,0.0,17.774,62.73,61.379,66990000.0,0.0,35.6,8.106,7.836,2580000.0,45196000.0,90126000.0,90126000.0,3860000.0,,,,,1223000.0,43868000.0,1.0,59096925.0,57132909,58362040.0,1.577,1276662000.0,3003000.0,9839000.0,6582000.0,22.345,44010000.0
22,PAYC,MRQ,2015-12-31,2015-12-31,2015-12-31,2021-08-06,0.0,876655000.0,,761138000.0,115517000.0,,1.721,-6399000.0,50714000.0,50714000.0,10262000.0,5157000.0,1.046,7.917,25742000.0,886000.0,24856000.0,25742000.0,29036000.0,2599000.0,0.0,0.0,0.0,6601000.0,9200000.0,0.141,9200000.0,6601000.0,6241000.0,0.09,0.09,0.09,98314000.0,,98314000.0,2201660531.0,63.0,49.617,2444000.0,0.043,1.0,54856000.0,0.842,55373000.0,360000.0,68776000.0,,1093000.0,0.0,0.0,0.0,778341000.0,727534000.0,50807000.0,2224126531.0,2167000.0,0.0,0.0,-277000.0,0.0,80531000.0,-87207000.0,0.0,8843000.0,0.0,5157000.0,5157000.0,5157000.0,0.0,0.0,0.079,48622000.0,6234000.0,4899000.0,0.0,22.623,106.189,101.703,58858000.0,0.0,37.63,9.9,9.463,2354000.0,26608000.0,65118000.0,65118000.0,2504000.0,,,,,1412000.0,44560000.0,1.0,59105143.0,57116743,58363760.0,1.14,821282000.0,6743000.0,1084000.0,641000.0,14.379,33604000.0
23,PAYC,MRQ,2015-09-30,2015-09-30,2015-09-30,2021-08-06,0.0,781582000.0,,671220000.0,110362000.0,,1.607,-5228000.0,48547000.0,48547000.0,8909000.0,3847000.0,1.046,7.525,26081000.0,875000.0,25206000.0,26081000.0,25986000.0,2402000.0,0.0,0.0,0.0,6953000.0,9355000.0,0.169,9355000.0,6953000.0,6610000.0,0.07,0.07,0.07,91679000.0,,91679000.0,2106294632.0,64.0,50.21,6122000.0,0.107,1.0,46431000.0,0.839,55775000.0,343000.0,61765000.0,,639000.0,0.0,0.0,0.0,689903000.0,641576000.0,48327000.0,2122665632.0,5880000.0,0.0,0.0,-242000.0,0.0,72846000.0,-78316000.0,0.0,11350000.0,0.0,3847000.0,3847000.0,3847000.0,0.0,0.0,0.07,39576000.0,6855000.0,3853000.0,0.0,23.153,116.031,108.818,53674000.0,0.0,35.91,10.427,10.064,3397000.0,21451000.0,55340000.0,55340000.0,2349000.0,,,,,1518000.0,35770000.0,1.0,59110711.0,57050684,58367830.0,0.97,725807000.0,316000.0,2763000.0,2072000.0,12.722,29644000.0
24,PAYC,MRQ,2015-06-30,2015-06-30,2015-06-30,2021-08-06,0.0,699182000.0,,591947000.0,107235000.0,,1.514,-2420000.0,42667000.0,42667000.0,8021000.0,5946000.0,1.047,7.095,26296000.0,861000.0,25435000.0,26296000.0,23035000.0,2287000.0,0.0,0.0,0.0,10827000.0,13114000.0,0.268,13114000.0,10827000.0,10435000.0,0.1,0.1,0.1,86370000.0,,86370000.0,1984209967.0,64.0,50.735,7223000.0,0.127,1.0,40952000.0,0.836,56179000.0,392000.0,61137000.0,,326000.0,0.0,0.0,0.0,612812000.0,565495000.0,47317000.0,1993368967.0,6994000.0,0.0,0.0,-229000.0,0.0,-48985000.0,46336000.0,0.0,9643000.0,0.0,5946000.0,5946000.0,5946000.0,0.0,0.0,0.121,30144000.0,10808000.0,2968000.0,0.0,23.079,116.32,110.161,50115000.0,0.0,34.15,10.785,10.538,2562000.0,17604000.0,48973000.0,48973000.0,1907000.0,,,,,35000.0,26837000.0,1.0,58370980.0,57038021,58369083.0,0.859,643003000.0,373000.0,4489000.0,3736000.0,11.273,26452000.0
25,PAYC,MRQ,2015-03-31,2015-03-31,2015-03-31,2021-08-06,0.0,739589000.0,,633551000.0,106038000.0,,1.468,-2502000.0,35673000.0,35673000.0,8281000.0,5995000.0,1.034,8.2,26514000.0,862000.0,25652000.0,26514000.0,20776000.0,2133000.0,0.0,0.0,0.0,10571000.0,12704000.0,0.23,12704000.0,10571000.0,10239000.0,0.11,0.11,0.11,80389000.0,,80389000.0,1727832894.0,88.0,63.263,10634000.0,0.194,1.0,46941000.0,0.85,56582000.0,332000.0,60844000.0,,718000.0,0.0,0.0,0.0,659200000.0,613004000.0,46196000.0,1726369894.0,10529000.0,0.0,0.0,-476000.0,0.0,-69470000.0,66863000.0,0.0,13136000.0,0.0,5995000.0,5995000.0,5995000.0,0.0,0.0,0.109,36403000.0,10538000.0,2527000.0,0.0,21.475,162.896,160.3,48692000.0,0.0,32.06,10.205,10.376,1684000.0,11658000.0,55222000.0,55222000.0,1867000.0,,,,,254000.0,33213000.0,1.0,53848094.0,54749951,56562661.0,1.009,683007000.0,869000.0,4244000.0,5783000.0,12.475,20547000.0
26,PAYC,MRQ,2014-12-31,2014-12-31,2014-12-31,2021-08-06,0.0,797497000.0,,691948000.0,105549000.0,,1.425,-2322000.0,25515000.0,25515000.0,7595000.0,2506000.0,1.019,9.757,26978000.0,855000.0,26123000.0,26978000.0,19337000.0,1964000.0,0.0,0.0,0.0,4813000.0,6777000.0,0.154,6777000.0,4813000.0,4471000.0,0.05,0.05,0.05,74138000.0,,74138000.0,1354133256.0,104.0,66.907,6714000.0,0.129,1.0,36445000.0,0.828,56985000.0,342000.0,63203000.0,,195000.0,0.0,0.0,0.0,723359000.0,678772000.0,44587000.0,1345790256.0,6671000.0,0.0,-3000.0,-220000.0,0.0,266884000.0,-269249000.0,0.0,9036000.0,0.0,2506000.0,2506000.0,2506000.0,0.0,0.0,0.057,31658000.0,4787000.0,3042000.0,0.0,18.153,237.646,239.364,47919000.0,0.0,26.33,8.917,8.685,2794000.0,5663000.0,44040000.0,44040000.0,1447000.0,,,,,350000.0,28995000.0,1.0,51112429.0,52015584,53760092.0,0.847,740512000.0,935000.0,1965000.0,1662000.0,14.236,13176000.0
27,PAYC,MRQ,2014-09-30,2014-09-30,2014-09-30,2021-08-06,0.0,522956000.0,,418331000.0,104625000.0,,1.383,-2670000.0,18843000.0,18843000.0,6436000.0,2690000.0,1.026,6.406,27186000.0,845000.0,26341000.0,27186000.0,17234000.0,1797000.0,0.0,0.0,0.0,4717000.0,6514000.0,0.178,6514000.0,4717000.0,4379000.0,0.05,0.05,0.05,70616000.0,,70616000.0,858324560.0,104.0,57.664,4738000.0,0.093,1.0,30162000.0,0.824,57388000.0,338000.0,66019000.0,,384000.0,0.0,0.0,0.0,452340000.0,407892000.0,44448000.0,845241560.0,4505000.0,0.0,647000.0,-235000.0,0.0,77771000.0,-80674000.0,0.0,7408000.0,0.0,2690000.0,2690000.0,2690000.0,0.0,0.0,0.074,25484000.0,4678000.0,1976000.0,0.0,11.97,700.864,1656.0,46642000.0,0.0,16.56,6.162,6.164,1468000.0,3157000.0,36598000.0,36598000.0,1059000.0,,,,,88000.0,23266000.0,1.0,51041157.0,51056462,52978051.0,0.717,465568000.0,2422000.0,1689000.0,3207000.0,9.119,10439000.0
28,PAYC,MRQ,2014-06-30,2014-06-30,2014-06-30,2021-08-06,0.0,440195000.0,,336492000.0,103703000.0,,1.349,-4118000.0,14338000.0,14338000.0,6365000.0,-593000.0,1.022,5.489,27421000.0,893000.0,26528000.0,27421000.0,15291000.0,1680000.0,0.0,0.0,0.0,-363000.0,1317000.0,0.04,1317000.0,-363000.0,-1037000.0,-0.01,-0.01,-0.01,67838000.0,,67838000.0,817513481.0,156.0,70.885,44000.0,0.001,1.0,26941000.0,0.809,57791000.0,674000.0,66089000.0,,519000.0,0.0,0.0,0.0,372357000.0,329398000.0,42959000.0,744690481.0,843000.0,0.0,62196000.0,-62954000.0,0.0,-92791000.0,89472000.0,0.0,4162000.0,0.0,-593000.0,-593000.0,-593000.0,0.0,0.0,-0.018,23847000.0,3094000.0,2620000.0,0.0,10.977,-390.914,-291.8,45358000.0,0.0,14.59,5.891,5.804,906000.0,467000.0,33306000.0,33306000.0,937000.0,,,,,181000.0,21838000.0,1.0,51041157.0,50284362,50284362.0,0.662,382404000.0,3485000.0,-444000.0,3081000.0,7.605,7094000.0
29,PAYC,MRQ,2014-03-31,2014-03-31,2014-03-31,2021-08-06,0.0,532231000.0,,430951000.0,101280000.0,,0.132,-5160000.0,13494000.0,13494000.0,6922000.0,1060000.0,0.983,86.914,86317000.0,13941000.0,72376000.0,86317000.0,13570000.0,1721000.0,0.0,,0.0,3910000.0,5631000.0,0.152,5631000.0,3910000.0,1843000.0,0.02,0.02,0.02,6054000.0,,6054000.0,,,,-3429000.0,-0.075,1.0,30063000.0,0.813,58195000.0,2067000.0,108590000.0,,452000.0,0.0,0.0,0.0,526177000.0,438269000.0,87908000.0,,-237000.0,0.0,0.0,4286000.0,0.0,-43369000.0,41401000.0,0.0,1731000.0,0.0,1060000.0,1060000.0,1060000.0,0.0,0.0,0.029,26922000.0,3141000.0,3310000.0,0.0,,,,42514000.0,0.0,,,,737000.0,1060000.0,36985000.0,36985000.0,882000.0,,,,,93000.0,24949000.0,1.0,50333739.0,45721584,48371169.0,0.809,474036000.0,3281000.0,783000.0,3320000.0,10.368,-7318000.0
30,PAYC,MRQ,2013-12-31,2013-12-31,2013-12-31,2021-08-06,0.0,575478000.0,,477748000.0,97730000.0,,0.111,-10675000.0,13731000.0,13731000.0,5938000.0,-1964000.0,0.989,112.15,81965000.0,9545000.0,72420000.0,81965000.0,12572000.0,1450000.0,0.0,,0.0,-27000.0,1423000.0,0.047,1423000.0,-27000.0,-2370000.0,-0.05,-0.04,-0.05,5086000.0,,5086000.0,,,,-5787000.0,-0.127,1.0,24342000.0,0.804,58598000.0,2343000.0,102131000.0,,578000.0,0.0,0.0,0.0,570395000.0,482983000.0,87412000.0,,-7776000.0,0.0,-1162000.0,5229000.0,-5409000.0,211818000.0,-224482000.0,0.0,4888000.0,0.0,-1951000.0,-1951000.0,-1951000.0,0.0,-13000.0,-0.064,25441000.0,-1099000.0,5020000.0,0.0,,,,38671000.0,0.0,,,,1705000.0,-29349000.0,30280000.0,30280000.0,829000.0,,,,,9000.0,23646000.0,1.0,50333739.0,45710781,48321656.0,0.662,516880000.0,3822000.0,-419000.0,2895000.0,11.308,-5235000.0
31,PAYC,MRQ,2013-09-30,2013-09-30,2013-09-30,2021-08-06,,,,,,,,-3404000.0,,,5340000.0,-424000.0,,,,,,,,1453000.0,,,0.0,1709000.0,3162000.0,0.122,3162000.0,1709000.0,-620000.0,-0.01,-0.01,-0.01,,,,,,,-214000.0,-0.005,1.0,20490000.0,0.793,,2329000.0,,,,,,,,,,,3362000.0,0.0,1162000.0,1947000.0,0.0,-39950000.0,40122000.0,0.0,3190000.0,0.0,-421000.0,-421000.0,-421000.0,0.0,-3000.0,-0.016,18651000.0,1839000.0,,0.0,,,,,0.0,,,,,,25830000.0,25830000.0,538000.0,,,,,81000.0,17154000.0,1.0,,45707802,45707802.0,0.565,,,-199000.0,,,
32,PAYC,MRQ,2013-06-30,2013-06-30,2013-06-30,2021-08-06,,,,,,,,-1612000.0,,,4768000.0,360000.0,,,,,,,,1288000.0,,,0.0,2852000.0,4140000.0,0.173,4140000.0,2852000.0,526000.0,0.01,0.01,0.01,,,,,,,2770000.0,0.061,1.0,19146000.0,0.801,,2326000.0,,,,,,,,,,,549000.0,0.0,0.0,-97000.0,0.0,-67018000.0,63185000.0,0.0,4382000.0,0.0,357000.0,357000.0,357000.0,0.0,3000.0,0.015,15953000.0,3193000.0,,0.0,,,,,0.0,,,,,,23914000.0,23914000.0,324000.0,,,,,122000.0,14756000.0,1.0,,45621868,47998224.0,0.524,,,169000.0,,,
33,PAYC,MRQ,2013-03-31,2013-03-31,2013-03-31,2021-08-06,,,,,,,,-1227000.0,,,4845000.0,2635000.0,,,,,,,,1295000.0,,,0.0,6131000.0,7426000.0,0.269,7426000.0,6131000.0,3857000.0,0.06,0.05,0.06,,,,,,,3297000.0,0.073,1.0,22732000.0,0.824,,2274000.0,,,,,,,,,,,3792000.0,0.0,0.0,-100000.0,0.0,26525000.0,-27257000.0,0.0,4524000.0,0.0,2616000.0,2616000.0,2616000.0,0.0,19000.0,0.095,17193000.0,5539000.0,,0.0,,,,,0.0,,,,,,27577000.0,27577000.0,455000.0,,,,,722000.0,15854000.0,1.0,,44857788,47918011.0,0.615,,,1241000.0,,,
34,PAYC,MRQ,2012-12-31,2012-12-31,2012-12-31,2021-08-06,0.0,430041000.0,,344275000.0,85766000.0,,0.218,,13803000.0,13803000.0,,,1.026,43.003,74743000.0,2151000.0,72592000.0,74743000.0,8392000.0,,0.0,,0.0,,,,,,,,,,9773000.0,,9773000.0,,,,,,1.0,,,60210000.0,,95111000.0,,714000.0,0.0,0.0,0.0,420265000.0,335660000.0,84605000.0,,,,,,,,,,,,,,,,,,,,2351000.0,,,,,25139000.0,,,,,622000.0,-14249000.0,,,,,,,,,,1.0,,44771559,,,369831000.0,4184000.0,,2890000.0,8.26,8615000.0
0,PAYC,MRT,2021-06-30,2021-06-30,2021-06-30,2021-08-06,0.0,3233087000.0,2933242750.0,2356522000.0,876565000.0,0.318,13.694,-104376000.0,202362000.0,202362000.0,136625000.0,168743000.0,1.099,3.081,30025000.0,1775000.0,28250000.0,30025000.0,92458000.0,59016000.0,0.0,0.0,0.0,213294000.0,272310000.0,0.292,272310000.0,213294000.0,213294000.0,2.92,2.9,2.92,792256000.0,706443500.0,792256000.0,21690179874.0,102.0,79.653,161762000.0,2.796,1.0,795198000.0,0.853,111976000.0,0.0,803566000.0,736385000.0,882000.0,0.0,0.0,0.0,2440831000.0,2145208000.0,295623000.0,21874813874.0,1206617000.0,0.0,0.0,-1775000.0,0.0,918146000.0,22333000.0,126709000.0,266138000.0,0.0,168743000.0,168743000.0,168743000.0,0.0,0.0,0.181,583279000.0,211919000.0,9220000.0,0.0,27.611,129.634,124.476,320997000.0,0.0,363.47,23.475,22.566,19905000.0,836513000.0,931823000.0,931823000.0,99780000.0,0.058,0.239,0.29,0.229,100452000.0,452857000.0,1.0,60183272.0,57853000,58092000.0,16.107,3121111000.0,7997000.0,44551000.0,119083000.0,53.949,211314000.0
1,PAYC,MRT,2021-03-31,2021-03-31,2021-03-31,2021-08-06,0.0,3406773000.0,2605346000.0,2624207000.0,782566000.0,0.334,12.911,-93706000.0,215093000.0,215093000.0,129773000.0,145054000.0,1.082,3.57,30459000.0,1775000.0,28684000.0,30459000.0,88993000.0,56074000.0,0.0,0.0,0.0,192796000.0,248870000.0,0.286,248870000.0,192796000.0,192793000.0,2.52,2.49,2.52,745476000.0,654842750.0,745476000.0,22152555482.0,115.0,89.013,140928000.0,2.441,1.0,741491000.0,0.851,51889000.0,3000.0,744676000.0,703145000.0,1088000.0,0.0,0.0,0.0,2661297000.0,2425574000.0,235723000.0,22273371482.0,1106312000.0,0.0,-44042000.0,-1775000.0,0.0,798471000.0,73207000.0,166913000.0,234634000.0,0.0,145054000.0,145054000.0,145054000.0,0.0,0.0,0.166,550086000.0,191405000.0,12133000.0,0.0,29.878,153.552,146.849,301579000.0,0.0,370.06,25.564,24.524,19792000.0,784235000.0,871264000.0,871264000.0,93334000.0,0.056,0.222,0.274,0.221,97878000.0,427716000.0,1.0,60188541.0,57740000,58394000.0,15.089,3354884000.0,0.0,47739000.0,128313000.0,58.103,198633000.0
2,PAYC,MRT,2020-12-31,2020-12-31,2020-12-31,2021-08-06,0.0,2607912000.0,2331084000.0,1864605000.0,743307000.0,0.361,11.379,-94102000.0,151710000.0,151710000.0,123546000.0,143453000.0,1.085,2.978,30894000.0,1775000.0,29119000.0,30894000.0,86826000.0,53373000.0,0.0,0.0,0.0,185955000.0,239328000.0,0.284,239328000.0,185955000.0,185936000.0,2.49,2.46,2.49,655643000.0,618420750.0,655643000.0,26337223145.0,142.0,110.047,133105000.0,2.31,1.0,717888000.0,0.853,52208000.0,19000.0,716858000.0,669549000.0,1151000.0,0.0,0.0,0.0,1952269000.0,1718030000.0,234239000.0,26462292145.0,-56579000.0,0.0,-52040000.0,-1775000.0,0.0,-165909000.0,-117877000.0,-23775000.0,227207000.0,0.0,143453000.0,143453000.0,143453000.0,0.0,0.0,0.17,531765000.0,186123000.0,6787000.0,0.0,40.361,184.467,181.627,285218000.0,0.0,452.25,31.449,30.969,9130000.0,719619000.0,841434000.0,841434000.0,90244000.0,0.062,0.232,0.278,0.221,90108000.0,413916000.0,1.0,58512531.0,57620000,58285000.0,14.603,2555704000.0,10447000.0,42483000.0,112598000.0,44.354,146575000.0
3,PAYC,MRT,2020-09-30,2020-09-30,2020-09-30,2021-08-06,0.0,2485199000.0,2300835250.0,1778316000.0,706883000.0,0.354,10.979,-95356000.0,156398000.0,156398000.0,119314000.0,164466000.0,1.092,2.93,31329000.0,1775000.0,29554000.0,31329000.0,85387000.0,50640000.0,0.0,0.0,0.0,210619000.0,261259000.0,0.321,261259000.0,210619000.0,210454000.0,2.86,2.82,2.86,632399000.0,586167000.0,632399000.0,18139541506.0,86.0,69.431,126816000.0,2.202,1.0,694582000.0,0.853,51889000.0,165000.0,680440000.0,635452500.0,924000.0,0.0,0.0,0.0,1852800000.0,1627801000.0,224999000.0,18221295506.0,489234000.0,0.0,-52040000.0,-1775000.0,0.0,606226000.0,-339164000.0,-243808000.0,222172000.0,0.0,164466000.0,164466000.0,164466000.0,0.0,0.0,0.202,484412000.0,210170000.0,9237000.0,0.0,28.813,110.791,108.846,275624000.0,0.0,311.3,22.388,22.032,12355000.0,695252000.0,813896000.0,813896000.0,83382000.0,0.071,0.281,0.331,0.259,62677000.0,374869000.0,1.0,58532912.0,57603000,58171000.0,14.129,2433310000.0,9280000.0,45988000.0,102421000.0,42.243,150515000.0
4,PAYC,MRT,2020-06-30,2020-06-30,2020-06-30,2021-08-06,0.0,1921500000.0,2077542250.0,1240058000.0,681442000.0,0.381,10.177,-110687000.0,113518000.0,113518000.0,114794000.0,176136000.0,1.11,2.28,31764000.0,1775000.0,29989000.0,31764000.0,80887000.0,47826000.0,0.0,0.0,0.0,227088000.0,274914000.0,0.347,274914000.0,227088000.0,226663000.0,3.06,3.02,3.06,585853000.0,546791750.0,585853000.0,17990041719.0,79.0,65.439,98320000.0,1.708,1.0,677576000.0,0.855,51889000.0,425000.0,670606000.0,601992750.0,1376000.0,0.0,0.0,0.0,1335647000.0,1117251000.0,218396000.0,18139670719.0,-328037000.0,0.0,-52040000.0,-1775000.0,0.0,-174436000.0,-362608000.0,-251921000.0,209007000.0,0.0,176136000.0,176136000.0,176136000.0,0.0,0.0,0.222,450886000.0,226690000.0,3667000.0,0.0,30.963,102.987,101.219,266831000.0,0.0,309.73,22.893,22.503,9295000.0,667770000.0,792370000.0,792370000.0,81215000.0,0.085,0.322,0.377,0.287,47629000.0,344995000.0,1.0,58566076.0,57568000,58237000.0,13.764,1869611000.0,4324000.0,50527000.0,98536000.0,32.477,122807000.0
5,PAYC,MRT,2020-03-31,2020-03-31,2020-03-31,2021-08-06,0.0,2309725000.0,2053715250.0,1651561000.0,658164000.0,0.38,10.403,-103771000.0,181827000.0,181827000.0,110475000.0,196309000.0,1.103,2.851,32198000.0,1775000.0,30423000.0,32198000.0,78455000.0,45079000.0,0.0,0.0,0.0,252973000.0,298052000.0,0.382,298052000.0,252973000.0,252293000.0,3.41,3.36,3.41,599788000.0,509019000.0,599788000.0,11786448682.0,47.0,39.545,122096000.0,2.118,1.0,669621000.0,0.858,51889000.0,680000.0,610292000.0,562269500.0,930000.0,0.0,0.0,0.0,1709937000.0,1497915000.0,212022000.0,11887482682.0,-206022000.0,0.0,-7998000.0,-1791000.0,0.0,-45904000.0,-385985000.0,-282214000.0,225867000.0,0.0,196309000.0,196309000.0,196309000.0,0.0,0.0,0.252,416621000.0,253000000.0,5694000.0,0.0,19.819,60.555,59.24,254423000.0,0.0,202.01,15.238,14.93,8059000.0,639181000.0,780096000.0,780096000.0,76212000.0,0.096,0.386,0.45,0.324,32008000.0,317129000.0,1.0,58846011.0,57655000,58440000.0,13.53,2257836000.0,0.0,55984000.0,108562000.0,39.161,153646000.0
6,PAYC,MRT,2019-12-31,2019-12-31,2019-12-31,2021-08-06,0.0,2486917000.0,1991991000.0,1871100000.0,615817000.0,0.37,9.149,-92934000.0,133667000.0,133667000.0,109747000.0,180576000.0,1.067,3.722,32633000.0,1775000.0,30858000.0,32633000.0,76244000.0,42211000.0,0.0,0.0,0.0,227027000.0,269238000.0,0.365,269238000.0,227027000.0,226087000.0,3.14,3.09,3.14,526628000.0,458710250.0,526628000.0,15386662623.0,68.0,57.149,131329000.0,2.282,1.0,627924000.0,0.851,51889000.0,940000.0,580472000.0,527165500.0,1158000.0,0.0,0.0,0.0,1960289000.0,1753522000.0,206767000.0,15461721623.0,655390000.0,0.0,0.0,-1791000.0,0.0,650672000.0,-219545000.0,-126611000.0,224263000.0,0.0,180576000.0,180576000.0,180576000.0,0.0,0.0,0.245,401700000.0,226224000.0,5051000.0,0.0,29.36,85.624,84.318,238458000.0,0.0,264.76,20.96,20.659,9298000.0,576166000.0,737671000.0,737671000.0,73080000.0,0.091,0.394,0.431,0.308,47268000.0,306820000.0,1.0,58399009.0,57561000,58395000.0,12.815,2435028000.0,4020000.0,45511000.0,91217000.0,42.303,117578000.0
7,PAYC,MRT,2019-09-30,2019-09-30,2019-09-30,2021-08-06,0.0,1592027000.0,1750743250.0,1012975000.0,579052000.0,0.397,8.237,-86722000.0,108127000.0,108127000.0,105051000.0,166610000.0,1.103,2.352,33068000.0,1775000.0,31293000.0,33068000.0,73365000.0,39391000.0,0.0,0.0,0.0,208809000.0,248200000.0,0.357,248200000.0,208809000.0,207667000.0,2.89,2.85,2.89,474898000.0,410741500.0,474898000.0,12177232901.0,58.0,49.062,128665000.0,2.232,1.0,589543000.0,0.849,51889000.0,1142000.0,546601000.0,489554000.0,700000.0,0.0,0.0,0.0,1117129000.0,918478000.0,198651000.0,12238544901.0,887000.0,0.0,-62331000.0,-1791000.0,0.0,-173313000.0,-41187000.0,45535000.0,215387000.0,0.0,166610000.0,166610000.0,166610000.0,0.0,0.0,0.24,380200000.0,209343000.0,4693000.0,0.0,25.771,73.456,72.488,224035000.0,0.0,209.49,17.62,17.388,2609000.0,530786000.0,694594000.0,694594000.0,67609000.0,0.095,0.406,0.427,0.301,46190000.0,292270000.0,1.0,58420664.0,57654000,58383000.0,12.048,1540138000.0,9512000.0,41057000.0,85921000.0,26.713,94497000.0
8,PAYC,MRT,2019-06-30,2019-06-30,2019-06-30,2021-08-06,0.0,1826192000.0,1719783000.0,1287986000.0,538206000.0,0.38,7.552,-62738000.0,94814000.0,94814000.0,100784000.0,156227000.0,1.072,3.2,33502000.0,1775000.0,31727000.0,33502000.0,70004000.0,36550000.0,0.0,0.0,0.0,194886000.0,231436000.0,0.354,231436000.0,194886000.0,193620000.0,2.71,2.67,2.71,434762000.0,382111250.0,434762000.0,13207443594.0,68.0,57.067,144983000.0,2.518,1.0,552092000.0,0.846,51889000.0,1266000.0,511713000.0,454685250.0,767000.0,0.0,0.0,0.0,1391430000.0,1201278000.0,190152000.0,13264796594.0,293386000.0,0.0,-63499000.0,-1794000.0,0.0,120737000.0,-35072000.0,27666000.0,207721000.0,0.0,156227000.0,156227000.0,156227000.0,0.0,0.0,0.239,357060000.0,195032000.0,3622000.0,0.0,30.51,84.907,83.661,196371000.0,0.0,226.72,20.317,19.992,2850000.0,491634000.0,652876000.0,652876000.0,59530000.0,0.091,0.409,0.429,0.299,46323000.0,278713000.0,1.0,58507395.0,57569000,58410000.0,11.341,1774303000.0,10615000.0,37393000.0,79642000.0,30.82,86708000.0
9,PAYC,MRT,2019-03-31,2019-03-31,2019-03-31,2021-08-06,0.0,2062828000.0,1617976250.0,1549484000.0,513344000.0,0.378,6.949,-56087000.0,91307000.0,91307000.0,96476000.0,143187000.0,1.044,4.176,33954000.0,1775000.0,32179000.0,33954000.0,67511000.0,32935000.0,0.0,0.0,0.0,185815000.0,218750000.0,0.357,218750000.0,185815000.0,184773000.0,2.48,2.45,2.48,398553000.0,355855250.0,398553000.0,11071600298.0,60.0,50.613,151669000.0,2.644,1.0,515887000.0,0.842,51889000.0,1042000.0,469876000.0,426706750.0,910000.0,0.0,0.0,0.0,1664275000.0,1483710000.0,180565000.0,11082929298.0,346362000.0,0.0,-100189000.0,-1348000.0,0.0,180722000.0,-42116000.0,53321000.0,207756000.0,0.0,143187000.0,143187000.0,143187000.0,0.0,0.0,0.234,330704000.0,185183000.0,4081000.0,0.0,27.808,77.402,76.262,187511000.0,0.0,189.13,18.099,17.715,3835000.0,442872000.0,612363000.0,612363000.0,53486000.0,0.088,0.402,0.435,0.303,44425000.0,260320000.0,1.0,58599531.0,57357000,58316000.0,10.676,2010939000.0,0.0,41586000.0,77454000.0,35.06,65774000.0
10,PAYC,MRT,2018-12-31,2018-12-31,2018-12-31,2021-08-06,0.0,1521926000.0,1504301750.0,1064622000.0,457304000.0,0.376,5.801,-59906000.0,45718000.0,45718000.0,90763000.0,137065000.0,1.035,3.546,34389000.0,1775000.0,32614000.0,34389000.0,64651000.0,29657000.0,0.0,0.0,0.0,175477000.0,205134000.0,0.362,205134000.0,175477000.0,174711000.0,2.37,2.34,2.37,334753000.0,339475250.0,334753000.0,7127017810.0,41.0,34.743,124911000.0,2.164,1.0,475573000.0,0.84,51889000.0,766000.0,430026000.0,404522500.0,797000.0,0.0,0.0,0.0,1187173000.0,1028682000.0,158491000.0,7177241810.0,-112396000.0,0.0,-105188000.0,-946000.0,0.0,-247796000.0,-49417000.0,10489000.0,184817000.0,0.0,137065000.0,137065000.0,137065000.0,0.0,0.0,0.242,301858000.0,173715000.0,6288000.0,0.0,21.44,52.364,51.667,176962000.0,0.0,122.45,12.673,12.478,3414000.0,395590000.0,566336000.0,566336000.0,46247000.0,0.091,0.404,0.434,0.31,36576000.0,240486000.0,1.0,58613653.0,57711000,58582000.0,9.813,1470037000.0,3962000.0,37646000.0,70206000.0,25.472,35940000.0
11,PAYC,MRT,2018-09-30,2018-09-30,2018-09-30,2021-08-06,0.0,1468186000.0,1511354750.0,1037534000.0,430652000.0,0.351,6.243,-60727000.0,85048000.0,85048000.0,85841000.0,154517000.0,1.083,3.074,34824000.0,1775000.0,33049000.0,34824000.0,60814000.0,26407000.0,0.0,0.0,0.0,167402000.0,193809000.0,0.366,193809000.0,167402000.0,166831000.0,2.67,2.64,2.67,360377000.0,326098750.0,360377000.0,9091566805.0,54.0,46.91,123222000.0,2.135,1.0,444188000.0,0.838,52687000.0,571000.0,407126000.0,383607000.0,574000.0,776000.0,97000.0,679000.0,1107809000.0,958149000.0,149660000.0,9110935805.0,94486000.0,0.0,-80346000.0,-518000.0,0.0,4289000.0,-93752000.0,-33025000.0,183949000.0,0.0,154517000.0,154517000.0,154517000.0,0.0,0.0,0.292,277485000.0,166703000.0,6173000.0,0.0,25.282,58.964,58.206,168397000.0,0.0,155.41,17.19,16.926,2213000.0,364176000.0,530029000.0,530029000.0,40933000.0,0.102,0.474,0.436,0.316,37921000.0,223164000.0,1.0,58625158.0,57727000,58545000.0,9.182,1415499000.0,6456000.0,12314000.0,64206000.0,24.521,79385000.0
12,PAYC,MRT,2018-06-30,2018-06-30,2018-06-30,2021-08-06,0.0,1418965000.0,1411792250.0,1002032000.0,416933000.0,0.353,5.701,-69353000.0,54630000.0,54630000.0,81542000.0,146658000.0,1.058,3.303,35261000.0,1775000.0,33486000.0,35261000.0,57189000.0,23184000.0,0.0,0.0,0.0,152699000.0,175883000.0,0.353,175883000.0,152699000.0,152292000.0,2.53,2.5,2.53,329738000.0,275320750.0,329738000.0,5804366294.0,38.0,33.001,105367000.0,1.822,1.0,416486000.0,0.836,52741000.0,407000.0,399799000.0,318621500.0,477000.0,492000.0,57000.0,435000.0,1089227000.0,947056000.0,142171000.0,5837221294.0,73180000.0,0.0,-83382000.0,-353000.0,0.0,-6526000.0,-95014000.0,45568000.0,174720000.0,0.0,146658000.0,146658000.0,146658000.0,0.0,0.0,0.294,264021000.0,152465000.0,4995000.0,0.0,17.703,39.802,39.063,165370000.0,0.0,98.83,11.721,11.477,2414000.0,335407000.0,498028000.0,498028000.0,37519000.0,0.104,0.533,0.479,0.307,46691000.0,214872000.0,1.0,59063253.0,57837000,58721000.0,8.611,1366224000.0,5602000.0,5634000.0,59363000.0,23.622,54976000.0
13,PAYC,MRT,2018-03-31,2018-03-31,2018-03-31,2021-08-06,0.0,1608130000.0,1318536750.0,1205019000.0,403111000.0,0.355,5.763,-68961000.0,68121000.0,68121000.0,78487000.0,130952000.0,1.056,3.829,35266000.0,1331000.0,33935000.0,35266000.0,53777000.0,21178000.0,0.0,0.0,0.0,128088000.0,149266000.0,0.319,149266000.0,128088000.0,127434000.0,2.25,2.23,2.25,333033000.0,229148250.0,333033000.0,6344856764.0,50.0,42.507,78450000.0,1.357,1.0,388968000.0,0.832,52794000.0,654000.0,381139000.0,251431250.0,420000.0,168000.0,13000.0,155000.0,1275097000.0,1141342000.0,133755000.0,6355631764.0,280682000.0,0.0,-61879000.0,2728000.0,0.0,40308000.0,92963000.0,29838000.0,147411000.0,0.0,130952000.0,130952000.0,130952000.0,0.0,0.0,0.28,260748000.0,128220000.0,3421000.0,0.0,19.084,48.534,47.729,159561000.0,0.0,107.39,13.596,13.277,2350000.0,299685000.0,467455000.0,467455000.0,34883000.0,0.099,0.571,0.509,0.274,55955000.0,215254000.0,1.0,59182715.0,57793023,58738732.0,8.088,1555336000.0,3034000.0,-3518000.0,53401000.0,26.912,63677000.0
14,PAYC,MRT,2017-12-31,2017-12-31,2017-12-31,2021-08-06,0.0,1550138000.0,1221142250.0,1176265000.0,373873000.0,0.355,4.863,-59389000.0,46077000.0,46077000.0,72028000.0,123486000.0,1.032,4.512,35302000.0,888000.0,34414000.0,35302000.0,51624000.0,19395000.0,0.0,0.0,0.0,128643000.0,148038000.0,0.342,148038000.0,128643000.0,127732000.0,2.13,2.1,2.13,281247000.0,182434750.0,281247000.0,4722984239.0,37.0,31.904,70760000.0,1.223,1.0,361019000.0,0.834,52847000.0,911000.0,346364000.0,180738000.0,979000.0,0.0,0.0,0.0,1268891000.0,1140152000.0,128739000.0,4755224239.0,291395000.0,0.0,-56880000.0,4438000.0,0.0,145665000.0,15581000.0,74970000.0,130149000.0,0.0,123486000.0,123486000.0,123486000.0,0.0,0.0,0.285,231309000.0,129710000.0,6490000.0,0.0,16.908,38.508,37.714,147705000.0,0.0,80.33,10.981,10.729,1576000.0,258525000.0,433047000.0,433047000.0,30430000.0,0.101,0.677,0.712,0.297,36076000.0,191074000.0,1.0,59196119.0,57839000,58790000.0,7.487,1497291000.0,7047000.0,4246000.0,49129000.0,25.887,36113000.0
15,PAYC,MRT,2017-09-30,2017-09-30,2017-09-30,2021-08-06,0.0,1069936000.0,1103261000.0,876490000.0,193446000.0,0.369,2.711,-54306000.0,66610000.0,66610000.0,68330000.0,109834000.0,1.046,5.803,34370000.0,1152000.0,33218000.0,34370000.0,48367000.0,17859000.0,0.0,0.0,0.0,150492000.0,168351000.0,0.414,168351000.0,150492000.0,149431000.0,1.88,1.86,1.88,157265000.0,141254750.0,157265000.0,4432281230.0,29.0,26.328,62126000.0,1.071,1.0,338502000.0,0.832,52900000.0,1061000.0,147184000.0,118053250.0,750000.0,0.0,0.0,0.0,912671000.0,837612000.0,75059000.0,4465780230.0,-7886000.0,0.0,-46573000.0,4160000.0,0.0,129175000.0,-253493000.0,-31776000.0,116432000.0,0.0,109834000.0,109834000.0,109834000.0,0.0,0.0,0.27,188743000.0,149759000.0,2505000.0,0.0,28.397,40.659,39.872,133765000.0,0.0,74.96,10.977,10.687,1444000.0,124350000.0,406832000.0,406832000.0,29676000.0,0.1,0.778,1.275,0.37,31642000.0,149742000.0,1.0,59575510.0,58003222,58873502.0,7.014,1017036000.0,14687000.0,39597000.0,0.0,17.534,38878000.0
16,PAYC,MRT,2017-06-30,2017-06-30,2017-06-30,2021-08-06,0.0,1045943000.0,1041025750.0,866739000.0,179204000.0,0.368,2.505,-41079000.0,68117000.0,68117000.0,65252000.0,95122000.0,1.046,6.211,34618000.0,1139000.0,33479000.0,34618000.0,45004000.0,16507000.0,0.0,0.0,0.0,128736000.0,145243000.0,0.379,145243000.0,128736000.0,127643000.0,1.63,1.61,1.63,145048000.0,134697750.0,145048000.0,4004017762.0,31.0,27.568,58478000.0,1.01,1.0,317618000.0,0.83,52954000.0,1093000.0,131038000.0,104640250.0,520000.0,0.0,0.0,0.0,900895000.0,828452000.0,72443000.0,4065417762.0,-12776000.0,0.0,-47258000.0,5238000.0,0.0,-318688000.0,206355000.0,-97657000.0,99557000.0,0.0,95122000.0,95122000.0,95122000.0,0.0,0.0,0.248,189284000.0,128334000.0,3439000.0,0.0,28.028,42.739,41.969,116957000.0,0.0,68.41,10.618,10.345,1803000.0,110283000.0,382870000.0,382870000.0,27796000.0,0.091,0.706,1.23,0.336,32210000.0,152534000.0,1.0,59427244.0,57898914,58816442.0,6.613,992989000.0,11514000.0,32521000.0,0.0,17.15,38287000.0
17,PAYC,MRT,2017-03-31,2017-03-31,2017-03-31,2021-08-06,0.0,1218552000.0,1094285750.0,1051654000.0,166898000.0,0.328,2.551,-44283000.0,92915000.0,92915000.0,59241000.0,85527000.0,1.046,7.336,31515000.0,1126000.0,30389000.0,31515000.0,42166000.0,15009000.0,0.0,0.0,0.0,125915000.0,140924000.0,0.393,140924000.0,125915000.0,124933000.0,1.47,1.45,1.47,146179000.0,130639500.0,146179000.0,3391037693.0,27.0,24.063,64812000.0,1.131,1.0,299282000.0,0.835,53357000.0,982000.0,98366000.0,91952500.0,499000.0,0.0,0.0,0.0,1072373000.0,1005429000.0,66944000.0,3421371693.0,20840000.0,0.0,-35561000.0,5850000.0,0.0,-218746000.0,130491000.0,-97657000.0,109095000.0,0.0,85527000.0,85527000.0,85527000.0,0.0,0.0,0.239,173736000.0,125546000.0,3134000.0,0.0,23.405,40.003,39.122,106485000.0,0.0,57.51,9.543,9.193,1847000.0,96062000.0,358523000.0,358523000.0,23903000.0,0.078,0.655,1.369,0.351,22841000.0,141496000.0,1.0,59491770.0,57307187,58525980.0,6.256,1165195000.0,5687000.0,39406000.0,16577000.0,20.332,46225000.0
18,PAYC,MRT,2016-12-31,2016-12-31,2016-12-31,2021-08-06,0.0,1078613000.0,1122555750.0,925583000.0,153030000.0,0.293,2.025,-43510000.0,60158000.0,60158000.0,54066000.0,70421000.0,1.03,8.256,29824000.0,1113000.0,28711000.0,29824000.0,39711000.0,13632000.0,0.0,0.0,0.0,102048000.0,115680000.0,0.351,115680000.0,102048000.0,101012000.0,1.21,1.19,1.21,116527000.0,123685750.0,116527000.0,2690057856.0,26.0,23.254,55308000.0,0.961,1.0,275075000.0,0.836,53760000.0,1036000.0,95625000.0,84447000.0,675000.0,0.0,0.0,0.0,962086000.0,898894000.0,63192000.0,2734463856.0,9444000.0,0.0,-35561000.0,3958000.0,0.0,115542000.0,-204916000.0,-97657000.0,98818000.0,0.0,70421000.0,70421000.0,70421000.0,0.0,0.0,0.214,173335000.0,101740000.0,3737000.0,0.0,23.466,38.83,37.595,96848000.0,0.0,45.49,8.308,7.954,1339000.0,70448000.0,329141000.0,329141000.0,20966000.0,0.063,0.569,1.208,0.31,20721000.0,144535000.0,1.0,60111318.0,57550204,58968099.0,5.719,1024853000.0,1899000.0,30591000.0,0.0,17.808,26689000.0
19,PAYC,MRT,2016-09-30,2016-09-30,2016-09-30,2021-08-06,0.0,820995000.0,1072066250.0,677678000.0,143317000.0,0.286,2.266,-38529000.0,74496000.0,74496000.0,48846000.0,40364000.0,1.078,5.265,30090000.0,1090000.0,29000000.0,30090000.0,36885000.0,12270000.0,0.0,0.0,0.0,51828000.0,64098000.0,0.209,64098000.0,51828000.0,50735000.0,0.7,0.68,0.7,131037000.0,119132500.0,131037000.0,2947483331.0,57.0,45.984,44749000.0,0.774,1.0,257603000.0,0.841,54163000.0,1093000.0,93532000.0,77734750.0,355000.0,0.0,0.0,0.0,689958000.0,628894000.0,61064000.0,2999116331.0,25949000.0,0.0,-8379000.0,3975000.0,0.0,-41654000.0,-15675000.0,0.0,83278000.0,0.0,40364000.0,40364000.0,40364000.0,0.0,0.0,0.132,206079000.0,51524000.0,4850000.0,0.0,22.888,74.302,71.614,87285000.0,0.0,50.13,9.787,9.458,1479000.0,61815000.0,306449000.0,306449000.0,16798000.0,0.038,0.339,0.667,0.169,20154000.0,182145000.0,1.0,59826777.0,57819734,58907281.0,5.3,766832000.0,5175000.0,10371000.0,0.0,13.262,48784000.0
20,PAYC,MRT,2016-06-30,2016-06-30,2016-06-30,2021-08-06,0.0,1258983000.0,1062213000.0,1122559000.0,136424000.0,0.268,2.237,-35967000.0,80893000.0,80893000.0,43007000.0,38013000.0,1.047,8.774,29260000.0,911000.0,28349000.0,29260000.0,33711000.0,11119000.0,0.0,0.0,0.0,58412000.0,69531000.0,0.244,69531000.0,58412000.0,57228000.0,0.66,0.65,0.66,128815000.0,109293000.0,128815000.0,2542896213.0,44.0,36.572,38780000.0,0.673,1.0,241457000.0,0.849,54566000.0,1184000.0,80287000.0,69793000.0,441000.0,0.0,0.0,0.0,1130168000.0,1072497000.0,57671000.0,2589421213.0,38226000.0,0.0,-3490000.0,2936000.0,0.0,490953000.0,-527474000.0,0.0,74747000.0,0.0,38013000.0,38013000.0,38013000.0,0.0,0.0,0.134,183660000.0,57797000.0,5530000.0,0.0,20.102,68.119,65.47,76627000.0,0.0,43.21,9.103,8.748,2775000.0,55617000.0,284464000.0,284464000.0,12915000.0,0.036,0.348,0.837,0.205,7747000.0,164184000.0,1.0,59926434.0,57591556,58697229.0,4.939,1204417000.0,4295000.0,19215000.0,5371000.0,20.913,50062000.0
21,PAYC,MRT,2016-03-31,2016-03-31,2016-03-31,2021-08-06,0.0,1331632000.0,922262750.0,1205803000.0,125829000.0,0.281,2.072,-22410000.0,72075000.0,72075000.0,39163000.0,33538000.0,1.038,10.25,25550000.0,900000.0,24650000.0,25550000.0,30819000.0,10197000.0,0.0,0.0,0.0,53119000.0,63316000.0,0.244,63316000.0,53119000.0,51713000.0,0.58,0.57,0.58,118364000.0,98681750.0,118364000.0,2078996530.0,39.0,32.835,37374000.0,0.654,1.0,220394000.0,0.849,54970000.0,1406000.0,68344000.0,65005500.0,736000.0,0.0,0.0,0.0,1213268000.0,1161793000.0,51475000.0,2103850530.0,36402000.0,0.0,0.0,-972000.0,0.0,533084000.0,-556466000.0,0.0,59784000.0,0.0,33538000.0,33538000.0,33538000.0,0.0,0.0,0.129,167793000.0,52601000.0,5694000.0,0.0,17.774,62.73,61.379,66990000.0,0.0,35.6,8.106,7.836,2580000.0,45196000.0,259557000.0,259557000.0,10620000.0,0.036,0.34,0.817,0.205,4188000.0,151035000.0,1.0,59096925.0,57132909,58362040.0,4.543,1276662000.0,3003000.0,18175000.0,6582000.0,22.345,44010000.0
22,PAYC,MRT,2015-12-31,2015-12-31,2015-12-31,2021-08-06,0.0,876655000.0,774252000.0,761138000.0,115517000.0,0.29,1.74,-16549000.0,50714000.0,50714000.0,35473000.0,20945000.0,1.046,7.917,25742000.0,886000.0,24856000.0,25742000.0,29036000.0,9421000.0,0.0,0.0,0.0,34952000.0,44373000.0,0.198,44373000.0,34952000.0,33525000.0,0.37,0.36,0.37,98314000.0,89188000.0,98314000.0,2201660531.0,63.0,49.617,26423000.0,0.468,1.0,189180000.0,0.842,55373000.0,1427000.0,68776000.0,63130500.0,1093000.0,0.0,0.0,0.0,778341000.0,727534000.0,50807000.0,2224126531.0,25570000.0,0.0,0.0,-1224000.0,0.0,34922000.0,-52324000.0,0.0,42972000.0,0.0,20945000.0,20945000.0,20945000.0,0.0,0.0,0.093,154745000.0,34435000.0,4899000.0,0.0,22.623,106.189,101.703,58858000.0,0.0,37.63,9.9,9.463,2354000.0,26608000.0,224653000.0,224653000.0,8627000.0,0.027,0.235,0.554,0.156,3219000.0,140380000.0,1.0,59105143.0,56495170,57919700.0,3.976,821282000.0,6743000.0,12580000.0,641000.0,14.537,33604000.0
23,PAYC,MRT,2015-09-30,2015-09-30,2015-09-30,2021-08-06,0.0,781582000.0,754462500.0,671220000.0,110362000.0,0.27,1.607,-12472000.0,48547000.0,48547000.0,32806000.0,18294000.0,1.046,7.525,26081000.0,875000.0,25206000.0,26081000.0,25986000.0,8786000.0,0.0,0.0,0.0,33164000.0,41950000.0,0.206,41950000.0,33164000.0,31755000.0,0.33,0.33,0.33,91679000.0,83144000.0,91679000.0,2106294632.0,64.0,50.21,30693000.0,0.538,1.0,170769000.0,0.839,55775000.0,1409000.0,61765000.0,61737250.0,639000.0,0.0,0.0,0.0,689903000.0,641576000.0,48327000.0,2122665632.0,30074000.0,0.0,-3000.0,-1167000.0,0.0,221275000.0,-234366000.0,0.0,43165000.0,0.0,18294000.0,18294000.0,18294000.0,0.0,0.0,0.09,137781000.0,32988000.0,3853000.0,0.0,23.153,116.031,108.818,53674000.0,0.0,35.91,10.427,10.064,3397000.0,21451000.0,203575000.0,203575000.0,7570000.0,0.024,0.22,0.537,0.163,2157000.0,124815000.0,1.0,59110711.0,57050684,58367830.0,3.568,725807000.0,316000.0,13461000.0,2072000.0,12.722,29644000.0
24,PAYC,MRT,2015-06-30,2015-06-30,2015-06-30,2021-08-06,0.0,699182000.0,689806000.0,591947000.0,107235000.0,0.268,1.514,-9914000.0,42667000.0,42667000.0,30333000.0,17137000.0,1.047,7.095,26296000.0,861000.0,25435000.0,26296000.0,23035000.0,8181000.0,0.0,0.0,0.0,30928000.0,39109000.0,0.212,39109000.0,30928000.0,29524000.0,0.31,0.31,0.31,86370000.0,77878250.0,86370000.0,1984209967.0,64.0,50.735,29309000.0,0.514,1.0,154500000.0,0.836,56179000.0,1404000.0,61137000.0,62800750.0,326000.0,0.0,0.0,0.0,612812000.0,565495000.0,47317000.0,1993368967.0,28699000.0,0.0,644000.0,-1160000.0,0.0,226200000.0,-236724000.0,0.0,39223000.0,0.0,17137000.0,17137000.0,17137000.0,0.0,0.0,0.093,123689000.0,30811000.0,2968000.0,0.0,23.079,116.32,110.161,50115000.0,0.0,34.15,10.785,10.538,2562000.0,17604000.0,184833000.0,184833000.0,6280000.0,0.025,0.22,0.492,0.167,727000.0,112311000.0,1.0,58370980.0,57038021,58369083.0,3.241,643003000.0,373000.0,12387000.0,3736000.0,11.273,26452000.0
25,PAYC,MRT,2015-03-31,2015-03-31,2015-03-31,2021-08-06,0.0,739589000.0,625059250.0,633551000.0,106038000.0,0.271,1.468,-11612000.0,35673000.0,35673000.0,28677000.0,10598000.0,1.034,8.2,26514000.0,862000.0,25652000.0,26514000.0,20776000.0,7574000.0,0.0,0.0,0.0,19738000.0,27312000.0,0.161,27312000.0,19738000.0,18052000.0,0.2,0.2,0.2,80389000.0,73245250.0,80389000.0,1727832894.0,88.0,63.263,22130000.0,0.404,1.0,140489000.0,0.83,56582000.0,1686000.0,60844000.0,64038750.0,718000.0,0.0,0.0,0.0,659200000.0,613004000.0,46196000.0,1726369894.0,22548000.0,0.0,62840000.0,-63885000.0,0.0,182394000.0,-193588000.0,0.0,33742000.0,0.0,10598000.0,10598000.0,10598000.0,0.0,0.0,0.063,117392000.0,23097000.0,2527000.0,0.0,21.475,162.896,160.3,48692000.0,0.0,32.06,10.205,10.376,1684000.0,11658000.0,169166000.0,169166000.0,5310000.0,0.017,0.145,0.308,0.117,873000.0,107312000.0,1.0,53848094.0,54749951,56562661.0,3.09,683007000.0,869000.0,7454000.0,5783000.0,12.475,20547000.0
26,PAYC,MRT,2014-12-31,2014-12-31,2014-12-31,2021-08-06,0.0,797497000.0,573219750.0,691948000.0,105549000.0,0.263,1.489,-14270000.0,25515000.0,25515000.0,27318000.0,5663000.0,1.019,9.757,26978000.0,855000.0,26123000.0,26978000.0,19337000.0,7162000.0,0.0,0.0,0.0,13077000.0,20239000.0,0.134,20239000.0,13077000.0,9656000.0,0.11,0.11,0.11,74138000.0,54661500.0,74138000.0,1354133256.0,104.0,66.907,8067000.0,0.162,1.0,123611000.0,0.819,56985000.0,3421000.0,63203000.0,75975250.0,195000.0,0.0,0.0,0.0,723359000.0,678772000.0,44587000.0,1345790256.0,11782000.0,0.0,62840000.0,-59123000.0,0.0,208495000.0,-219050000.0,0.0,22337000.0,0.0,5663000.0,5663000.0,5663000.0,0.0,0.0,0.038,107911000.0,15700000.0,3042000.0,0.0,18.153,237.646,239.364,47919000.0,0.0,26.33,8.917,8.685,2794000.0,5663000.0,150929000.0,150929000.0,4325000.0,0.01,0.104,0.172,0.087,712000.0,99048000.0,1.0,51112429.0,49784154,51857309.0,3.032,740512000.0,935000.0,3993000.0,1662000.0,14.874,13176000.0
27,PAYC,MRT,2014-09-30,2014-09-30,2014-09-30,2021-08-06,0.0,522956000.0,517715000.0,418331000.0,104625000.0,0.265,1.383,-22623000.0,18843000.0,18843000.0,25661000.0,1193000.0,1.026,6.406,27186000.0,845000.0,26341000.0,27186000.0,17234000.0,6648000.0,0.0,0.0,0.0,8237000.0,14885000.0,0.109,14885000.0,8237000.0,2815000.0,0.01,0.02,0.01,70616000.0,37398500.0,70616000.0,858324560.0,104.0,57.664,-4434000.0,-0.087,1.0,111508000.0,0.813,57388000.0,5422000.0,66019000.0,85707250.0,384000.0,0.0,0.0,0.0,452340000.0,407892000.0,44448000.0,845241560.0,-2665000.0,0.0,61681000.0,-53674000.0,-5409000.0,153429000.0,-174283000.0,0.0,18189000.0,0.0,1206000.0,1206000.0,1206000.0,0.0,-13000.0,0.009,101694000.0,9814000.0,1976000.0,0.0,11.97,700.864,1656.0,46642000.0,0.0,16.56,6.162,6.164,1468000.0,3157000.0,137169000.0,137169000.0,3707000.0,0.002,0.032,0.096,0.06,371000.0,93699000.0,1.0,51041157.0,51056462,52978051.0,2.687,465568000.0,2422000.0,1609000.0,3207000.0,9.119,10439000.0
28,PAYC,MRT,2014-06-30,2014-06-30,2014-06-30,2021-08-06,0.0,440195000.0,,336492000.0,103703000.0,,1.349,-23357000.0,14338000.0,14338000.0,24565000.0,-1921000.0,1.022,5.489,27421000.0,893000.0,26528000.0,27421000.0,15291000.0,6304000.0,0.0,0.0,0.0,5229000.0,11533000.0,0.091,11533000.0,5229000.0,-2184000.0,-0.05,-0.04,-0.05,67838000.0,,67838000.0,817513481.0,156.0,70.885,-9386000.0,-0.187,1.0,101836000.0,0.806,57791000.0,7413000.0,66089000.0,,519000.0,0.0,0.0,0.0,372357000.0,329398000.0,42959000.0,744690481.0,-3808000.0,0.0,62196000.0,-51492000.0,-5409000.0,35708000.0,-53487000.0,0.0,13971000.0,0.0,-1905000.0,-1905000.0,-1905000.0,0.0,-16000.0,-0.015,94861000.0,6975000.0,2620000.0,0.0,10.977,-390.914,-291.8,45358000.0,0.0,14.59,5.891,5.804,906000.0,467000.0,126401000.0,126401000.0,3186000.0,,,,0.041,364000.0,87587000.0,1.0,51041157.0,50284362,50284362.0,2.514,382404000.0,3485000.0,-279000.0,3081000.0,7.605,7094000.0
29,PAYC,MRT,2014-03-31,2014-03-31,2014-03-31,2021-08-06,0.0,532231000.0,,430951000.0,101280000.0,,0.132,-20851000.0,13494000.0,13494000.0,22968000.0,-968000.0,0.983,86.914,86317000.0,13941000.0,72376000.0,86317000.0,13570000.0,5912000.0,0.0,,0.0,8444000.0,14356000.0,0.123,14356000.0,8444000.0,-621000.0,-0.03,-0.02,-0.03,6054000.0,,6054000.0,,,,-6660000.0,-0.146,1.0,94041000.0,0.804,58195000.0,9065000.0,108590000.0,,452000.0,0.0,0.0,0.0,526177000.0,438269000.0,87908000.0,,-4102000.0,0.0,0.0,11365000.0,-5409000.0,61481000.0,-79774000.0,0.0,14191000.0,0.0,-955000.0,-955000.0,-955000.0,0.0,-13000.0,-0.008,86967000.0,7074000.0,3310000.0,0.0,,,,42514000.0,0.0,,,,737000.0,1060000.0,117009000.0,117009000.0,2573000.0,,,,0.072,305000.0,80505000.0,1.0,50333739.0,45721584,48371169.0,2.559,474036000.0,3281000.0,334000.0,3320000.0,10.368,-7318000.0
30,PAYC,MRT,2013-12-31,2013-12-31,2013-12-31,2021-08-06,0.0,575478000.0,502759500.0,477748000.0,97730000.0,0.214,0.112,-16918000.0,13731000.0,13731000.0,20891000.0,607000.0,0.989,112.15,81965000.0,9545000.0,72420000.0,81965000.0,12572000.0,5486000.0,0.0,,0.0,10665000.0,16151000.0,0.15,16151000.0,10665000.0,1393000.0,0.01,0.01,0.01,5086000.0,7429500.0,5086000.0,,,,66000.0,0.001,1.0,86710000.0,0.806,58598000.0,9272000.0,102131000.0,98621000.0,578000.0,0.0,0.0,0.0,570395000.0,482983000.0,87412000.0,,-73000.0,0.0,0.0,6979000.0,-5409000.0,131375000.0,-148432000.0,0.0,16984000.0,0.0,601000.0,601000.0,601000.0,0.0,6000.0,0.006,77238000.0,9472000.0,5020000.0,0.0,,,,38671000.0,0.0,,,,1705000.0,-29349000.0,107601000.0,107601000.0,2146000.0,0.001,0.081,0.108,0.099,934000.0,71410000.0,1.0,50333739.0,45476895,48062075.0,2.366,516880000.0,3822000.0,792000.0,2895000.0,11.366,-5235000.0
31,PAYC,MRT,2013-09-30,2013-09-30,2013-09-30,2021-08-06,,,,,,,,,,,,,,,,,,,,,,,0.0,,,,,,,,,,,,,,,,,,1.0,,,,,,,,,,,,,,,,,,,,,,,,,,,,,,,,,,,,,,,,,,,,,,,,,,,,,,1.0,,45707802,,,,,,,,
32,PAYC,MRT,2013-06-30,2013-06-30,2013-06-30,2021-08-06,,,,,,,,,,,,,,,,,,,,,,,0.0,,,,,,,,,,,,,,,,,,1.0,,,,,,,,,,,,,,,,,,,,,,,,,,,,,,,,,,,,,,,,,,,,,,,,,,,,,,1.0,,45621868,,,,,,,,
33,PAYC,MRT,2013-03-31,2013-03-31,2013-03-31,2021-08-06,,,,,,,,,,,,,,,,,,,,,,,0.0,,,,,,,,,,,,,,,,,,1.0,,,,,,,,,,,,,,,,,,,,,,,,,,,,,,,,,,,,,,,,,,,,,,,,,,,,,,1.0,,44857788,,,,,,,,
34,PAYC,MRT,2012-12-31,2012-12-31,2012-12-31,2021-08-06,0.0,430041000.0,,344275000.0,85766000.0,,0.218,-5865000.0,13803000.0,13803000.0,16326000.0,-406000.0,1.026,43.003,74743000.0,2151000.0,72592000.0,74743000.0,8392000.0,5522000.0,0.0,,0.0,6490000.0,12012000.0,0.156,12012000.0,6490000.0,-487000.0,-0.01,-0.01,-0.01,9773000.0,,9773000.0,,,,5109000.0,0.114,1.0,60484000.0,0.787,60210000.0,6977000.0,95111000.0,,714000.0,0.0,0.0,0.0,420265000.0,335660000.0,84605000.0,,6183000.0,0.0,2409000.0,17747000.0,-18965000.0,72192000.0,-76983000.0,0.0,10974000.0,0.0,-403000.0,-403000.0,-403000.0,0.0,-3000.0,-0.005,54351000.0,6133000.0,2351000.0,0.0,,,,25139000.0,0.0,,,,622000.0,-14249000.0,76810000.0,76810000.0,1632000.0,,,,0.084,503000.0,48627000.0,1.0,,44771559,44771559.0,1.716,369831000.0,4184000.0,-84000.0,2890000.0,8.26,8615000.0
35,PAYC,MRT,2011-12-31,2011-12-31,2011-12-31,2021-08-06,,,,,,,,-14858000.0,,,13274000.0,886000.0,,,,,,,,5286000.0,,,0.0,1621000.0,6907000.0,0.121,6907000.0,1621000.0,1487000.0,0.02,0.02,0.02,,,,,,,-5773000.0,-0.13,1.0,43932000.0,0.768,,134000.0,,,,,,,,,,,1146000.0,0.0,-1000000.0,9612000.0,-1443000.0,94360000.0,-102299000.0,0.0,9085000.0,0.0,886000.0,886000.0,886000.0,0.0,0.0,0.015,42419000.0,1513000.0,,0.0,,,,,0.0,,,,,,57206000.0,57206000.0,1225000.0,,,,0.028,165000.0,36894000.0,1.0,,44560053,45411371.0,1.284,,,601000.0,,,
