None,ticker,dimension,calendardate,datekey,reportperiod,lastupdated,accoci,assets,assetsavg,assetsc,assetsnc,assetturnover,bvps,capex,cashneq,cashnequsd,cor,consolinc,currentratio,de,debt,debtc,debtnc,debtusd,deferredrev,depamor,deposits,divyield,dps,ebit,ebitda,ebitdamargin,ebitdausd,ebitusd,ebt,eps,epsdil,epsusd,equity,equityavg,equityusd,ev,evebit,evebitda,fcf,fcfps,fxusd,gp,grossmargin,intangibles,intexp,invcap,invcapavg,inventory,investments,investmentsc,investmentsnc,liabilities,liabilitiesc,liabilitiesnc,marketcap,ncf,ncfbus,ncfcommon,ncfdebt,ncfdiv,ncff,ncfi,ncfinv,ncfo,ncfx,netinc,netinccmn,netinccmnusd,netincdis,netincnci,netmargin,opex,opinc,payables,payoutratio,pb,pe,pe1,ppnenet,prefdivis,price,ps,ps1,receivables,retearn,revenue,revenueusd,rnd,roa,roe,roic,ros,sbcomp,sgna,sharefactor,sharesbas,shareswa,shareswadil,sps,tangibles,taxassets,taxexp,taxliabilities,tbvps,workingcapital
0,EXR,MRY,2020-12-31,2020-12-31,2020-12-31,2021-08-06,-99093000.0,9395848000.0,8809083000.0,,,0.154,19.668,-350517000.0,128009000.0,128009000.0,387109000.0,517582000.0,,2.535,6009788000.0,,,6009788000.0,0.0,225617000.0,0.0,0.031,3.6,664215000.0,889832000.0,0.656,889832000.0,664215000.0,495589000.0,3.71,3.71,3.71,2547779000.0,2427718000.0,2547779000.0,20439946218.0,31.0,22.971,420715000.0,3.248,1.0,969103000.0,0.715,0.0,168626000.0,15277627000.0,14293478750.0,0.0,991254000.0,,,6459724000.0,,,14973205218.0,57276000.0,-64421000.0,40354000.0,691270000.0,-467765000.0,241471000.0,-955427000.0,-540489000.0,771232000.0,0.0,481779000.0,481779000.0,481779000.0,0.0,35803000.0,0.355,302963000.0,666140000.0,130012000.0,0.97,5.877,31.079,31.229,8145974000.0,0.0,115.86,11.04,11.067,0.0,-354900000.0,1356212000.0,1356212000.0,0.0,0.055,0.198,0.046,0.49,16281000.0,96594000.0,1.0,129235329.0,129541531.0,129584829.0,10.469,9395848000.0,0.0,13810000.0,0.0,72.532,
1,EXR,MRY,2019-12-31,2019-12-31,2019-12-31,2021-08-06,-28966000.0,8532377000.0,8343510000.0,,,0.157,19.812,-399721000.0,70733000.0,70733000.0,365426000.0,451123000.0,,2.209,5321269000.0,,,5321269000.0,0.0,220921000.0,0.0,0.034,3.56,617801000.0,838722000.0,0.641,838722000.0,617801000.0,431275000.0,3.27,3.24,3.27,2539961000.0,2472258250.0,2539961000.0,18703234489.0,30.0,22.3,307965000.0,2.402,1.0,943028000.0,0.721,0.0,186526000.0,13782913000.0,13480031000.0,0.0,381640000.0,,,5610683000.0,,,13678900489.0,-1957000.0,-193777000.0,201890000.0,205267000.0,-458114000.0,-88013000.0,-621630000.0,-28132000.0,707686000.0,0.0,419967000.0,419967000.0,419967000.0,0.0,31156000.0,0.321,308070000.0,634958000.0,111382000.0,1.089,5.385,32.571,32.3,7961507000.0,0.0,105.62,10.454,10.349,0.0,-301049000.0,1308454000.0,1308454000.0,0.0,0.05,0.17,0.046,0.472,13051000.0,89418000.0,1.0,129510514.0,128203568.0,136433769.0,10.206,8532377000.0,0.0,11308000.0,0.0,66.553,
2,EXR,MRY,2018-12-31,2018-12-31,2018-12-31,2021-08-06,34650000.0,7847978000.0,7709810250.0,,,0.155,19.143,-438904000.0,72690000.0,72690000.0,317402000.0,447080000.0,,2.097,4811515000.0,,,4811515000.0,0.0,209050000.0,0.0,0.037,3.36,602969000.0,812019000.0,0.679,812019000.0,602969000.0,424533000.0,3.29,3.27,3.29,2413724000.0,2373786750.0,2413724000.0,16141981230.0,27.0,19.879,238891000.0,1.895,1.0,879202000.0,0.735,0.0,178436000.0,12586803000.0,12357906500.0,0.0,125326000.0,,,5062556000.0,,,11447109230.0,-13354000.0,-16370000.0,91400000.0,134244000.0,-424907000.0,-247251000.0,-443898000.0,11376000.0,677795000.0,0.0,415289000.0,415289000.0,415289000.0,0.0,31791000.0,0.347,259499000.0,619703000.0,101461000.0,1.021,4.743,27.564,27.502,7491831000.0,0.0,90.48,9.566,9.534,0.0,-262902000.0,1196604000.0,1196604000.0,0.0,0.054,0.175,0.049,0.504,11176000.0,81256000.0,1.0,126515354.0,126087487.0,133159033.0,9.49,7847978000.0,0.0,9244000.0,0.0,62.242,
3,EXR,MRY,2017-12-31,2017-12-31,2017-12-31,2021-08-06,33290000.0,7460953000.0,7154932000.0,,,0.154,18.662,-380585000.0,86044000.0,86044000.0,291147000.0,514222000.0,,2.015,4554217000.0,,,4554217000.0,0.0,193296000.0,0.0,0.036,3.12,636149000.0,829445000.0,0.751,829445000.0,636149000.0,482638000.0,3.79,3.76,3.79,2350751000.0,2255981000.0,2350751000.0,15251385372.0,24.0,18.387,216790000.0,1.721,1.0,813862000.0,0.737,0.0,153511000.0,11929126000.0,11452528500.0,0.0,75907000.0,,,4737146000.0,,,11019382372.0,28302000.0,-17363000.0,1266000.0,217028000.0,-393040000.0,-215994000.0,-353079000.0,44869000.0,597375000.0,0.0,479013000.0,479013000.0,479013000.0,0.0,35209000.0,0.433,159468000.0,654394000.0,96087000.0,0.823,4.688,23.004,23.074,7132431000.0,0.0,87.45,9.972,9.969,0.0,-253284000.0,1105009000.0,1105009000.0,0.0,0.067,0.212,0.056,0.576,9561000.0,78961000.0,1.0,126007803.0,125967831.0,134155771.0,8.772,7460953000.0,0.0,3625000.0,0.0,59.229,
4,EXR,MRY,2016-12-31,2016-12-31,2016-12-31,2021-08-06,16770000.0,7091446000.0,6645979750.0,,,0.149,17.947,-1114770000.0,57742000.0,57742000.0,265560000.0,397089000.0,,2.002,4306223000.0,,,4306223000.0,0.0,182560000.0,0.0,0.038,2.93,515453000.0,698013000.0,0.704,698013000.0,515453000.0,381974000.0,2.92,2.91,2.92,2244892000.0,2175371750.0,2244892000.0,13674027855.0,27.0,19.59,-575507000.0,-4.601,1.0,726315000.0,0.732,0.0,133479000.0,11339927000.0,10532576750.0,0.0,79570000.0,,,4495280000.0,,,9717262855.0,-48795000.0,-11288000.0,124868000.0,755720000.0,-367818000.0,460831000.0,-1048889000.0,16356000.0,539263000.0,0.0,366127000.0,366127000.0,366127000.0,0.0,30962000.0,0.369,276477000.0,449838000.0,101388000.0,1.003,4.329,26.541,26.452,6770447000.0,0.0,77.24,9.797,9.741,16611000.0,-339257000.0,991875000.0,991875000.0,0.0,0.055,0.168,0.049,0.52,8045000.0,81806000.0,1.0,125806096.0,125087554.0,125948076.0,7.929,7091446000.0,0.0,15847000.0,0.0,56.692,
5,EXR,MRY,2015-12-31,2015-12-31,2015-12-31,2021-08-06,-6352000.0,6071407000.0,5343034500.0,,,0.146,17.436,-384208000.0,106537000.0,106537000.0,216998000.0,209536000.0,,1.771,3535621000.0,,,3535621000.0,0.0,133457000.0,0.0,0.025,2.24,296304000.0,429761000.0,0.549,429761000.0,296304000.0,200622000.0,1.58,1.56,1.58,2089077000.0,2018854500.0,2089077000.0,13013772384.0,44.0,30.281,-16879000.0,-0.141,1.0,565272000.0,0.723,0.0,95682000.0,9500491000.0,7840814250.0,0.0,103007000.0,,,3698803000.0,,,10890134384.0,28136000.0,-1159207000.0,448419000.0,1144520000.0,-269302000.0,1286471000.0,-1625664000.0,-84331000.0,367329000.0,0.0,189474000.0,189474000.0,189474000.0,0.0,20062000.0,0.242,270616000.0,294656000.0,82693000.0,1.418,5.213,57.476,55.829,5689309000.0,0.0,88.21,13.921,13.511,2205000.0,-337566000.0,782270000.0,782270000.0,0.0,0.035,0.094,0.038,0.379,6055000.0,67758000.0,1.0,123456914.0,119816743.0,126918869.0,6.529,6071407000.0,0.0,11148000.0,0.0,50.672,
6,EXR,MRY,2014-12-31,2014-12-31,2014-12-31,2021-08-06,-1484000.0,4381987000.0,4235065750.0,,,0.153,15.015,-531896000.0,72908000.0,72908000.0,182843000.0,195896000.0,,1.422,2349764000.0,,,2349764000.0,0.0,115076000.0,0.0,0.031,1.81,267255000.0,382331000.0,0.591,382331000.0,267255000.0,185925000.0,1.54,1.53,1.54,1737425000.0,1740893750.0,1737425000.0,8925092893.0,33.0,23.344,-194315000.0,-1.679,1.0,464312000.0,0.717,0.0,81330000.0,6658843000.0,6363111750.0,0.0,85711000.0,,,2470004000.0,,,6821632893.0,-79060000.0,0.0,3095000.0,384536000.0,-210091000.0,148307000.0,-564948000.0,-29258000.0,337581000.0,0.0,178355000.0,178355000.0,178355000.0,0.0,17541000.0,0.276,185844000.0,278468000.0,65521000.0,1.175,3.926,38.248,38.078,4135696000.0,0.0,58.64,10.541,10.485,11778000.0,-257738000.0,647155000.0,647155000.0,0.0,0.042,0.102,0.042,0.413,4984000.0,60942000.0,1.0,116330711.0,115713807.0,121435267.0,5.593,4381987000.0,0.0,7570000.0,0.0,37.869,
7,EXR,MRY,2013-12-31,2013-12-31,2013-12-31,2021-08-06,10156000.0,3977140000.0,3539272750.0,,,0.147,15.792,-355985000.0,148174000.0,148174000.0,149034000.0,185556000.0,,1.163,1946647000.0,,,1946647000.0,0.0,95232000.0,0.0,0.034,1.45,253690000.0,348922000.0,0.67,348922000.0,253690000.0,182060000.0,1.54,1.53,1.54,1758470000.0,1575683750.0,1758470000.0,6339666702.0,25.0,18.169,-84726000.0,-0.761,1.0,371579000.0,0.714,0.0,71630000.0,5775613000.0,5168209500.0,0.0,88125000.0,,,2045245000.0,,,4687109702.0,95938000.0,-1516000.0,211884000.0,164063000.0,-163014000.0,191655000.0,-366976000.0,-5000000.0,271259000.0,0.0,172076000.0,172076000.0,172076000.0,0.0,13480000.0,0.331,158096000.0,213483000.0,60601000.0,0.942,2.665,27.239,27.357,3636544000.0,0.0,42.13,9.003,9.011,7542000.0,-226002000.0,520613000.0,520613000.0,0.0,0.049,0.109,0.049,0.487,4819000.0,54246000.0,1.0,111253494.0,111349361.0,113105094.0,4.675,3977140000.0,0.0,9984000.0,0.0,35.718,
8,EXR,MRY,2012-12-31,2012-12-31,2012-12-31,2021-08-06,-14273000.0,3223477000.0,2866969500.0,,,0.143,14.659,-608853000.0,47761000.0,47761000.0,121897000.0,127689000.0,,1.125,1577599000.0,,,1577599000.0,0.0,74453000.0,0.0,0.023,0.85,194572000.0,269025000.0,0.657,269025000.0,194572000.0,122722000.0,1.15,1.14,1.15,1491807000.0,1261597250.0,1491807000.0,5319436197.0,27.0,19.773,-392974000.0,-3.862,1.0,287499000.0,0.702,0.0,71850000.0,4753315000.0,4230169250.0,0.0,106313000.0,,,1678146000.0,,,3796301197.0,4301000.0,998000.0,439855000.0,64769000.0,-88287000.0,395360000.0,-606938000.0,-7875000.0,215879000.0,0.0,117309000.0,117309000.0,117309000.0,0.0,10380000.0,0.287,130258000.0,157241000.0,52299000.0,0.739,2.545,32.362,31.643,2991722000.0,0.0,36.39,9.273,9.046,11078000.0,-235064000.0,409396000.0,409396000.0,0.0,0.041,0.093,0.046,0.475,4356000.0,50454000.0,1.0,104322649.0,101766385.0,103767365.0,4.023,3223477000.0,0.0,5413000.0,0.0,31.675,
9,EXR,MRY,2011-12-31,2011-12-31,2011-12-31,2021-08-06,-7936000.0,2517524000.0,2363931500.0,,,0.14,11.16,-207035000.0,52252000.0,52252000.0,101624000.0,58423000.0,,1.417,1363656000.0,,,1363656000.0,0.0,58014000.0,0.0,0.023,0.56,118905000.0,176919000.0,0.536,176919000.0,118905000.0,51604000.0,0.55,0.54,0.55,1018947000.0,980350500.0,1018947000.0,3464638920.0,29.0,19.583,-62871000.0,-0.689,1.0,228206000.0,0.692,0.0,67301000.0,3828928000.0,3557596000.0,0.0,130410000.0,,,1443763000.0,,,2286663920.0,-20266000.0,526000.0,130971000.0,23140000.0,-52027000.0,87489000.0,-251919000.0,-50140000.0,144164000.0,0.0,50449000.0,50449000.0,50449000.0,0.0,7974000.0,0.153,112730000.0,115476000.0,46353000.0,1.018,2.244,45.326,44.055,2263795000.0,0.0,24.23,6.933,6.707,18517000.0,-264086000.0,329830000.0,329830000.0,0.0,0.021,0.051,0.033,0.361,5757000.0,49683000.0,1.0,94373253.0,91301265.0,93633573.0,3.613,2517524000.0,0.0,1155000.0,0.0,27.574,
10,EXR,MRY,2010-12-31,2010-12-31,2010-12-31,2021-08-06,-5787000.0,2249820000.0,2210386750.0,,,0.127,10.093,-117294000.0,77248000.0,77248000.0,92670000.0,33374000.0,,1.487,1246918000.0,,,1246918000.0,0.0,50349000.0,0.0,0.023,0.4,94609000.0,144958000.0,0.515,144958000.0,94609000.0,30493000.0,0.3,0.3,0.3,881401000.0,878885250.0,881401000.0,2640051614.0,28.0,18.213,-12479000.0,-0.143,1.0,188827000.0,0.671,0.0,64116000.0,3419490000.0,3336457250.0,0.0,140560000.0,,,1310749000.0,,,1523310614.0,-85200000.0,24552000.0,5661000.0,-61338000.0,-34964000.0,-106309000.0,-83706000.0,0.0,104815000.0,0.0,26331000.0,26331000.0,26331000.0,0.0,7043000.0,0.094,98012000.0,90815000.0,35242000.0,1.333,1.728,57.852,58.0,1972402000.0,0.0,17.4,5.411,5.398,10061000.0,-262508000.0,281497000.0,281497000.0,0.0,0.012,0.03,0.028,0.336,4580000.0,44428000.0,1.0,87546587.0,87324104.0,92050453.0,3.224,2249820000.0,0.0,4162000.0,0.0,25.764,
11,EXR,MRY,2009-12-31,2009-12-31,2009-12-31,2021-08-06,-1056000.0,2407556000.0,2365721500.0,,,0.118,10.24,-105228000.0,171158000.0,171158000.0,94396000.0,39093000.0,,1.653,1402977000.0,,,1402977000.0,0.0,52403000.0,0.0,0.033,0.38,103856000.0,156259000.0,0.558,156259000.0,103856000.0,36277000.0,0.37,0.37,0.37,884179000.0,882606000.0,884179000.0,2209777060.0,21.0,14.142,-24063000.0,-0.279,1.0,185750000.0,0.663,0.0,67579000.0,3639375000.0,3578650250.0,0.0,130449000.0,,,1461337000.0,,,998292060.0,67978000.0,1315000.0,0.0,142311000.0,-32800000.0,91223000.0,-104410000.0,0.0,81165000.0,0.0,31977000.0,31977000.0,31977000.0,0.0,7116000.0,0.114,113863000.0,71887000.0,33386000.0,1.027,1.129,31.219,31.216,2049859000.0,0.0,11.55,3.563,3.56,5114000.0,-253875000.0,280146000.0,280146000.0,0.0,0.014,0.036,0.029,0.371,3809000.0,40224000.0,1.0,86432213.0,86343029.0,91082834.0,3.245,2407556000.0,0.0,4300000.0,0.0,27.884,
12,EXR,MRY,2008-12-31,2008-12-31,2008-12-31,2021-08-06,0.0,2291008000.0,2208313750.0,,,0.124,11.413,-245427000.0,102650000.0,102650000.0,89588000.0,43349000.0,,1.53,1286820000.0,,,1286820000.0,0.0,49566000.0,0.0,0.097,1.0,100911000.0,150477000.0,0.552,150477000.0,100911000.0,36300000.0,0.46,0.46,0.46,878770000.0,789066750.0,878770000.0,2031698434.0,20.0,13.502,-147036000.0,-1.91,1.0,183143000.0,0.672,0.0,64611000.0,3475178000.0,3377553250.0,0.0,136791000.0,,,1344215000.0,,,882361434.0,46595000.0,2915000.0,278505000.0,-15994000.0,-79120000.0,172685000.0,-224481000.0,21812000.0,98391000.0,0.0,35781000.0,35781000.0,35781000.0,0.0,7568000.0,0.131,90681000.0,92462000.0,35128000.0,2.174,1.004,24.66,22.435,1997656000.0,0.0,10.32,3.235,2.914,11335000.0,-253052000.0,272731000.0,272731000.0,0.0,0.016,0.045,0.03,0.37,3500000.0,39388000.0,1.0,85500139.0,76996754.0,82352988.0,3.542,2291008000.0,0.0,519000.0,0.0,29.755,
13,EXR,MRY,2007-12-31,2007-12-31,2007-12-31,2021-08-06,-1415000.0,2054075000.0,2002299750.0,,,0.119,9.552,-240001000.0,51826000.0,51826000.0,77780000.0,35291000.0,,2.209,1319771000.0,,,1319771000.0,0.0,39801000.0,0.0,0.065,0.934,92744000.0,132545000.0,0.555,132545000.0,92744000.0,31729000.0,0.47,0.46,0.47,619921000.0,628763250.0,619921000.0,2127172996.0,23.0,16.049,-137905000.0,-2.125,1.0,161086000.0,0.674,0.0,61015000.0,3322020000.0,3199322250.0,0.0,116981000.0,,,1369172000.0,,,933124996.0,-53424000.0,284000.0,1721000.0,274595000.0,-60664000.0,98824000.0,-254344000.0,-24460000.0,102096000.0,0.0,31729000.0,30219000.0,30219000.0,0.0,3562000.0,0.127,77288000.0,83798000.0,31346000.0,1.987,1.505,30.879,30.404,1841322000.0,1510000.0,14.29,3.906,3.883,7386000.0,-205348000.0,238866000.0,238866000.0,0.0,0.015,0.048,0.029,0.388,2125000.0,36722000.0,1.0,65299160.0,64900713.0,70715640.0,3.68,2054075000.0,0.0,0.0,0.0,31.649,
14,EXR,MRY,2006-12-31,2006-12-31,2006-12-31,2021-08-06,0.0,1669825000.0,1561149500.0,,,0.126,11.701,-215713000.0,115083000.0,115083000.0,64571000.0,14876000.0,,1.54,948174000.0,,,948174000.0,0.0,37172000.0,0.0,0.05,0.912,65829000.0,103001000.0,0.522,103001000.0,65829000.0,14876000.0,0.27,0.27,0.27,643555000.0,556223500.0,643555000.0,1947996549.0,30.0,18.912,-138828000.0,-2.524,1.0,132693000.0,0.673,0.0,50953000.0,2502916000.0,2411713250.0,0.0,88115000.0,,,991112000.0,,,1171443549.0,42148000.0,0.0,195020000.0,66800000.0,-50005000.0,205041000.0,-239778000.0,1811000.0,76885000.0,0.0,14876000.0,14876000.0,14876000.0,0.0,0.0,0.075,73041000.0,59652000.0,25704000.0,3.378,1.82,78.747,67.63,1417391000.0,0.0,18.26,5.938,5.091,15880000.0,-179268000.0,197264000.0,197264000.0,0.0,0.01,0.027,0.027,0.334,1725000.0,35600000.0,1.0,64153535.0,54998935.0,59291749.0,3.587,1669825000.0,0.0,0.0,0.0,30.361,
15,EXR,MRY,2005-12-31,2005-12-31,2005-12-31,2021-08-06,0.0,1420192000.0,1137202500.0,,,0.118,13.532,-102100000.0,47026000.0,47026000.0,46986000.0,-4966000.0,,1.882,866783000.0,,,866783000.0,0.0,31005000.0,0.0,0.059,0.912,37583000.0,68588000.0,0.509,68588000.0,37583000.0,-4966000.0,-0.14,-0.14,-0.14,480128000.0,331550500.0,480128000.0,1608511378.0,43.0,23.452,-84637000.0,-2.385,1.0,87742000.0,0.651,0.0,42549000.0,2239949000.0,1840630750.0,0.0,103007000.0,,,903829000.0,,,583899378.0,4324000.0,-530972000.0,271544000.0,377681000.0,-34585000.0,601695000.0,-614834000.0,22348000.0,17463000.0,0.0,-4966000.0,-4966000.0,-4966000.0,0.0,0.0,-0.037,55388000.0,32354000.0,13261000.0,-6.514,1.216,-117.579,-110.0,1212678000.0,0.0,15.4,4.334,4.056,23683000.0,-144139000.0,134728000.0,134728000.0,0.0,-0.004,-0.015,0.02,0.279,601000.0,24081000.0,1.0,37915544.0,35481538.0,35481538.0,3.797,1420192000.0,0.0,0.0,0.0,40.026,
16,EXR,MRY,2004-12-31,2004-12-31,2004-12-31,2021-08-06,0.0,748484000.0,566117500.0,,,0.116,15.94,-256114000.0,28759000.0,28759000.0,26066000.0,-18462000.0,,1.984,472977000.0,,,472977000.0,0.0,15552000.0,0.0,0.025,0.339,10029000.0,25581000.0,0.389,25581000.0,10029000.0,-18462000.0,-1.68,-1.68,-1.68,243607000.0,119600000.0,243607000.0,831758434.0,83.0,32.515,-262272000.0,-17.161,1.0,39654000.0,0.603,0.0,28491000.0,1192702000.0,918478500.0,0.0,6182000.0,,,483424000.0,,,415495434.0,12583000.0,424000.0,264475000.0,92237000.0,-10560000.0,280039000.0,-261298000.0,0.0,-6158000.0,0.0,-18462000.0,-25698000.0,-25698000.0,0.0,0.0,-0.391,28756000.0,10898000.0,3444000.0,-0.202,1.706,-16.168,-7.935,696899000.0,7236000.0,13.33,6.322,3.1,2501000.0,-104588000.0,65720000.0,65720000.0,0.0,-0.045,-0.215,0.011,0.153,0.0,12465000.0,1.0,31169950.0,15282725.0,15282725.0,4.3,748484000.0,0.0,0.0,0.0,48.976,
17,EXR,MRY,2003-12-31,2003-12-31,2003-12-31,2021-08-06,0.0,383751000.0,,,,,,3501000.0,13304000.0,13304000.0,19795000.0,-17946000.0,,-77.073,273808000.0,,,273808000.0,0.0,6805000.0,0.0,,0.0,800000.0,7605000.0,0.21,7605000.0,800000.0,-17946000.0,,,,-4407000.0,,-4407000.0,,,,-5806000.0,,1.0,16466000.0,0.454,0.0,18746000.0,644255000.0,,0.0,8438000.0,,,339660000.0,,,,5285000.0,1449000.0,0.0,44710000.0,0.0,72349000.0,-57757000.0,0.0,-9307000.0,0.0,-17946000.0,-17946000.0,-17946000.0,0.0,0.0,-0.495,15102000.0,1364000.0,27142000.0,,,,,354374000.0,0.0,,,,2066000.0,-53414000.0,36261000.0,36261000.0,0.0,,,,0.022,0.0,8297000.0,1.0,,,,,383751000.0,0.0,0.0,0.0,,
18,EXR,MRY,2002-12-31,2002-12-31,2002-12-31,2021-08-06,,,,,,,,-5390000.0,,,13578000.0,-9542000.0,,,,,,,,5652000.0,,,0.0,4352000.0,10004000.0,0.309,10004000.0,4352000.0,-9542000.0,,,,,,,,,,-5460000.0,,1.0,18808000.0,0.581,,13894000.0,,,,,,,,,,,-773000.0,3583000.0,0.0,47818000.0,0.0,64963000.0,-65666000.0,0.0,-70000.0,0.0,-9542000.0,-9542000.0,-9542000.0,0.0,0.0,-0.295,11568000.0,7240000.0,,,,,,,0.0,,,,,,32386000.0,32386000.0,0.0,,,,0.134,0.0,5916000.0,1.0,,,,,,,0.0,,,
19,EXR,MRY,2001-12-31,2001-12-31,2001-12-31,2021-08-06,,,,,,,,36159000.0,,,10379000.0,-4924000.0,,,,,,,,3105000.0,,,0.0,6553000.0,9658000.0,0.42,9658000.0,6553000.0,-4924000.0,,,,,,,,,,31195000.0,,1.0,12620000.0,0.549,,11477000.0,,,,,,,,,,,5598000.0,2499000.0,0.0,3673000.0,0.0,19446000.0,-8884000.0,0.0,-4964000.0,0.0,-4924000.0,-4924000.0,-4924000.0,0.0,0.0,-0.214,9855000.0,2765000.0,,,,,,,0.0,,,,,,22999000.0,22999000.0,0.0,,,,0.285,0.0,6750000.0,1.0,,,,,,,0.0,,,
0,EXR,MRQ,2021-06-30,2021-06-30,2021-06-30,2021-08-06,-71830000.0,9463092000.0,,,,,22.19,-165061000.0,59749000.0,59749000.0,95890000.0,178579000.0,,2.056,5609293000.0,,,5609293000.0,0.0,60028000.0,0.0,0.023,1.0,213609000.0,273637000.0,0.723,273637000.0,213609000.0,173369000.0,1.25,1.25,1.25,2968088000.0,,2968088000.0,27387970317.0,33.0,25.915,94747000.0,0.708,1.0,282740000.0,0.747,0.0,40240000.0,15012636000.0,,0.0,930009000.0,,,6102137000.0,,,21907396317.0,-3046000.0,-6559000.0,-211000.0,71780000.0,-133777000.0,-74957000.0,-187897000.0,-16277000.0,259808000.0,0.0,167948000.0,167948000.0,167948000.0,0.0,10631000.0,0.444,85911000.0,196829000.0,150091000.0,0.8,7.381,34.143,33.639,8347003000.0,0.0,163.82,15.277,15.28,0.0,-250271000.0,378630000.0,378630000.0,0.0,,,,,4983000.0,26341000.0,1.0,133728460.0,133756610.0,140407195.0,2.831,9463092000.0,0.0,5421000.0,0.0,70.749,
1,EXR,MRQ,2021-03-31,2021-03-31,2021-03-31,2021-08-06,-77180000.0,9336612000.0,,,,,22.135,-43802000.0,62795000.0,62795000.0,99528000.0,215501000.0,,2.061,5543369000.0,,,5543369000.0,0.0,59086000.0,0.0,0.028,1.0,247830000.0,306916000.0,0.855,306916000.0,247830000.0,207135000.0,1.54,1.53,1.54,2921969000.0,,2921969000.0,23382770514.0,31.0,23.705,160078000.0,1.213,1.0,259329000.0,0.723,0.0,40695000.0,14817186000.0,,0.0,957228000.0,,,6021963000.0,,,17500991514.0,-65214000.0,30919000.0,277974000.0,-446409000.0,-132540000.0,-311689000.0,42595000.0,55478000.0,203880000.0,0.0,202998000.0,202998000.0,202998000.0,0.0,12503000.0,0.566,18256000.0,241073000.0,129044000.0,0.649,5.989,30.352,29.989,8183322000.0,0.0,132.55,12.658,12.655,0.0,-284442000.0,358857000.0,358857000.0,0.0,,,,,3652000.0,23540000.0,1.0,132033131.0,132007556.0,139676548.0,2.718,9336612000.0,0.0,4137000.0,0.0,70.728,
2,EXR,MRQ,2020-12-31,2020-12-31,2020-12-31,2021-08-06,-99093000.0,9395848000.0,,,,,19.444,-149988000.0,128009000.0,128009000.0,94725000.0,166309000.0,,2.535,6009788000.0,,,6009788000.0,0.0,57113000.0,0.0,0.031,0.9,200869000.0,257982000.0,0.73,257982000.0,200869000.0,159853000.0,1.19,1.21,1.19,2547779000.0,,2547779000.0,20439946218.0,31.0,22.971,37977000.0,0.29,1.0,258765000.0,0.732,0.0,41016000.0,15277627000.0,,0.0,991254000.0,,,6459724000.0,,,14973205218.0,47435000.0,-50855000.0,105357000.0,465020000.0,-118065000.0,451052000.0,-591582000.0,-390739000.0,187965000.0,0.0,156056000.0,156056000.0,156056000.0,0.0,10253000.0,0.441,63016000.0,195749000.0,130012000.0,0.756,5.877,31.079,31.229,8145974000.0,0.0,115.86,11.04,11.067,0.0,-354900000.0,353490000.0,353490000.0,0.0,,,,,4965000.0,24352000.0,1.0,129235329.0,131031262.0,128140953.0,2.698,9395848000.0,0.0,3797000.0,0.0,71.707,
3,EXR,MRQ,2020-09-30,2020-09-30,2020-09-30,2021-08-06,-108708000.0,8761104000.0,,,,,18.541,-122527000.0,80574000.0,80574000.0,99511000.0,123854000.0,,2.508,5547315000.0,,,5547315000.0,0.0,56781000.0,0.0,0.034,0.9,161503000.0,218284000.0,0.636,218284000.0,161503000.0,119290000.0,0.89,0.88,0.89,2389284000.0,,2389284000.0,19100211778.0,31.0,22.538,68667000.0,0.533,1.0,243513000.0,0.71,0.0,42213000.0,14227845000.0,,0.0,347786000.0,,,5993282000.0,,,13809189778.0,18823000.0,-4025000.0,1146000.0,198939000.0,-116185000.0,79606000.0,-251977000.0,-125425000.0,191194000.0,0.0,114633000.0,114633000.0,114633000.0,0.0,9221000.0,0.334,80306000.0,163207000.0,153838000.0,1.011,5.78,31.527,31.468,8012101000.0,0.0,106.99,10.317,10.3,0.0,-392891000.0,343024000.0,343024000.0,0.0,,,,,3452000.0,23894000.0,1.0,129069911.0,128862341.0,129871096.0,2.662,8761104000.0,0.0,4657000.0,0.0,67.988,
4,EXR,MRQ,2020-06-30,2020-06-30,2020-06-30,2021-08-06,-119256000.0,8529894000.0,,,,,18.426,-31370000.0,61751000.0,61751000.0,95898000.0,111257000.0,,2.435,5352773000.0,,,5352773000.0,0.0,56095000.0,0.0,0.039,0.9,147127000.0,203222000.0,0.621,203222000.0,147127000.0,106088000.0,0.8,0.8,0.8,2375690000.0,,2375690000.0,17221769226.0,28.0,20.398,171447000.0,1.33,1.0,231348000.0,0.707,0.0,41039000.0,13820916000.0,,0.0,344177000.0,,,5784376000.0,,,11923728226.0,-36179000.0,-3100000.0,-14889000.0,-48181000.0,-116318000.0,-187701000.0,-51295000.0,-16825000.0,202817000.0,0.0,102911000.0,102911000.0,102911000.0,0.0,8346000.0,0.314,81355000.0,149993000.0,132257000.0,1.125,5.019,27.636,27.573,7935028000.0,0.0,92.37,8.945,8.934,0.0,-391285000.0,327246000.0,327246000.0,0.0,,,,,4884000.0,25337000.0,1.0,129086589.0,128932152.0,129082468.0,2.538,8529894000.0,0.0,3177000.0,0.0,66.158,
5,EXR,MRQ,2020-03-31,2020-03-31,2020-03-31,2021-08-06,-113840000.0,8549486000.0,,,,,18.549,-46632000.0,97930000.0,97930000.0,96975000.0,116162000.0,,2.408,5395971000.0,,,5395971000.0,0.0,55628000.0,0.0,0.038,0.9,154716000.0,210344000.0,0.633,210344000.0,154716000.0,110358000.0,0.84,0.83,0.84,2398119000.0,,2398119000.0,17662308672.0,28.0,20.768,142624000.0,1.103,1.0,235477000.0,0.708,0.0,44358000.0,13847527000.0,,0.0,342404000.0,,,5774856000.0,,,12411772672.0,27197000.0,-6441000.0,-51260000.0,75492000.0,-117197000.0,-101486000.0,-60573000.0,-7500000.0,189256000.0,0.0,108179000.0,108179000.0,108179000.0,0.0,7983000.0,0.325,78286000.0,157191000.0,116069000.0,1.071,5.176,28.64,28.415,7949302000.0,0.0,95.76,9.337,9.313,0.0,-362264000.0,332452000.0,332452000.0,0.0,,,,,2980000.0,23011000.0,1.0,129613332.0,129288629.0,137139560.0,2.571,8549486000.0,0.0,2179000.0,0.0,66.127,
6,EXR,MRQ,2019-12-31,2019-12-31,2019-12-31,2021-08-06,-28966000.0,8532377000.0,,,,,19.64,-84489000.0,70733000.0,70733000.0,95545000.0,120279000.0,,2.209,5321269000.0,,,5321269000.0,0.0,55805000.0,0.0,0.034,0.9,159820000.0,215625000.0,0.642,215625000.0,159820000.0,115010000.0,0.87,0.87,0.87,2539961000.0,,2539961000.0,18703234489.0,30.0,22.3,78731000.0,0.609,1.0,240256000.0,0.715,0.0,44810000.0,13782913000.0,,0.0,381640000.0,,,5610683000.0,,,13678900489.0,4018000.0,-164098000.0,208000.0,231881000.0,-116579000.0,106051000.0,-265253000.0,-16666000.0,163220000.0,0.0,112282000.0,112282000.0,112282000.0,0.0,7997000.0,0.334,75611000.0,164645000.0,111382000.0,1.034,5.385,32.571,32.3,7961507000.0,0.0,105.62,10.454,10.349,0.0,-301049000.0,335801000.0,335801000.0,0.0,,,,,3064000.0,20870000.0,1.0,129510514.0,129323456.0,137242179.0,2.597,8532377000.0,0.0,2728000.0,0.0,65.977,
7,EXR,MRQ,2019-09-30,2019-09-30,2019-09-30,2021-08-06,-43439000.0,8318430000.0,,,,,19.59,-54764000.0,66715000.0,66715000.0,96297000.0,115995000.0,,2.145,5091049000.0,,,5091049000.0,0.0,56051000.0,0.0,0.03,0.9,159047000.0,215098000.0,0.637,215098000.0,159047000.0,112139000.0,0.84,0.83,0.84,2522714000.0,,2522714000.0,20226719398.0,33.0,24.397,126295000.0,0.981,1.0,241208000.0,0.715,0.0,46908000.0,13342764000.0,,0.0,175442000.0,,,5410441000.0,,,15013349398.0,11071000.0,-2317000.0,100659000.0,-228316000.0,-116440000.0,-254040000.0,84052000.0,141133000.0,181059000.0,0.0,108087000.0,108087000.0,108087000.0,0.0,7908000.0,0.32,78570000.0,162638000.0,122658000.0,1.071,5.951,36.694,36.506,7934885000.0,0.0,116.82,11.729,11.753,0.0,-296752000.0,337505000.0,337505000.0,0.0,,,,,3035000.0,22519000.0,1.0,128516944.0,128776549.0,137318475.0,2.621,8318430000.0,0.0,4052000.0,0.0,64.596,
8,EXR,MRQ,2019-06-30,2019-06-30,2019-06-30,2021-08-06,-27476000.0,8390719000.0,,,,,19.142,-30888000.0,55644000.0,55644000.0,87852000.0,112689000.0,,2.277,5269014000.0,,,5269014000.0,0.0,54406000.0,0.0,0.033,0.9,154991000.0,209397000.0,0.647,209397000.0,154991000.0,107543000.0,0.82,0.81,0.82,2442209000.0,,2442209000.0,18580676689.0,29.0,21.983,163180000.0,1.279,1.0,235750000.0,0.729,0.0,47448000.0,13604089000.0,,0.0,174480000.0,,,5561908000.0,,,13522832689.0,8816000.0,-9967000.0,99266000.0,33650000.0,-115572000.0,8202000.0,-193454000.0,-152599000.0,194068000.0,0.0,104828000.0,104828000.0,104828000.0,0.0,7861000.0,0.324,76552000.0,159198000.0,115056000.0,1.098,5.537,31.341,31.298,7888512000.0,0.0,106.1,10.823,10.834,0.0,-288399000.0,323602000.0,323602000.0,0.0,,,,,3998000.0,23351000.0,1.0,127453654.0,127585436.0,135654761.0,2.536,8390719000.0,0.0,2715000.0,0.0,65.765,
9,EXR,MRQ,2019-03-31,2019-03-31,2019-03-31,2021-08-06,11807000.0,8132514000.0,,,,,18.767,-229580000.0,46828000.0,46828000.0,85732000.0,102160000.0,,2.248,5104672000.0,,,5104672000.0,0.0,54659000.0,0.0,0.034,0.86,143943000.0,198602000.0,0.637,198602000.0,143943000.0,96583000.0,0.74,0.74,0.74,2384149000.0,,2384149000.0,17711815237.0,29.0,21.383,-60241000.0,-0.474,1.0,225814000.0,0.725,0.0,47360000.0,13190358000.0,,0.0,161029000.0,,,5358702000.0,,,12972990237.0,-25862000.0,-17395000.0,1757000.0,168052000.0,-109523000.0,51774000.0,-246975000.0,0.0,169339000.0,0.0,94770000.0,94770000.0,94770000.0,0.0,7390000.0,0.304,77337000.0,148477000.0,99302000.0,1.162,5.441,30.756,30.696,7782815000.0,0.0,101.91,10.61,10.589,0.0,-277655000.0,311546000.0,311546000.0,0.0,,,,,2954000.0,22678000.0,1.0,127298501.0,127037247.0,134289716.0,2.452,8132514000.0,0.0,1813000.0,0.0,64.017,
10,EXR,MRQ,2018-12-31,2018-12-31,2018-12-31,2021-08-06,34650000.0,7847978000.0,,,,,19.085,-63491000.0,72690000.0,72690000.0,79116000.0,109250000.0,,2.097,4811515000.0,,,4811515000.0,0.0,53126000.0,0.0,0.037,0.86,152826000.0,205952000.0,0.67,205952000.0,152826000.0,104629000.0,0.8,0.79,0.8,2413724000.0,,2413724000.0,16141981230.0,27.0,19.879,85277000.0,0.674,1.0,228237000.0,0.743,0.0,48197000.0,12586803000.0,,0.0,125326000.0,,,5062556000.0,,,11447109230.0,6107000.0,-11528000.0,56450000.0,50717000.0,-109299000.0,-15792000.0,-126869000.0,39000.0,148768000.0,0.0,101462000.0,101462000.0,101462000.0,0.0,7788000.0,0.33,71560000.0,156677000.0,101461000.0,1.075,4.743,27.564,27.502,7491831000.0,0.0,90.48,9.566,9.534,0.0,-262902000.0,307353000.0,307353000.0,0.0,,,,,2721000.0,18434000.0,1.0,126515354.0,126470170.0,133589062.0,2.43,7847978000.0,0.0,3167000.0,0.0,62.054,
11,EXR,MRQ,2018-09-30,2018-09-30,2018-09-30,2021-08-06,68362000.0,7798690000.0,,,,,18.943,-107147000.0,66583000.0,66583000.0,81372000.0,139687000.0,,2.099,4761455000.0,,,4761455000.0,0.0,52283000.0,0.0,0.038,0.86,178982000.0,231265000.0,0.753,231265000.0,178982000.0,133056000.0,1.03,1.02,1.03,2395719000.0,,2395719000.0,15658530944.0,22.0,17.284,82138000.0,0.649,1.0,225581000.0,0.735,0.0,45926000.0,12493562000.0,,0.0,114451000.0,,,5028596000.0,,,10960141944.0,-2523000.0,-18034000.0,33780000.0,-16374000.0,-108795000.0,-103874000.0,-87934000.0,-13889000.0,189285000.0,0.0,130418000.0,130418000.0,130418000.0,0.0,9269000.0,0.425,41183000.0,184398000.0,126539000.0,0.835,4.575,20.688,20.727,7425806000.0,0.0,86.64,9.359,9.356,0.0,-255065000.0,306953000.0,306953000.0,0.0,,,,,2613000.0,19707000.0,1.0,126502100.0,126466837.0,134240290.0,2.427,7798690000.0,0.0,2638000.0,0.0,61.666,
12,EXR,MRQ,2018-06-30,2018-06-30,2018-06-30,2021-08-06,62930000.0,7721949000.0,,,,,18.605,-179907000.0,69106000.0,69106000.0,78554000.0,102713000.0,,2.138,4767495000.0,,,4767495000.0,0.0,51892000.0,0.0,0.032,0.86,140597000.0,192489000.0,0.649,192489000.0,140597000.0,97250000.0,0.75,0.75,0.75,2341950000.0,,2341950000.0,17047265039.0,26.0,19.834,-11773000.0,-0.094,1.0,218259000.0,0.735,0.0,43347000.0,12420338000.0,,0.0,97556000.0,,,5006147000.0,,,12586966039.0,15042000.0,-34314000.0,371000.0,164569000.0,-108486000.0,45075000.0,-198167000.0,16054000.0,168134000.0,0.0,95153000.0,95153000.0,95153000.0,0.0,7560000.0,0.321,73543000.0,144716000.0,107252000.0,1.147,5.375,25.524,25.658,7390080000.0,0.0,99.81,10.961,10.941,0.0,-276688000.0,296813000.0,296813000.0,0.0,,,,,3116000.0,21651000.0,1.0,126109268.0,125874130.0,132772772.0,2.358,7721949000.0,0.0,2097000.0,0.0,61.347,
13,EXR,MRQ,2018-03-31,2018-03-31,2018-03-31,2021-08-06,55271000.0,7470624000.0,,,,,18.635,-88359000.0,54064000.0,54064000.0,78360000.0,95430000.0,,2.028,4514363000.0,,,4514363000.0,0.0,51749000.0,0.0,0.036,0.78,130564000.0,182313000.0,0.639,182313000.0,130564000.0,89598000.0,0.7,0.7,0.7,2343754000.0,,2343754000.0,15478811446.0,24.0,18.406,83249000.0,0.662,1.0,207125000.0,0.726,0.0,40966000.0,11930923000.0,,0.0,63868000.0,,,4753978000.0,,,11010638446.0,-31980000.0,47506000.0,799000.0,-64668000.0,-98327000.0,-172660000.0,-30928000.0,9172000.0,171608000.0,0.0,88256000.0,88256000.0,88256000.0,0.0,7174000.0,0.309,73213000.0,133912000.0,108931000.0,1.114,4.698,22.703,22.809,7171599000.0,0.0,87.36,9.766,9.745,0.0,-263355000.0,285485000.0,285485000.0,0.0,,,,,2726000.0,21464000.0,1.0,126037528.0,125772439.0,132682560.0,2.27,7470624000.0,0.0,1342000.0,0.0,59.398,
14,EXR,MRQ,2017-12-31,2017-12-31,2017-12-31,2021-08-06,33290000.0,7460953000.0,,,,,18.528,-235240000.0,86044000.0,86044000.0,72781000.0,229315000.0,,2.015,4554217000.0,,,4554217000.0,0.0,49157000.0,0.0,0.036,0.78,250751000.0,299908000.0,1.064,299908000.0,250751000.0,210432000.0,1.7,1.69,1.7,2350751000.0,,2350751000.0,15251385372.0,24.0,18.387,-87494000.0,-0.69,1.0,209061000.0,0.742,0.0,40319000.0,11929126000.0,,0.0,75907000.0,,,4737146000.0,,,11019382372.0,5035000.0,-14923000.0,0.0,233728000.0,-98286000.0,126017000.0,-268728000.0,0.0,147746000.0,0.0,215961000.0,215961000.0,215961000.0,0.0,13354000.0,0.766,-44842000.0,253903000.0,96087000.0,0.459,4.688,23.004,23.074,7132431000.0,0.0,87.45,9.972,9.969,0.0,-253284000.0,281842000.0,281842000.0,0.0,,,,,2317000.0,18790000.0,1.0,126007803.0,126873963.0,137597218.0,2.221,7460953000.0,0.0,-5529000.0,0.0,58.806,
15,EXR,MRQ,2017-09-30,2017-09-30,2017-09-30,2021-08-06,17731000.0,7086955000.0,,,,,17.621,-56310000.0,81009000.0,81009000.0,76702000.0,101075000.0,,2.037,4313012000.0,,,4313012000.0,0.0,48075000.0,0.0,0.039,0.78,136693000.0,184768000.0,0.65,184768000.0,136693000.0,96927000.0,0.74,0.74,0.74,2215266000.0,,2215266000.0,14310226111.0,28.0,20.392,104270000.0,0.829,1.0,207454000.0,0.73,0.0,39766000.0,11318958000.0,,0.0,78512000.0,,,4513230000.0,,,10069929111.0,32597000.0,-351000.0,1266000.0,17297000.0,-98286000.0,-89786000.0,-38197000.0,0.0,160580000.0,0.0,93764000.0,93764000.0,93764000.0,0.0,7311000.0,0.33,67573000.0,139881000.0,114247000.0,1.054,4.546,29.15,29.168,6770086000.0,0.0,79.92,9.288,9.267,4618000.0,-370959000.0,284156000.0,284156000.0,0.0,,,,,2289000.0,19498000.0,1.0,126000114.0,125717517.0,133044473.0,2.26,7086955000.0,0.0,3163000.0,0.0,56.372,
16,EXR,MRQ,2017-06-30,2017-06-30,2017-06-30,2021-08-06,17003000.0,7037463000.0,,,,,17.679,-43361000.0,48412000.0,48412000.0,71099000.0,94098000.0,,2.007,4288709000.0,,,4288709000.0,0.0,46632000.0,0.0,0.04,0.78,127329000.0,173961000.0,0.63,173961000.0,127329000.0,89873000.0,0.69,0.69,0.69,2221791000.0,,2221791000.0,14075140334.0,27.0,19.56,132567000.0,1.055,1.0,204904000.0,0.742,0.0,37456000.0,11277760000.0,,0.0,79294000.0,,,4458780000.0,,,9825227334.0,6870000.0,-1151000.0,0.0,-15081000.0,-98256000.0,-124647000.0,-44411000.0,0.0,175928000.0,0.0,87006000.0,87006000.0,87006000.0,0.0,7092000.0,0.315,68497000.0,136407000.0,92678000.0,1.13,4.422,26.571,26.531,6782788000.0,0.0,78.0,9.294,9.272,4676000.0,-366437000.0,276003000.0,276003000.0,0.0,,,,,2965000.0,21865000.0,1.0,125964453.0,125673156.0,132783402.0,2.196,7037463000.0,0.0,2867000.0,0.0,55.998,
17,EXR,MRQ,2017-03-31,2017-03-31,2017-03-31,2021-08-06,22816000.0,7034357000.0,,,,,17.803,-45674000.0,41542000.0,41542000.0,70565000.0,89734000.0,,1.989,4291455000.0,,,4291455000.0,0.0,49432000.0,0.0,0.042,0.78,121376000.0,170808000.0,0.649,170808000.0,121376000.0,85406000.0,0.65,0.64,0.65,2236116000.0,,2236116000.0,13615110462.0,26.0,19.198,67447000.0,0.537,1.0,192443000.0,0.732,0.0,35970000.0,11284270000.0,,0.0,79385000.0,,,4448542000.0,,,9366629462.0,-16200000.0,-938000.0,0.0,-18916000.0,-98212000.0,-127578000.0,-1743000.0,44869000.0,113121000.0,0.0,82282000.0,82282000.0,82282000.0,0.0,7452000.0,0.313,68240000.0,124203000.0,77106000.0,1.2,4.189,25.605,25.564,6770593000.0,0.0,74.39,9.134,9.112,6251000.0,-355187000.0,263008000.0,263008000.0,0.0,,,,,1990000.0,18808000.0,1.0,125912481.0,125605403.0,132618644.0,2.094,7034357000.0,0.0,3124000.0,0.0,56.004,
18,EXR,MRQ,2016-12-31,2016-12-31,2016-12-31,2021-08-06,16770000.0,7091446000.0,,,,,18.014,-330214000.0,57742000.0,57742000.0,67332000.0,90416000.0,,2.002,4306223000.0,,,4306223000.0,0.0,49158000.0,0.0,0.038,0.78,123070000.0,172228000.0,0.66,172228000.0,123070000.0,87246000.0,0.66,0.67,0.66,2244892000.0,,2244892000.0,13674027855.0,27.0,19.59,-177110000.0,-1.421,1.0,193684000.0,0.742,0.0,35824000.0,11339927000.0,,0.0,79570000.0,,,4495280000.0,,,9717262855.0,8312000.0,2411000.0,1133000.0,316478000.0,-98188000.0,199787000.0,-344579000.0,-6507000.0,153104000.0,0.0,82403000.0,82403000.0,82403000.0,0.0,8013000.0,0.316,70500000.0,123184000.0,101388000.0,1.182,4.329,26.541,26.452,6770447000.0,0.0,77.24,9.797,9.741,16611000.0,-339257000.0,261016000.0,261016000.0,0.0,,,,,2037000.0,18355000.0,1.0,125806096.0,124615933.0,106362231.0,2.095,7091446000.0,0.0,4843000.0,0.0,56.906,
19,EXR,MRQ,2016-09-30,2016-09-30,2016-09-30,2021-08-06,-41094000.0,6742056000.0,,,,,17.485,-332730000.0,35134000.0,35134000.0,66434000.0,127226000.0,,1.916,3991899000.0,,,3991899000.0,0.0,46555000.0,0.0,0.035,0.78,156048000.0,202603000.0,0.788,202603000.0,156048000.0,122554000.0,0.94,0.93,0.94,2198826000.0,,2198826000.0,13729640457.0,32.0,22.544,-186241000.0,-1.481,1.0,190749000.0,0.742,0.0,33494000.0,10698821000.0,,0.0,85912000.0,,,4212684000.0,,,9988930457.0,-22366000.0,4292000.0,50053000.0,191477000.0,-98116000.0,129463000.0,-298318000.0,-7874000.0,146489000.0,0.0,118088000.0,118088000.0,118088000.0,0.0,9138000.0,0.459,68025000.0,122724000.0,102470000.0,0.83,4.543,34.162,34.228,6458763000.0,0.0,79.41,10.442,10.439,9156000.0,-323472000.0,257183000.0,257183000.0,0.0,,,,,1915000.0,19537000.0,1.0,125789327.0,125752291.0,133763472.0,2.045,6742056000.0,0.0,4466000.0,0.0,53.614,
20,EXR,MRQ,2016-06-30,2016-06-30,2016-06-30,2021-08-06,-53845000.0,6458998000.0,,,,,16.929,-209555000.0,56290000.0,56290000.0,66371000.0,90040000.0,,1.899,3797000000.0,,,3797000000.0,0.0,43950000.0,0.0,0.028,0.78,119619000.0,163569000.0,0.67,163569000.0,119619000.0,86817000.0,0.66,0.66,0.66,2114707000.0,,2114707000.0,15187152743.0,41.0,28.483,-65351000.0,-0.523,1.0,177902000.0,0.728,0.0,32802000.0,10199708000.0,,0.0,99576000.0,,,4015781000.0,,,11586720743.0,-8695000.0,-13515000.0,95000.0,104287000.0,-97687000.0,-5575000.0,-147324000.0,41393000.0,144204000.0,0.0,83044000.0,83044000.0,83044000.0,0.0,6996000.0,0.34,67600000.0,110302000.0,91188000.0,1.182,5.479,47.095,47.214,6164787000.0,0.0,92.54,12.918,12.888,485000.0,-343444000.0,244273000.0,244273000.0,0.0,,,,,2383000.0,20512000.0,1.0,125207702.0,124914467.0,132025915.0,1.956,6458998000.0,0.0,3773000.0,0.0,51.707,
21,EXR,MRQ,2016-03-31,2016-03-31,2016-03-31,2021-08-06,-35939000.0,6291419000.0,,,,,17.178,-242271000.0,81756000.0,81756000.0,65423000.0,89407000.0,,1.804,3682188000.0,,,3682188000.0,0.0,42897000.0,0.0,0.025,0.59,116716000.0,159613000.0,0.696,159613000.0,116716000.0,85357000.0,0.66,0.66,0.66,2143062000.0,,2143062000.0,15116661495.0,45.0,31.393,-146805000.0,-1.177,1.0,163980000.0,0.715,0.0,31359000.0,9891851000.0,,0.0,89224000.0,,,3866034000.0,,,11687577495.0,-26046000.0,-4476000.0,73587000.0,143478000.0,-73827000.0,137156000.0,-258668000.0,-10656000.0,95466000.0,0.0,82592000.0,82592000.0,82592000.0,0.0,6815000.0,0.36,70352000.0,93628000.0,77108000.0,0.894,5.454,53.533,52.802,5933959000.0,0.0,93.46,13.938,13.905,15739000.0,-328801000.0,229403000.0,229403000.0,0.0,,,,,1710000.0,23402000.0,1.0,125054328.0,124754174.0,131956094.0,1.839,6291419000.0,0.0,2765000.0,0.0,50.431,
22,EXR,MRQ,2015-12-31,2015-12-31,2015-12-31,2021-08-06,-6352000.0,6071407000.0,,,,,16.906,-101646000.0,106537000.0,106537000.0,62848000.0,11744000.0,,1.771,3535621000.0,,,3535621000.0,0.0,40766000.0,0.0,0.025,0.59,42458000.0,83224000.0,0.369,83224000.0,42458000.0,11829000.0,0.06,0.05,0.06,2089077000.0,,2089077000.0,13013772384.0,44.0,30.281,-20598000.0,-0.167,1.0,162911000.0,0.722,0.0,30629000.0,9500491000.0,,0.0,103007000.0,,,3698803000.0,,,10890134384.0,-1039733000.0,-1158719000.0,86000.0,105543000.0,-73226000.0,18449000.0,-1139230000.0,-84331000.0,81048000.0,0.0,8675000.0,8675000.0,8675000.0,0.0,3069000.0,0.038,122602000.0,40309000.0,82693000.0,9.833,5.213,57.476,55.829,5689309000.0,0.0,88.21,13.921,13.511,2205000.0,-337566000.0,225759000.0,225759000.0,0.0,,,,,1670000.0,18138000.0,1.0,123456914.0,123572356.0,131456537.0,1.827,6071407000.0,0.0,3154000.0,0.0,49.132,
23,EXR,MRQ,2015-09-30,2015-09-30,2015-09-30,2021-08-06,-20812000.0,6002836000.0,,,,,17.198,-29952000.0,1344161000.0,1344161000.0,52486000.0,78200000.0,,1.714,3467799000.0,,,3467799000.0,0.0,30711000.0,0.0,0.027,0.59,96090000.0,126801000.0,0.642,126801000.0,96090000.0,75279000.0,0.58,0.58,0.58,2109292000.0,,2109292000.0,11566085819.0,36.0,26.081,73042000.0,0.596,1.0,145011000.0,0.734,0.0,20811000.0,8126474000.0,,0.0,84671000.0,,,3615496000.0,,,9478946819.0,939639000.0,-488000.0,30588000.0,1120493000.0,-72603000.0,1070290000.0,-233645000.0,0.0,102994000.0,0.0,71718000.0,71718000.0,71718000.0,0.0,6482000.0,0.363,47707000.0,97304000.0,76303000.0,1.017,4.494,41.957,40.611,4452251000.0,0.0,77.16,13.134,13.113,3016000.0,-273015000.0,197497000.0,197497000.0,0.0,,,,,1590000.0,16716000.0,1.0,122847937.0,122644837.0,130398111.0,1.61,6002836000.0,0.0,3561000.0,0.0,48.945,
24,EXR,MRQ,2015-06-30,2015-06-30,2015-06-30,2021-08-06,-1819000.0,4833750000.0,,,,,18.348,-171204000.0,201317000.0,201317000.0,51492000.0,60956000.0,,1.124,2288456000.0,,,2288456000.0,0.0,31552000.0,0.0,0.031,0.59,80335000.0,111887000.0,0.602,111887000.0,80335000.0,57524000.0,0.47,0.47,0.47,2144173000.0,,2144173000.0,9949005941.0,33.0,23.698,-75356000.0,-0.645,1.0,134368000.0,0.723,0.0,22811000.0,6920889000.0,,0.0,84744000.0,,,2410472000.0,,,7597747941.0,130589000.0,0.0,416775000.0,-143406000.0,-68741000.0,196019000.0,-161278000.0,0.0,95848000.0,0.0,55339000.0,55339000.0,55339000.0,0.0,5617000.0,0.298,52761000.0,81607000.0,69378000.0,1.255,3.543,36.452,36.436,4452046000.0,0.0,65.22,10.959,10.994,2071000.0,-272130000.0,185860000.0,185860000.0,0.0,,,,,1653000.0,16655000.0,1.0,116494142.0,116861678.0,124475890.0,1.59,4833750000.0,0.0,2185000.0,0.0,41.363,
25,EXR,MRQ,2015-03-31,2015-03-31,2015-03-31,2021-08-06,-7800000.0,4464145000.0,,,,,14.923,-81406000.0,80654000.0,80654000.0,50172000.0,58636000.0,,1.476,2431912000.0,,,2431912000.0,0.0,30428000.0,0.0,0.028,0.47,77421000.0,107849000.0,0.623,107849000.0,77421000.0,55990000.0,0.46,0.46,0.46,1732876000.0,,1732876000.0,10161651415.0,36.0,25.275,6033000.0,0.052,1.0,122982000.0,0.71,0.0,21431000.0,6815403000.0,,0.0,85602000.0,,,2557090000.0,,,7864675415.0,-2359000.0,0.0,970000.0,61890000.0,-54732000.0,1713000.0,-91511000.0,0.0,87439000.0,0.0,53742000.0,53742000.0,53742000.0,0.0,4894000.0,0.31,47546000.0,75436000.0,71553000.0,1.022,4.539,40.382,40.22,4197853000.0,0.0,67.57,11.771,11.743,3136000.0,-258728000.0,173154000.0,173154000.0,0.0,,,,,1142000.0,16249000.0,1.0,116393006.0,116117615.0,122595718.0,1.491,4464145000.0,0.0,2248000.0,0.0,38.445,
26,EXR,MRQ,2014-12-31,2014-12-31,2014-12-31,2021-08-06,-1484000.0,4381987000.0,,,,,14.973,-188737000.0,72908000.0,72908000.0,45640000.0,49486000.0,,1.422,2349764000.0,,,2349764000.0,0.0,29181000.0,0.0,0.031,0.47,67748000.0,96929000.0,0.587,96929000.0,67748000.0,47355000.0,0.39,0.38,0.39,1737425000.0,,1737425000.0,8925092893.0,33.0,23.344,-107720000.0,-0.928,1.0,119544000.0,0.724,0.0,20393000.0,6658843000.0,,0.0,85711000.0,,,2470004000.0,,,6821632893.0,-1553000.0,0.0,378000.0,190866000.0,-54681000.0,125437000.0,-208007000.0,-20230000.0,81017000.0,0.0,45122000.0,45122000.0,45122000.0,0.0,4364000.0,0.273,49628000.0,69916000.0,65521000.0,1.205,3.926,38.248,38.078,4135696000.0,0.0,58.64,10.541,10.485,11778000.0,-257738000.0,165184000.0,165184000.0,0.0,,,,,1129000.0,14506000.0,1.0,116330711.0,116034693.0,121085401.0,1.424,4381987000.0,0.0,2233000.0,0.0,37.764,
27,EXR,MRQ,2014-09-30,2014-09-30,2014-09-30,2021-08-06,3735000.0,4225895000.0,,,,,15.03,-37945000.0,75421000.0,75421000.0,46224000.0,59193000.0,,1.318,2178881000.0,,,2178881000.0,0.0,29249000.0,0.0,0.034,0.47,73903000.0,103152000.0,0.61,103152000.0,73903000.0,53222000.0,0.47,0.47,0.47,1739328000.0,,1739328000.0,8072099424.0,27.0,19.649,50860000.0,0.439,1.0,122843000.0,0.727,0.0,20681000.0,6329355000.0,,0.0,86232000.0,,,2292297000.0,,,5983068424.0,-4729000.0,0.0,166000.0,9996000.0,-54536000.0,-50035000.0,-43499000.0,0.0,88805000.0,0.0,54228000.0,54228000.0,54228000.0,0.0,4965000.0,0.321,45350000.0,77493000.0,73528000.0,1.0,3.44,28.467,28.18,3954759000.0,0.0,51.57,9.583,9.559,12283000.0,-248179000.0,169067000.0,169067000.0,0.0,,,,,1056000.0,15665000.0,1.0,116018391.0,115726911.0,121617554.0,1.461,4225895000.0,0.0,-1006000.0,0.0,36.516,
28,EXR,MRQ,2014-06-30,2014-06-30,2014-06-30,2021-08-06,2073000.0,4208890000.0,,,,,15.015,-47181000.0,74596000.0,74596000.0,44930000.0,46008000.0,,1.312,2163627000.0,,,2163627000.0,0.0,28271000.0,0.0,0.031,0.47,65836000.0,94107000.0,0.586,94107000.0,65836000.0,45178000.0,0.36,0.36,0.36,1736548000.0,,1736548000.0,8216771238.0,30.0,21.687,56006000.0,0.484,1.0,115794000.0,0.72,0.0,20658000.0,6297921000.0,,0.0,86794000.0,,,2278182000.0,,,6173934238.0,6930000.0,0.0,1495000.0,20398000.0,-54527000.0,-39423000.0,-56834000.0,-9028000.0,103187000.0,0.0,41665000.0,41665000.0,41665000.0,0.0,4343000.0,0.259,45133000.0,70661000.0,65539000.0,1.306,3.555,33.338,32.87,3941042000.0,0.0,53.25,10.494,10.467,12640000.0,-247871000.0,160724000.0,160724000.0,0.0,,,,,1678000.0,15469000.0,1.0,115942427.0,115653489.0,121254222.0,1.39,4208890000.0,0.0,3513000.0,0.0,36.392,
29,EXR,MRQ,2014-03-31,2014-03-31,2014-03-31,2021-08-06,7528000.0,4123491000.0,,,,,15.162,-258033000.0,67041000.0,67041000.0,46049000.0,41209000.0,,1.257,2109878000.0,,,2109878000.0,0.0,28375000.0,0.0,0.033,0.4,59768000.0,88143000.0,0.578,88143000.0,59768000.0,40170000.0,0.32,0.32,0.32,1750274000.0,,1750274000.0,7416054846.0,28.0,20.416,-193461000.0,-1.676,1.0,106538000.0,0.698,0.0,19598000.0,6166328000.0,,0.0,89326000.0,,,2200307000.0,,,5617581846.0,-79708000.0,0.0,1056000.0,163276000.0,-46347000.0,112328000.0,-256608000.0,0.0,64572000.0,0.0,37340000.0,37340000.0,37340000.0,0.0,3869000.0,0.245,46140000.0,60398000.0,52886000.0,1.25,3.21,31.561,30.898,3862679000.0,0.0,48.51,10.142,10.11,8966000.0,-235009000.0,152587000.0,152587000.0,0.0,,,,,1121000.0,15709000.0,1.0,115802553.0,115438325.0,121062845.0,1.322,4123491000.0,0.0,2830000.0,0.0,35.72,
30,EXR,MRQ,2013-12-31,2013-12-31,2013-12-31,2021-08-06,10156000.0,3977140000.0,,,,,15.49,-267635000.0,148174000.0,148174000.0,39774000.0,82172000.0,,1.163,1946647000.0,,,1946647000.0,0.0,25994000.0,0.0,0.034,0.4,99415000.0,125409000.0,0.884,125409000.0,99415000.0,79777000.0,0.68,0.68,0.68,1758470000.0,,1758470000.0,6339666702.0,25.0,18.169,-194960000.0,-1.717,1.0,102160000.0,0.72,0.0,19638000.0,5775613000.0,,0.0,88125000.0,,,2045245000.0,,,4687109702.0,45024000.0,-390000.0,206008000.0,85306000.0,-46302000.0,239022000.0,-266673000.0,0.0,72675000.0,0.0,76940000.0,76940000.0,76940000.0,0.0,5232000.0,0.542,44845000.0,57315000.0,60601000.0,0.588,2.665,27.239,27.357,3636544000.0,0.0,42.13,9.003,9.011,7542000.0,-226002000.0,141934000.0,141934000.0,0.0,,,,,1165000.0,13795000.0,1.0,111253494.0,113523173.0,106451199.0,1.25,3977140000.0,0.0,2837000.0,0.0,35.034,
31,EXR,MRQ,2013-09-30,2013-09-30,2013-09-30,2021-08-06,3146000.0,3518239000.0,,,,,13.664,-25765000.0,104502000.0,104502000.0,37249000.0,32352000.0,,1.221,1757059000.0,,,1757059000.0,0.0,23428000.0,0.0,0.028,0.4,47790000.0,71218000.0,0.535,71218000.0,47790000.0,31526000.0,0.26,0.26,0.26,1514309000.0,,1514309000.0,6625041406.0,31.0,21.952,46268000.0,0.417,1.0,95862000.0,0.72,0.0,16264000.0,5170796000.0,,0.0,100455000.0,,,1849359000.0,,,5088490406.0,-125233000.0,-171000.0,324000.0,-115663000.0,-44494000.0,-164029000.0,-33237000.0,-5000000.0,72033000.0,0.0,29245000.0,29245000.0,29245000.0,0.0,3107000.0,0.22,39798000.0,56064000.0,58248000.0,1.538,3.36,38.781,38.445,3223672000.0,0.0,45.75,10.335,10.298,7928000.0,-256640000.0,133111000.0,133111000.0,0.0,,,,,1069000.0,13943000.0,1.0,111223834.0,110827793.0,115477145.0,1.201,3518239000.0,0.0,2281000.0,0.0,31.745,
32,EXR,MRQ,2013-06-30,2013-06-30,2013-06-30,2021-08-06,5108000.0,3432616000.0,,,,,13.821,-43010000.0,227434000.0,227434000.0,35664000.0,37101000.0,,1.204,1763985000.0,,,1763985000.0,0.0,22785000.0,0.0,0.026,0.4,55686000.0,78471000.0,0.622,78471000.0,55686000.0,37324000.0,0.31,0.31,0.31,1530406000.0,,1530406000.0,6181558700.0,28.0,20.003,32425000.0,0.293,1.0,90582000.0,0.718,0.0,18362000.0,4969167000.0,,0.0,101698000.0,,,1842825000.0,,,4653392700.0,171357000.0,-366000.0,3917000.0,187556000.0,-44488000.0,139643000.0,-43721000.0,0.0,75435000.0,0.0,34466000.0,34466000.0,34466000.0,0.0,2635000.0,0.273,37207000.0,53375000.0,46982000.0,1.29,3.041,33.103,32.254,3027654000.0,0.0,41.93,9.921,9.899,3258000.0,-241391000.0,126246000.0,126246000.0,0.0,,,,,1562000.0,13739000.0,1.0,110980031.0,110731153.0,113962981.0,1.14,3432616000.0,0.0,2858000.0,0.0,31.0,
33,EXR,MRQ,2013-03-31,2013-03-31,2013-03-31,2021-08-06,-12759000.0,3229096000.0,,,,,13.593,-19575000.0,55732000.0,55732000.0,36347000.0,33931000.0,,1.118,1583898000.0,,,1583898000.0,0.0,23025000.0,0.0,0.023,0.25,50799000.0,73824000.0,0.619,73824000.0,50799000.0,33433000.0,0.28,0.28,0.28,1499550000.0,,1499550000.0,5878679796.0,29.0,20.477,31541000.0,0.286,1.0,82975000.0,0.695,0.0,17366000.0,4757262000.0,,0.0,102102000.0,,,1675944000.0,,,4348841796.0,4790000.0,-589000.0,1635000.0,6864000.0,-27730000.0,-22981000.0,-23345000.0,0.0,51116000.0,0.0,31425000.0,31425000.0,31425000.0,0.0,2506000.0,0.263,36246000.0,46729000.0,45435000.0,0.893,2.9,33.838,32.455,2995510000.0,0.0,39.27,9.935,9.897,9096000.0,-231369000.0,119322000.0,119322000.0,0.0,,,,,1023000.0,12769000.0,1.0,110742088.0,110314668.0,114967087.0,1.082,3229096000.0,0.0,2008000.0,0.0,29.272,
34,EXR,MRQ,2012-12-31,2012-12-31,2012-12-31,2021-08-06,-14273000.0,3223477000.0,,,,,14.103,-238480000.0,47761000.0,47761000.0,34523000.0,38873000.0,,1.125,1577599000.0,,,1577599000.0,0.0,21535000.0,0.0,0.023,0.25,56751000.0,78286000.0,0.689,78286000.0,56751000.0,37249000.0,0.34,0.34,0.34,1491807000.0,,1491807000.0,5319436197.0,27.0,19.773,-175562000.0,-1.66,1.0,79144000.0,0.696,0.0,19502000.0,4753315000.0,,0.0,106313000.0,,,1678146000.0,,,3796301197.0,-12823000.0,203000.0,204232000.0,-14874000.0,-27594000.0,156128000.0,-231869000.0,0.0,62918000.0,0.0,36076000.0,36076000.0,36076000.0,0.0,2797000.0,0.317,36032000.0,43112000.0,52299000.0,0.735,2.545,32.362,31.643,2991722000.0,0.0,36.39,9.273,9.046,11078000.0,-235064000.0,113667000.0,113667000.0,0.0,,,,,1038000.0,12710000.0,1.0,104322649.0,105776020.0,100125932.0,1.075,3223477000.0,0.0,1173000.0,0.0,30.475,
35,EXR,MRQ,2012-09-30,2012-09-30,2012-09-30,2021-08-06,-14956000.0,3012922000.0,,,,,12.225,-322653000.0,66992000.0,66992000.0,31494000.0,41553000.0,,1.32,1590127000.0,,,1590127000.0,0.0,19768000.0,0.0,0.022,0.2,58685000.0,78453000.0,0.715,78453000.0,58685000.0,40262000.0,0.37,0.37,0.37,1274516000.0,,1274516000.0,4552240696.0,26.0,18.857,-262313000.0,-2.516,1.0,78297000.0,0.713,0.0,18423000.0,4536057000.0,,0.0,121269000.0,,,1682770000.0,,,3463015696.0,-141894000.0,-351000.0,2787000.0,130894000.0,-20864000.0,106920000.0,-309154000.0,0.0,60340000.0,0.0,38606000.0,38606000.0,38606000.0,0.0,2947000.0,0.352,34813000.0,43484000.0,49609000.0,0.541,2.717,35.514,33.929,2741945000.0,0.0,33.25,8.904,8.912,10930000.0,-243546000.0,109791000.0,109791000.0,0.0,,,,,997000.0,12559000.0,1.0,104150848.0,104252227.0,108755316.0,1.053,3012922000.0,0.0,1656000.0,0.0,28.9,
36,EXR,MRQ,2012-06-30,2012-06-30,2012-06-30,2021-08-06,-11525000.0,2708343000.0,,,,,12.296,-28694000.0,222736000.0,222736000.0,27436000.0,24745000.0,,1.113,1311961000.0,,,1311961000.0,0.0,16626000.0,0.0,0.022,0.2,39901000.0,56527000.0,0.595,56527000.0,39901000.0,24047000.0,0.22,0.22,0.22,1255560000.0,,1255560000.0,4488732116.0,31.0,21.449,23137000.0,0.227,1.0,67515000.0,0.711,0.0,15854000.0,3797568000.0,,0.0,125729000.0,,,1397700000.0,,,3178131116.0,147927000.0,10000.0,230392000.0,-60173000.0,-20827000.0,145616000.0,-49520000.0,-7875000.0,51831000.0,0.0,22413000.0,22413000.0,22413000.0,0.0,2332000.0,0.236,29640000.0,37875000.0,47123000.0,0.909,2.531,42.852,39.74,2278331000.0,0.0,30.6,8.749,8.602,15976000.0,-261288000.0,94951000.0,94951000.0,0.0,,,,,1364000.0,12545000.0,1.0,103860494.0,102107535.0,106653965.0,0.93,2708343000.0,0.0,1634000.0,0.0,26.524,
37,EXR,MRQ,2012-03-31,2012-03-31,2012-03-31,2021-08-06,-8142000.0,2523136000.0,,,,,10.797,-19026000.0,61848000.0,61848000.0,28444000.0,22518000.0,,1.409,1372449000.0,,,1372449000.0,0.0,16524000.0,0.0,0.022,0.2,39235000.0,55759000.0,0.613,55759000.0,39235000.0,21164000.0,0.21,0.21,0.21,1024506000.0,,1024506000.0,4040981194.0,30.0,20.816,21764000.0,0.229,1.0,62543000.0,0.687,0.0,18071000.0,3833737000.0,,0.0,125336000.0,,,1443394000.0,,,2729577194.0,11091000.0,1136000.0,2444000.0,8922000.0,-19002000.0,-13304000.0,-16395000.0,0.0,40790000.0,0.0,20214000.0,20214000.0,20214000.0,0.0,2304000.0,0.222,29773000.0,32770000.0,38029000.0,0.952,2.664,43.77,42.97,2266536000.0,0.0,28.79,7.881,7.888,15415000.0,-262874000.0,90987000.0,90987000.0,0.0,,,,,957000.0,12640000.0,1.0,94809906.0,94888078.0,99927352.0,0.959,2523136000.0,0.0,950000.0,0.0,26.591,
38,EXR,MRQ,2011-12-31,2011-12-31,2011-12-31,2021-08-06,-7936000.0,2517524000.0,,,,,11.151,-84087000.0,52252000.0,52252000.0,26705000.0,18414000.0,,1.417,1363656000.0,,,1363656000.0,0.0,15973000.0,0.0,0.023,0.14,34700000.0,50673000.0,0.544,50673000.0,34700000.0,16830000.0,0.18,0.17,0.18,1018947000.0,,1018947000.0,3464638920.0,29.0,19.583,-40580000.0,-0.444,1.0,66507000.0,0.714,0.0,17870000.0,3828928000.0,,0.0,130410000.0,,,1443763000.0,,,2286663920.0,-7411000.0,-4088000.0,6505000.0,42604000.0,-13242000.0,31813000.0,-82731000.0,860000.0,43507000.0,0.0,16278000.0,16278000.0,16278000.0,0.0,2136000.0,0.175,32128000.0,34379000.0,46353000.0,0.778,2.244,45.326,44.055,2263795000.0,0.0,24.23,6.933,6.707,18517000.0,-264086000.0,93212000.0,93212000.0,0.0,,,,,1862000.0,13287000.0,1.0,94373253.0,91373277.0,86935422.0,1.02,2517524000.0,0.0,552000.0,0.0,27.552,
39,EXR,MRQ,2011-09-30,2011-09-30,2011-09-30,2021-08-06,-7819000.0,2374228000.0,,,,,10.681,-29515000.0,64247000.0,64247000.0,25866000.0,17352000.0,,1.303,1242222000.0,,,1242222000.0,0.0,14364000.0,0.0,0.028,0.14,31955000.0,46319000.0,0.551,46319000.0,31955000.0,15199000.0,0.16,0.16,0.16,1007380000.0,,1007380000.0,2878501368.0,26.0,17.542,5949000.0,0.063,1.0,58231000.0,0.692,0.0,16756000.0,3552203000.0,,0.0,134219000.0,,,1312159000.0,,,1756149368.0,-1292000.0,4614000.0,1429000.0,51543000.0,-13210000.0,36797000.0,-73553000.0,-51000000.0,35464000.0,0.0,15261000.0,15261000.0,15261000.0,0.0,2091000.0,0.181,27016000.0,31215000.0,39891000.0,0.875,1.743,40.758,39.638,2060188000.0,0.0,18.63,5.669,5.672,61184000.0,-267122000.0,84097000.0,84097000.0,0.0,,,,,1184000.0,12306000.0,1.0,94264593.0,94314429.0,98867803.0,0.892,2374228000.0,0.0,-62000.0,0.0,25.174,
40,EXR,MRQ,2011-06-30,2011-06-30,2011-06-30,2021-08-06,-6436000.0,2310857000.0,,,,,10.983,-82805000.0,67887000.0,67887000.0,24094000.0,12517000.0,,1.247,1190239000.0,,,1190239000.0,0.0,14092000.0,0.0,0.023,0.14,27281000.0,41373000.0,0.53,41373000.0,27281000.0,11020000.0,0.12,0.12,0.12,1004272000.0,,1004272000.0,3056851423.0,30.0,19.753,-47614000.0,-0.521,1.0,53946000.0,0.691,0.0,16261000.0,3433209000.0,,0.0,137997000.0,,,1251913000.0,,,1893924423.0,-7368000.0,0.0,114479000.0,-64870000.0,-13194000.0,32419000.0,-74978000.0,0.0,35191000.0,0.0,10609000.0,10609000.0,10609000.0,0.0,1908000.0,0.136,28094000.0,25852000.0,32712000.0,1.167,1.886,53.361,53.325,2045627000.0,0.0,21.33,6.363,6.553,8490000.0,-269173000.0,78040000.0,78040000.0,0.0,,,,,1585000.0,12432000.0,1.0,88791581.0,91439042.0,96010848.0,0.853,2310857000.0,0.0,411000.0,0.0,25.272,
41,EXR,MRQ,2011-03-31,2011-03-31,2011-03-31,2021-08-06,-4678000.0,2253117000.0,,,,,10.117,-10628000.0,83082000.0,83082000.0,24959000.0,10140000.0,,1.466,1246009000.0,,,1246009000.0,0.0,13585000.0,0.0,0.021,0.14,24969000.0,38554000.0,0.518,38554000.0,24969000.0,8555000.0,0.09,0.09,0.09,890803000.0,,890803000.0,2991205976.0,31.0,20.047,19374000.0,0.22,1.0,49522000.0,0.665,0.0,16414000.0,3416044000.0,,0.0,141525000.0,,,1305974000.0,,,1821535976.0,-4195000.0,0.0,8558000.0,-6137000.0,-12381000.0,-13540000.0,-20657000.0,0.0,30002000.0,0.0,8301000.0,8301000.0,8301000.0,0.0,1839000.0,0.111,25492000.0,24030000.0,34333000.0,1.556,2.045,58.638,59.171,1971413000.0,0.0,20.71,6.316,6.323,9334000.0,-266588000.0,74481000.0,74481000.0,0.0,,,,,1126000.0,11658000.0,1.0,87954417.0,88045951.0,92812067.0,0.846,2253117000.0,0.0,254000.0,0.0,25.59,
42,EXR,MRQ,2010-12-31,2010-12-31,2010-12-31,2021-08-06,-5787000.0,2249820000.0,,,,,10.066,-53302000.0,77248000.0,77248000.0,24023000.0,10788000.0,,1.487,1246918000.0,,,1246918000.0,0.0,13209000.0,0.0,0.023,0.1,24638000.0,37847000.0,0.517,37847000.0,24638000.0,9731000.0,0.1,0.1,0.1,881401000.0,,881401000.0,2640051614.0,28.0,18.213,-23217000.0,-0.265,1.0,49131000.0,0.672,0.0,14907000.0,3419490000.0,,0.0,140560000.0,,,1310749000.0,,,1523310614.0,24952000.0,1370000.0,560000.0,55570000.0,-8758000.0,44078000.0,-49211000.0,0.0,30085000.0,0.0,8916000.0,8916000.0,8916000.0,0.0,1872000.0,0.122,25546000.0,23585000.0,35242000.0,1.0,1.728,57.852,58.0,1972402000.0,0.0,17.4,5.411,5.398,10061000.0,-262508000.0,73154000.0,73154000.0,0.0,,,,,1123000.0,11525000.0,1.0,87546587.0,87563933.0,92292205.0,0.835,2249820000.0,0.0,815000.0,0.0,25.693,
43,EXR,MRQ,2010-09-30,2010-09-30,2010-09-30,2021-08-06,-8530000.0,2175150000.0,,,,,10.02,-19052000.0,54691000.0,54691000.0,23070000.0,9482000.0,,1.416,1171432000.0,,,1171432000.0,0.0,12519000.0,0.0,0.027,0.1,24457000.0,36976000.0,0.514,36976000.0,24457000.0,8755000.0,0.09,0.09,0.09,876582000.0,,876582000.0,2522006643.0,26.0,17.21,9607000.0,0.11,1.0,48909000.0,0.679,0.0,15702000.0,3291891000.0,,0.0,144121000.0,,,1241118000.0,,,1402689643.0,-6556000.0,7432000.0,1396000.0,-10354000.0,-8751000.0,-24401000.0,-10814000.0,0.0,28659000.0,0.0,7667000.0,7667000.0,7667000.0,0.0,1815000.0,0.107,25348000.0,23561000.0,37445000.0,1.111,1.6,60.08,59.407,1902698000.0,0.0,16.04,5.026,5.028,24593000.0,-262666000.0,71979000.0,71979000.0,0.0,,,,,1055000.0,10618000.0,1.0,87449479.0,87484731.0,92189852.0,0.823,2175150000.0,0.0,1088000.0,0.0,24.863,
44,EXR,MRQ,2010-06-30,2010-06-30,2010-06-30,2021-08-06,-4689000.0,2179115000.0,,,,,10.061,-34765000.0,62053000.0,62053000.0,22398000.0,7925000.0,,1.409,1181370000.0,,,1181370000.0,0.0,12202000.0,0.0,0.024,0.1,23627000.0,35829000.0,0.521,35829000.0,23627000.0,7394000.0,0.07,0.07,0.07,879037000.0,,879037000.0,2310684944.0,24.0,15.639,-4709000.0,-0.054,1.0,46379000.0,0.674,0.0,16233000.0,3298432000.0,,0.0,152976000.0,,,1238346000.0,,,1212130944.0,-80386000.0,0.0,3218000.0,-65777000.0,-8748000.0,-74940000.0,-35502000.0,0.0,30056000.0,0.0,6180000.0,6180000.0,6180000.0,0.0,1745000.0,0.09,23573000.0,22806000.0,32193000.0,1.429,1.379,55.995,55.6,1896324000.0,0.0,13.9,4.357,4.365,20589000.0,-261582000.0,68777000.0,68777000.0,0.0,,,,,1483000.0,11229000.0,1.0,87203665.0,87367967.0,92304831.0,0.787,2179115000.0,0.0,1214000.0,0.0,24.942,
45,EXR,MRQ,2010-03-31,2010-03-31,2010-03-31,2021-08-06,-2242000.0,2237462000.0,,,,,10.113,-10175000.0,141702000.0,141702000.0,23179000.0,5179000.0,,1.477,1240256000.0,,,1240256000.0,0.0,12419000.0,0.0,0.018,0.1,21887000.0,34306000.0,0.508,34306000.0,21887000.0,4613000.0,0.04,0.04,0.04,878521000.0,,878521000.0,2331471598.0,29.0,17.402,5840000.0,0.067,1.0,44408000.0,0.657,0.0,17274000.0,3336016000.0,,0.0,146718000.0,,,1297155000.0,,,1099652598.0,-23210000.0,15750000.0,487000.0,-40777000.0,-8707000.0,-51046000.0,11821000.0,0.0,16015000.0,0.0,3568000.0,3568000.0,3568000.0,0.0,1611000.0,0.053,23545000.0,20863000.0,33898000.0,2.5,1.252,138.74,140.889,1875643000.0,0.0,12.68,3.949,3.956,23004000.0,-259014000.0,67587000.0,67587000.0,0.0,,,,,919000.0,11056000.0,1.0,86723391.0,86873472.0,91666076.0,0.778,2237462000.0,0.0,1045000.0,0.0,25.755,
46,EXR,MRQ,2009-12-31,2009-12-31,2009-12-31,2021-08-06,-1056000.0,2407556000.0,,,,,10.211,-16611000.0,171158000.0,171158000.0,22944000.0,7438000.0,,1.653,1402977000.0,,,1402977000.0,0.0,13243000.0,0.0,0.033,0.13,26186000.0,39429000.0,0.558,39429000.0,26186000.0,7915000.0,0.07,0.07,0.07,884179000.0,,884179000.0,2209777060.0,21.0,14.142,-1538000.0,-0.018,1.0,47777000.0,0.676,0.0,18271000.0,3639375000.0,,0.0,130449000.0,,,1461337000.0,,,998292060.0,30958000.0,-3337000.0,0.0,48266000.0,-11274000.0,32935000.0,-17050000.0,0.0,15073000.0,0.0,5932000.0,5932000.0,5932000.0,0.0,1506000.0,0.084,23404000.0,24373000.0,33386000.0,1.857,1.129,31.219,31.216,2049859000.0,0.0,11.55,3.563,3.56,5114000.0,-253875000.0,70721000.0,70721000.0,0.0,,,,,857000.0,9230000.0,1.0,86432213.0,86590790.0,90366827.0,0.817,2407556000.0,0.0,1983000.0,0.0,27.804,
47,EXR,MRQ,2009-09-30,2009-09-30,2009-09-30,2021-08-06,-1584000.0,2369150000.0,,,,,10.223,-19697000.0,143075000.0,143075000.0,24286000.0,7574000.0,,1.608,1354560000.0,,,1354560000.0,0.0,13797000.0,0.0,0.047,0.0,24390000.0,38187000.0,0.537,38187000.0,24390000.0,6693000.0,0.07,0.07,0.07,883612000.0,,883612000.0,2114633998.0,19.0,13.012,-2737000.0,-0.032,1.0,46827000.0,0.658,0.0,17697000.0,3580635000.0,,0.0,132356000.0,,,1420415000.0,,,911926998.0,-30559000.0,0.0,0.0,-21056000.0,0.0,-26666000.0,-20853000.0,0.0,16960000.0,0.0,5967000.0,5967000.0,5967000.0,0.0,1607000.0,0.084,23610000.0,23217000.0,40636000.0,0.0,1.032,22.2,21.979,2042617000.0,0.0,10.55,3.265,3.265,3377000.0,-248533000.0,71113000.0,71113000.0,0.0,,,,,792000.0,9791000.0,1.0,86438578.0,86437877.0,91548984.0,0.823,2369150000.0,0.0,726000.0,0.0,27.409,
48,EXR,MRQ,2009-06-30,2009-06-30,2009-06-30,2021-08-06,189000.0,2382444000.0,,,,,10.17,-31466000.0,172478000.0,172478000.0,23038000.0,-6681000.0,,1.635,1375185000.0,,,1375185000.0,0.0,12840000.0,0.0,0.09,0.0,9218000.0,22058000.0,0.319,22058000.0,9218000.0,-6598000.0,-0.09,-0.09,-0.09,878626000.0,,878626000.0,1927001616.0,17.0,11.858,-952000.0,-0.011,1.0,46027000.0,0.666,0.0,15816000.0,3585151000.0,,0.0,132272000.0,,,1436470000.0,,,721297616.0,77073000.0,4652000.0,0.0,84159000.0,0.0,79423000.0,-32864000.0,0.0,30514000.0,0.0,-7541000.0,-7541000.0,-7541000.0,0.0,860000.0,-0.109,43653000.0,2374000.0,34462000.0,0.0,0.821,16.019,15.463,2029542000.0,0.0,8.35,2.595,2.595,5666000.0,-254500000.0,69065000.0,69065000.0,0.0,,,,,1261000.0,10612000.0,1.0,86382948.0,86397618.0,91607503.0,0.799,2382444000.0,0.0,943000.0,0.0,27.575,
49,EXR,MRQ,2009-03-31,2009-03-31,2009-03-31,2021-08-06,-1045000.0,2303736000.0,,,,,10.286,-37454000.0,89355000.0,89355000.0,24128000.0,30762000.0,,1.528,1295059000.0,,,1295059000.0,0.0,12523000.0,0.0,0.181,0.25,44062000.0,56585000.0,0.817,56585000.0,44062000.0,28267000.0,0.32,0.32,0.32,884007000.0,,884007000.0,1669906716.0,13.0,9.57,-18836000.0,-0.219,1.0,45119000.0,0.652,0.0,15795000.0,3509440000.0,,0.0,135785000.0,,,1350699000.0,,,472705716.0,-9494000.0,0.0,0.0,30942000.0,-21526000.0,5531000.0,-33643000.0,0.0,18618000.0,0.0,27619000.0,27619000.0,27619000.0,0.0,3143000.0,0.399,23196000.0,21923000.0,33343000.0,0.781,0.535,8.003,7.653,2032565000.0,0.0,5.51,1.711,1.714,5035000.0,-246959000.0,69247000.0,69247000.0,0.0,,,,,899000.0,10591000.0,1.0,85790511.0,85940389.0,91222295.0,0.806,2303736000.0,0.0,648000.0,0.0,26.806,
50,EXR,MRQ,2008-12-31,2008-12-31,2008-12-31,2021-08-06,0.0,2291008000.0,,,,,10.261,-96099000.0,102650000.0,102650000.0,22759000.0,17078000.0,,1.53,1286820000.0,,,1286820000.0,0.0,13933000.0,0.0,0.097,0.25,31753000.0,45686000.0,0.654,45686000.0,31753000.0,15362000.0,0.18,0.18,0.18,878770000.0,,878770000.0,2031698434.0,20.0,13.502,-73734000.0,-0.861,1.0,47081000.0,0.674,0.0,16391000.0,3475178000.0,,0.0,136791000.0,,,1344215000.0,,,882361434.0,-48104000.0,2151000.0,43870000.0,4040000.0,-21448000.0,23444000.0,-93913000.0,0.0,22365000.0,0.0,15033000.0,15033000.0,15033000.0,0.0,2045000.0,0.215,23039000.0,24042000.0,35128000.0,1.389,1.004,24.66,22.435,1997656000.0,0.0,10.32,3.235,2.914,11335000.0,-253052000.0,69840000.0,69840000.0,0.0,,,,,696000.0,9010000.0,1.0,85500139.0,85637981.0,90390309.0,0.816,2291008000.0,0.0,329000.0,0.0,26.752,
51,EXR,MRQ,2008-09-30,2008-09-30,2008-09-30,2021-08-06,0.0,2243686000.0,,,,,10.089,-77592000.0,150341000.0,150341000.0,22793000.0,11887000.0,,1.634,1299678000.0,,,1299678000.0,0.0,12355000.0,0.0,0.065,0.25,25823000.0,38178000.0,0.547,38178000.0,25823000.0,9919000.0,0.13,0.13,0.13,829143000.0,,829143000.0,2336189407.0,26.0,17.04,-51685000.0,-0.629,1.0,47055000.0,0.674,0.0,15904000.0,3393023000.0,,0.0,139345000.0,,,1355019000.0,,,1258507407.0,-73761000.0,764000.0,1045000.0,-453000.0,-20584000.0,-21727000.0,-77941000.0,0.0,25907000.0,0.0,9916000.0,9916000.0,9916000.0,0.0,1971000.0,0.142,22710000.0,24345000.0,36484000.0,1.923,1.518,48.453,41.514,1905256000.0,0.0,15.36,4.703,4.717,11591000.0,-235092000.0,69848000.0,69848000.0,0.0,,,,,820000.0,10316000.0,1.0,81934076.0,82184631.0,87710663.0,0.85,2243686000.0,0.0,3000.0,0.0,27.301,
52,EXR,MRQ,2008-06-30,2008-06-30,2008-06-30,2021-08-06,0.0,2249277000.0,,,,,11.305,-47708000.0,222989000.0,222989000.0,22233000.0,8342000.0,,1.62,1300671000.0,,,1300671000.0,0.0,11697000.0,0.0,0.064,0.25,22346000.0,34043000.0,0.506,34043000.0,22346000.0,6384000.0,0.09,0.09,0.09,835468000.0,,835468000.0,2286432890.0,25.0,16.696,-21788000.0,-0.295,1.0,45103000.0,0.67,0.0,15962000.0,3326959000.0,,0.0,95819000.0,,,1353367000.0,,,1020663890.0,164827000.0,0.0,232956000.0,-19681000.0,-20484000.0,189554000.0,-50647000.0,0.0,25920000.0,0.0,6497000.0,6497000.0,6497000.0,0.0,1845000.0,0.096,23308000.0,21795000.0,33609000.0,2.778,1.222,39.429,39.385,1885454000.0,0.0,15.36,3.902,4.339,9238000.0,-226835000.0,67336000.0,67336000.0,0.0,,,,,1184000.0,10183000.0,1.0,66449472.0,73900524.0,79572767.0,0.911,2249277000.0,0.0,-113000.0,0.0,30.437,
53,EXR,MRQ,2008-03-31,2008-03-31,2008-03-31,2021-08-06,0.0,2049284000.0,,,,,9.263,-24028000.0,55223000.0,55223000.0,21803000.0,6042000.0,,2.241,1320992000.0,,,1320992000.0,0.0,11581000.0,0.0,0.059,0.25,20689000.0,32270000.0,0.491,32270000.0,20689000.0,4335000.0,0.07,0.07,0.07,612886000.0,,612886000.0,2343207768.0,25.0,17.21,171000.0,0.003,1.0,43904000.0,0.668,0.0,16354000.0,3315053000.0,,0.0,94711000.0,,,1373748000.0,,,1075262768.0,3633000.0,0.0,634000.0,100000.0,-16604000.0,-18586000.0,-1980000.0,21812000.0,24199000.0,0.0,4335000.0,4335000.0,4335000.0,0.0,1707000.0,0.066,21924000.0,21980000.0,34787000.0,3.571,1.754,38.287,37.651,1853158000.0,0.0,16.19,4.287,4.271,9529000.0,-215252000.0,65707000.0,65707000.0,0.0,,,,,800000.0,10179000.0,1.0,66415242.0,66165159.0,71699461.0,0.993,2049284000.0,0.0,0.0,0.0,30.972,
54,EXR,MRQ,2007-12-31,2007-12-31,2007-12-31,2021-08-06,-1415000.0,2054075000.0,,,,,9.362,-60554000.0,51826000.0,51826000.0,20338000.0,8788000.0,,2.209,1319771000.0,,,1319771000.0,0.0,11284000.0,0.0,0.065,0.25,21329000.0,32613000.0,0.504,32613000.0,21329000.0,5226000.0,0.08,0.08,0.08,619921000.0,,619921000.0,2127172996.0,23.0,16.049,-37310000.0,-0.563,1.0,44376000.0,0.686,0.0,16103000.0,3322020000.0,,0.0,116981000.0,,,1369172000.0,,,933124996.0,-24453000.0,284000.0,382000.0,5628000.0,-16446000.0,-14360000.0,-33337000.0,24740000.0,23244000.0,0.0,5226000.0,5226000.0,5226000.0,0.0,3562000.0,0.081,20644000.0,23732000.0,31346000.0,3.125,1.505,30.879,30.404,1841322000.0,0.0,14.29,3.906,3.883,7386000.0,-205348000.0,64714000.0,64714000.0,0.0,,,,,514000.0,9188000.0,1.0,65299160.0,66218793.0,73754049.0,0.977,2054075000.0,0.0,0.0,0.0,31.02,
55,EXR,MRQ,2007-09-30,2007-09-30,2007-09-30,2021-08-06,0.0,2019575000.0,,,,,9.665,-55395000.0,78472000.0,78472000.0,21004000.0,11338000.0,,2.112,1272520000.0,,,1272520000.0,0.0,10598000.0,0.0,0.059,0.228,27417000.0,38015000.0,0.596,38015000.0,27417000.0,11338000.0,0.15,0.15,0.15,627290000.0,,627290000.0,2161857158.0,24.0,16.757,-28448000.0,-0.438,1.0,42822000.0,0.671,0.0,16079000.0,3213623000.0,,0.0,139076000.0,,,1324887000.0,,,997855158.0,-3960000.0,0.0,306000.0,2957000.0,-14850000.0,-15529000.0,-15378000.0,41131000.0,26947000.0,0.0,11338000.0,9828000.0,9828000.0,0.0,0.0,0.154,20108000.0,22714000.0,33951000.0,1.52,1.591,31.446,31.408,1757327000.0,1510000.0,15.39,4.409,4.413,9447000.0,-198493000.0,63826000.0,63826000.0,0.0,,,,,736000.0,9326000.0,1.0,64837892.0,64901249.0,70567078.0,0.983,2019575000.0,0.0,0.0,0.0,31.118,
56,EXR,MRQ,2007-06-30,2007-06-30,2007-06-30,2021-08-06,0.0,1983939000.0,,,,,9.796,-76575000.0,81318000.0,81318000.0,18569000.0,8695000.0,,2.073,1245320000.0,,,1245320000.0,0.0,9123000.0,0.0,0.055,0.228,24132000.0,33255000.0,0.588,33255000.0,24132000.0,8695000.0,0.13,0.13,0.13,631266000.0,,631266000.0,2224294990.0,27.0,18.852,-50332000.0,-0.781,1.0,37981000.0,0.672,0.0,15437000.0,3147941000.0,,0.0,181634000.0,,,1308911000.0,,,1062199990.0,10679000.0,0.0,301000.0,-28752000.0,-14750000.0,-145584000.0,130020000.0,196029000.0,26243000.0,0.0,8695000.0,8695000.0,8695000.0,0.0,0.0,0.154,18250000.0,19731000.0,25363000.0,1.754,1.683,40.525,39.286,1677026000.0,0.0,16.5,4.971,4.976,8321000.0,-193471000.0,56550000.0,56550000.0,0.0,,,,,439000.0,8968000.0,1.0,64375757.0,64439138.0,69248845.0,0.878,1983939000.0,0.0,0.0,0.0,30.788,
57,EXR,MRQ,2007-03-31,2007-03-31,2007-03-31,2021-08-06,0.0,1951610000.0,,,,,9.937,-47477000.0,81205000.0,81205000.0,17869000.0,6470000.0,,2.011,1243300000.0,,,1243300000.0,0.0,8796000.0,0.0,0.048,0.228,19866000.0,28662000.0,0.533,28662000.0,19866000.0,6470000.0,0.1,0.1,0.1,636576000.0,,636576000.0,2049851943.0,28.0,18.692,-21815000.0,-0.341,1.0,35907000.0,0.668,0.0,13396000.0,3113705000.0,,0.0,378875000.0,,,1280379000.0,,,1216760943.0,-35690000.0,0.0,732000.0,294762000.0,-14618000.0,274297000.0,-335649000.0,-286360000.0,25662000.0,0.0,6470000.0,6470000.0,6470000.0,0.0,0.0,0.12,18286000.0,17621000.0,6941000.0,2.28,1.911,59.043,54.114,1451197000.0,0.0,18.94,5.916,5.899,5966000.0,-187416000.0,53776000.0,53776000.0,0.0,,,,,436000.0,9240000.0,1.0,64242922.0,64058756.0,68786185.0,0.839,1951610000.0,0.0,0.0,0.0,30.466,
58,EXR,MRQ,2006-12-31,2006-12-31,2006-12-31,2021-08-06,0.0,1669825000.0,,,,,10.023,-55993000.0,115083000.0,115083000.0,16462000.0,6739000.0,,1.54,948174000.0,,,948174000.0,0.0,9586000.0,0.0,0.05,0.228,19494000.0,29080000.0,0.557,29080000.0,19494000.0,6739000.0,0.11,0.11,0.11,643555000.0,,643555000.0,1947996549.0,30.0,18.912,-39824000.0,-0.62,1.0,35713000.0,0.684,0.0,12755000.0,2502916000.0,,0.0,88115000.0,,,991112000.0,,,1171443549.0,-80885000.0,0.0,-446000.0,2887000.0,-14598000.0,-15422000.0,-81632000.0,1688000.0,16169000.0,0.0,6739000.0,6739000.0,6739000.0,0.0,0.0,0.129,18610000.0,17103000.0,25704000.0,2.073,1.82,78.747,67.63,1417391000.0,0.0,18.26,5.938,5.091,15880000.0,-179268000.0,52175000.0,52175000.0,0.0,,,,,348000.0,9010000.0,1.0,64153535.0,64207732.0,68416504.0,0.813,1669825000.0,0.0,0.0,0.0,26.007,
59,EXR,MRQ,2006-09-30,2006-09-30,2006-09-30,2021-08-06,0.0,1668536000.0,,,,,12.401,-51763000.0,168641000.0,168641000.0,16897000.0,4307000.0,,1.508,945194000.0,,,945194000.0,0.0,9253000.0,0.0,0.053,0.228,17736000.0,26989000.0,0.527,26989000.0,17736000.0,4307000.0,0.08,0.08,0.08,651085000.0,,651085000.0,1827861903.0,30.0,18.761,-27311000.0,-0.52,1.0,34291000.0,0.67,0.0,13429000.0,2445089000.0,,0.0,91383000.0,,,981922000.0,,,900225903.0,147436000.0,0.0,195339000.0,-9091000.0,-11846000.0,173280000.0,-50296000.0,5000.0,24452000.0,0.0,4307000.0,4307000.0,4307000.0,0.0,0.0,0.084,17764000.0,16527000.0,6776000.0,2.85,1.383,114.097,115.4,1370244000.0,0.0,17.31,4.738,4.783,7064000.0,-171409000.0,51188000.0,51188000.0,0.0,,,,,361000.0,8598000.0,1.0,52006118.0,52501864.0,57072838.0,0.975,1668536000.0,0.0,0.0,0.0,31.781,
60,EXR,MRQ,2006-06-30,2006-06-30,2006-06-30,2021-08-06,0.0,1477969000.0,,,,,8.932,-59934000.0,22634000.0,22634000.0,15837000.0,3092000.0,,2.13,950270000.0,,,950270000.0,0.0,9057000.0,0.0,0.056,0.228,15876000.0,24933000.0,0.514,24933000.0,15876000.0,3092000.0,0.06,0.06,0.06,461113000.0,,461113000.0,1705941736.0,31.0,18.602,-38700000.0,-0.75,1.0,32694000.0,0.674,0.0,12784000.0,2405605000.0,,0.0,92262000.0,,,982082000.0,,,840966736.0,-6811000.0,0.0,36000.0,46418000.0,-11784000.0,33761000.0,-61806000.0,-246000.0,21234000.0,0.0,3092000.0,3092000.0,3092000.0,0.0,0.0,0.064,17828000.0,14866000.0,4486000.0,3.8,1.824,1161.556,-1624.0,1322527000.0,0.0,16.24,4.642,4.628,11793000.0,-163870000.0,48531000.0,48531000.0,0.0,,,,,630000.0,8747000.0,1.0,51783666.0,51625135.0,55991088.0,0.94,1477969000.0,0.0,0.0,0.0,28.629,
61,EXR,MRQ,2006-03-31,2006-03-31,2006-03-31,2021-08-06,0.0,1428268000.0,,,,,9.093,-48023000.0,27819000.0,27819000.0,15375000.0,738000.0,,1.969,892794000.0,,,892794000.0,0.0,9276000.0,0.0,0.053,0.228,12723000.0,21999000.0,0.485,21999000.0,12723000.0,738000.0,0.01,0.01,0.01,469141000.0,,469141000.0,1709624579.0,38.0,21.57,-32993000.0,-0.639,1.0,29995000.0,0.661,0.0,11985000.0,2293243000.0,,0.0,101648000.0,,,923708000.0,,,889867579.0,-17592000.0,0.0,91000.0,26586000.0,-11777000.0,13422000.0,-46044000.0,364000.0,15030000.0,0.0,738000.0,738000.0,738000.0,0.0,0.0,0.016,18839000.0,11156000.0,7326000.0,22.8,1.897,-248.012,-156.273,1251315000.0,0.0,17.19,5.661,5.642,16590000.0,-155178000.0,45370000.0,45370000.0,0.0,,,,,386000.0,9245000.0,1.0,51766584.0,51593729.0,55709430.0,0.879,1428268000.0,0.0,0.0,0.0,27.683,
62,EXR,MRQ,2005-12-31,2005-12-31,2005-12-31,2021-08-06,0.0,1420192000.0,,,,,11.627,-20352000.0,47026000.0,47026000.0,15188000.0,-247000.0,,1.882,866783000.0,,,866783000.0,0.0,9527000.0,0.0,0.059,0.228,13982000.0,23509000.0,0.523,23509000.0,13982000.0,-247000.0,0.0,0.0,0.0,480128000.0,,480128000.0,1608511378.0,43.0,23.452,9774000.0,0.237,1.0,29735000.0,0.662,0.0,14229000.0,2239949000.0,,0.0,103007000.0,,,903829000.0,,,583899378.0,21560000.0,-2272000.0,190214000.0,-187217000.0,-11777000.0,-11808000.0,3242000.0,22140000.0,30126000.0,0.0,-247000.0,-247000.0,-247000.0,0.0,0.0,-0.005,17738000.0,11997000.0,13261000.0,,1.216,-117.579,-110.0,1212678000.0,0.0,15.4,4.334,4.056,23683000.0,-144139000.0,44923000.0,44923000.0,0.0,,,,,185000.0,8193000.0,1.0,37915544.0,41293885.0,41293885.0,1.088,1420192000.0,0.0,0.0,0.0,34.392,
63,EXR,MRQ,2005-09-30,2005-09-30,2005-09-30,2021-08-06,0.0,1429555000.0,,,,,8.041,-6709000.0,29192000.0,29192000.0,13879000.0,-2859000.0,,3.624,1053804000.0,,,1053804000.0,0.0,9535000.0,0.0,0.059,0.228,11729000.0,21264000.0,0.502,21264000.0,11729000.0,-2859000.0,-0.08,-0.08,-0.08,301275000.0,,301275000.0,1032806831.0,39.0,19.666,-23817000.0,-0.636,1.0,28467000.0,0.672,0.0,14588000.0,2454167000.0,,0.0,134673000.0,,,1091902000.0,,,574749831.0,-87949000.0,-528700000.0,-28000.0,485471000.0,-8626000.0,470630000.0,-541471000.0,208000.0,-17108000.0,0.0,-2859000.0,-2859000.0,-2859000.0,0.0,0.0,-0.068,19135000.0,9332000.0,2952000.0,-2.85,1.908,-114.128,19.974,1200509000.0,0.0,15.38,5.109,5.122,31101000.0,-132115000.0,42346000.0,42346000.0,0.0,,,,,416000.0,9591000.0,1.0,37369950.0,37465700.0,37465700.0,1.13,1429555000.0,0.0,0.0,0.0,38.156,
64,EXR,MRQ,2005-06-30,2005-06-30,2005-06-30,2021-08-06,0.0,901910000.0,,,,,9.697,-18440000.0,101038000.0,101038000.0,9041000.0,-1220000.0,,1.854,559095000.0,,,559095000.0,0.0,6213000.0,0.0,0.055,0.228,6273000.0,12486000.0,0.509,12486000.0,6273000.0,-1220000.0,-0.04,-0.04,-0.04,308923000.0,,308923000.0,957952384.0,47.0,22.849,-17251000.0,-0.541,1.0,15510000.0,0.632,0.0,7493000.0,1359967000.0,,0.0,7773000.0,,,572717000.0,,,446665384.0,82756000.0,0.0,81358000.0,28935000.0,-7091000.0,100493000.0,-18926000.0,0.0,1189000.0,0.0,-1220000.0,-1220000.0,-1220000.0,0.0,0.0,-0.05,9701000.0,5809000.0,1281000.0,-5.7,1.446,-43.804,44.781,763569000.0,0.0,14.33,5.057,5.169,3264000.0,-120630000.0,24551000.0,24551000.0,0.0,,,,,0.0,3320000.0,1.0,31169950.0,31858839.0,31858839.0,0.771,901910000.0,0.0,0.0,0.0,28.31,
65,EXR,MRQ,2005-03-31,2005-03-31,2005-03-31,2021-08-06,0.0,797153000.0,,,,,7.567,-56599000.0,17796000.0,17796000.0,8878000.0,-640000.0,,2.291,529083000.0,,,529083000.0,0.0,5730000.0,0.0,0.042,0.228,5599000.0,11329000.0,0.495,11329000.0,5599000.0,-640000.0,-0.02,-0.02,-0.02,235876000.0,,235876000.0,865012325.0,57.0,25.518,-53343000.0,-1.711,1.0,14030000.0,0.612,0.0,6239000.0,1308440000.0,,0.0,6121000.0,,,540501000.0,,,420794325.0,-12043000.0,0.0,0.0,50492000.0,-7091000.0,42380000.0,-57679000.0,0.0,3256000.0,0.0,-640000.0,-640000.0,-640000.0,0.0,0.0,-0.028,8814000.0,5216000.0,1619000.0,-11.4,1.784,-26.278,,755427000.0,0.0,13.5,5.415,5.415,2254000.0,-112319000.0,22908000.0,22908000.0,0.0,,,,,0.0,2977000.0,1.0,31169950.0,31169950.0,31169950.0,0.735,797153000.0,0.0,0.0,0.0,25.574,
66,EXR,MRQ,2004-12-31,2004-12-31,2004-12-31,2021-08-06,0.0,748484000.0,,,,,15.94,-25875000.0,28759000.0,28759000.0,8247000.0,-317000.0,,1.984,472977000.0,,,472977000.0,0.0,4729000.0,0.0,0.025,0.228,2709000.0,7438000.0,0.328,7438000.0,2709000.0,-317000.0,0.91,0.91,0.91,243607000.0,,243607000.0,831758434.0,83.0,32.515,-16833000.0,-1.101,1.0,14450000.0,0.637,0.0,3026000.0,1192702000.0,,0.0,6182000.0,,,483424000.0,,,415495434.0,-7677000.0,-25000.0,0.0,21825000.0,-7092000.0,8467000.0,-25186000.0,0.0,9042000.0,0.0,-317000.0,-317000.0,-317000.0,0.0,0.0,-0.014,8785000.0,5665000.0,3444000.0,0.251,1.706,-16.168,-7.935,696899000.0,0.0,13.33,6.322,3.1,2501000.0,-104588000.0,22697000.0,22697000.0,0.0,,,,,0.0,3317000.0,1.0,31169950.0,15282725.0,15282725.0,1.485,748484000.0,0.0,0.0,0.0,48.976,
67,EXR,MRQ,2004-09-30,2004-09-30,2004-09-30,2021-08-06,0.0,737600000.0,,,,,16.469,-229034000.0,37760000.0,37760000.0,6846000.0,-5077000.0,,1.851,454023000.0,,,454023000.0,0.0,5057000.0,0.0,0.009,0.111,5615000.0,10672000.0,0.587,10672000.0,5615000.0,-5077000.0,-0.53,-0.53,-0.53,251016000.0,,251016000.0,817783862.0,,,-237305000.0,-15.569,1.0,11322000.0,0.623,0.0,10692000.0,1153863000.0,,0.0,5383000.0,,,464600000.0,,,397416862.0,29231000.0,-829000.0,264475000.0,-62114000.0,-3468000.0,119778000.0,-82276000.0,0.0,-8271000.0,0.0,-5077000.0,-8020000.0,-8020000.0,0.0,0.0,-0.441,7962000.0,3360000.0,2949000.0,-0.209,1.583,,,679724000.0,2943000.0,12.75,,,714000.0,-97178000.0,18168000.0,18168000.0,0.0,,,,,0.0,2905000.0,1.0,31169950.0,15241832.0,15241832.0,1.192,737600000.0,0.0,0.0,0.0,48.393,
68,EXR,MRQ,2004-06-30,2004-06-30,2004-06-30,2021-08-06,0.0,584453000.0,,,,,-0.727,-4182000.0,11480000.0,11480000.0,6066000.0,-7036000.0,,-23.473,431847000.0,,,431847000.0,0.0,3089000.0,0.0,,0.0,1370000.0,4459000.0,0.32,4459000.0,1370000.0,-7036000.0,,,,-22665000.0,,-22665000.0,,,,-8140000.0,-0.261,1.0,7863000.0,0.565,0.0,8406000.0,1004820000.0,,0.0,7541000.0,,,532020000.0,,,,-807000.0,1084000.0,0.0,67157000.0,0.0,72122000.0,-68971000.0,0.0,-3958000.0,0.0,-7036000.0,-7036000.0,-7036000.0,0.0,0.0,-0.505,6362000.0,1501000.0,51891000.0,,,,,540861000.0,0.0,,,,13312000.0,-81131000.0,13929000.0,13929000.0,0.0,,,,,0.0,3273000.0,1.0,31169950.0,31169950.0,,0.447,584453000.0,0.0,0.0,0.0,18.751,
69,EXR,MRQ,2004-03-31,2004-05-05,2004-05-05,2021-08-06,0.0,1000.0,,,,,0.0,,1000.0,1000.0,,,,0.0,0.0,,,0.0,0.0,,0.0,,0.0,,,,,,,,,,1000.0,,1000.0,,,,,,1.0,,,0.0,,0.0,,0.0,0.0,,,0.0,,,,,,,,,,,,,,,,,,,,,,0.0,,,,,0.0,,,,,0.0,,,,,,,,,,,1.0,31169950.0,31169950.0,,,1000.0,0.0,,0.0,0.0,
70,EXR,MRQ,2003-12-31,2003-12-31,2003-12-31,2021-08-06,0.0,383751000.0,,,,,,,13304000.0,13304000.0,,,,-77.073,273808000.0,,,273808000.0,0.0,,0.0,,0.0,,,,,,,,,,-4407000.0,,-4407000.0,,,,,,1.0,,,0.0,,644255000.0,,0.0,8438000.0,,,339660000.0,,,,,,,,,,,,,,,,,,,,,,27142000.0,,,,,354374000.0,,,,,2066000.0,-53414000.0,,,,,,,,,,1.0,,,,,383751000.0,0.0,,0.0,,
71,EXR,MRQ,2003-06-30,2003-06-30,2003-06-30,2021-08-06,,,,,,,,-2033000.0,,,4051000.0,-2373000.0,,,,,,,,1466000.0,,,0.0,1971000.0,3437000.0,0.369,3437000.0,1971000.0,-2373000.0,,,,,,,,,,3387000.0,,1.0,5256000.0,0.565,,4344000.0,,,,,,,,,,,-671000.0,528000.0,0.0,14513000.0,0.0,11931000.0,-18022000.0,0.0,5420000.0,0.0,-2373000.0,-2373000.0,-2373000.0,0.0,0.0,-0.255,3522000.0,1734000.0,,,,,,,0.0,,,,,,9307000.0,9307000.0,0.0,,,,,0.0,2056000.0,1.0,,,,,,,0.0,,,
72,EXR,MRQ,2003-03-31,2003-03-31,2003-03-31,2021-08-06,,,,,,,,-353000.0,,,3913000.0,-3619000.0,,,,,,,,1432000.0,,,0.0,811000.0,2243000.0,0.269,2243000.0,811000.0,-3619000.0,,,,,,,,,,-1458000.0,,1.0,4417000.0,0.53,,4430000.0,,,,,,,,,,,-5690000.0,271000.0,0.0,9642000.0,0.0,11790000.0,-16375000.0,0.0,-1105000.0,0.0,-3619000.0,-3619000.0,-3619000.0,0.0,0.0,-0.434,3422000.0,995000.0,,,,,,,0.0,,,,,,8330000.0,8330000.0,0.0,,,,,0.0,1990000.0,1.0,,,,,,,0.0,,,
0,EXR,MRT,2021-06-30,2021-06-30,2021-06-30,2021-08-06,-71830000.0,9463092000.0,9239164000.0,,,0.155,22.19,-481378000.0,59749000.0,59749000.0,389654000.0,684243000.0,,2.056,5609293000.0,,,5609293000.0,0.0,233008000.0,0.0,0.023,3.8,823811000.0,1056819000.0,0.737,1056819000.0,823811000.0,659647000.0,4.87,4.87,4.87,2968088000.0,2706780000.0,2968088000.0,27387970317.0,33.0,25.915,361469000.0,2.702,1.0,1044347000.0,0.728,0.0,164164000.0,15012636000.0,14833823500.0,0.0,930009000.0,,,6102137000.0,,,21907396317.0,-2002000.0,-30520000.0,384266000.0,289330000.0,-500567000.0,144012000.0,-988861000.0,-476963000.0,842847000.0,0.0,641635000.0,641635000.0,641635000.0,0.0,42608000.0,0.447,247489000.0,796858000.0,150091000.0,0.78,7.381,34.143,33.639,8347003000.0,0.0,163.82,15.277,15.28,0.0,-250271000.0,1434001000.0,1434001000.0,0.0,0.069,0.237,0.056,0.574,17052000.0,98127000.0,1.0,133728460.0,133756610.0,140407195.0,10.721,9463092000.0,0.0,18012000.0,0.0,70.749,
1,EXR,MRT,2021-03-31,2021-03-31,2021-03-31,2021-08-06,-77180000.0,9336612000.0,9005864500.0,,,0.154,22.135,-347687000.0,62795000.0,62795000.0,389662000.0,616921000.0,,2.061,5543369000.0,,,5543369000.0,0.0,229075000.0,0.0,0.028,3.7,757329000.0,986404000.0,0.713,986404000.0,757329000.0,592366000.0,4.42,4.42,4.42,2921969000.0,2558680500.0,2921969000.0,23382770514.0,31.0,23.705,438169000.0,3.319,1.0,992955000.0,0.718,0.0,164963000.0,14817186000.0,14535893500.0,0.0,957228000.0,,,6021963000.0,,,17500991514.0,-35135000.0,-27061000.0,369588000.0,169369000.0,-483108000.0,31268000.0,-852259000.0,-477511000.0,785856000.0,0.0,576598000.0,576598000.0,576598000.0,0.0,40323000.0,0.417,242933000.0,750022000.0,129044000.0,0.837,5.989,30.352,29.989,8183322000.0,0.0,132.55,12.658,12.655,0.0,-284442000.0,1382617000.0,1382617000.0,0.0,0.064,0.225,0.052,0.548,16953000.0,97123000.0,1.0,132033131.0,132007556.0,139676548.0,10.474,9336612000.0,0.0,15768000.0,0.0,70.728,
2,EXR,MRT,2020-12-31,2020-12-31,2020-12-31,2021-08-06,-99093000.0,9395848000.0,8809083000.0,,,0.154,19.668,-350517000.0,128009000.0,128009000.0,387109000.0,517582000.0,,2.535,6009788000.0,,,6009788000.0,0.0,225617000.0,0.0,0.031,3.6,664215000.0,889832000.0,0.656,889832000.0,664215000.0,495589000.0,3.71,3.71,3.71,2547779000.0,2427718000.0,2547779000.0,20439946218.0,31.0,22.971,420715000.0,3.248,1.0,969103000.0,0.715,0.0,168626000.0,15277627000.0,14293478750.0,0.0,991254000.0,,,6459724000.0,,,14973205218.0,57276000.0,-64421000.0,40354000.0,691270000.0,-467765000.0,241471000.0,-955427000.0,-540489000.0,771232000.0,0.0,481779000.0,481779000.0,481779000.0,0.0,35803000.0,0.355,302963000.0,666140000.0,130012000.0,0.97,5.877,31.079,31.229,8145974000.0,0.0,115.86,11.04,11.067,0.0,-354900000.0,1356212000.0,1356212000.0,0.0,0.055,0.198,0.046,0.49,16281000.0,96594000.0,1.0,129235329.0,129541531.0,129584829.0,10.469,9395848000.0,0.0,13810000.0,0.0,72.532,
3,EXR,MRT,2020-09-30,2020-09-30,2020-09-30,2021-08-06,-108708000.0,8761104000.0,8593215250.0,,,0.156,18.541,-285018000.0,80574000.0,80574000.0,387929000.0,471552000.0,,2.508,5547315000.0,,,5547315000.0,0.0,224309000.0,0.0,0.034,3.6,623166000.0,847475000.0,0.633,847475000.0,623166000.0,450746000.0,3.4,3.38,3.4,2389284000.0,2425763500.0,2389284000.0,19100211778.0,31.0,22.538,461469000.0,3.581,1.0,950594000.0,0.71,0.0,172420000.0,14227845000.0,13919800250.0,0.0,347786000.0,,,5993282000.0,,,13809189778.0,13859000.0,-177664000.0,-64795000.0,458131000.0,-466279000.0,-103530000.0,-629098000.0,-166416000.0,746487000.0,0.0,438005000.0,438005000.0,438005000.0,0.0,33547000.0,0.327,315558000.0,635036000.0,153838000.0,1.059,5.78,31.527,31.468,8012101000.0,0.0,106.99,10.317,10.3,0.0,-392891000.0,1338523000.0,1338523000.0,0.0,0.051,0.181,0.045,0.466,14380000.0,93112000.0,1.0,129069911.0,128862341.0,129871096.0,10.387,8761104000.0,0.0,12741000.0,0.0,67.988,
4,EXR,MRT,2020-06-30,2020-06-30,2020-06-30,2021-08-06,-119256000.0,8529894000.0,8482546750.0,,,0.157,18.426,-217255000.0,61751000.0,61751000.0,384715000.0,463693000.0,,2.435,5352773000.0,,,5352773000.0,0.0,223579000.0,0.0,0.039,3.6,620710000.0,844289000.0,0.633,844289000.0,620710000.0,443595000.0,3.35,3.33,3.35,2375690000.0,2459121000.0,2375690000.0,17221769226.0,28.0,20.398,519097000.0,4.026,1.0,948289000.0,0.711,0.0,177115000.0,13820916000.0,13698530000.0,0.0,344177000.0,,,5784376000.0,,,11923728226.0,6107000.0,-175956000.0,34718000.0,30876000.0,-466534000.0,-437176000.0,-293069000.0,100142000.0,736352000.0,0.0,431459000.0,431459000.0,431459000.0,0.0,32234000.0,0.324,313822000.0,634467000.0,132257000.0,1.075,5.019,27.636,27.573,7935028000.0,0.0,92.37,8.945,8.934,0.0,-391285000.0,1333004000.0,1333004000.0,0.0,0.051,0.175,0.045,0.466,13963000.0,91737000.0,1.0,129086589.0,128932152.0,129082468.0,10.339,8529894000.0,0.0,12136000.0,0.0,66.158,
5,EXR,MRT,2020-03-31,2020-03-31,2020-03-31,2021-08-06,-113840000.0,8549486000.0,8447753000.0,,,0.157,18.549,-216773000.0,97930000.0,97930000.0,376669000.0,465125000.0,,2.408,5395971000.0,,,5395971000.0,0.0,221890000.0,0.0,0.038,3.6,628574000.0,850464000.0,0.64,850464000.0,628574000.0,445050000.0,3.37,3.34,3.37,2398119000.0,2475750750.0,2398119000.0,17662308672.0,28.0,20.768,510830000.0,3.951,1.0,952691000.0,0.717,0.0,183524000.0,13847527000.0,13644323250.0,0.0,342404000.0,,,5774856000.0,,,12411772672.0,51102000.0,-182823000.0,148873000.0,112707000.0,-465788000.0,-241273000.0,-435228000.0,-35632000.0,727603000.0,0.0,433376000.0,433376000.0,433376000.0,0.0,31749000.0,0.326,309019000.0,643672000.0,116069000.0,1.068,5.176,28.64,28.415,7949302000.0,0.0,95.76,9.337,9.313,0.0,-362264000.0,1329360000.0,1329360000.0,0.0,0.051,0.175,0.046,0.473,13077000.0,89751000.0,1.0,129613332.0,129288629.0,137139560.0,10.282,8549486000.0,0.0,11674000.0,0.0,66.127,
6,EXR,MRT,2019-12-31,2019-12-31,2019-12-31,2021-08-06,-28966000.0,8532377000.0,8343510000.0,,,0.157,19.812,-399721000.0,70733000.0,70733000.0,365426000.0,451123000.0,,2.209,5321269000.0,,,5321269000.0,0.0,220921000.0,0.0,0.034,3.56,617801000.0,838722000.0,0.641,838722000.0,617801000.0,431275000.0,3.27,3.24,3.27,2539961000.0,2472258250.0,2539961000.0,18703234489.0,30.0,22.3,307965000.0,2.402,1.0,943028000.0,0.721,0.0,186526000.0,13782913000.0,13480031000.0,0.0,381640000.0,,,5610683000.0,,,13678900489.0,-1957000.0,-193777000.0,201890000.0,205267000.0,-458114000.0,-88013000.0,-621630000.0,-28132000.0,707686000.0,0.0,419967000.0,419967000.0,419967000.0,0.0,31156000.0,0.321,308070000.0,634958000.0,111382000.0,1.089,5.385,32.571,32.3,7961507000.0,0.0,105.62,10.454,10.349,0.0,-301049000.0,1308454000.0,1308454000.0,0.0,0.05,0.17,0.046,0.472,13051000.0,89418000.0,1.0,129510514.0,128203568.0,136433769.0,10.206,8532377000.0,0.0,11308000.0,0.0,66.553,
7,EXR,MRT,2019-09-30,2019-09-30,2019-09-30,2021-08-06,-43439000.0,8318430000.0,8172410250.0,,,0.157,19.59,-378723000.0,66715000.0,66715000.0,348997000.0,440094000.0,,2.145,5091049000.0,,,5091049000.0,0.0,218242000.0,0.0,0.03,3.52,610807000.0,829049000.0,0.648,829049000.0,610807000.0,420894000.0,3.2,3.17,3.2,2522714000.0,2440699000.0,2522714000.0,20226719398.0,33.0,24.397,314511000.0,2.442,1.0,931009000.0,0.727,0.0,189913000.0,13342764000.0,13181003500.0,0.0,175442000.0,,,5410441000.0,,,15013349398.0,132000.0,-41207000.0,258132000.0,24103000.0,-450834000.0,-209856000.0,-483246000.0,-11427000.0,693234000.0,0.0,409147000.0,409147000.0,409147000.0,0.0,30947000.0,0.32,304019000.0,626990000.0,122658000.0,1.1,5.951,36.694,36.506,7934885000.0,0.0,116.82,11.729,11.753,0.0,-296752000.0,1280006000.0,1280006000.0,0.0,0.05,0.168,0.046,0.477,12708000.0,86982000.0,1.0,128516944.0,128776549.0,137318475.0,9.94,8318430000.0,0.0,11747000.0,0.0,64.596,
8,EXR,MRT,2019-06-30,2019-06-30,2019-06-30,2021-08-06,-27476000.0,8390719000.0,8042475250.0,,,0.155,19.142,-431106000.0,55644000.0,55644000.0,334072000.0,463786000.0,,2.277,5269014000.0,,,5269014000.0,0.0,214474000.0,0.0,0.033,3.48,630742000.0,845216000.0,0.676,845216000.0,630742000.0,441811000.0,3.39,3.36,3.39,2442209000.0,2408950250.0,2442209000.0,18580676689.0,29.0,21.983,270354000.0,2.119,1.0,915382000.0,0.733,0.0,188931000.0,13604089000.0,12968703000.0,0.0,174480000.0,,,5561908000.0,,,13522832689.0,-13462000.0,-56924000.0,191253000.0,236045000.0,-443189000.0,-59690000.0,-655232000.0,-166449000.0,701460000.0,0.0,431478000.0,431478000.0,431478000.0,0.0,32308000.0,0.345,266632000.0,648750000.0,115056000.0,1.027,5.537,31.341,31.298,7888512000.0,0.0,106.1,10.823,10.834,0.0,-288399000.0,1249454000.0,1249454000.0,0.0,0.054,0.179,0.049,0.505,12286000.0,84170000.0,1.0,127453654.0,127585436.0,135654761.0,9.793,8390719000.0,0.0,10333000.0,0.0,65.765,
9,EXR,MRT,2019-03-31,2019-03-31,2019-03-31,2021-08-06,11807000.0,8132514000.0,7875282750.0,,,0.155,18.767,-580125000.0,46828000.0,46828000.0,324774000.0,453810000.0,,2.248,5104672000.0,,,5104672000.0,0.0,211960000.0,0.0,0.034,3.44,616348000.0,828308000.0,0.677,828308000.0,616348000.0,431518000.0,3.32,3.3,3.32,2384149000.0,2383885500.0,2384149000.0,17711815237.0,29.0,21.383,95401000.0,0.751,1.0,897891000.0,0.734,0.0,184830000.0,13190358000.0,12672765250.0,0.0,161029000.0,,,5358702000.0,,,12972990237.0,-7236000.0,-81271000.0,92358000.0,366964000.0,-436103000.0,-22817000.0,-659945000.0,2204000.0,675526000.0,0.0,421803000.0,421803000.0,421803000.0,0.0,32007000.0,0.345,263623000.0,634268000.0,99302000.0,1.036,5.441,30.756,30.696,7782815000.0,0.0,101.91,10.61,10.589,0.0,-277655000.0,1222665000.0,1222665000.0,0.0,0.054,0.177,0.049,0.504,11404000.0,82470000.0,1.0,127298501.0,127037247.0,134289716.0,9.624,8132514000.0,0.0,9715000.0,0.0,64.017,
10,EXR,MRT,2018-12-31,2018-12-31,2018-12-31,2021-08-06,34650000.0,7847978000.0,7709810250.0,,,0.155,19.143,-438904000.0,72690000.0,72690000.0,317402000.0,447080000.0,,2.097,4811515000.0,,,4811515000.0,0.0,209050000.0,0.0,0.037,3.36,602969000.0,812019000.0,0.679,812019000.0,602969000.0,424533000.0,3.29,3.27,3.29,2413724000.0,2373786750.0,2413724000.0,16141981230.0,27.0,19.879,238891000.0,1.895,1.0,879202000.0,0.735,0.0,178436000.0,12586803000.0,12357906500.0,0.0,125326000.0,,,5062556000.0,,,11447109230.0,-13354000.0,-16370000.0,91400000.0,134244000.0,-424907000.0,-247251000.0,-443898000.0,11376000.0,677795000.0,0.0,415289000.0,415289000.0,415289000.0,0.0,31791000.0,0.347,259499000.0,619703000.0,101461000.0,1.021,4.743,27.564,27.502,7491831000.0,0.0,90.48,9.566,9.534,0.0,-262902000.0,1196604000.0,1196604000.0,0.0,0.054,0.175,0.049,0.504,11176000.0,81256000.0,1.0,126515354.0,126087487.0,133159033.0,9.49,7847978000.0,0.0,9244000.0,0.0,62.242,
11,EXR,MRT,2018-09-30,2018-09-30,2018-09-30,2021-08-06,68362000.0,7798690000.0,7613054000.0,,,0.154,18.943,-610653000.0,66583000.0,66583000.0,311067000.0,567145000.0,,2.099,4761455000.0,,,4761455000.0,0.0,205081000.0,0.0,0.038,3.28,700894000.0,905975000.0,0.774,905975000.0,700894000.0,530336000.0,4.18,4.16,4.18,2395719000.0,2358043500.0,2395719000.0,15658530944.0,22.0,17.284,66120000.0,0.523,1.0,860026000.0,0.734,0.0,170558000.0,12493562000.0,12193487250.0,0.0,114451000.0,,,5028596000.0,,,10960141944.0,-14426000.0,-19765000.0,34950000.0,317255000.0,-413894000.0,-105442000.0,-585757000.0,11337000.0,676773000.0,0.0,529788000.0,529788000.0,529788000.0,0.0,37357000.0,0.452,143097000.0,716929000.0,126539000.0,0.785,4.575,20.688,20.727,7425806000.0,0.0,86.64,9.359,9.356,0.0,-255065000.0,1171093000.0,1171093000.0,0.0,0.07,0.225,0.057,0.598,10772000.0,81612000.0,1.0,126502100.0,126466837.0,134240290.0,9.26,7798690000.0,0.0,548000.0,0.0,61.666,
12,EXR,MRT,2018-06-30,2018-06-30,2018-06-30,2021-08-06,62930000.0,7721949000.0,7435120250.0,,,0.154,18.605,-559816000.0,69106000.0,69106000.0,306397000.0,528533000.0,,2.138,4767495000.0,,,4767495000.0,0.0,200873000.0,0.0,0.032,3.2,658605000.0,859478000.0,0.748,859478000.0,658605000.0,494207000.0,3.89,3.88,3.89,2341950000.0,2312930250.0,2341950000.0,17047265039.0,26.0,19.834,88252000.0,0.701,1.0,841899000.0,0.733,0.0,164398000.0,12420338000.0,11899836250.0,0.0,97556000.0,,,5006147000.0,,,12586966039.0,20694000.0,-2082000.0,2436000.0,350926000.0,-403385000.0,-91354000.0,-536020000.0,25226000.0,648068000.0,0.0,493134000.0,493134000.0,493134000.0,0.0,35399000.0,0.429,169487000.0,672412000.0,107252000.0,0.823,5.375,25.524,25.658,7390080000.0,0.0,99.81,10.961,10.941,0.0,-276688000.0,1148296000.0,1148296000.0,0.0,0.066,0.213,0.055,0.574,10448000.0,81403000.0,1.0,126109268.0,125874130.0,132772772.0,9.123,7721949000.0,0.0,1073000.0,0.0,61.347,
13,EXR,MRT,2018-03-31,2018-03-31,2018-03-31,2021-08-06,55271000.0,7470624000.0,7263998750.0,,,0.155,18.635,-423270000.0,54064000.0,54064000.0,298942000.0,519918000.0,,2.028,4514363000.0,,,4514363000.0,0.0,195613000.0,0.0,0.036,3.12,645337000.0,840950000.0,0.746,840950000.0,645337000.0,486830000.0,3.83,3.82,3.83,2343754000.0,2282890500.0,2343754000.0,15478811446.0,24.0,18.406,232592000.0,1.849,1.0,828544000.0,0.735,0.0,158507000.0,11930923000.0,11614191750.0,0.0,63868000.0,,,4753978000.0,,,11010638446.0,12522000.0,31081000.0,2065000.0,171276000.0,-393155000.0,-261076000.0,-382264000.0,9172000.0,655862000.0,0.0,484987000.0,484987000.0,484987000.0,0.0,34931000.0,0.43,164441000.0,664103000.0,108931000.0,0.815,4.698,22.703,22.809,7171599000.0,0.0,87.36,9.766,9.745,0.0,-263355000.0,1127486000.0,1127486000.0,0.0,0.067,0.212,0.056,0.572,10297000.0,81617000.0,1.0,126037528.0,125772439.0,132682560.0,8.964,7470624000.0,0.0,1843000.0,0.0,59.398,
14,EXR,MRT,2017-12-31,2017-12-31,2017-12-31,2021-08-06,33290000.0,7460953000.0,7154932000.0,,,0.154,18.662,-380585000.0,86044000.0,86044000.0,291147000.0,514222000.0,,2.015,4554217000.0,,,4554217000.0,0.0,193296000.0,0.0,0.036,3.12,636149000.0,829445000.0,0.751,829445000.0,636149000.0,482638000.0,3.79,3.76,3.79,2350751000.0,2255981000.0,2350751000.0,15251385372.0,24.0,18.387,216790000.0,1.721,1.0,813862000.0,0.737,0.0,153511000.0,11929126000.0,11452528500.0,0.0,75907000.0,,,4737146000.0,,,11019382372.0,28302000.0,-17363000.0,1266000.0,217028000.0,-393040000.0,-215994000.0,-353079000.0,44869000.0,597375000.0,0.0,479013000.0,479013000.0,479013000.0,0.0,35209000.0,0.433,159468000.0,654394000.0,96087000.0,0.823,4.688,23.004,23.074,7132431000.0,0.0,87.45,9.972,9.969,0.0,-253284000.0,1105009000.0,1105009000.0,0.0,0.067,0.212,0.056,0.576,9561000.0,78961000.0,1.0,126007803.0,125967831.0,134155771.0,8.772,7460953000.0,0.0,3625000.0,0.0,59.229,
15,EXR,MRT,2017-09-30,2017-09-30,2017-09-30,2021-08-06,17731000.0,7086955000.0,7062555250.0,,,0.154,17.621,-475559000.0,81009000.0,81009000.0,285698000.0,375323000.0,,2.037,4313012000.0,,,4313012000.0,0.0,193297000.0,0.0,0.039,3.12,508468000.0,701765000.0,0.647,701765000.0,508468000.0,359452000.0,2.74,2.74,2.74,2215266000.0,2229516250.0,2215266000.0,14310226111.0,28.0,20.392,127174000.0,1.012,1.0,798485000.0,0.736,0.0,149016000.0,11318958000.0,11305228750.0,0.0,78512000.0,,,4513230000.0,,,10069929111.0,31579000.0,-29000.0,2399000.0,299778000.0,-392942000.0,-142224000.0,-428930000.0,38362000.0,602733000.0,0.0,345455000.0,345455000.0,345455000.0,0.0,29868000.0,0.319,274810000.0,523675000.0,114247000.0,1.139,4.546,29.15,29.168,6770086000.0,0.0,79.92,9.288,9.267,4618000.0,-370959000.0,1084183000.0,1084183000.0,0.0,0.049,0.155,0.045,0.469,9281000.0,78526000.0,1.0,126000114.0,125717517.0,133044473.0,8.624,7086955000.0,0.0,13997000.0,0.0,56.372,
16,EXR,MRT,2017-06-30,2017-06-30,2017-06-30,2021-08-06,17003000.0,7037463000.0,6976330500.0,,,0.152,17.679,-751979000.0,48412000.0,48412000.0,275430000.0,401474000.0,,2.007,4288709000.0,,,4288709000.0,0.0,191777000.0,0.0,0.04,3.12,527823000.0,719600000.0,0.681,719600000.0,527823000.0,385079000.0,2.94,2.93,2.94,2221791000.0,2225406250.0,2221791000.0,14075140334.0,27.0,19.56,-163337000.0,-1.3,1.0,781780000.0,0.739,0.0,142744000.0,11277760000.0,11150194500.0,0.0,79294000.0,,,4458780000.0,,,9825227334.0,-23384000.0,4614000.0,51186000.0,473958000.0,-392772000.0,77025000.0,-689051000.0,30488000.0,588642000.0,0.0,369779000.0,369779000.0,369779000.0,0.0,31695000.0,0.35,275262000.0,506518000.0,92678000.0,1.061,4.422,26.571,26.531,6782788000.0,0.0,78.0,9.294,9.272,4676000.0,-366437000.0,1057210000.0,1057210000.0,0.0,0.053,0.166,0.047,0.499,8907000.0,78565000.0,1.0,125964453.0,125673156.0,132783402.0,8.412,7037463000.0,0.0,15300000.0,0.0,55.998,
17,EXR,MRT,2017-03-31,2017-03-31,2017-03-31,2021-08-06,22816000.0,7034357000.0,6831714250.0,,,0.15,17.803,-918173000.0,41542000.0,41542000.0,270702000.0,397416000.0,,1.989,4291455000.0,,,4291455000.0,0.0,189095000.0,0.0,0.042,3.12,520113000.0,709208000.0,0.692,709208000.0,520113000.0,382023000.0,2.91,2.9,2.91,2236116000.0,2198635250.0,2236116000.0,13615110462.0,26.0,19.198,-361255000.0,-2.876,1.0,754778000.0,0.736,0.0,138090000.0,11284270000.0,10880681500.0,0.0,79385000.0,,,4448542000.0,,,9366629462.0,-38949000.0,-7750000.0,51281000.0,593326000.0,-392203000.0,196097000.0,-791964000.0,71881000.0,556918000.0,0.0,365817000.0,365817000.0,365817000.0,0.0,31599000.0,0.357,274365000.0,480413000.0,77106000.0,1.072,4.189,25.605,25.564,6770593000.0,0.0,74.39,9.134,9.112,6251000.0,-355187000.0,1025480000.0,1025480000.0,0.0,0.054,0.166,0.048,0.507,8325000.0,77212000.0,1.0,125912481.0,125605403.0,132618644.0,8.164,7034357000.0,0.0,16206000.0,0.0,56.004,
18,EXR,MRT,2016-12-31,2016-12-31,2016-12-31,2021-08-06,16770000.0,7091446000.0,6645979750.0,,,0.149,17.947,-1114770000.0,57742000.0,57742000.0,265560000.0,397089000.0,,2.002,4306223000.0,,,4306223000.0,0.0,182560000.0,0.0,0.038,2.93,515453000.0,698013000.0,0.704,698013000.0,515453000.0,381974000.0,2.92,2.91,2.92,2244892000.0,2175371750.0,2244892000.0,13674027855.0,27.0,19.59,-575507000.0,-4.601,1.0,726315000.0,0.732,0.0,133479000.0,11339927000.0,10532576750.0,0.0,79570000.0,,,4495280000.0,,,9717262855.0,-48795000.0,-11288000.0,124868000.0,755720000.0,-367818000.0,460831000.0,-1048889000.0,16356000.0,539263000.0,0.0,366127000.0,366127000.0,366127000.0,0.0,30962000.0,0.369,276477000.0,449838000.0,101388000.0,1.003,4.329,26.541,26.452,6770447000.0,0.0,77.24,9.797,9.741,16611000.0,-339257000.0,991875000.0,991875000.0,0.0,0.055,0.168,0.049,0.52,8045000.0,81806000.0,1.0,125806096.0,125087554.0,125948076.0,7.929,7091446000.0,0.0,15847000.0,0.0,56.692,
19,EXR,MRT,2016-09-30,2016-09-30,2016-09-30,2021-08-06,-41094000.0,6742056000.0,6390970000.0,,,0.15,17.485,-886202000.0,35134000.0,35134000.0,261076000.0,318417000.0,,1.916,3991899000.0,,,3991899000.0,0.0,174168000.0,0.0,0.035,2.74,434841000.0,609009000.0,0.637,609009000.0,434841000.0,306557000.0,2.32,2.3,2.32,2198826000.0,2136418000.0,2198826000.0,13729640457.0,32.0,22.544,-418995000.0,-3.332,1.0,695542000.0,0.727,0.0,128284000.0,10698821000.0,10072717750.0,0.0,85912000.0,,,4212684000.0,,,9988930457.0,-1096840000.0,-1172418000.0,123821000.0,544785000.0,-342856000.0,279493000.0,-1843540000.0,-61468000.0,467207000.0,0.0,292399000.0,292399000.0,292399000.0,0.0,26018000.0,0.306,328579000.0,366963000.0,102470000.0,1.181,4.543,34.162,34.228,6458763000.0,0.0,79.41,10.442,10.439,9156000.0,-323472000.0,956618000.0,956618000.0,0.0,0.046,0.137,0.043,0.455,7678000.0,81589000.0,1.0,125789327.0,125752291.0,133763472.0,7.607,6742056000.0,0.0,14158000.0,0.0,53.614,
20,EXR,MRT,2016-06-30,2016-06-30,2016-06-30,2021-08-06,-53845000.0,6458998000.0,6206165000.0,,,0.145,16.929,-583424000.0,56290000.0,56290000.0,247128000.0,269391000.0,,1.899,3797000000.0,,,3797000000.0,0.0,158324000.0,0.0,0.028,2.55,374883000.0,533207000.0,0.594,533207000.0,374883000.0,259282000.0,1.96,1.95,1.96,2114707000.0,2114034500.0,2114707000.0,15187152743.0,41.0,28.483,-159712000.0,-1.279,1.0,649804000.0,0.724,0.0,115601000.0,10199708000.0,9429631000.0,0.0,99576000.0,,,4015781000.0,,,11586720743.0,-134835000.0,-1177198000.0,104356000.0,1473801000.0,-317343000.0,1220320000.0,-1778867000.0,-53594000.0,423712000.0,0.0,246029000.0,246029000.0,246029000.0,0.0,23362000.0,0.274,308261000.0,341543000.0,91188000.0,1.301,5.479,47.095,47.214,6164787000.0,0.0,92.54,12.918,12.888,485000.0,-343444000.0,896932000.0,896932000.0,0.0,0.04,0.116,0.04,0.418,7353000.0,78768000.0,1.0,125207702.0,124914467.0,132025915.0,7.18,6458998000.0,0.0,13253000.0,0.0,51.707,
21,EXR,MRT,2016-03-31,2016-03-31,2016-03-31,2021-08-06,-35939000.0,6291419000.0,5799853000.0,,,0.145,17.178,-545073000.0,81756000.0,81756000.0,232249000.0,240307000.0,,1.804,3682188000.0,,,3682188000.0,0.0,145926000.0,0.0,0.025,2.36,335599000.0,481525000.0,0.574,481525000.0,335599000.0,229989000.0,1.77,1.76,1.77,2143062000.0,2121401000.0,2143062000.0,15116661495.0,45.0,31.393,-169717000.0,-1.36,1.0,606270000.0,0.723,0.0,105610000.0,9891851000.0,8609926250.0,0.0,89224000.0,,,3866034000.0,,,11687577495.0,4449000.0,-1163683000.0,521036000.0,1226108000.0,-288397000.0,1421914000.0,-1792821000.0,-94987000.0,375356000.0,0.0,218324000.0,218324000.0,218324000.0,0.0,21983000.0,0.26,293422000.0,312848000.0,77108000.0,1.333,5.454,53.533,52.802,5933959000.0,0.0,93.46,13.938,13.905,15739000.0,-328801000.0,838519000.0,838519000.0,0.0,0.038,0.103,0.039,0.4,6623000.0,74911000.0,1.0,125054328.0,124754174.0,131956094.0,6.721,6291419000.0,0.0,11665000.0,0.0,50.431,
22,EXR,MRT,2015-12-31,2015-12-31,2015-12-31,2021-08-06,-6352000.0,6071407000.0,5343034500.0,,,0.146,17.436,-384208000.0,106537000.0,106537000.0,216998000.0,209536000.0,,1.771,3535621000.0,,,3535621000.0,0.0,133457000.0,0.0,0.025,2.24,296304000.0,429761000.0,0.549,429761000.0,296304000.0,200622000.0,1.58,1.56,1.58,2089077000.0,2018854500.0,2089077000.0,13013772384.0,44.0,30.281,-16879000.0,-0.141,1.0,565272000.0,0.723,0.0,95682000.0,9500491000.0,7840814250.0,0.0,103007000.0,,,3698803000.0,,,10890134384.0,28136000.0,-1159207000.0,448419000.0,1144520000.0,-269302000.0,1286471000.0,-1625664000.0,-84331000.0,367329000.0,0.0,189474000.0,189474000.0,189474000.0,0.0,20062000.0,0.242,270616000.0,294656000.0,82693000.0,1.418,5.213,57.476,55.829,5689309000.0,0.0,88.21,13.921,13.511,2205000.0,-337566000.0,782270000.0,782270000.0,0.0,0.035,0.094,0.038,0.379,6055000.0,67758000.0,1.0,123456914.0,119816743.0,126918869.0,6.529,6071407000.0,0.0,11148000.0,0.0,50.672,
23,EXR,MRT,2015-09-30,2015-09-30,2015-09-30,2021-08-06,-20812000.0,6002836000.0,4920679500.0,,,0.147,17.198,-471299000.0,1344161000.0,1344161000.0,199790000.0,247278000.0,,1.714,3467799000.0,,,3467799000.0,0.0,121872000.0,0.0,0.027,2.12,321594000.0,443466000.0,0.614,443466000.0,321594000.0,236148000.0,1.9,1.89,1.9,2109292000.0,1930941500.0,2109292000.0,11566085819.0,36.0,26.081,-104001000.0,-0.848,1.0,521905000.0,0.723,0.0,85446000.0,8126474000.0,7130402250.0,0.0,84671000.0,,,3615496000.0,,,9478946819.0,1066316000.0,-488000.0,448711000.0,1229843000.0,-250757000.0,1393459000.0,-694441000.0,-20230000.0,367298000.0,0.0,225921000.0,225921000.0,225921000.0,0.0,21357000.0,0.313,197642000.0,324263000.0,76303000.0,1.116,4.494,41.957,40.611,4452251000.0,0.0,77.16,13.134,13.113,3016000.0,-273015000.0,721695000.0,721695000.0,0.0,0.046,0.117,0.045,0.446,5514000.0,64126000.0,1.0,122847937.0,122644837.0,130398111.0,5.884,6002836000.0,0.0,10227000.0,0.0,48.945,
24,EXR,MRT,2015-06-30,2015-06-30,2015-06-30,2021-08-06,-1819000.0,4833750000.0,4476444250.0,,,0.155,18.348,-479292000.0,201317000.0,201317000.0,193528000.0,228271000.0,,1.124,2288456000.0,,,2288456000.0,0.0,120410000.0,0.0,0.031,2.0,299407000.0,419817000.0,0.606,419817000.0,299407000.0,214091000.0,1.79,1.78,1.79,2144173000.0,1838450500.0,2144173000.0,9949005941.0,33.0,23.698,-126183000.0,-1.08,1.0,499737000.0,0.721,0.0,85316000.0,6920889000.0,6681122500.0,0.0,84744000.0,,,2410472000.0,,,7597747941.0,121948000.0,0.0,418289000.0,119346000.0,-232690000.0,273134000.0,-504295000.0,-20230000.0,353109000.0,0.0,208431000.0,208431000.0,208431000.0,0.0,19840000.0,0.301,195285000.0,304452000.0,69378000.0,1.117,3.543,36.452,36.436,4452046000.0,0.0,65.22,10.959,10.994,2071000.0,-272130000.0,693265000.0,693265000.0,0.0,0.047,0.113,0.045,0.432,4980000.0,63075000.0,1.0,116494142.0,116861678.0,124475890.0,5.932,4833750000.0,0.0,5660000.0,0.0,41.363,
25,EXR,MRT,2015-03-31,2015-03-31,2015-03-31,2021-08-06,-7800000.0,4464145000.0,4320229250.0,,,0.155,14.923,-355269000.0,80654000.0,80654000.0,186966000.0,213323000.0,,1.476,2431912000.0,,,2431912000.0,0.0,117129000.0,0.0,0.028,1.88,284908000.0,402037000.0,0.602,402037000.0,284908000.0,201745000.0,1.68,1.67,1.68,1732876000.0,1736544250.0,1732876000.0,10161651415.0,36.0,25.275,5179000.0,0.045,1.0,481163000.0,0.72,0.0,83163000.0,6815403000.0,6525380500.0,0.0,85602000.0,,,2557090000.0,,,7864675415.0,-1711000.0,0.0,3009000.0,283150000.0,-218476000.0,37692000.0,-399851000.0,-29258000.0,360448000.0,0.0,194757000.0,194757000.0,194757000.0,0.0,18566000.0,0.291,187657000.0,293506000.0,71553000.0,1.119,4.539,40.382,40.22,4197853000.0,0.0,67.57,11.771,11.743,3136000.0,-258728000.0,668129000.0,668129000.0,0.0,0.045,0.112,0.044,0.426,5005000.0,61889000.0,1.0,116393006.0,116117615.0,122595718.0,5.754,4464145000.0,0.0,6988000.0,0.0,38.445,
26,EXR,MRT,2014-12-31,2014-12-31,2014-12-31,2021-08-06,-1484000.0,4381987000.0,4235065750.0,,,0.153,15.015,-531896000.0,72908000.0,72908000.0,182843000.0,195896000.0,,1.422,2349764000.0,,,2349764000.0,0.0,115076000.0,0.0,0.031,1.81,267255000.0,382331000.0,0.591,382331000.0,267255000.0,185925000.0,1.54,1.53,1.54,1737425000.0,1740893750.0,1737425000.0,8925092893.0,33.0,23.344,-194315000.0,-1.679,1.0,464312000.0,0.717,0.0,81330000.0,6658843000.0,6363111750.0,0.0,85711000.0,,,2470004000.0,,,6821632893.0,-79060000.0,0.0,3095000.0,384536000.0,-210091000.0,148307000.0,-564948000.0,-29258000.0,337581000.0,0.0,178355000.0,178355000.0,178355000.0,0.0,17541000.0,0.276,185844000.0,278468000.0,65521000.0,1.175,3.926,38.248,38.078,4135696000.0,0.0,58.64,10.541,10.485,11778000.0,-257738000.0,647155000.0,647155000.0,0.0,0.042,0.102,0.042,0.413,4984000.0,60942000.0,1.0,116330711.0,115713807.0,121435267.0,5.593,4381987000.0,0.0,7570000.0,0.0,37.869,
27,EXR,MRT,2014-09-30,2014-09-30,2014-09-30,2021-08-06,3735000.0,4225895000.0,4133854000.0,,,0.151,15.03,-610794000.0,75421000.0,75421000.0,176977000.0,228582000.0,,1.318,2178881000.0,,,2178881000.0,0.0,111889000.0,0.0,0.034,1.74,298922000.0,410811000.0,0.658,410811000.0,298922000.0,218347000.0,1.83,1.83,1.83,1739328000.0,1746155000.0,1739328000.0,8072099424.0,27.0,19.649,-281555000.0,-2.433,1.0,447335000.0,0.717,0.0,80575000.0,6329355000.0,6142304250.0,0.0,86232000.0,,,2292297000.0,,,5983068424.0,-32483000.0,-390000.0,208725000.0,278976000.0,-201712000.0,261892000.0,-623614000.0,-9028000.0,329239000.0,0.0,210173000.0,210173000.0,210173000.0,0.0,18409000.0,0.337,181468000.0,265867000.0,73528000.0,0.951,3.44,28.467,28.18,3954759000.0,0.0,51.57,9.583,9.559,12283000.0,-248179000.0,624312000.0,624312000.0,0.0,0.051,0.12,0.049,0.479,5020000.0,60638000.0,1.0,116018391.0,115726911.0,121617554.0,5.395,4225895000.0,0.0,8174000.0,0.0,36.516,
28,EXR,MRT,2014-06-30,2014-06-30,2014-06-30,2021-08-06,2073000.0,4208890000.0,3956940000.0,,,0.149,15.015,-598614000.0,74596000.0,74596000.0,168002000.0,201741000.0,,1.312,2163627000.0,,,2163627000.0,0.0,106068000.0,0.0,0.031,1.67,272809000.0,378877000.0,0.644,378877000.0,272809000.0,196651000.0,1.62,1.62,1.62,1736548000.0,1689900250.0,1736548000.0,8216771238.0,30.0,21.687,-286147000.0,-2.474,1.0,420354000.0,0.714,0.0,76158000.0,6297921000.0,5852664500.0,0.0,86794000.0,,,2278182000.0,,,6173934238.0,-152987000.0,-561000.0,208883000.0,153317000.0,-191670000.0,147898000.0,-613352000.0,-14028000.0,312467000.0,0.0,185190000.0,185190000.0,185190000.0,0.0,16551000.0,0.315,175916000.0,244438000.0,65539000.0,1.031,3.555,33.338,32.87,3941042000.0,0.0,53.25,10.494,10.467,12640000.0,-247871000.0,588356000.0,588356000.0,0.0,0.047,0.11,0.047,0.464,5033000.0,58916000.0,1.0,115942427.0,115653489.0,121254222.0,5.087,4208890000.0,0.0,11461000.0,0.0,36.392,
29,EXR,MRT,2014-03-31,2014-03-31,2014-03-31,2021-08-06,7528000.0,4123491000.0,3762871500.0,,,0.147,15.162,-594443000.0,67041000.0,67041000.0,158736000.0,192834000.0,,1.257,2109878000.0,,,2109878000.0,0.0,100582000.0,0.0,0.033,1.6,262659000.0,363241000.0,0.656,363241000.0,262659000.0,188797000.0,1.57,1.57,1.57,1750274000.0,1638364750.0,1750274000.0,7416054846.0,28.0,20.416,-309728000.0,-2.683,1.0,395142000.0,0.713,0.0,73862000.0,6166328000.0,5520476000.0,0.0,89326000.0,,,2200307000.0,,,5617581846.0,11440000.0,-927000.0,211305000.0,320475000.0,-181631000.0,326964000.0,-600239000.0,-5000000.0,284715000.0,0.0,177991000.0,177991000.0,177991000.0,0.0,14843000.0,0.321,167990000.0,227152000.0,52886000.0,1.019,3.21,31.561,30.898,3862679000.0,0.0,48.51,10.142,10.11,8966000.0,-235009000.0,553878000.0,553878000.0,0.0,0.047,0.109,0.048,0.474,4917000.0,57186000.0,1.0,115802553.0,115438325.0,121062845.0,4.798,4123491000.0,0.0,10806000.0,0.0,35.72,
30,EXR,MRT,2013-12-31,2013-12-31,2013-12-31,2021-08-06,10156000.0,3977140000.0,3539272750.0,,,0.147,15.792,-355985000.0,148174000.0,148174000.0,149034000.0,185556000.0,,1.163,1946647000.0,,,1946647000.0,0.0,95232000.0,0.0,0.034,1.45,253690000.0,348922000.0,0.67,348922000.0,253690000.0,182060000.0,1.54,1.53,1.54,1758470000.0,1575683750.0,1758470000.0,6339666702.0,25.0,18.169,-84726000.0,-0.761,1.0,371579000.0,0.714,0.0,71630000.0,5775613000.0,5168209500.0,0.0,88125000.0,,,2045245000.0,,,4687109702.0,95938000.0,-1516000.0,211884000.0,164063000.0,-163014000.0,191655000.0,-366976000.0,-5000000.0,271259000.0,0.0,172076000.0,172076000.0,172076000.0,0.0,13480000.0,0.331,158096000.0,213483000.0,60601000.0,0.942,2.665,27.239,27.357,3636544000.0,0.0,42.13,9.003,9.011,7542000.0,-226002000.0,520613000.0,520613000.0,0.0,0.049,0.109,0.049,0.487,4819000.0,54246000.0,1.0,111253494.0,111349361.0,113105094.0,4.675,3977140000.0,0.0,9984000.0,0.0,35.718,
31,EXR,MRT,2013-09-30,2013-09-30,2013-09-30,2021-08-06,3146000.0,3518239000.0,3350857000.0,,,0.147,13.664,-326830000.0,104502000.0,104502000.0,143783000.0,142257000.0,,1.221,1757059000.0,,,1757059000.0,0.0,90773000.0,0.0,0.028,1.3,211026000.0,301799000.0,0.613,301799000.0,211026000.0,139532000.0,1.19,1.19,1.19,1514309000.0,1509018000.0,1514309000.0,6625041406.0,31.0,21.952,-65328000.0,-0.589,1.0,348563000.0,0.708,0.0,71494000.0,5170796000.0,4912635000.0,0.0,100455000.0,,,1849359000.0,,,5088490406.0,38091000.0,-923000.0,210108000.0,63883000.0,-144306000.0,108761000.0,-332172000.0,-5000000.0,261502000.0,0.0,131212000.0,131212000.0,131212000.0,0.0,11045000.0,0.267,149283000.0,199280000.0,58248000.0,1.092,3.36,38.781,38.445,3223672000.0,0.0,45.75,10.335,10.298,7928000.0,-256640000.0,492346000.0,492346000.0,0.0,0.039,0.087,0.043,0.429,4692000.0,53161000.0,1.0,111223834.0,110827793.0,115477145.0,4.442,3518239000.0,0.0,8320000.0,0.0,31.745,
32,EXR,MRT,2013-06-30,2013-06-30,2013-06-30,2021-08-06,5108000.0,3432616000.0,3224527750.0,,,0.145,13.821,-623718000.0,227434000.0,227434000.0,138028000.0,151458000.0,,1.204,1763985000.0,,,1763985000.0,0.0,87113000.0,0.0,0.026,1.1,221921000.0,309034000.0,0.659,309034000.0,221921000.0,148268000.0,1.3,1.3,1.3,1530406000.0,1449069750.0,1530406000.0,6181558700.0,28.0,20.003,-373909000.0,-3.377,1.0,330998000.0,0.706,0.0,73653000.0,4969167000.0,4753950250.0,0.0,101698000.0,,,1842825000.0,,,4653392700.0,21430000.0,-1103000.0,212571000.0,310440000.0,-120676000.0,379710000.0,-608089000.0,0.0,249809000.0,0.0,140573000.0,140573000.0,140573000.0,0.0,10885000.0,0.3,144298000.0,186700000.0,46982000.0,0.846,3.041,33.103,32.254,3027654000.0,0.0,41.93,9.921,9.899,3258000.0,-241391000.0,469026000.0,469026000.0,0.0,0.044,0.097,0.047,0.473,4620000.0,51777000.0,1.0,110980031.0,110731153.0,113962981.0,4.236,3432616000.0,0.0,7695000.0,0.0,31.0,
33,EXR,MRT,2013-03-31,2013-03-31,2013-03-31,2021-08-06,-12759000.0,3229096000.0,3043459500.0,,,0.144,13.593,-609402000.0,55732000.0,55732000.0,129800000.0,139102000.0,,1.118,1583898000.0,,,1583898000.0,0.0,80954000.0,0.0,0.023,0.9,206136000.0,287090000.0,0.656,287090000.0,206136000.0,134991000.0,1.21,1.21,1.21,1499550000.0,1380358250.0,1499550000.0,5878679796.0,29.0,20.477,-383197000.0,-3.474,1.0,307931000.0,0.703,0.0,71145000.0,4757262000.0,4461050500.0,0.0,102102000.0,,,1675944000.0,,,4348841796.0,-2000000.0,-727000.0,439046000.0,62711000.0,-97015000.0,385683000.0,-613888000.0,-7875000.0,226205000.0,0.0,128520000.0,128520000.0,128520000.0,0.0,10582000.0,0.294,136731000.0,171200000.0,45435000.0,0.744,2.9,33.838,32.455,2995510000.0,0.0,39.27,9.935,9.897,9096000.0,-231369000.0,437731000.0,437731000.0,0.0,0.042,0.093,0.046,0.471,4422000.0,50583000.0,1.0,110742088.0,110314668.0,114967087.0,3.968,3229096000.0,0.0,6471000.0,0.0,29.272,
34,EXR,MRT,2012-12-31,2012-12-31,2012-12-31,2021-08-06,-14273000.0,3223477000.0,2866969500.0,,,0.143,14.659,-608853000.0,47761000.0,47761000.0,121897000.0,127689000.0,,1.125,1577599000.0,,,1577599000.0,0.0,74453000.0,0.0,0.023,0.85,194572000.0,269025000.0,0.657,269025000.0,194572000.0,122722000.0,1.15,1.14,1.15,1491807000.0,1261597250.0,1491807000.0,5319436197.0,27.0,19.773,-392974000.0,-3.862,1.0,287499000.0,0.702,0.0,71850000.0,4753315000.0,4230169250.0,0.0,106313000.0,,,1678146000.0,,,3796301197.0,4301000.0,998000.0,439855000.0,64769000.0,-88287000.0,395360000.0,-606938000.0,-7875000.0,215879000.0,0.0,117309000.0,117309000.0,117309000.0,0.0,10380000.0,0.287,130258000.0,157241000.0,52299000.0,0.739,2.545,32.362,31.643,2991722000.0,0.0,36.39,9.273,9.046,11078000.0,-235064000.0,409396000.0,409396000.0,0.0,0.041,0.093,0.046,0.475,4356000.0,50454000.0,1.0,104322649.0,101766385.0,103767365.0,4.023,3223477000.0,0.0,5413000.0,0.0,31.675,
35,EXR,MRT,2012-09-30,2012-09-30,2012-09-30,2021-08-06,-14956000.0,3012922000.0,2690481250.0,,,0.145,12.225,-454460000.0,66992000.0,66992000.0,114079000.0,107230000.0,,1.32,1590127000.0,,,1590127000.0,0.0,68891000.0,0.0,0.022,0.74,172521000.0,241412000.0,0.621,241412000.0,172521000.0,102303000.0,0.98,0.97,0.98,1274516000.0,1143382250.0,1274516000.0,4552240696.0,26.0,18.857,-257992000.0,-2.475,1.0,274862000.0,0.707,0.0,70218000.0,4536057000.0,3999072500.0,0.0,121269000.0,,,1682770000.0,,,3463015696.0,9713000.0,-3293000.0,242128000.0,122247000.0,-73935000.0,271045000.0,-457800000.0,-7015000.0,196468000.0,0.0,97511000.0,97511000.0,97511000.0,0.0,9719000.0,0.251,126354000.0,148508000.0,49609000.0,0.755,2.717,35.514,33.929,2741945000.0,0.0,33.25,8.904,8.912,10930000.0,-243546000.0,388941000.0,388941000.0,0.0,0.036,0.085,0.043,0.444,5180000.0,51031000.0,1.0,104150848.0,104252227.0,108755316.0,3.731,3012922000.0,0.0,4792000.0,0.0,28.9,
36,EXR,MRT,2012-06-30,2012-06-30,2012-06-30,2021-08-06,-11525000.0,2708343000.0,2530807750.0,,,0.144,12.296,-161322000.0,222736000.0,222736000.0,108451000.0,83029000.0,,1.113,1311961000.0,,,1311961000.0,0.0,63487000.0,0.0,0.022,0.68,145791000.0,209278000.0,0.576,209278000.0,145791000.0,77240000.0,0.77,0.76,0.77,1255560000.0,1076598250.0,1255560000.0,4488732116.0,31.0,21.449,10270000.0,0.101,1.0,254796000.0,0.701,0.0,68551000.0,3797568000.0,3753109000.0,0.0,125729000.0,,,1397700000.0,,,3178131116.0,150315000.0,1672000.0,240770000.0,42896000.0,-66281000.0,200922000.0,-222199000.0,-58015000.0,171592000.0,0.0,74166000.0,74166000.0,74166000.0,0.0,8863000.0,0.204,118557000.0,136239000.0,47123000.0,0.883,2.531,42.852,39.74,2278331000.0,0.0,30.6,8.749,8.602,15976000.0,-261288000.0,363247000.0,363247000.0,0.0,0.029,0.069,0.039,0.401,5367000.0,50778000.0,1.0,103860494.0,102107535.0,106653965.0,3.557,2708343000.0,0.0,3074000.0,0.0,26.524,
37,EXR,MRT,2012-03-31,2012-03-31,2012-03-31,2021-08-06,-8142000.0,2523136000.0,2431436250.0,,,0.142,10.797,-215433000.0,61848000.0,61848000.0,105109000.0,70801000.0,,1.409,1372449000.0,,,1372449000.0,0.0,60953000.0,0.0,0.022,0.62,133171000.0,194124000.0,0.561,194124000.0,133171000.0,64213000.0,0.67,0.66,0.67,1024506000.0,1013776250.0,1024506000.0,4040981194.0,30.0,20.816,-60481000.0,-0.637,1.0,241227000.0,0.697,0.0,68958000.0,3833737000.0,3662019250.0,0.0,125336000.0,,,1443394000.0,,,2729577194.0,-4980000.0,1662000.0,124857000.0,38199000.0,-58648000.0,87725000.0,-247657000.0,-50140000.0,154952000.0,0.0,62362000.0,62362000.0,62362000.0,0.0,8439000.0,0.18,117011000.0,124216000.0,38029000.0,0.925,2.664,43.77,42.97,2266536000.0,0.0,28.79,7.881,7.888,15415000.0,-262874000.0,346336000.0,346336000.0,0.0,0.026,0.062,0.036,0.385,5588000.0,50665000.0,1.0,94809906.0,94888078.0,99927352.0,3.65,2523136000.0,0.0,1851000.0,0.0,26.591,
38,EXR,MRT,2011-12-31,2011-12-31,2011-12-31,2021-08-06,-7936000.0,2517524000.0,2363931500.0,,,0.14,11.16,-207035000.0,52252000.0,52252000.0,101624000.0,58423000.0,,1.417,1363656000.0,,,1363656000.0,0.0,58014000.0,0.0,0.023,0.56,118905000.0,176919000.0,0.536,176919000.0,118905000.0,51604000.0,0.55,0.54,0.55,1018947000.0,980350500.0,1018947000.0,3464638920.0,29.0,19.583,-62871000.0,-0.689,1.0,228206000.0,0.692,0.0,67301000.0,3828928000.0,3557596000.0,0.0,130410000.0,,,1443763000.0,,,2286663920.0,-20266000.0,526000.0,130971000.0,23140000.0,-52027000.0,87489000.0,-251919000.0,-50140000.0,144164000.0,0.0,50449000.0,50449000.0,50449000.0,0.0,7974000.0,0.153,112730000.0,115476000.0,46353000.0,1.018,2.244,45.326,44.055,2263795000.0,0.0,24.23,6.933,6.707,18517000.0,-264086000.0,329830000.0,329830000.0,0.0,0.021,0.051,0.033,0.361,5757000.0,49683000.0,1.0,94373253.0,91301265.0,93633573.0,3.613,2517524000.0,0.0,1155000.0,0.0,27.574,
39,EXR,MRT,2011-09-30,2011-09-30,2011-09-30,2021-08-06,-7819000.0,2374228000.0,2297005500.0,,,0.135,10.681,-176250000.0,64247000.0,64247000.0,98942000.0,50797000.0,,1.303,1242222000.0,,,1242222000.0,0.0,55250000.0,0.0,0.028,0.52,108843000.0,164093000.0,0.53,164093000.0,108843000.0,44505000.0,0.47,0.47,0.47,1007380000.0,945964000.0,1007380000.0,2878501368.0,26.0,17.542,-45508000.0,-0.483,1.0,210830000.0,0.681,0.0,64338000.0,3552203000.0,3455236500.0,0.0,134219000.0,,,1312159000.0,,,1756149368.0,12097000.0,5984000.0,125026000.0,36106000.0,-47543000.0,99754000.0,-218399000.0,-51000000.0,130742000.0,0.0,43087000.0,43087000.0,43087000.0,0.0,7710000.0,0.139,106148000.0,104682000.0,39891000.0,1.106,1.743,40.758,39.638,2060188000.0,0.0,18.63,5.669,5.672,61184000.0,-267122000.0,309772000.0,309772000.0,0.0,0.019,0.046,0.032,0.351,5018000.0,47921000.0,1.0,94264593.0,94314429.0,98867803.0,3.284,2374228000.0,0.0,1418000.0,0.0,25.174,
40,EXR,MRT,2011-06-30,2011-06-30,2011-06-30,2021-08-06,-6436000.0,2310857000.0,2247236000.0,,,0.132,10.983,-165787000.0,67887000.0,67887000.0,96146000.0,42927000.0,,1.247,1190239000.0,,,1190239000.0,0.0,53405000.0,0.0,0.023,0.48,101345000.0,154750000.0,0.52,154750000.0,101345000.0,38061000.0,0.4,0.4,0.4,1004272000.0,913264500.0,1004272000.0,3056851423.0,30.0,19.753,-41850000.0,-0.458,1.0,201508000.0,0.677,0.0,63284000.0,3433209000.0,3390158500.0,0.0,137997000.0,,,1251913000.0,,,1893924423.0,6833000.0,8802000.0,124993000.0,-25791000.0,-43084000.0,38556000.0,-155660000.0,0.0,123937000.0,0.0,35493000.0,35493000.0,35493000.0,0.0,7434000.0,0.119,104480000.0,97028000.0,32712000.0,1.2,1.886,53.361,53.325,2045627000.0,0.0,21.33,6.363,6.553,8490000.0,-269173000.0,297654000.0,297654000.0,0.0,0.016,0.039,0.03,0.34,4889000.0,46233000.0,1.0,88791581.0,91439042.0,96010848.0,3.255,2310857000.0,0.0,2568000.0,0.0,25.272,
41,EXR,MRT,2011-03-31,2011-03-31,2011-03-31,2021-08-06,-4678000.0,2253117000.0,2214300500.0,,,0.13,10.117,-117747000.0,83082000.0,83082000.0,94450000.0,38335000.0,,1.466,1246009000.0,,,1246009000.0,0.0,51515000.0,0.0,0.021,0.44,97691000.0,149206000.0,0.517,149206000.0,97691000.0,34435000.0,0.35,0.35,0.35,890803000.0,881955750.0,890803000.0,2991205976.0,31.0,20.047,1055000.0,0.012,1.0,193941000.0,0.672,0.0,63256000.0,3416044000.0,3356464250.0,0.0,141525000.0,,,1305974000.0,,,1821535976.0,-66185000.0,8802000.0,13732000.0,-26698000.0,-38638000.0,-68803000.0,-116184000.0,0.0,118802000.0,0.0,31064000.0,31064000.0,31064000.0,0.0,7271000.0,0.108,99959000.0,93982000.0,34333000.0,1.257,2.045,58.638,59.171,1971413000.0,0.0,20.71,6.316,6.323,9334000.0,-266588000.0,288391000.0,288391000.0,0.0,0.014,0.035,0.029,0.339,4787000.0,45030000.0,1.0,87954417.0,88045951.0,92812067.0,3.275,2253117000.0,0.0,3371000.0,0.0,25.59,
42,EXR,MRT,2010-12-31,2010-12-31,2010-12-31,2021-08-06,-5787000.0,2249820000.0,2210386750.0,,,0.127,10.093,-117294000.0,77248000.0,77248000.0,92670000.0,33374000.0,,1.487,1246918000.0,,,1246918000.0,0.0,50349000.0,0.0,0.023,0.4,94609000.0,144958000.0,0.515,144958000.0,94609000.0,30493000.0,0.3,0.3,0.3,881401000.0,878885250.0,881401000.0,2640051614.0,28.0,18.213,-12479000.0,-0.143,1.0,188827000.0,0.671,0.0,64116000.0,3419490000.0,3336457250.0,0.0,140560000.0,,,1310749000.0,,,1523310614.0,-85200000.0,24552000.0,5661000.0,-61338000.0,-34964000.0,-106309000.0,-83706000.0,0.0,104815000.0,0.0,26331000.0,26331000.0,26331000.0,0.0,7043000.0,0.094,98012000.0,90815000.0,35242000.0,1.333,1.728,57.852,58.0,1972402000.0,0.0,17.4,5.411,5.398,10061000.0,-262508000.0,281497000.0,281497000.0,0.0,0.012,0.03,0.028,0.336,4580000.0,44428000.0,1.0,87546587.0,87324104.0,92050453.0,3.224,2249820000.0,0.0,4162000.0,0.0,25.764,
43,EXR,MRT,2010-09-30,2010-09-30,2010-09-30,2021-08-06,-8530000.0,2175150000.0,2249820750.0,,,0.124,10.02,-80603000.0,54691000.0,54691000.0,91591000.0,30024000.0,,1.416,1171432000.0,,,1171432000.0,0.0,50383000.0,0.0,0.027,0.43,96157000.0,146540000.0,0.525,146540000.0,96157000.0,28677000.0,0.27,0.27,0.27,876582000.0,879579750.0,876582000.0,2522006643.0,26.0,17.21,9200000.0,0.105,1.0,187473000.0,0.672,0.0,67480000.0,3291891000.0,3391428500.0,0.0,144121000.0,,,1241118000.0,,,1402689643.0,-79194000.0,19845000.0,5101000.0,-68642000.0,-37480000.0,-117452000.0,-51545000.0,0.0,89803000.0,0.0,23347000.0,23347000.0,23347000.0,0.0,6677000.0,0.084,95870000.0,91603000.0,37445000.0,1.593,1.6,60.08,59.407,1902698000.0,0.0,16.04,5.026,5.028,24593000.0,-262666000.0,279064000.0,279064000.0,0.0,0.01,0.027,0.028,0.345,4314000.0,42133000.0,1.0,87449479.0,87484731.0,92189852.0,3.19,2175150000.0,0.0,5330000.0,0.0,24.863,
44,EXR,MRT,2010-06-30,2010-06-30,2010-06-30,2021-08-06,-4689000.0,2179115000.0,2298320750.0,,,0.121,10.061,-81248000.0,62053000.0,62053000.0,92807000.0,28116000.0,,1.409,1181370000.0,,,1181370000.0,0.0,51661000.0,0.0,0.024,0.33,96090000.0,147751000.0,0.531,147751000.0,96090000.0,26615000.0,0.25,0.25,0.25,879037000.0,881337250.0,879037000.0,2310684944.0,24.0,15.639,-3144000.0,-0.036,1.0,185391000.0,0.666,0.0,69475000.0,3298432000.0,3463614500.0,0.0,152976000.0,,,1238346000.0,,,1212130944.0,-103197000.0,12413000.0,3705000.0,-79344000.0,-28729000.0,-119717000.0,-61584000.0,0.0,78104000.0,0.0,21647000.0,21647000.0,21647000.0,0.0,6469000.0,0.078,94132000.0,91259000.0,32193000.0,1.32,1.379,55.995,55.6,1896324000.0,0.0,13.9,4.357,4.365,20589000.0,-261582000.0,278198000.0,278198000.0,0.0,0.009,0.025,0.028,0.345,4051000.0,41306000.0,1.0,87203665.0,87367967.0,92304831.0,3.184,2179115000.0,0.0,4968000.0,0.0,24.942,
45,EXR,MRT,2010-03-31,2010-03-31,2010-03-31,2021-08-06,-2242000.0,2237462000.0,2349153000.0,,,0.119,10.113,-77949000.0,141702000.0,141702000.0,93447000.0,13510000.0,,1.477,1240256000.0,,,1240256000.0,0.0,52299000.0,0.0,0.018,0.23,81681000.0,133980000.0,0.481,133980000.0,81681000.0,12623000.0,0.09,0.09,0.09,878521000.0,881234500.0,878521000.0,2331471598.0,29.0,17.402,613000.0,0.007,1.0,185039000.0,0.664,0.0,69058000.0,3336016000.0,3535294250.0,0.0,146718000.0,,,1297155000.0,,,1099652598.0,54262000.0,17065000.0,487000.0,70592000.0,-19981000.0,34646000.0,-58946000.0,0.0,78562000.0,0.0,7926000.0,7926000.0,7926000.0,0.0,5584000.0,0.028,114212000.0,70827000.0,33898000.0,2.556,1.252,138.74,140.889,1875643000.0,0.0,12.68,3.949,3.956,23004000.0,-259014000.0,278486000.0,278486000.0,0.0,0.003,0.009,0.023,0.293,3829000.0,40689000.0,1.0,86723391.0,86873472.0,91666076.0,3.206,2237462000.0,0.0,4697000.0,0.0,25.755,
46,EXR,MRT,2009-12-31,2009-12-31,2009-12-31,2021-08-06,-1056000.0,2407556000.0,2365721500.0,,,0.118,10.24,-105228000.0,171158000.0,171158000.0,94396000.0,39093000.0,,1.653,1402977000.0,,,1402977000.0,0.0,52403000.0,0.0,0.033,0.38,103856000.0,156259000.0,0.558,156259000.0,103856000.0,36277000.0,0.37,0.37,0.37,884179000.0,882606000.0,884179000.0,2209777060.0,21.0,14.142,-24063000.0,-0.279,1.0,185750000.0,0.663,0.0,67579000.0,3639375000.0,3578650250.0,0.0,130449000.0,,,1461337000.0,,,998292060.0,67978000.0,1315000.0,0.0,142311000.0,-32800000.0,91223000.0,-104410000.0,0.0,81165000.0,0.0,31977000.0,31977000.0,31977000.0,0.0,7116000.0,0.114,113863000.0,71887000.0,33386000.0,1.027,1.129,31.219,31.216,2049859000.0,0.0,11.55,3.563,3.56,5114000.0,-253875000.0,280146000.0,280146000.0,0.0,0.014,0.036,0.029,0.371,3809000.0,40224000.0,1.0,86432213.0,86343029.0,91082834.0,3.245,2407556000.0,0.0,4300000.0,0.0,27.884,
47,EXR,MRT,2009-09-30,2009-09-30,2009-09-30,2021-08-06,-1584000.0,2369150000.0,2336584500.0,,,0.12,10.223,-184716000.0,143075000.0,143075000.0,94211000.0,48733000.0,,1.608,1354560000.0,,,1354560000.0,0.0,53093000.0,0.0,0.047,0.5,109423000.0,162516000.0,0.582,162516000.0,109423000.0,43724000.0,0.48,0.48,0.48,883612000.0,881253750.0,883612000.0,2114633998.0,19.0,13.012,-96259000.0,-1.114,1.0,185054000.0,0.663,0.0,65699000.0,3580635000.0,3537601000.0,0.0,132356000.0,,,1420415000.0,,,911926998.0,-11084000.0,6803000.0,43870000.0,98085000.0,-42974000.0,81732000.0,-181273000.0,0.0,88457000.0,0.0,41078000.0,41078000.0,41078000.0,0.0,7655000.0,0.147,113498000.0,71556000.0,40636000.0,1.042,1.032,22.2,21.979,2042617000.0,0.0,10.55,3.265,3.265,3377000.0,-248533000.0,279265000.0,279265000.0,0.0,0.018,0.047,0.031,0.392,3648000.0,40004000.0,1.0,86438578.0,86437877.0,91548984.0,3.231,2369150000.0,0.0,2646000.0,0.0,27.409,
48,EXR,MRT,2009-06-30,2009-06-30,2009-06-30,2021-08-06,189000.0,2382444000.0,2305218500.0,,,0.121,10.17,-242611000.0,172478000.0,172478000.0,92718000.0,53046000.0,,1.635,1375185000.0,,,1375185000.0,0.0,51651000.0,0.0,0.09,0.75,110856000.0,162507000.0,0.585,162507000.0,110856000.0,46950000.0,0.54,0.54,0.54,878626000.0,867636500.0,878626000.0,1927001616.0,17.0,11.858,-145207000.0,-1.681,1.0,185282000.0,0.666,0.0,63906000.0,3585151000.0,3490698000.0,0.0,132272000.0,,,1436470000.0,,,721297616.0,-54286000.0,7567000.0,44915000.0,118688000.0,-63558000.0,86671000.0,-238361000.0,0.0,97404000.0,0.0,45027000.0,45027000.0,45027000.0,0.0,8019000.0,0.162,112598000.0,72684000.0,34462000.0,1.389,0.821,16.019,15.463,2029542000.0,0.0,8.35,2.595,2.595,5666000.0,-254500000.0,278000000.0,278000000.0,0.0,0.02,0.052,0.032,0.399,3676000.0,40529000.0,1.0,86382948.0,86397618.0,91607503.0,3.218,2382444000.0,0.0,1923000.0,0.0,27.575,
49,EXR,MRT,2009-03-31,2009-03-31,2009-03-31,2021-08-06,-1045000.0,2303736000.0,2271926750.0,,,0.122,10.286,-258853000.0,89355000.0,89355000.0,91913000.0,68069000.0,,1.528,1295059000.0,,,1295059000.0,0.0,50508000.0,0.0,0.181,1.0,123984000.0,174492000.0,0.632,174492000.0,123984000.0,59932000.0,0.72,0.72,0.72,884007000.0,856847000.0,884007000.0,1669906716.0,13.0,9.57,-166043000.0,-1.932,1.0,184358000.0,0.667,0.0,64052000.0,3509440000.0,3426150000.0,0.0,135785000.0,,,1350699000.0,,,472705716.0,33468000.0,2915000.0,277871000.0,14848000.0,-84042000.0,196802000.0,-256144000.0,0.0,92810000.0,0.0,59065000.0,59065000.0,59065000.0,0.0,9004000.0,0.214,92253000.0,92105000.0,33343000.0,1.389,0.535,8.003,7.653,2032565000.0,0.0,5.51,1.711,1.714,5035000.0,-246959000.0,276271000.0,276271000.0,0.0,0.026,0.069,0.036,0.449,3599000.0,40100000.0,1.0,85790511.0,85940389.0,91222295.0,3.215,2303736000.0,0.0,867000.0,0.0,26.806,
50,EXR,MRT,2008-12-31,2008-12-31,2008-12-31,2021-08-06,0.0,2291008000.0,2208313750.0,,,0.124,11.413,-245427000.0,102650000.0,102650000.0,89588000.0,43349000.0,,1.53,1286820000.0,,,1286820000.0,0.0,49566000.0,0.0,0.097,1.0,100911000.0,150477000.0,0.552,150477000.0,100911000.0,36300000.0,0.46,0.46,0.46,878770000.0,789066750.0,878770000.0,2031698434.0,20.0,13.502,-147036000.0,-1.91,1.0,183143000.0,0.672,0.0,64611000.0,3475178000.0,3377553250.0,0.0,136791000.0,,,1344215000.0,,,882361434.0,46595000.0,2915000.0,278505000.0,-15994000.0,-79120000.0,172685000.0,-224481000.0,21812000.0,98391000.0,0.0,35781000.0,35781000.0,35781000.0,0.0,7568000.0,0.131,90681000.0,92462000.0,35128000.0,2.174,1.004,24.66,22.435,1997656000.0,0.0,10.32,3.235,2.914,11335000.0,-253052000.0,272731000.0,272731000.0,0.0,0.016,0.045,0.03,0.37,3500000.0,39388000.0,1.0,85500139.0,76996754.0,82352988.0,3.542,2291008000.0,0.0,519000.0,0.0,29.755,
51,EXR,MRT,2008-09-30,2008-09-30,2008-09-30,2021-08-06,0.0,2243686000.0,2149080500.0,,,0.125,10.089,-209882000.0,150341000.0,150341000.0,87167000.0,35059000.0,,1.634,1299678000.0,,,1299678000.0,0.0,46917000.0,0.0,0.065,1.0,90187000.0,137104000.0,0.512,137104000.0,90187000.0,25864000.0,0.37,0.37,0.37,829143000.0,724354500.0,829143000.0,2336189407.0,26.0,17.04,-110612000.0,-1.346,1.0,180438000.0,0.674,0.0,64323000.0,3393023000.0,3339263750.0,0.0,139345000.0,,,1355019000.0,,,1258507407.0,70246000.0,1048000.0,235017000.0,-14406000.0,-74118000.0,134881000.0,-163905000.0,46552000.0,99270000.0,0.0,25974000.0,25974000.0,25974000.0,0.0,9085000.0,0.097,88586000.0,91852000.0,36484000.0,2.703,1.518,48.453,41.514,1905256000.0,0.0,15.36,4.703,4.717,11591000.0,-235092000.0,267605000.0,267605000.0,0.0,0.012,0.036,0.027,0.337,3318000.0,39866000.0,1.0,81934076.0,82184631.0,87710663.0,3.256,2243686000.0,0.0,-110000.0,0.0,27.301,
52,EXR,MRT,2008-06-30,2008-06-30,2008-06-30,2021-08-06,0.0,2249277000.0,2093052750.0,,,0.125,11.305,-187685000.0,222989000.0,222989000.0,85378000.0,34510000.0,,1.62,1300671000.0,,,1300671000.0,0.0,45160000.0,0.0,0.064,0.978,91781000.0,136941000.0,0.524,136941000.0,91781000.0,27283000.0,0.39,0.39,0.39,835468000.0,673891250.0,835468000.0,2286432890.0,25.0,16.696,-87375000.0,-1.182,1.0,176205000.0,0.674,0.0,64498000.0,3326959000.0,3294413750.0,0.0,95819000.0,,,1353367000.0,,,1020663890.0,140047000.0,284000.0,234278000.0,-10996000.0,-68384000.0,141079000.0,-101342000.0,87683000.0,100310000.0,0.0,27396000.0,25886000.0,25886000.0,0.0,7114000.0,0.099,85984000.0,90221000.0,33609000.0,2.508,1.222,39.429,39.385,1885454000.0,1510000.0,15.36,3.902,4.339,9238000.0,-226835000.0,261583000.0,261583000.0,0.0,0.012,0.038,0.028,0.351,3234000.0,38876000.0,1.0,66449472.0,73900524.0,79572767.0,3.54,2249277000.0,0.0,-113000.0,0.0,30.437,
53,EXR,MRT,2008-03-31,2008-03-31,2008-03-31,2021-08-06,0.0,2049284000.0,2026718250.0,,,0.124,9.263,-216552000.0,55223000.0,55223000.0,81714000.0,34863000.0,,2.241,1320992000.0,,,1320992000.0,0.0,42586000.0,0.0,0.059,0.956,93567000.0,136153000.0,0.543,136153000.0,93567000.0,29594000.0,0.43,0.43,0.43,612886000.0,622840750.0,612886000.0,2343207768.0,25.0,17.21,-115919000.0,-1.752,1.0,169083000.0,0.674,0.0,63973000.0,3315053000.0,3249659250.0,0.0,94711000.0,,,1373748000.0,,,1075262768.0,-14101000.0,284000.0,1623000.0,-20067000.0,-62650000.0,-194059000.0,79325000.0,283712000.0,100633000.0,0.0,29594000.0,28084000.0,28084000.0,0.0,5269000.0,0.112,80926000.0,88157000.0,34787000.0,2.223,1.754,38.287,37.651,1853158000.0,1510000.0,16.19,4.287,4.271,9529000.0,-215252000.0,250797000.0,250797000.0,0.0,0.014,0.045,0.029,0.373,2489000.0,37661000.0,1.0,66415242.0,66165159.0,71699461.0,3.79,2049284000.0,0.0,0.0,0.0,30.972,
54,EXR,MRT,2007-12-31,2007-12-31,2007-12-31,2021-08-06,-1415000.0,2054075000.0,2002299750.0,,,0.119,9.552,-240001000.0,51826000.0,51826000.0,77780000.0,35291000.0,,2.209,1319771000.0,,,1319771000.0,0.0,39801000.0,0.0,0.065,0.934,92744000.0,132545000.0,0.555,132545000.0,92744000.0,31729000.0,0.47,0.46,0.47,619921000.0,628763250.0,619921000.0,2127172996.0,23.0,16.049,-137905000.0,-2.125,1.0,161086000.0,0.674,0.0,61015000.0,3322020000.0,3199322250.0,0.0,116981000.0,,,1369172000.0,,,933124996.0,-53424000.0,284000.0,1721000.0,274595000.0,-60664000.0,98824000.0,-254344000.0,-24460000.0,102096000.0,0.0,31729000.0,30219000.0,30219000.0,0.0,3562000.0,0.127,77288000.0,83798000.0,31346000.0,1.987,1.505,30.879,30.404,1841322000.0,1510000.0,14.29,3.906,3.883,7386000.0,-205348000.0,238866000.0,238866000.0,0.0,0.015,0.048,0.029,0.388,2125000.0,36722000.0,1.0,65299160.0,64900713.0,70715640.0,3.68,2054075000.0,0.0,0.0,0.0,31.649,
55,EXR,MRT,2007-09-30,2007-09-30,2007-09-30,2021-08-06,0.0,2019575000.0,1906237250.0,,,0.119,9.665,-235440000.0,78472000.0,78472000.0,73904000.0,33242000.0,,2.112,1272520000.0,,,1272520000.0,0.0,38103000.0,0.0,0.059,0.912,90909000.0,129012000.0,0.57,129012000.0,90909000.0,33242000.0,0.49,0.49,0.49,627290000.0,634671750.0,627290000.0,2161857158.0,24.0,16.757,-140419000.0,-2.164,1.0,152423000.0,0.673,0.0,57667000.0,3213623000.0,2994546250.0,0.0,139076000.0,,,1324887000.0,,,997855158.0,-109856000.0,0.0,893000.0,271854000.0,-58816000.0,97762000.0,-302639000.0,-47512000.0,95021000.0,0.0,33242000.0,31732000.0,31732000.0,0.0,0.0,0.14,75254000.0,77169000.0,33951000.0,1.861,1.591,31.446,31.408,1757327000.0,1510000.0,15.39,4.409,4.413,9447000.0,-198493000.0,226327000.0,226327000.0,0.0,0.017,0.05,0.03,0.402,1959000.0,36544000.0,1.0,64837892.0,64901249.0,70567078.0,3.487,2019575000.0,0.0,0.0,0.0,31.118,
56,EXR,MRT,2007-06-30,2007-06-30,2007-06-30,2021-08-06,0.0,1983939000.0,1818477500.0,,,0.118,9.796,-231808000.0,81318000.0,81318000.0,69797000.0,26211000.0,,2.073,1245320000.0,,,1245320000.0,0.0,36758000.0,0.0,0.055,0.912,81228000.0,117986000.0,0.552,117986000.0,81228000.0,26211000.0,0.42,0.42,0.42,631266000.0,640620500.0,631266000.0,2224294990.0,27.0,18.852,-139282000.0,-2.161,1.0,143892000.0,0.673,0.0,55017000.0,3147941000.0,2802412750.0,0.0,181634000.0,,,1308911000.0,,,1062199990.0,41540000.0,0.0,195926000.0,259806000.0,-55812000.0,286571000.0,-337557000.0,-88638000.0,92526000.0,0.0,26211000.0,26211000.0,26211000.0,0.0,0.0,0.123,72910000.0,70982000.0,25363000.0,2.171,1.683,40.525,39.286,1677026000.0,0.0,16.5,4.971,4.976,8321000.0,-193471000.0,213689000.0,213689000.0,0.0,0.014,0.041,0.029,0.38,1584000.0,35816000.0,1.0,64375757.0,64439138.0,69248845.0,3.316,1983939000.0,0.0,0.0,0.0,30.788,
57,EXR,MRT,2007-03-31,2007-03-31,2007-03-31,2021-08-06,0.0,1951610000.0,1691985000.0,,,0.122,9.937,-215167000.0,81205000.0,81205000.0,67065000.0,20608000.0,,2.011,1243300000.0,,,1243300000.0,0.0,36692000.0,0.0,0.048,0.912,72972000.0,109664000.0,0.533,109664000.0,72972000.0,20608000.0,0.35,0.35,0.35,636576000.0,598082250.0,636576000.0,2049851943.0,28.0,18.692,-127650000.0,-1.993,1.0,138605000.0,0.674,0.0,52364000.0,3113705000.0,2616828750.0,0.0,378875000.0,,,1280379000.0,,,1216760943.0,24050000.0,0.0,195661000.0,334976000.0,-52846000.0,465916000.0,-529383000.0,-284913000.0,87517000.0,0.0,20608000.0,20608000.0,20608000.0,0.0,0.0,0.1,72488000.0,66117000.0,6941000.0,2.606,1.911,59.043,54.114,1451197000.0,0.0,18.94,5.916,5.899,5966000.0,-187416000.0,205670000.0,205670000.0,0.0,0.012,0.034,0.028,0.355,1775000.0,35595000.0,1.0,64242922.0,64058756.0,68786185.0,3.211,1951610000.0,0.0,0.0,0.0,30.466,
58,EXR,MRT,2006-12-31,2006-12-31,2006-12-31,2021-08-06,0.0,1669825000.0,1561149500.0,,,0.126,11.701,-215713000.0,115083000.0,115083000.0,64571000.0,14876000.0,,1.54,948174000.0,,,948174000.0,0.0,37172000.0,0.0,0.05,0.912,65829000.0,103001000.0,0.522,103001000.0,65829000.0,14876000.0,0.27,0.27,0.27,643555000.0,556223500.0,643555000.0,1947996549.0,30.0,18.912,-138828000.0,-2.524,1.0,132693000.0,0.673,0.0,50953000.0,2502916000.0,2411713250.0,0.0,88115000.0,,,991112000.0,,,1171443549.0,42148000.0,0.0,195020000.0,66800000.0,-50005000.0,205041000.0,-239778000.0,1811000.0,76885000.0,0.0,14876000.0,14876000.0,14876000.0,0.0,0.0,0.075,73041000.0,59652000.0,25704000.0,3.378,1.82,78.747,67.63,1417391000.0,0.0,18.26,5.938,5.091,15880000.0,-179268000.0,197264000.0,197264000.0,0.0,0.01,0.027,0.027,0.334,1725000.0,35600000.0,1.0,64153535.0,54998935.0,59291749.0,3.587,1669825000.0,0.0,0.0,0.0,30.361,
59,EXR,MRT,2006-09-30,2006-09-30,2006-09-30,2021-08-06,0.0,1668536000.0,1498741250.0,,,0.127,12.401,-180072000.0,168641000.0,168641000.0,63297000.0,7890000.0,,1.508,945194000.0,,,945194000.0,0.0,37113000.0,0.0,0.053,0.912,60317000.0,97430000.0,0.513,97430000.0,60317000.0,7890000.0,0.15,0.15,0.15,651085000.0,515366750.0,651085000.0,1827861903.0,30.0,18.761,-89230000.0,-1.7,1.0,126715000.0,0.667,0.0,52427000.0,2445089000.0,2345971500.0,0.0,91383000.0,,,981922000.0,,,900225903.0,144593000.0,-2272000.0,385680000.0,-123304000.0,-47184000.0,208655000.0,-154904000.0,22263000.0,90842000.0,0.0,7890000.0,7890000.0,7890000.0,0.0,0.0,0.042,72169000.0,54546000.0,6776000.0,6.08,1.383,114.097,115.4,1370244000.0,0.0,17.31,4.738,4.783,7064000.0,-171409000.0,190012000.0,190012000.0,0.0,0.005,0.015,0.026,0.317,1562000.0,34783000.0,1.0,52006118.0,52501864.0,57072838.0,3.619,1668536000.0,0.0,0.0,0.0,31.781,
60,EXR,MRT,2006-06-30,2006-06-30,2006-06-30,2021-08-06,0.0,1477969000.0,1438996000.0,,,0.126,8.932,-135018000.0,22634000.0,22634000.0,60279000.0,724000.0,,2.13,950270000.0,,,950270000.0,0.0,37395000.0,0.0,0.056,0.912,54310000.0,91705000.0,0.506,91705000.0,54310000.0,724000.0,-0.01,-0.01,-0.01,461113000.0,427914250.0,461113000.0,1705941736.0,31.0,18.602,-85736000.0,-1.661,1.0,120891000.0,0.667,0.0,53586000.0,2405605000.0,2348241000.0,0.0,92262000.0,,,982082000.0,,,840966736.0,-90792000.0,-530972000.0,190313000.0,371258000.0,-43964000.0,506005000.0,-646079000.0,22466000.0,49282000.0,0.0,724000.0,724000.0,724000.0,0.0,0.0,0.004,73540000.0,47351000.0,4486000.0,-91.2,1.824,1161.556,-1624.0,1322527000.0,0.0,16.24,4.642,4.628,11793000.0,-163870000.0,181170000.0,181170000.0,0.0,0.001,0.002,0.023,0.3,1617000.0,35776000.0,1.0,51783666.0,51625135.0,55991088.0,3.509,1477969000.0,0.0,0.0,0.0,28.629,
61,EXR,MRT,2006-03-31,2006-03-31,2006-03-31,2021-08-06,0.0,1428268000.0,1294981250.0,,,0.121,9.093,-93524000.0,27819000.0,27819000.0,53483000.0,-3588000.0,,1.969,892794000.0,,,892794000.0,0.0,34551000.0,0.0,0.053,0.912,44707000.0,79258000.0,0.504,79258000.0,44707000.0,-3588000.0,-0.11,-0.11,-0.11,469141000.0,389866750.0,469141000.0,1709624579.0,38.0,21.57,-64287000.0,-1.246,1.0,103707000.0,0.66,0.0,48295000.0,2293243000.0,2086831500.0,0.0,101648000.0,,,923708000.0,,,889867579.0,-1225000.0,-530972000.0,271635000.0,353775000.0,-39271000.0,572737000.0,-603199000.0,22712000.0,29237000.0,0.0,-3588000.0,-3588000.0,-3588000.0,0.0,0.0,-0.023,65413000.0,38294000.0,7326000.0,-8.291,1.897,-248.012,-156.273,1251315000.0,0.0,17.19,5.661,5.642,16590000.0,-155178000.0,157190000.0,157190000.0,0.0,-0.003,-0.009,0.021,0.284,987000.0,30349000.0,1.0,51766584.0,51593729.0,55709430.0,3.047,1428268000.0,0.0,0.0,0.0,27.683,
62,EXR,MRT,2005-12-31,2005-12-31,2005-12-31,2021-08-06,0.0,1420192000.0,1137202500.0,,,0.118,13.532,-102100000.0,47026000.0,47026000.0,46986000.0,-4966000.0,,1.882,866783000.0,,,866783000.0,0.0,31005000.0,0.0,0.059,0.912,37583000.0,68588000.0,0.509,68588000.0,37583000.0,-4966000.0,-0.14,-0.14,-0.14,480128000.0,331550500.0,480128000.0,1608511378.0,43.0,23.452,-84637000.0,-2.385,1.0,87742000.0,0.651,0.0,42549000.0,2239949000.0,1840630750.0,0.0,103007000.0,,,903829000.0,,,583899378.0,4324000.0,-530972000.0,271544000.0,377681000.0,-34585000.0,601695000.0,-614834000.0,22348000.0,17463000.0,0.0,-4966000.0,-4966000.0,-4966000.0,0.0,0.0,-0.037,55388000.0,32354000.0,13261000.0,-6.514,1.216,-117.579,-110.0,1212678000.0,0.0,15.4,4.334,4.056,23683000.0,-144139000.0,134728000.0,134728000.0,0.0,-0.004,-0.015,0.02,0.279,601000.0,24081000.0,1.0,37915544.0,35481538.0,35481538.0,3.797,1420192000.0,0.0,0.0,0.0,40.026,
63,EXR,MRT,2005-09-30,2005-09-30,2005-09-30,2021-08-06,0.0,1429555000.0,969275500.0,,,0.116,8.041,-107623000.0,29192000.0,29192000.0,40045000.0,-5036000.0,,3.624,1053804000.0,,,1053804000.0,0.0,26207000.0,0.0,0.059,0.912,26310000.0,52517000.0,0.467,52517000.0,26310000.0,-5036000.0,0.77,0.77,0.77,301275000.0,272420250.0,301275000.0,1032806831.0,39.0,19.666,-111244000.0,-2.969,1.0,72457000.0,0.644,0.0,31346000.0,2454167000.0,1578819000.0,0.0,134673000.0,,,1091902000.0,,,574749831.0,-24913000.0,-528725000.0,81330000.0,586723000.0,-29900000.0,621970000.0,-643262000.0,208000.0,-3621000.0,0.0,-5036000.0,-5036000.0,-5036000.0,0.0,0.0,-0.045,46435000.0,26022000.0,2952000.0,1.184,1.908,-114.128,19.974,1200509000.0,0.0,15.38,5.109,5.122,31101000.0,-132115000.0,112502000.0,112502000.0,0.0,-0.005,-0.018,0.017,0.234,416000.0,19205000.0,1.0,37369950.0,37465700.0,37465700.0,3.003,1429555000.0,0.0,0.0,0.0,38.156,
64,EXR,MRT,2005-06-30,2005-06-30,2005-06-30,2021-08-06,0.0,901910000.0,796286750.0,,,0.111,9.697,-329948000.0,101038000.0,101038000.0,33012000.0,-7254000.0,,1.854,559095000.0,,,559095000.0,0.0,21729000.0,0.0,0.055,0.795,20196000.0,41925000.0,0.475,41925000.0,20196000.0,-7254000.0,0.32,0.32,0.32,308923000.0,259855500.0,308923000.0,957952384.0,47.0,22.849,-324732000.0,-10.193,1.0,55312000.0,0.626,0.0,27450000.0,1359967000.0,1253743000.0,0.0,7773000.0,,,572717000.0,,,446665384.0,92267000.0,-854000.0,345833000.0,39138000.0,-24742000.0,271118000.0,-184067000.0,0.0,5216000.0,0.0,-7254000.0,-10197000.0,-10197000.0,0.0,0.0,-0.115,35262000.0,20050000.0,1281000.0,2.484,1.446,-43.804,44.781,763569000.0,2943000.0,14.33,5.057,5.169,3264000.0,-120630000.0,88324000.0,88324000.0,0.0,-0.013,-0.039,0.016,0.229,0.0,12519000.0,1.0,31169950.0,31858839.0,31858839.0,2.772,901910000.0,0.0,0.0,0.0,28.31,
65,EXR,MRT,2005-03-31,2005-03-31,2005-03-31,2021-08-06,0.0,797153000.0,716922500.0,,,0.108,7.567,-315690000.0,17796000.0,17796000.0,30037000.0,-13070000.0,,2.291,529083000.0,,,529083000.0,0.0,18605000.0,0.0,0.042,0.567,15293000.0,33898000.0,0.436,33898000.0,15293000.0,-13070000.0,,,,235876000.0,176958500.0,235876000.0,865012325.0,57.0,25.518,-315621000.0,-10.126,1.0,47665000.0,0.613,0.0,28363000.0,1308440000.0,1164956250.0,0.0,6121000.0,,,540501000.0,,,420794325.0,8704000.0,230000.0,264475000.0,77360000.0,-17651000.0,242747000.0,-234112000.0,0.0,69000.0,0.0,-13070000.0,-16013000.0,-16013000.0,0.0,0.0,-0.206,31923000.0,15742000.0,1619000.0,,1.784,-26.278,,755427000.0,2943000.0,13.5,5.415,5.415,2254000.0,-112319000.0,77702000.0,77702000.0,0.0,-0.022,-0.09,0.013,0.197,0.0,12472000.0,1.0,31169950.0,31169950.0,,2.493,797153000.0,0.0,0.0,0.0,25.574,
66,EXR,MRT,2004-12-31,2004-12-31,2004-12-31,2021-08-06,0.0,748484000.0,566117500.0,,,0.116,15.94,-256114000.0,28759000.0,28759000.0,26066000.0,-18462000.0,,1.984,472977000.0,,,472977000.0,0.0,15552000.0,0.0,0.025,0.339,10029000.0,25581000.0,0.389,25581000.0,10029000.0,-18462000.0,-1.68,-1.68,-1.68,243607000.0,119600000.0,243607000.0,831758434.0,83.0,32.515,-262272000.0,-17.161,1.0,39654000.0,0.603,0.0,28491000.0,1192702000.0,918478500.0,0.0,6182000.0,,,483424000.0,,,415495434.0,12583000.0,424000.0,264475000.0,92237000.0,-10560000.0,280039000.0,-261298000.0,0.0,-6158000.0,0.0,-18462000.0,-25698000.0,-25698000.0,0.0,0.0,-0.391,28756000.0,10898000.0,3444000.0,-0.202,1.706,-16.168,-7.935,696899000.0,7236000.0,13.33,6.322,3.1,2501000.0,-104588000.0,65720000.0,65720000.0,0.0,-0.045,-0.215,0.011,0.153,0.0,12465000.0,1.0,31169950.0,15282725.0,15282725.0,4.3,748484000.0,0.0,0.0,0.0,48.976,
67,EXR,MRT,2004-09-30,2004-09-30,2004-09-30,2021-08-06,0.0,737600000.0,,,,,16.469,,37760000.0,37760000.0,,,,1.851,454023000.0,,,454023000.0,0.0,,0.0,0.009,0.111,,,,,,,,,,251016000.0,,251016000.0,817783862.0,,,,,1.0,,,0.0,,1153863000.0,,0.0,5383000.0,,,464600000.0,,,397416862.0,,,,,,,,,,,,,,,,,,,2949000.0,,1.583,,,679724000.0,,12.75,,,714000.0,-97178000.0,,,,,,,,,,1.0,31169950.0,15241832.0,,,737600000.0,0.0,,0.0,48.393,
68,EXR,MRT,2004-06-30,2004-06-30,2004-06-30,2021-08-06,0.0,584453000.0,,,,,-0.727,,11480000.0,11480000.0,,,,-23.473,431847000.0,,,431847000.0,0.0,,0.0,,0.0,,,,,,,,,,-22665000.0,,-22665000.0,,,,,,1.0,,,0.0,,1004820000.0,,0.0,7541000.0,,,532020000.0,,,,,,,,,,,,,,,,,,,,,,51891000.0,,,,,540861000.0,,,,,13312000.0,-81131000.0,,,,,,,,,,1.0,31169950.0,31169950.0,,,584453000.0,0.0,,0.0,18.751,
69,EXR,MRT,2004-03-31,2004-05-05,2004-05-05,2021-08-06,0.0,1000.0,,,,,,,1000.0,1000.0,,,,0.0,0.0,,,0.0,0.0,,0.0,,,,,,,,,,,,1000.0,,1000.0,,,,,,1.0,,,0.0,,0.0,,0.0,0.0,,,0.0,,,,,,,,,,,,,,,,,,,,,,0.0,,,,,0.0,,,,,0.0,,,,,,,,,,,1.0,31169950.0,,,,1000.0,0.0,,0.0,,
70,EXR,MRT,2003-12-31,2003-12-31,2003-12-31,2021-08-06,0.0,383751000.0,,,,,,3501000.0,13304000.0,13304000.0,19795000.0,-17946000.0,,-77.073,273808000.0,,,273808000.0,0.0,6805000.0,0.0,,0.0,800000.0,7605000.0,0.21,7605000.0,800000.0,-17946000.0,,,,-4407000.0,,-4407000.0,,,,-5806000.0,,1.0,16466000.0,0.454,0.0,18746000.0,644255000.0,,0.0,8438000.0,,,339660000.0,,,,5285000.0,1449000.0,0.0,44710000.0,0.0,72349000.0,-57757000.0,0.0,-9307000.0,0.0,-17946000.0,-17946000.0,-17946000.0,0.0,0.0,-0.495,15102000.0,1364000.0,27142000.0,,,,,354374000.0,0.0,,,,2066000.0,-53414000.0,36261000.0,36261000.0,0.0,,,,0.022,0.0,8297000.0,1.0,,,,,383751000.0,0.0,0.0,0.0,,
71,EXR,MRT,2003-06-30,2003-06-30,2003-06-30,2021-08-06,,,,,,,,,,,,,,,,,,,,,,,0.0,,,,,,,,,,,,,,,,,,1.0,,,,,,,,,,,,,,,,,,,,,,,,,,,,,,,,,,,,,,,,,,,,,,,,,,,,,,1.0,,,,,,,,,,
72,EXR,MRT,2003-03-31,2003-03-31,2003-03-31,2021-08-06,,,,,,,,,,,,,,,,,,,,,,,0.0,,,,,,,,,,,,,,,,,,1.0,,,,,,,,,,,,,,,,,,,,,,,,,,,,,,,,,,,,,,,,,,,,,,,,,,,,,,1.0,,,,,,,,,,
73,EXR,MRT,2002-12-31,2002-12-31,2002-12-31,2021-08-06,,,,,,,,-5390000.0,,,13578000.0,-9542000.0,,,,,,,,5652000.0,,,0.0,4352000.0,10004000.0,0.309,10004000.0,4352000.0,-9542000.0,,,,,,,,,,-5460000.0,,1.0,18808000.0,0.581,,13894000.0,,,,,,,,,,,-773000.0,3583000.0,0.0,47818000.0,0.0,64963000.0,-65666000.0,0.0,-70000.0,0.0,-9542000.0,-9542000.0,-9542000.0,0.0,0.0,-0.295,11568000.0,7240000.0,,,,,,,0.0,,,,,,32386000.0,32386000.0,0.0,,,,0.134,0.0,5916000.0,1.0,,,,,,,0.0,,,
74,EXR,MRT,2001-12-31,2001-12-31,2001-12-31,2021-08-06,,,,,,,,36159000.0,,,10379000.0,-4924000.0,,,,,,,,3105000.0,,,0.0,6553000.0,9658000.0,0.42,9658000.0,6553000.0,-4924000.0,,,,,,,,,,31195000.0,,1.0,12620000.0,0.549,,11477000.0,,,,,,,,,,,5598000.0,2499000.0,0.0,3673000.0,0.0,19446000.0,-8884000.0,0.0,-4964000.0,0.0,-4924000.0,-4924000.0,-4924000.0,0.0,0.0,-0.214,9855000.0,2765000.0,,,,,,,0.0,,,,,,22999000.0,22999000.0,0.0,,,,0.285,0.0,6750000.0,1.0,,,,,,,0.0,,,
