None,ticker,dimension,calendardate,datekey,reportperiod,lastupdated,accoci,assets,assetsavg,assetsc,assetsnc,assetturnover,bvps,capex,cashneq,cashnequsd,cor,consolinc,currentratio,de,debt,debtc,debtnc,debtusd,deferredrev,depamor,deposits,divyield,dps,ebit,ebitda,ebitdamargin,ebitdausd,ebitusd,ebt,eps,epsdil,epsusd,equity,equityavg,equityusd,ev,evebit,evebitda,fcf,fcfps,fxusd,gp,grossmargin,intangibles,intexp,invcap,invcapavg,inventory,investments,investmentsc,investmentsnc,liabilities,liabilitiesc,liabilitiesnc,marketcap,ncf,ncfbus,ncfcommon,ncfdebt,ncfdiv,ncff,ncfi,ncfinv,ncfo,ncfx,netinc,netinccmn,netinccmnusd,netincdis,netincnci,netmargin,opex,opinc,payables,payoutratio,pb,pe,pe1,ppnenet,prefdivis,price,ps,ps1,receivables,retearn,revenue,revenueusd,rnd,roa,roe,roic,ros,sbcomp,sgna,sharefactor,sharesbas,shareswa,shareswadil,sps,tangibles,taxassets,taxexp,taxliabilities,tbvps,workingcapital
0,MAS,ARY,2020-12-31,2021-02-09,2020-12-31,2021-09-07,-142000000,5777000000,5373500000.0,3489000000,2288000000,1.338,0.758,-113000000.0,1326000000,1326000000,4601000000.0,1276000000.0,1.804,27.467,2944000000,3000000,2941000000,2944000000,0,133000000.0,0,0.01,0.55,1637000000.0,1770000000.0,0.246,1770000000.0,1637000000.0,1493000000.0,4.6,4.59,4.6,195000000,-37000000.0,195000000,16092542769,10.0,9.092,840000000.0,3.267,1.0,2587000000.0,0.36,920000000,144000000.0,4541000000,4533750000.0,876000000,0,0,0,5356000000,1934000000,3422000000,14474542769,629000000.0,643000000.0,-701000000.0,8000000.0,-145000000.0,-886000000.0,531000000.0,3000000.0,953000000.0,31000000.0,1224000000.0,1224000000.0,1224000000.0,-414000000.0,52000000.0,0.17,1292000000.0,1295000000.0,893000000,0.12,74.228,11.826,12.237,1074000000,0.0,56.29,2.014,2.014,1138000000,79000000,7188000000.0,7188000000.0,0.0,0.228,-33.081,0.361,0.228,70000000.0,1292000000.0,1.0,257142348,257142348,,27.953,4857000000,0,269000000.0,0,18.888,1555000000
1,MAS,ARY,2019-12-31,2020-02-11,2019-12-31,2021-09-07,-179000000,5027000000,5450500000.0,2711000000,2316000000,1.231,-0.846,-128000000.0,697000000,697000000,4336000000.0,980000000.0,1.751,-21.63,2773000000,2000000,2771000000,2773000000,0,159000000.0,0,0.011,0.51,1324000000.0,1483000000.0,0.221,1483000000.0,1324000000.0,1165000000.0,3.24,3.22,3.24,-235000000,-153750000.0,-235000000,15276749303,12.0,10.301,705000000.0,2.538,1.0,2371000000.0,0.354,768000000,159000000.0,4787000000,5048000000.0,754000000,0,0,0,5083000000,1548000000,3535000000,13200749303,138000000.0,722000000.0,-869000000.0,-211000000.0,-144000000.0,-1291000000.0,582000000.0,1000000.0,833000000.0,14000000.0,935000000.0,935000000.0,935000000.0,-296000000.0,45000000.0,0.139,1283000000.0,1088000000.0,697000000,0.157,-56.173,14.118,14.67,1054000000,0.0,47.53,1.968,1.968,997000000,-332000000,6707000000.0,6707000000.0,0.0,0.172,-6.081,0.262,0.197,58000000.0,1274000000.0,1.0,277735100,277735100,,24.149,4259000000,0,230000000.0,0,15.335,1163000000
2,MAS,ARY,2018-12-31,2019-02-07,2018-12-31,2021-09-07,-127000000,5393000000,5549500000.0,2766000000,2627000000,1.506,-0.377,-205000000.0,559000000,559000000,5670000000.0,784000000.0,1.643,-47.964,2979000000,8000000,2971000000,2979000000,0,156000000.0,0,0.013,0.45,1148000000.0,1304000000.0,0.156,1304000000.0,1148000000.0,992000000.0,2.38,2.37,2.38,-111000000,-45250000.0,-111000000,12880373600,11.0,9.878,827000000.0,2.808,1.0,2689000000.0,0.322,1304000000,156000000.0,4825000000,5027750000.0,946000000,0,0,0,5324000000,1684000000,3640000000,10460373600,-635000000.0,-549000000.0,-640000000.0,-115000000.0,-134000000.0,-1020000000.0,-651000000.0,113000000.0,1032000000.0,4000000.0,734000000.0,734000000.0,734000000.0,0.0,50000000.0,0.088,1478000000.0,1211000000.0,926000000,0.189,-94.238,14.251,14.924,1223000000,0.0,35.52,1.251,1.251,1153000000,-278000000,8359000000.0,8359000000.0,0.0,0.132,-16.221,0.228,0.137,69000000.0,1478000000.0,1.0,294492500,294492500,,28.384,4089000000,0,258000000.0,0,13.885,1082000000
3,MAS,ARY,2017-12-31,2018-02-08,2017-12-31,2021-09-07,-65000000,5488000000,5399750000.0,3215000000,2273000000,1.416,-0.191,-149000000.0,1194000000,1194000000,5033000000.0,580000000.0,1.975,-88.533,3085000000,116000000,2969000000,3085000000,0,127000000.0,0,0.01,0.41,1116000000.0,1243000000.0,0.163,1243000000.0,1116000000.0,838000000.0,1.68,1.66,1.68,-60000000,-154500000.0,-60000000,14646034050,13.0,11.783,602000000.0,1.921,1.0,2611000000.0,0.342,1028000000,278000000.0,4723000000,4864500000.0,796000000,108000000,108000000,0,5312000000,1628000000,3684000000,12755034050,204000000.0,39000000.0,-331000000.0,-49000000.0,-129000000.0,-577000000.0,-25000000.0,119000000.0,751000000.0,55000000.0,533000000.0,533000000.0,533000000.0,0.0,47000000.0,0.07,1442000000.0,1169000000.0,824000000,0.244,-212.584,23.931,24.226,1129000000,0.0,40.7,1.669,1.669,1021000000,-305000000,7644000000.0,7644000000.0,0.0,0.099,-3.45,0.229,0.146,71000000.0,1442000000.0,1.0,313391500,313391500,,24.391,4460000000,0,305000000.0,0,14.231,1587000000
4,MAS,ARY,2016-12-31,2017-02-09,2016-12-31,2021-09-07,-235000000,5137000000,5597000000.0,2934000000,2203000000,1.314,-0.93,-180000000.0,990000000,990000000,4901000000.0,534000000.0,2.01,-17.584,2997000000,2000000,2995000000,2997000000,0,134000000.0,0,0.012,0.39,1016000000.0,1150000000.0,0.156,1150000000.0,1016000000.0,787000000.0,1.49,1.47,1.49,-298000000,-159750000.0,-298000000,12596789118,12.0,10.954,546000000.0,1.705,1.0,2456000000.0,0.334,986000000,229000000.0,4698000000,4784750000.0,712000000,201000000,201000000,0,5240000000,1460000000,3780000000,10589789118,-478000000.0,0.0,-458000000.0,-452000000.0,-128000000.0,-1046000000.0,-124000000.0,72000000.0,726000000.0,-34000000.0,491000000.0,491000000.0,491000000.0,0.0,43000000.0,0.067,1403000000.0,1053000000.0,800000000,0.262,-35.536,21.568,22.188,1060000000,0.0,33.06,1.439,1.439,917000000,-381000000,7357000000.0,7357000000.0,0.0,0.088,-3.074,0.212,0.138,29000000.0,1403000000.0,1.0,320320300,320320300,,22.968,4151000000,0,296000000.0,0,12.959,1474000000
5,MAS,ARY,2015-12-31,2016-02-12,2015-12-31,2021-09-07,-165000000,5680000000,6186000000.0,3328000000,2352000000,1.155,-0.404,-140000000.0,1468000000,1468000000,4889000000.0,394000000.0,1.328,-41.644,3423000000,1005000000,2418000000,3423000000,0,133000000.0,0,0.014,0.37,873000000.0,1006000000.0,0.141,1006000000.0,873000000.0,648000000.0,1.03,1.02,1.03,-135000000,107000000.0,-135000000,10577113912,12.0,10.514,559000000.0,1.674,1.0,2253000000.0,0.315,999000000,225000000.0,4130000000,5101250000.0,687000000,248000000,248000000,0,5622000000,2506000000,3116000000,8622113912,85000000.0,-41000000.0,-454000000.0,197000000.0,-126000000.0,-410000000.0,-189000000.0,35000000.0,699000000.0,-15000000.0,355000000.0,355000000.0,355000000.0,2000000.0,39000000.0,0.05,1339000000.0,914000000.0,749000000,0.359,-63.868,24.288,25.068,1027000000,0.0,25.82,1.207,1.207,853000000,-300000000,7142000000.0,7142000000.0,0.0,0.057,3.318,0.171,0.122,41000000.0,1339000000.0,1.0,333931600,333931600,,21.388,4681000000,0,293000000.0,0,14.018,822000000
6,MAS,ARY,2014-12-31,2015-02-13,2014-12-31,2021-09-07,-111000000,7167000000,7161750000.0,3863000000,3304000000,1.19,2.643,-112000000.0,1383000000,1383000000,6134000000.0,903000000.0,1.747,6.536,3424000000,505000000,2919000000,3424000000,0,167000000.0,0,0.013,0.345,748000000.0,915000000.0,0.107,915000000.0,748000000.0,523000000.0,2.4,2.38,2.4,924000000,829750000.0,924000000,11286454670,15.0,12.335,490000000.0,1.402,1.0,2387000000.0,0.28,2029000000,225000000.0,4968000000,5151250000.0,819000000,306000000,306000000,0,6039000000,2211000000,3828000000,9245454670,160000000.0,-2000000.0,-157000000.0,-2000000.0,-117000000.0,-297000000.0,-100000000.0,43000000.0,602000000.0,-45000000.0,856000000.0,856000000.0,856000000.0,5000000.0,47000000.0,0.1,1599000000.0,788000000.0,950000000,0.144,10.006,10.801,11.021,1139000000,0.0,26.45,1.085,1.085,1040000000,690000000,8521000000.0,8521000000.0,0.0,0.12,1.032,0.145,0.088,47000000.0,1607000000.0,1.0,349544600,349544600,,24.377,5138000000,244000000,-333000000.0,106000000,14.699,1652000000
7,MAS,ARY,2013-12-31,2014-02-14,2013-12-31,2021-09-07,115000000,6933000000,6958250000.0,3468000000,3465000000,1.175,1.501,-99000000.0,1223000000,1223000000,5918000000.0,313000000.0,1.946,11.533,3427000000,6000000,3421000000,3427000000,0,186000000.0,0,0.013,0.3,618000000.0,804000000.0,0.098,804000000.0,618000000.0,383000000.0,0.76,0.76,0.76,535000000,411750000.0,535000000,10208838332,17.0,12.698,546000000.0,1.532,1.0,2255000000.0,0.276,2052000000,235000000.0,5303000000,5432500000.0,765000000,321000000,321000000,0,6170000000,1782000000,4388000000,8004838332,183000000.0,10000000.0,-35000000.0,-202000000.0,-107000000.0,-382000000.0,-77000000.0,17000000.0,645000000.0,-3000000.0,272000000.0,272000000.0,272000000.0,10000000.0,41000000.0,0.033,1582000000.0,673000000.0,902000000,0.395,14.962,29.43,29.553,1252000000,0.0,22.46,0.979,0.979,1004000000,55000000,8173000000.0,8173000000.0,0.0,0.039,0.661,0.114,0.076,54000000.0,1582000000.0,1.0,356404200,356404200,,22.932,4881000000,0,111000000.0,967000000,13.695,1686000000
8,MAS,ARY,2012-12-31,2013-02-15,2012-12-31,2021-09-07,59000000,6875000000,7350000000.0,3217000000,3658000000,1.054,0.903,-52000000.0,1351000000,1351000000,5794000000.0,-79000000.0,1.728,19.693,3628000000,206000000,3422000000,3628000000,0,214000000.0,0,0.015,0.3,223000000.0,437000000.0,0.056,437000000.0,223000000.0,-31000000.0,-0.33,-0.33,-0.33,322000000,444250000.0,322000000,9408346000,42.0,21.529,229000000.0,0.642,1.0,1951000000.0,0.252,2045000000,254000000.0,5245000000,5548000000.0,792000000,0,0,0,6341000000,1862000000,4479000000,7131346000,-305000000.0,9000000.0,-8000000.0,-396000000.0,-107000000.0,-576000000.0,-27000000.0,40000000.0,281000000.0,17000000.0,-114000000.0,-114000000.0,-114000000.0,38000000.0,35000000.0,-0.015,1680000000.0,271000000.0,819000000,-0.909,22.147,-62.556,-60.606,1429000000,0.0,20.0,0.921,0.921,965000000,-102000000,7745000000.0,7745000000.0,0.0,-0.016,-0.257,0.04,0.029,61000000.0,1561000000.0,1.0,356567300,356567300,,21.721,4830000000,0,83000000.0,1057000000,13.546,1355000000
9,MAS,ARY,2011-12-31,2012-02-21,2011-12-31,2021-09-07,76000000,7297000000,8043250000.0,3429000000,3868000000,0.928,1.475,-127000000.0,1656000000,1656000000,5683000000.0,-533000000.0,1.451,12.438,4025000000,803000000,3222000000,4025000000,0,263000000.0,0,0.025,0.3,-370000000.0,-107000000.0,-0.014,-107000000.0,-370000000.0,-624000000.0,-1.66,-1.66,-1.66,527000000,1108750000.0,527000000,6574353911,-18.0,-61.443,112000000.0,0.313,1.0,1784000000.0,0.239,2087000000,254000000.0,5216000000,5925500000.0,769000000,0,0,0,6555000000,2363000000,4192000000,4205353911,-59000000.0,-10000000.0,-30000000.0,-63000000.0,-107000000.0,-219000000.0,-61000000.0,94000000.0,239000000.0,-18000000.0,-575000000.0,-575000000.0,-575000000.0,110000000.0,42000000.0,-0.077,2079000000.0,-295000000.0,770000000,-0.181,7.98,-7.314,-7.09,1567000000,0.0,11.77,0.563,0.563,914000000,38000000,7467000000.0,7467000000.0,0.0,-0.071,-0.519,-0.062,-0.05,61000000.0,1585000000.0,1.0,357294300,357294300,,20.899,5210000000,0,-49000000.0,970000000,14.582,1066000000
10,MAS,ARY,2010-12-31,2011-02-18,2010-12-31,2021-09-07,273000000,8140000000,8967500000.0,3464000000,4676000000,0.847,3.865,-119000000.0,1715000000,1715000000,5752000000.0,-1002000000.0,2.33,4.738,4098000000,66000000,4032000000,4098000000,0,279000000.0,0,0.023,0.3,-567000000.0,-288000000.0,-0.038,-288000000.0,-567000000.0,-818000000.0,-3.0,-3.0,-3.0,1384000000,2213500000.0,1384000000,7145902900,-13.0,-24.812,346000000.0,0.966,1.0,1840000000.0,0.242,2652000000,251000000.0,6384000000,6843500000.0,732000000,0,0,0,6558000000,1487000000,5071000000,4762902900,302000000.0,0.0,-45000000.0,133000000.0,-108000000.0,-40000000.0,-109000000.0,42000000.0,465000000.0,-14000000.0,-1043000000.0,-1043000000.0,-1043000000.0,0.0,41000000.0,-0.137,2339000000.0,-499000000.0,602000000,-0.1,3.441,-4.567,-4.433,1737000000,0.0,13.3,0.627,0.627,888000000,720000000,7592000000.0,7592000000.0,0.0,-0.116,-0.471,-0.083,-0.075,62000000.0,1618000000.0,1.0,358113000,358113000,,21.2,5488000000,0,225000000.0,1039000000,15.325,1977000000
11,MAS,ARY,2009-12-31,2010-02-16,2009-12-31,2021-09-07,366000000,9175000000,9373250000.0,3451000000,5724000000,0.831,7.328,-102000000.0,1413000000,1413000000,5774000000.0,-145000000.0,1.938,2.418,3968000000,364000000,3604000000,3968000000,0,254000000.0,0,0.021,0.3,-7000000.0,247000000.0,0.032,247000000.0,-7000000.0,-232000000.0,-0.53,-0.53,-0.53,2629000000,2767250000.0,2629000000,7577892000,-1083.0,30.68,603000000.0,1.681,1.0,2018000000.0,0.259,3398000000,225000000.0,6551000000,6833750000.0,743000000,0,0,0,6358000000,1781000000,4577000000,5022892000,385000000.0,0.0,-11000000.0,-11000000.0,-166000000.0,-197000000.0,-118000000.0,11000000.0,705000000.0,-5000000.0,-183000000.0,-183000000.0,-183000000.0,43000000.0,38000000.0,-0.023,1963000000.0,55000000.0,578000000,-0.566,1.911,-27.447,-26.415,1981000000,0.0,14.0,0.645,0.645,983000000,1871000000,7792000000.0,7792000000.0,0.0,-0.02,-0.066,-0.001,-0.001,69000000.0,1701000000.0,1.0,358778000,358778000,,21.718,5777000000,0,-49000000.0,973000000,16.102,1670000000
12,MAS,ARY,2008-12-31,2009-02-17,2008-12-31,2021-09-07,333000000,9483000000,10475500000.0,3300000000,6183000000,0.916,7.917,-199000000.0,1028000000,1028000000,7224000000.0,-391000000.0,2.133,2.332,3986000000,71000000,3915000000,3986000000,0,238000000.0,0,0.156,0.93,-31000000.0,207000000.0,0.022,207000000.0,-31000000.0,-259000000.0,-1.11,-1.11,-1.11,2846000000,3635500000.0,2846000000,5100620000,-165.0,24.641,598000000.0,1.663,1.0,2376000000.0,0.247,3670000000,228000000.0,7224000000,7740500000.0,941000000,0,0,0,6637000000,1547000000,5090000000,2142620000,106000000.0,158000000.0,-160000000.0,-133000000.0,-336000000.0,-632000000.0,-13000000.0,58000000.0,797000000.0,-46000000.0,-391000000.0,-391000000.0,-391000000.0,9000000.0,0.0,-0.041,2302000000.0,74000000.0,531000000,-0.838,0.753,-5.48,-5.369,2136000000,0.0,5.96,0.223,0.223,999000000,2162000000,9600000000.0,9600000000.0,0.0,-0.037,-0.108,-0.004,-0.003,74000000.0,1835000000.0,1.0,359500000,359500000,,26.704,5813000000,0,132000000.0,1175000000,16.17,1753000000
13,MAS,ARY,2007-12-31,2008-02-22,2007-12-31,2021-09-07,697000000,10907000000,11394250000.0,3808000000,7099000000,1.033,11.036,-203000000.0,922000000,922000000,8559000000.0,386000000.0,1.996,1.71,4088000000,122000000,3966000000,4088000000,0,248000000.0,0,0.048,0.92,980000000.0,1228000000.0,0.104,1228000000.0,980000000.0,722000000.0,1.05,1.03,1.05,4025000000,4158750000.0,4025000000,10193769000,10.0,8.301,1067000000.0,2.926,1.0,3211000000.0,0.273,4261000000,258000000.0,7904000000,8169750000.0,1126000000,0,0,0,6882000000,1908000000,4974000000,7027769000,-1036000000.0,-158000000.0,-797000000.0,-881000000.0,-347000000.0,-2006000000.0,-347000000.0,108000000.0,1270000000.0,47000000.0,386000000.0,386000000.0,386000000.0,11000000.0,0.0,0.033,2252000000.0,959000000.0,714000000,0.876,1.746,18.207,18.352,2367000000,0.0,19.27,0.597,0.597,1405000000,2969000000,11770000000.0,11770000000.0,0.0,0.034,0.093,0.12,0.083,94000000.0,2025000000.0,1.0,364700000,364700000,,32.273,6646000000,0,336000000.0,1008000000,18.223,1900000000
14,MAS,ARY,2006-12-31,2007-02-27,2006-12-31,2021-09-07,512000000,12325000000,11913750000.0,5115000000,7210000000,1.073,11.417,-372000000.0,1958000000,1958000000,9259000000.0,488000000.0,1.509,1.757,4979000000,1446000000,3533000000,4979000000,0,244000000.0,0,0.029,0.88,1140000000.0,1384000000.0,0.108,1384000000.0,1140000000.0,900000000.0,1.24,1.22,1.24,4471000000,4619250000.0,4471000000,14796412000,13.0,10.691,836000000.0,2.135,1.0,3519000000.0,0.275,4263000000,240000000.0,7694000000,7214500000.0,1263000000,0,0,0,7854000000,3389000000,4465000000,11775412000,-6000000.0,132000000.0,-826000000.0,151000000.0,-349000000.0,-1006000000.0,-226000000.0,71000000.0,1208000000.0,18000000.0,488000000.0,488000000.0,488000000.0,-30000000.0,0.0,0.038,2393000000.0,1126000000.0,815000000,0.71,2.634,24.13,24.25,2363000000,0.0,30.07,0.922,0.922,1613000000,3575000000,12778000000.0,12778000000.0,0.0,0.041,0.106,0.158,0.089,100000000.0,2063000000.0,1.0,391600000,391600000,,32.63,8062000000,0,412000000.0,932000000,20.587,1726000000
15,MAS,ARY,2005-12-31,2006-03-02,2005-12-31,2021-09-07,328000000,12559000000,12487250000.0,5123000000,7436000000,1.012,11.645,-282000000.0,1964000000,1964000000,9033000000.0,940000000.0,1.77,1.591,4747000000,832000000,3915000000,4747000000,0,241000000.0,0,0.026,0.8,1705000000.0,1946000000.0,0.154,1946000000.0,1705000000.0,1458000000.0,2.23,2.19,2.23,4848000000,4958000000.0,4848000000,15746582000,9.0,8.092,1092000000.0,2.623,1.0,3609000000.0,0.285,4478000000,247000000.0,7970000000,8061000000.0,1127000000,0,0,0,7711000000,2894000000,4817000000,12963582000,670000000.0,291000000.0,-953000000.0,407000000.0,-339000000.0,-885000000.0,186000000.0,193000000.0,1374000000.0,-5000000.0,940000000.0,940000000.0,940000000.0,-68000000.0,0.0,0.074,2032000000.0,1577000000.0,837000000,0.359,2.674,13.791,13.964,2173000000,0.0,31.14,1.025,1.025,1716000000,4286000000,12642000000.0,12642000000.0,0.0,0.075,0.19,0.212,0.135,0.0,1969000000.0,1.0,416300000,416300000,,30.368,8081000000,0,518000000.0,902000000,19.411,2229000000
16,MAS,ARY,2004-12-31,2005-03-16,2004-12-31,2021-09-07,627000000,12541000000,12364000000.0,4402000000,8139000000,0.977,12.181,-310000000.0,1256000000,1256000000,8356000000.0,893000000.0,2.05,1.313,4267000000,80000000,4187000000,4267000000,0,237000000.0,0,0.02,0.68,1679000000.0,1916000000.0,0.159,1916000000.0,1679000000.0,1462000000.0,2.01,1.96,2.01,5423000000,5203000000.0,5423000000,18103280000,11.0,9.448,1144000000.0,2.57,1.0,3718000000.0,0.308,4734000000,217000000.0,8671000000,9043250000.0,1132000000,0,0,0,7118000000,2147000000,4971000000,15092280000,499000000.0,118000000.0,-845000000.0,-13000000.0,-302000000.0,-1145000000.0,161000000.0,330000000.0,1454000000.0,29000000.0,893000000.0,893000000.0,893000000.0,37000000.0,0.0,0.074,2149000000.0,1569000000.0,837000000,0.338,2.783,16.901,16.866,2272000000,0.0,33.9,1.25,1.25,1732000000,3880000000,12074000000.0,12074000000.0,0.0,0.072,0.172,0.186,0.139,0.0,2011000000.0,1.0,445200000,445200000,,27.12,7807000000,0,569000000.0,740000000,17.536,2255000000
17,MAS,ARY,2003-12-31,2004-02-27,2003-12-31,2021-09-07,421000000,12149000000,12149970000.0,3804000000,8345000000,0.9,12.059,-271000000.0,795000000,795000000,7586000000.0,806000000.0,1.812,1.227,4182000000,334000000,3848000000,4182000000,0,244000000.0,0,0.021,0.6,1531000000.0,1775000000.0,0.162,1775000000.0,1531000000.0,1269000000.0,1.68,1.64,1.68,5456000000,5341830000.0,5456000000,16073978400,10.0,9.056,1150000000.0,2.542,1.0,3350000000.0,0.306,4835000000,262000000.0,8602000000,8725327500.0,1019000000,0,0,0,6693000000,2099000000,4594000000,12686978400,-272000000.0,45000000.0,-742000000.0,-541000000.0,-286000000.0,-1617000000.0,-128000000.0,149000000.0,1421000000.0,52000000.0,806000000.0,806000000.0,806000000.0,-66000000.0,0.0,0.074,1926000000.0,1424000000.0,715000000,0.357,2.325,15.741,16.69,2339000000,0.0,28.04,1.16,1.16,1674000000,3299000000,10936000000.0,10936000000.0,0.0,0.066,0.151,0.175,0.14,0.0,1856000000.0,1.0,452460000,452460000,,24.17,7314000000,0,463000000.0,746000000,16.165,1705000000
18,MAS,ARY,2002-12-31,2003-03-14,2002-12-31,2021-09-07,-21700000,12050430000,10811347500.0,3949770000,8100660000,0.871,10.842,-284670000.0,1066570000,1066570000,6450590000.0,589700000.0,2.044,1.276,4637650000,321180000,4316470000,4637650000,0,220300000.0,0,0.031,0.55,1175530000.0,1395830000.0,0.148,1395830000.0,1175530000.0,938600000.0,1.22,1.15,1.22,5293840000,4986020000.0,5293840000,12330697620,10.0,8.834,940180000.0,1.926,1.0,2968810000.0,0.315,4651020000,236930000.0,9038040000,8496562500.0,1055620000,67810000,0,67810000,6756590000,1932450000,4824140000,8759617620,754580000.0,-715070000.0,432100000.0,634410000.0,-267880000.0,767370000.0,-1296180000.0,-326940000.0,1224850000.0,58540000.0,589700000.0,589700000.0,589700000.0,0.0,0.0,0.063,1637710000.0,1331100000.0,541590000,0.451,1.655,14.854,14.705,2315060000,0.0,17.94,0.93,0.93,1546360000,2783490000,9419400000.0,9419400000.0,0.0,0.055,0.118,0.138,0.125,0.0,1506540000.0,1.0,488273000,488273000,,19.291,7399410000,0,348900000.0,507670000,15.154,2017320000
19,MAS,ARY,2001-12-31,2002-03-28,2001-12-31,2021-09-07,-188290000,9183330000,8948780000.0,2626920000,6556410000,0.934,8.961,-274430000.0,311990000,311990000,5806800000.0,198500000.0,2.124,1.229,3757490000,129860000,3627630000,3757490000,0,269490000.0,0,0.019,0.53,540030000.0,809520000.0,0.097,809520000.0,540030000.0,300700000.0,0.43,0.42,0.43,4119830000,3907607500.0,4119830000,16065664950,30.0,19.846,692210000.0,1.506,1.0,2551200000.0,0.305,3522670000,239330000.0,7869600000,8374080000.0,913100000,224130000,0,224130000,5063500000,1236560000,3826940000,12620164950,142560000.0,-356970000.0,-66990000.0,201630000.0,-243810000.0,-157510000.0,-666570000.0,-32360000.0,966640000.0,0.0,198500000.0,198500000.0,198500000.0,0.0,0.0,0.024,1511400000.0,1039800000.0,322280000,1.233,3.063,63.578,63.837,2016730000,0.0,27.45,1.51,1.51,1204210000,2468230000,8358000000.0,8358000000.0,0.0,0.022,0.051,0.064,0.065,0.0,1418200000.0,1.0,459751000,459751000,,18.179,5660660000,0,102200000.0,199310000,12.312,1390360000
20,MAS,ARY,2000-12-31,2001-03-29,2000-12-31,2021-09-07,-169750000,7744000000,7646782500.0,2308160000,5435840000,0.947,7.462,-388030000.0,169430000,169430000,4898160000.0,591700000.0,2.141,1.26,3229190000,210950000,3018240000,3229190000,0,238330000.0,0,0.022,0.5,1084780000.0,1323110000.0,0.183,1323110000.0,1084780000.0,893400000.0,1.34,1.31,1.34,3426060000,3413027500.0,3426060000,13665894000,13.0,10.329,345810000.0,0.753,1.0,2344840000.0,0.324,2190770000,191380000.0,7534940000,7032610000.0,912960000,621130000,0,621130000,4317940000,1078050000,3239890000,10606134000,-61350000.0,-531640000.0,-63600000.0,702010000.0,-218680000.0,379920000.0,-1175110000.0,0.0,733840000.0,0.0,591700000.0,591700000.0,591700000.0,0.0,0.0,0.082,1378140000.0,966700000.0,250460000,0.373,3.096,17.925,17.239,1906840000,0.0,23.1,1.464,1.464,1099150000,2519940000,7243000000.0,7243000000.0,0.0,0.077,0.173,0.154,0.15,0.0,1221940000.0,1.0,459140000,459140000,,15.775,5553230000,0,301700000.0,221650000,12.095,1230110000
21,MAS,ARY,1999-12-31,2000-03-30,1999-12-31,2021-09-07,-60520000,6634920000,5955802500.0,2109780000,4525140000,1.059,7.011,-350850000.0,230780000,230780000,3995530000.0,569600000.0,2.493,1.115,2493570000,62300000,2431270000,2493570000,0,181820000.0,0,0.016,0.46,1024520000.0,1206340000.0,0.191,1206340000.0,1024520000.0,904100000.0,1.31,1.28,1.31,3136500000,2922662500.0,3136500000,11993348500,12.0,9.942,139760000.0,0.312,1.0,2311470000.0,0.366,1742930000,120420000.0,6308350000,5497560000.0,769870000,684750000,0,684750000,3498420000,846430000,2651990000,9730558500,-322370000.0,-794950000.0,-99600000.0,578990000.0,-164990000.0,319050000.0,-1132030000.0,0.0,490610000.0,0.0,569600000.0,569600000.0,569600000.0,0.0,0.0,0.09,1400070000.0,911400000.0,243810000,0.267,3.102,17.083,16.603,1624360000,0.0,21.75,1.543,1.543,1002630000,2151520000,6307000000.0,6307000000.0,0.0,0.096,0.195,0.186,0.162,0.0,1354640000.0,1.0,447382000,447382000,,14.098,4891990000,0,334500000.0,220720000,10.935,1263350000
22,MAS,ARY,1998-12-31,1999-03-26,1998-12-31,2021-09-07,-16570000,5167350000,4833090000.0,1862620000,3304730000,0.899,8.043,-188960000.0,541740000,541740000,2793990000.0,476000000.0,2.2,0.894,1645430000,254010000,1391420000,1645430000,0,136320000.0,0,0.022,0.6,840260000.0,976580000.0,0.225,976580000.0,840260000.0,755000000.0,1.44,1.39,1.44,2728580000,2620885000.0,2728580000,10432570000,12.0,10.683,230130000.0,0.678,1.0,1551010000.0,0.357,1036290000,85260000.0,4388170000,4241225000.0,558990000,659490000,0,659490000,2438770000,846580000,1592190000,9328880000,100410000.0,-185240000.0,-90130000.0,327680000.0,-145290000.0,92260000.0,-410940000.0,0.0,419090000.0,0.0,476000000.0,476000000.0,476000000.0,0.0,0.0,0.11,870510000.0,680500000.0,171250000,0.417,3.419,19.598,19.097,1164250000,0.0,27.5,2.147,2.147,700130000,2111760000,4345000000.0,4345000000.0,0.0,0.098,0.182,0.198,0.193,0.0,842000000.0,1.0,339232000,339232000,,12.808,4131060000,0,279000000.0,200770000,12.178,1016040000
23,MAS,ARY,1997-12-31,1998-03-27,1997-12-31,2021-09-07,-25480000,4333760000,4009450000.0,1626720000,2707040000,0.938,6.57,-167400000.0,441330000,441330000,2378250000.0,382400000.0,2.624,0.944,1389930000,68460000,1321470000,1389930000,0,116050000.0,0,0.014,0.41,710750000.0,826800000.0,0.22,826800000.0,710750000.0,630900000.0,1.195,1.15,1.195,2229020000,2052892500.0,2229020000,10809439069,15.0,13.074,237630000.0,0.7,1.0,1381750000.0,0.367,729190000,79850000.0,3933170000,3780885000.0,515000000,621220000,0,621220000,2104740000,620000000,1484740000,9860839069,-32400000.0,-141340000.0,0.0,7890000.0,-131680000.0,-123790000.0,-313640000.0,0.0,405030000.0,0.0,382400000.0,382400000.0,382400000.0,0.0,0.0,0.102,794650000.0,587100000.0,166310000,0.343,4.424,25.787,24.322,1037320000,0.0,29.065,2.623,2.623,559050000,1784370000,3760000000.0,3760000000.0,0.0,0.095,0.186,0.188,0.189,0.0,775930000.0,1.0,339268504,339268504,,11.083,3604570000,0,248500000.0,163270000,10.625,1006720000
24,MAS,ARY,1996-12-31,1997-03-28,1996-12-31,2021-09-07,2520000,3701650000,,1429770000,2271880000,,5.722,-138540000.0,473730000,473730000,2048070000.0,295200000.0,2.758,1.012,1243910000,7590000,1236320000,1243910000,0,99680000.0,0,0.022,0.39,577380000.0,677060000.0,0.209,677060000.0,577380000.0,502700000.0,0.92,,0.92,1839810000,,1839810000,6458043365,11.0,9.538,201600000.0,0.627,1.0,1188930000.0,0.367,457350000,74680000.0,3496040000,,411940000,424170000,0,424170000,1861840000,518440000,1343400000,5687863365,413260000.0,649520000.0,0.0,-368160000.0,-123530000.0,-491690000.0,564810000.0,0.0,340140000.0,0.0,295200000.0,295200000.0,295200000.0,0.0,0.0,0.091,708430000.0,480500000.0,149500000,0.424,3.092,19.268,19.228,940590000,0.0,17.69,1.757,1.757,618280000,1536410000,3237000000.0,3237000000.0,0.0,,,,0.178,0.0,696290000.0,1.0,321529868,321529868,,10.067,3244300000,0,207500000.0,107080000,10.09,911330000
0,MAS,ARQ,2021-06-30,2021-07-29,2021-06-30,2021-09-07,239000000,5423000000,,3259000000,2164000000,,-0.623,-23000000.0,769000000,769000000,1388000000.0,-15000000.0,1.833,-34.662,3112000000,10000000,3102000000,3112000000,0,0.0,0,0.009,0.235,1000000.0,1000000.0,0.0,1000000.0,1000000.0,-24000000.0,-0.14,-0.14,-0.14,-154000000,,-154000000,16841579116,16.0,14.382,264000000.0,1.068,1.0,791000000.0,0.363,964000000,25000000.0,5024000000,,1021000000,0,0,0,5338000000,1778000000,3560000000,14498579116,-71000000.0,4000000.0,-446000000.0,-1000000.0,-60000000.0,-550000000.0,147000000.0,167000000.0,287000000.0,4000000.0,-36000000.0,-36000000.0,-36000000.0,0.0,21000000.0,-0.017,354000000.0,437000000.0,1021000000,-1.679,-94.147,27.459,29.33,1065000000,0.0,58.66,1.814,1.814,1352000000,-640000000,2179000000.0,2179000000.0,0.0,,,,,0.0,354000000.0,1.0,247162958,247162958,,8.816,4459000000,0,12000000.0,0,18.041,1481000000
1,MAS,ARQ,2021-03-31,2021-04-28,2021-03-31,2021-09-07,-154000000,5574000000,,3206000000,2368000000,,-0.067,-30000000.0,838000000,838000000,1270000000.0,114000000.0,1.834,-313.647,3118000000,6000000,3112000000,3118000000,0,0.0,0,0.006,0.0,339000000.0,339000000.0,0.172,339000000.0,339000000.0,137000000.0,0.34,0.34,0.34,-17000000,,-17000000,18519756669,13.0,12.257,293000000.0,1.155,1.0,700000000.0,0.355,966000000,202000000.0,5140000000,,948000000,0,0,0,5332000000,1748000000,3584000000,16239756669,-486000000.0,0.0,-303000000.0,-6000000.0,-36000000.0,-359000000.0,-25000000.0,1000000.0,323000000.0,-13000000.0,94000000.0,94000000.0,94000000.0,0.0,20000000.0,0.048,335000000.0,365000000.0,925000000,0.0,-955.28,20.609,21.401,1067000000,0.0,63.99,2.143,2.143,1305000000,-116000000,1970000000.0,1970000000.0,0.0,,,,,0.0,335000000.0,1.0,253785852,253785852,,7.762,4608000000,0,43000000.0,0,18.157,1458000000
2,MAS,ARQ,2020-12-31,2021-02-09,2020-12-31,2021-09-07,-142000000,5777000000,,3489000000,2288000000,,0.758,-41000000.0,1326000000,1326000000,1200000000.0,211000000.0,1.804,27.467,2944000000,3000000,2941000000,2944000000,0,133000000.0,0,0.01,0.14,296000000.0,429000000.0,0.231,429000000.0,296000000.0,262000000.0,0.75,0.74,0.75,195000000,,195000000,16092542769,10.0,9.092,322000000.0,1.252,1.0,660000000.0,0.355,920000000,34000000.0,4541000000,,876000000,0,0,0,5356000000,1934000000,3422000000,14474542769,0.0,-201000000.0,-125000000.0,-3000000.0,-37000000.0,-165000000.0,-239000000.0,1000000.0,363000000.0,24000000.0,195000000.0,195000000.0,195000000.0,-3000000.0,16000000.0,0.105,353000000.0,307000000.0,893000000,0.187,74.228,11.826,12.237,1074000000,0.0,56.29,2.014,2.014,1138000000,79000000,1860000000.0,1860000000.0,0.0,,,,,70000000.0,353000000.0,1.0,257142348,257142348,,7.233,4857000000,0,67000000.0,0,18.888,1555000000
3,MAS,ARQ,2020-09-30,2020-10-28,2020-09-30,2021-09-07,-156000000,5575000000,,3487000000,2088000000,,0.539,-27000000.0,1326000000,1326000000,1231000000.0,293000000.0,2.007,37.121,2935000000,5000000,2930000000,2935000000,0,0.0,0,0.01,0.14,402000000.0,402000000.0,0.203,402000000.0,402000000.0,362000000.0,1.05,1.05,1.05,141000000,,141000000,15679312659,8.0,7.758,280000000.0,1.07,1.0,752000000.0,0.379,781000000,40000000.0,4666000000,,811000000,0,0,0,5234000000,1737000000,3497000000,14070312659,237000000.0,3000000.0,5000000.0,6000000.0,-35000000.0,-27000000.0,-29000000.0,1000000.0,307000000.0,10000000.0,275000000.0,275000000.0,275000000.0,0.0,18000000.0,0.139,328000000.0,424000000.0,933000000,0.133,99.789,9.494,9.939,1034000000,0.0,53.77,2.252,2.252,1262000000,15000000,1983000000.0,1983000000.0,0.0,,,,,0.0,328000000.0,1.0,261675891,261675891,,7.578,4794000000,0,87000000.0,0,18.32,1750000000
4,MAS,ARQ,2020-06-30,2020-07-30,2020-06-30,2021-09-07,-184000000,5302000000,,3225000000,2077000000,,-0.52,-21000000.0,1089000000,1089000000,1136000000.0,234000000.0,1.497,-38.713,2929000000,407000000,2522000000,2929000000,0,0.0,0,0.009,0.135,341000000.0,341000000.0,0.193,341000000.0,341000000.0,306000000.0,0.85,0.85,0.85,-136000000,,-136000000,16755172754,10.0,9.023,255000000.0,0.975,1.0,628000000.0,0.356,780000000,35000000.0,4208000000,,750000000,0,0,0,5265000000,2154000000,3111000000,14915172754,322000000.0,12000000.0,1000000.0,3000000.0,-36000000.0,-55000000.0,-8000000.0,0.0,276000000.0,3000000.0,224000000.0,224000000.0,224000000.0,-14000000.0,10000000.0,0.127,289000000.0,339000000.0,845000000,0.159,-109.67,11.189,11.881,1024000000,0.0,57.03,2.401,2.401,1308000000,-223000000,1764000000.0,1764000000.0,0.0,,,,,0.0,289000000.0,1.0,261532049,261532049,,6.745,4522000000,0,82000000.0,0,17.29,1071000000
5,MAS,ARQ,2020-03-31,2020-04-29,2020-03-31,2021-09-07,-199000000,4840000000,,2745000000,2095000000,,-1.319,-24000000.0,767000000,767000000,1034000000.0,538000000.0,1.825,-14.382,2933000000,5000000,2928000000,2933000000,0,0.0,0,0.013,0.135,598000000.0,598000000.0,0.378,598000000.0,598000000.0,563000000.0,1.93,1.92,1.93,-348000000,,-348000000,13111847980,8.0,6.93,-17000000.0,-0.064,1.0,547000000.0,0.346,782000000,35000000.0,4720000000,,756000000,0,0,0,5005000000,1504000000,3501000000,10945847980,70000000.0,829000000.0,-582000000.0,2000000.0,-37000000.0,-639000000.0,807000000.0,1000000.0,7000000.0,-6000000.0,530000000.0,530000000.0,530000000.0,-397000000.0,8000000.0,0.335,322000000.0,225000000.0,743000000,0.07,-31.454,8.114,8.7,1032000000,0.0,41.5,1.628,1.628,1142000000,-412000000,1581000000.0,1581000000.0,0.0,,,,,0.0,322000000.0,1.0,263755373,263755373,,5.994,4058000000,0,33000000.0,0,15.385,1241000000
6,MAS,ARQ,2019-12-31,2020-02-11,2019-12-31,2021-09-07,-179000000,5027000000,,2711000000,2316000000,,-0.846,-32000000.0,697000000,697000000,523000000.0,463000000.0,1.751,-21.63,2773000000,2000000,2771000000,2773000000,0,159000000.0,0,0.011,0.135,521000000.0,680000000.0,0.739,680000000.0,521000000.0,481000000.0,1.58,1.57,1.58,-235000000,,-235000000,15276749303,12.0,10.301,47000000.0,0.169,1.0,397000000.0,0.432,768000000,40000000.0,4787000000,,754000000,0,0,0,5083000000,1548000000,3535000000,13200749303,217000000.0,720000000.0,-452000000.0,-208000000.0,-39000000.0,-701000000.0,686000000.0,0.0,79000000.0,4000000.0,453000000.0,453000000.0,453000000.0,-360000000.0,10000000.0,0.492,227000000.0,170000000.0,697000000,0.085,-56.173,14.118,14.67,1054000000,0.0,47.53,1.968,1.968,997000000,-332000000,920000000.0,920000000.0,0.0,,,,,58000000.0,227000000.0,1.0,277735100,277735100,,3.313,4259000000,0,28000000.0,0,15.335,1163000000
7,MAS,ARQ,2019-09-30,2019-10-30,2019-09-30,2021-09-07,-118000000,5520000000,,2792000000,2728000000,,-0.5,-40000000.0,475000000,475000000,1282000000.0,138000000.0,1.463,-38.441,2979000000,208000000,2771000000,2979000000,0,0.0,0,0.011,0.135,238000000.0,238000000.0,0.122,238000000.0,238000000.0,199000000.0,0.44,0.44,0.44,-143000000,,-143000000,15726309821,14.0,12.491,204000000.0,0.713,1.0,665000000.0,0.342,951000000,39000000.0,5164000000,,924000000,0,0,0,5497000000,1909000000,3588000000,13222309821,155000000.0,2000000.0,-141000000.0,-23000000.0,-35000000.0,-204000000.0,-41000000.0,0.0,244000000.0,8000000.0,126000000.0,126000000.0,126000000.0,58000000.0,12000000.0,0.065,349000000.0,316000000.0,879000000,0.307,-92.464,19.56,20.183,1200000000,0.0,46.22,1.618,1.618,1177000000,-309000000,1947000000.0,1947000000.0,0.0,,,,,0.0,349000000.0,1.0,286073341,286073341,,6.806,4569000000,0,73000000.0,0,15.971,883000000
8,MAS,ARQ,2019-06-30,2019-07-25,2019-06-30,2021-09-07,-117000000,5653000000,,2843000000,2810000000,,-0.314,-23000000.0,325000000,325000000,1493000000.0,252000000.0,1.456,-61.341,3002000000,231000000,2771000000,3002000000,0,0.0,0,0.011,0.12,376000000.0,376000000.0,0.165,376000000.0,376000000.0,335000000.0,0.82,0.82,0.82,-91000000,,-91000000,14944145534,13.0,11.408,304000000.0,1.05,1.0,782000000.0,0.344,1278000000,41000000.0,5099000000,,975000000,0,0,0,5582000000,1953000000,3629000000,12267145534,9000000.0,0.0,-169000000.0,-66000000.0,-35000000.0,-314000000.0,-25000000.0,1000000.0,327000000.0,4000000.0,240000000.0,240000000.0,240000000.0,0.0,12000000.0,0.105,390000000.0,392000000.0,1023000000,0.146,-134.804,16.804,17.369,1440000000,0.0,42.38,1.474,1.474,1423000000,-261000000,2275000000.0,2275000000.0,0.0,,,,,0.0,390000000.0,1.0,289456006,289456006,,7.86,4375000000,0,95000000.0,0,15.115,890000000
9,MAS,ARQ,2019-03-31,2019-04-25,2019-03-31,2021-09-07,-123000000,5602000000,,2758000000,2844000000,,-0.497,-33000000.0,316000000,316000000,1309000000.0,127000000.0,1.43,-38.082,3066000000,295000000,2771000000,3066000000,0,0.0,0,0.012,0.12,196000000.0,196000000.0,0.103,196000000.0,196000000.0,157000000.0,0.39,0.39,0.39,-146000000,,-146000000,13758082775,12.0,10.825,150000000.0,0.511,1.0,599000000.0,0.314,1281000000,39000000.0,5142000000,,1011000000,0,0,0,5560000000,1929000000,3631000000,11008082775,-243000000.0,0.0,-107000000.0,86000000.0,-35000000.0,-72000000.0,-38000000.0,0.0,183000000.0,-2000000.0,116000000.0,116000000.0,116000000.0,0.0,11000000.0,0.061,388000000.0,211000000.0,954000000,0.308,-75.398,15.703,16.234,1447000000,0.0,37.5,1.319,1.319,1321000000,-314000000,1908000000.0,1908000000.0,0.0,,,,,0.0,372000000.0,1.0,293548874,293548874,,6.5,4321000000,0,41000000.0,0,14.72,829000000
10,MAS,ARQ,2018-12-31,2019-02-07,2018-12-31,2021-09-07,-127000000,5393000000,,2766000000,2627000000,,-0.377,-48000000.0,559000000,559000000,1388000000.0,208000000.0,1.643,-47.964,2979000000,8000000,2971000000,2979000000,0,156000000.0,0,0.013,0.12,293000000.0,449000000.0,0.22,449000000.0,293000000.0,254000000.0,0.64,0.64,0.64,-111000000,,-111000000,12880373600,11.0,9.878,255000000.0,0.866,1.0,653000000.0,0.32,1304000000,39000000.0,4825000000,,946000000,0,0,0,5324000000,1684000000,3640000000,10460373600,-10000000.0,0.0,-294000000.0,0.0,-36000000.0,-334000000.0,-50000000.0,1000000.0,303000000.0,-4000000.0,194000000.0,194000000.0,194000000.0,0.0,14000000.0,0.095,344000000.0,309000000.0,926000000,0.188,-94.238,14.251,14.924,1223000000,0.0,35.52,1.251,1.251,1153000000,-278000000,2041000000.0,2041000000.0,0.0,,,,,69000000.0,344000000.0,1.0,294492500,294492500,,6.931,4089000000,0,60000000.0,0,13.885,1082000000
11,MAS,ARQ,2018-09-30,2018-10-30,2018-09-30,2021-09-07,-113000000,5610000000,,2990000000,2620000000,,0.118,-55000000.0,569000000,569000000,1434000000.0,191000000.0,1.706,150.083,2973000000,2000000,2971000000,2973000000,0,0.0,0,0.015,0.12,289000000.0,289000000.0,0.138,289000000.0,289000000.0,251000000.0,0.59,0.58,0.59,36000000,,36000000,11416201236,11.0,9.757,175000000.0,0.573,1.0,667000000.0,0.317,1308000000,38000000.0,4953000000,,1005000000,0,0,0,5403000000,1753000000,3650000000,9012201236,185000000.0,-1000000.0,-81000000.0,0.0,-33000000.0,-119000000.0,-57000000.0,1000000.0,230000000.0,0.0,180000000.0,180000000.0,180000000.0,0.0,11000000.0,0.086,367000000.0,300000000.0,1040000000,0.203,250.339,14.374,14.461,1211000000,0.0,29.5,1.1,1.1,1298000000,-154000000,2101000000.0,2101000000.0,0.0,,,,,0.0,367000000.0,1.0,305498347,305498347,,6.877,4302000000,0,71000000.0,0,14.082,1237000000
12,MAS,ARQ,2018-06-30,2018-07-31,2018-06-30,2021-09-07,-118000000,5565000000,,2962000000,2603000000,,-0.111,-63000000.0,384000000,384000000,1547000000.0,224000000.0,1.673,-159.971,2972000000,2000000,2970000000,2972000000,0,0.0,0,0.01,0.105,337000000.0,337000000.0,0.147,337000000.0,337000000.0,299000000.0,0.69,0.68,0.69,-34000000,,-34000000,14988535190,14.0,12.833,226000000.0,0.735,1.0,750000000.0,0.327,1307000000,38000000.0,5076000000,,1017000000,0,0,0,5439000000,1770000000,3669000000,12400535190,14000000.0,0.0,-115000000.0,-115000000.0,-32000000.0,-352000000.0,30000000.0,98000000.0,289000000.0,-12000000.0,211000000.0,211000000.0,211000000.0,0.0,13000000.0,0.092,392000000.0,358000000.0,1093000000,0.152,-364.722,20.841,21.005,1187000000,0.0,40.33,1.545,1.545,1444000000,-221000000,2297000000.0,2297000000.0,0.0,,,,,0.0,392000000.0,1.0,307476697,307476697,,7.47,4258000000,0,88000000.0,0,13.848,1192000000
13,MAS,ARQ,2018-03-31,2018-04-24,2018-03-31,2021-09-07,-84000000,5630000000,,2993000000,2637000000,,-0.232,-39000000.0,370000000,370000000,1301000000.0,161000000.0,1.691,-75.653,3087000000,116000000,2971000000,3087000000,0,0.0,0,0.011,0.105,229000000.0,229000000.0,0.119,229000000.0,229000000.0,188000000.0,0.48,0.47,0.48,-72000000,,-72000000,13944348196,13.0,11.374,171000000.0,0.551,1.0,619000000.0,0.322,1320000000,41000000.0,5257000000,,1050000000,99000000,99000000,0,5447000000,1770000000,3677000000,11227348196,-824000000.0,-548000000.0,-150000000.0,0.0,-33000000.0,-215000000.0,-574000000.0,13000000.0,210000000.0,20000000.0,149000000.0,149000000.0,149000000.0,0.0,12000000.0,0.078,375000000.0,244000000.0,1008000000,0.219,-155.935,20.715,20.902,1183000000,0.0,36.16,1.442,1.442,1356000000,-296000000,1920000000.0,1920000000.0,0.0,,,,,0.0,375000000.0,1.0,310490824,310490824,,6.184,4310000000,0,39000000.0,0,13.881,1223000000
14,MAS,ARQ,2017-12-31,2018-02-08,2017-12-31,2021-09-07,-65000000,5488000000,,3215000000,2273000000,,-0.191,-42000000.0,1194000000,1194000000,1258000000.0,99000000.0,1.975,-88.533,3085000000,116000000,2969000000,3085000000,0,127000000.0,0,0.01,0.105,188000000.0,315000000.0,0.168,315000000.0,188000000.0,149000000.0,0.28,0.28,0.28,-60000000,,-60000000,14646034050,13.0,11.783,-36000000.0,-0.115,1.0,616000000.0,0.329,1028000000,39000000.0,4723000000,,796000000,108000000,108000000,0,5312000000,1628000000,3684000000,12755034050,53000000.0,-89000000.0,-19000000.0,-3000000.0,-33000000.0,-59000000.0,-182000000.0,-28000000.0,6000000.0,10000000.0,87000000.0,87000000.0,87000000.0,0.0,12000000.0,0.046,352000000.0,264000000.0,824000000,0.375,-212.584,23.931,24.226,1129000000,0.0,40.7,1.669,1.669,1021000000,-305000000,1874000000.0,1874000000.0,0.0,,,,,71000000.0,352000000.0,1.0,313391500,313391500,,5.98,4460000000,0,62000000.0,0,14.231,1587000000
15,MAS,ARQ,2017-09-30,2017-10-24,2017-09-30,2021-09-07,-127000000,5483000000,,3308000000,2175000000,,-0.505,-36000000.0,1141000000,1141000000,1286000000.0,160000000.0,1.937,-34.107,3086000000,117000000,2969000000,3086000000,0,0.0,0,0.01,0.105,287000000.0,287000000.0,0.148,287000000.0,287000000.0,244000000.0,0.47,0.46,0.47,-159000000,,-159000000,14788700872,13.0,11.645,173000000.0,0.55,1.0,650000000.0,0.336,957000000,43000000.0,4763000000,,866000000,77000000,77000000,0,5423000000,1708000000,3715000000,12843700872,149000000.0,2000000.0,-178000000.0,-1000000.0,-32000000.0,-213000000.0,33000000.0,69000000.0,209000000.0,17000000.0,148000000.0,148000000.0,148000000.0,0.0,12000000.0,0.076,355000000.0,295000000.0,916000000,0.223,-80.778,23.61,23.738,1097000000,0.0,40.83,1.706,1.706,1128000000,-343000000,1936000000.0,1936000000.0,0.0,,,,,0.0,355000000.0,1.0,314565292,314565292,,6.155,4526000000,0,96000000.0,0,14.388,1600000000
16,MAS,ARQ,2017-06-30,2017-07-27,2017-06-30,2021-09-07,-158000000,5489000000,,3306000000,2183000000,,-0.411,-40000000.0,992000000,992000000,1320000000.0,171000000.0,1.954,-41.366,3084000000,117000000,2967000000,3084000000,0,0.0,0,0.01,0.1,395000000.0,395000000.0,0.192,395000000.0,395000000.0,242000000.0,0.5,0.49,0.5,-131000000,,-131000000,14290953998,13.0,11.516,243000000.0,0.763,1.0,737000000.0,0.358,953000000,153000000.0,4936000000,,850000000,144000000,144000000,0,5419000000,1692000000,3727000000,12198953998,303000000.0,126000000.0,-47000000.0,-45000000.0,-32000000.0,-172000000.0,150000000.0,64000000.0,283000000.0,21000000.0,158000000.0,158000000.0,158000000.0,0.0,13000000.0,0.077,380000000.0,357000000.0,960000000,0.2,-93.122,23.017,23.066,1080000000,0.0,38.29,1.633,1.633,1231000000,-288000000,2057000000.0,2057000000.0,0.0,,,,,0.0,380000000.0,1.0,318593732,318593732,,6.456,4536000000,0,84000000.0,0,14.238,1614000000
17,MAS,ARQ,2017-03-31,2017-04-25,2017-03-31,2021-09-07,-214000000,5139000000,,2958000000,2181000000,,-0.839,-31000000.0,689000000,689000000,1169000000.0,150000000.0,2.077,-19.396,2999000000,3000000,2996000000,2999000000,0,0.0,0,0.011,0.1,246000000.0,246000000.0,0.138,246000000.0,246000000.0,203000000.0,0.44,0.43,0.44,-268000000,,-268000000,14094490936,14.0,12.016,222000000.0,0.695,1.0,608000000.0,0.342,989000000,43000000.0,5036000000,,826000000,194000000,194000000,0,5198000000,1424000000,3774000000,11784490936,-301000000.0,0.0,-87000000.0,0.0,-32000000.0,-133000000.0,-26000000.0,14000000.0,253000000.0,7000000.0,140000000.0,140000000.0,140000000.0,0.0,10000000.0,0.079,355000000.0,253000000.0,903000000,0.227,-43.972,22.576,22.919,1074000000,0.0,36.9,1.589,1.589,1144000000,-370000000,1777000000.0,1777000000.0,0.0,,,,,0.0,355000000.0,1.0,319362898,319362898,,5.564,4150000000,0,63000000.0,0,12.995,1534000000
18,MAS,ARQ,2016-12-31,2017-02-09,2016-12-31,2021-09-07,-235000000,5137000000,,2934000000,2203000000,,-0.93,-63000000.0,990000000,990000000,1186000000.0,106000000.0,2.01,-17.584,2997000000,2000000,2995000000,2997000000,0,134000000.0,0,0.012,0.1,208000000.0,342000000.0,0.194,342000000.0,208000000.0,165000000.0,0.31,0.3,0.31,-298000000,,-298000000,12596789118,12.0,10.954,94000000.0,0.293,1.0,573000000.0,0.326,986000000,43000000.0,4698000000,,712000000,201000000,201000000,0,5240000000,1460000000,3780000000,10589789118,-51000000.0,0.0,-217000000.0,-39000000.0,-33000000.0,-287000000.0,-84000000.0,-14000000.0,157000000.0,-24000000.0,98000000.0,98000000.0,98000000.0,0.0,8000000.0,0.056,358000000.0,215000000.0,800000000,0.323,-35.536,21.568,22.188,1060000000,0.0,33.06,1.439,1.439,917000000,-381000000,1759000000.0,1759000000.0,0.0,,,,,29000000.0,358000000.0,1.0,320320300,320320300,,5.491,4151000000,0,67000000.0,0,12.959,1474000000
19,MAS,ARQ,2016-09-30,2016-10-25,2016-09-30,2021-09-07,-170000000,5373000000,,3122000000,2251000000,,-0.299,-38000000.0,1041000000,1041000000,1263000000.0,146000000.0,2.066,-53.776,2996000000,3000000,2993000000,2996000000,0,0.0,0,0.013,0.1,258000000.0,258000000.0,0.137,258000000.0,258000000.0,215000000.0,0.41,0.4,0.41,-98000000,,-98000000,11928971551,12.0,10.427,174000000.0,0.53,1.0,614000000.0,0.327,996000000,43000000.0,4821000000,,758000000,182000000,182000000,0,5270000000,1511000000,3759000000,9973971551,85000000.0,0.0,-74000000.0,0.0,-32000000.0,-97000000.0,-85000000.0,-44000000.0,212000000.0,-1000000.0,134000000.0,134000000.0,134000000.0,0.0,12000000.0,0.071,345000000.0,269000000.0,866000000,0.244,-101.775,21.312,21.546,1049000000,0.0,30.38,1.364,1.364,1054000000,-253000000,1877000000.0,1877000000.0,0.0,,,,,0.0,345000000.0,1.0,328307161,328307161,,5.717,4377000000,0,81000000.0,0,13.332,1611000000
20,MAS,ARQ,2016-06-30,2016-07-26,2016-06-30,2021-09-07,-170000000,5324000000,,3057000000,2267000000,,-0.354,-42000000.0,956000000,956000000,1301000000.0,163000000.0,1.873,-44.906,2996000000,3000000,2993000000,2996000000,0,0.0,0,0.011,0.095,327000000.0,327000000.0,0.163,327000000.0,327000000.0,240000000.0,0.45,0.45,0.45,-117000000,,-117000000,13878192980,14.0,12.303,126000000.0,0.382,1.0,700000000.0,0.35,996000000,87000000.0,4736000000,,765000000,135000000,135000000,0,5254000000,1632000000,3622000000,11838192980,-1219000000.0,0.0,-82000000.0,-1300000000.0,-31000000.0,-1443000000.0,25000000.0,70000000.0,168000000.0,-15000000.0,150000000.0,150000000.0,150000000.0,0.0,13000000.0,0.075,365000000.0,335000000.0,913000000,0.211,-101.181,26.603,26.955,1039000000,0.0,35.85,1.627,1.627,1113000000,-273000000,2001000000.0,2001000000.0,0.0,,,,,0.0,365000000.0,1.0,330214588,330214588,,6.06,4328000000,0,90000000.0,0,13.107,1425000000
21,MAS,ARQ,2016-03-31,2016-04-26,2016-03-31,2021-09-07,-145000000,6554000000,,4248000000,2306000000,,-0.379,-37000000.0,2175000000,2175000000,1151000000.0,119000000.0,1.523,-51.349,4296000000,1303000000,2993000000,4296000000,0,0.0,0,0.012,0.095,223000000.0,223000000.0,0.13,223000000.0,223000000.0,167000000.0,0.33,0.32,0.33,-126000000,,-126000000,12629122975,13.0,11.814,152000000.0,0.457,1.0,569000000.0,0.331,1002000000,56000000.0,4884000000,,755000000,195000000,195000000,0,6470000000,2789000000,3681000000,10508122975,707000000.0,0.0,-85000000.0,887000000.0,-32000000.0,781000000.0,20000000.0,60000000.0,189000000.0,6000000.0,109000000.0,109000000.0,109000000.0,0.0,10000000.0,0.063,335000000.0,234000000.0,834000000,0.288,-83.398,26.27,26.763,1040000000,0.0,31.58,1.459,1.459,1036000000,-310000000,1720000000.0,1720000000.0,0.0,,,,,0.0,335000000.0,1.0,332746136,332746136,,5.169,5552000000,0,58000000.0,0,16.685,1459000000
22,MAS,ARQ,2015-12-31,2016-02-12,2015-12-31,2021-09-07,-165000000,5680000000,,3328000000,2352000000,,-0.404,-41000000.0,1468000000,1468000000,1183000000.0,85000000.0,1.328,-41.644,3423000000,1005000000,2418000000,3423000000,0,133000000.0,0,0.014,0.095,203000000.0,336000000.0,0.196,336000000.0,203000000.0,149000000.0,0.22,0.22,0.22,-135000000,,-135000000,10577113912,12.0,10.514,77000000.0,0.231,1.0,532000000.0,0.31,999000000,54000000.0,4130000000,,687000000,248000000,248000000,0,5622000000,2506000000,3116000000,8622113912,189000000.0,0.0,-49000000.0,1000000.0,-32000000.0,-37000000.0,-45000000.0,2000000.0,118000000.0,-6000000.0,75000000.0,75000000.0,75000000.0,1000000.0,10000000.0,0.044,320000000.0,212000000.0,749000000,0.432,-63.868,24.288,25.068,1027000000,0.0,25.82,1.207,1.207,853000000,-300000000,1715000000.0,1715000000.0,0.0,,,,,41000000.0,320000000.0,1.0,333931600,333931600,,5.136,4681000000,0,74000000.0,0,14.018,822000000
23,MAS,ARQ,2015-09-30,2015-10-27,2015-09-30,2021-09-07,-159000000,5727000000,,3540000000,2187000000,,-0.473,-33000000.0,1279000000,1279000000,1250000000.0,121000000.0,2.269,-35.843,3424000000,6000000,3418000000,3424000000,0,0.0,0,0.013,0.095,242000000.0,242000000.0,0.132,242000000.0,242000000.0,188000000.0,0.33,0.32,0.33,-159000000,,-159000000,11687349181,14.0,11.413,193000000.0,0.574,1.0,589000000.0,0.32,1006000000,54000000.0,5306000000,,749000000,255000000,255000000,0,5699000000,1560000000,4139000000,9542349181,-18000000.0,1000000.0,-198000000.0,-1000000.0,-32000000.0,-214000000.0,-84000000.0,-44000000.0,226000000.0,-3000000.0,111000000.0,111000000.0,111000000.0,0.0,10000000.0,0.06,331000000.0,258000000.0,827000000,0.288,-60.015,25.111,26.018,1025000000,0.0,28.36,1.216,1.216,1006000000,-332000000,1839000000.0,1839000000.0,0.0,,,,,0.0,331000000.0,1.0,336472115,336472115,,5.466,4721000000,177000000,77000000.0,0,14.031,1980000000
24,MAS,ARQ,2015-06-30,2015-07-28,2015-06-30,2021-09-07,-147000000,5869000000,,3590000000,2279000000,,-0.137,-37000000.0,1297000000,1297000000,1292000000.0,115000000.0,2.258,-122.085,3425000000,6000000,3419000000,3425000000,0,0.0,0,0.014,0.09,268000000.0,268000000.0,0.139,268000000.0,268000000.0,207000000.0,0.3,0.3,0.3,-47000000,,-47000000,10943446958,13.0,11.178,174000000.0,0.506,1.0,637000000.0,0.33,1009000000,61000000.0,5398000000,,779000000,210000000,210000000,0,5738000000,1590000000,4148000000,8815446958,-281000000.0,-16000000.0,-104000000.0,-300000000.0,-30000000.0,-521000000.0,-71000000.0,-4000000.0,211000000.0,20000000.0,105000000.0,105000000.0,105000000.0,4000000.0,10000000.0,0.054,358000000.0,279000000.0,889000000,0.3,-187.563,10.856,11.241,1027000000,0.0,25.63,1.069,1.069,1105000000,-239000000,1929000000.0,1929000000.0,0.0,,,,,0.0,358000000.0,1.0,343950330,343950330,,5.608,4860000000,127000000,102000000.0,0,14.13,2000000000
25,MAS,ARQ,2015-03-31,2015-04-28,2015-03-31,2021-09-07,-180000000,7468000000,,4179000000,3289000000,,2.212,-29000000.0,1578000000,1578000000,1450000000.0,73000000.0,1.894,8.464,3924000000,506000000,3418000000,3924000000,0,0.0,0,0.013,0.09,163000000.0,163000000.0,0.081,163000000.0,163000000.0,107000000.0,0.18,0.18,0.18,769000000,,769000000,11710214688,15.0,12.418,115000000.0,0.331,1.0,568000000.0,0.281,2036000000,56000000.0,5571000000,,863000000,197000000,197000000,0,6509000000,2207000000,4302000000,9364214688,195000000.0,-26000000.0,-103000000.0,497000000.0,-32000000.0,362000000.0,11000000.0,81000000.0,144000000.0,-26000000.0,64000000.0,64000000.0,64000000.0,0.0,9000000.0,0.032,397000000.0,171000000.0,1019000000,0.5,12.177,11.069,11.367,1106000000,0.0,26.94,1.092,1.092,1248000000,606000000,2018000000.0,2018000000.0,0.0,,,,,0.0,397000000.0,1.0,347595200,347595200,,5.806,5432000000,219000000,43000000.0,114000000,15.627,1972000000
26,MAS,ARQ,2014-12-31,2015-02-13,2014-12-31,2021-09-07,-111000000,7167000000,,3863000000,3304000000,,2.643,-42000000.0,1383000000,1383000000,1496000000.0,109000000.0,1.747,6.536,3424000000,505000000,2919000000,3424000000,0,167000000.0,0,0.013,0.09,184000000.0,351000000.0,0.17,351000000.0,184000000.0,128000000.0,0.28,0.28,0.28,924000000,,924000000,11286454670,15.0,12.335,17000000.0,0.049,1.0,568000000.0,0.275,2029000000,56000000.0,4968000000,,819000000,306000000,306000000,0,6039000000,2211000000,3828000000,9245454670,101000000.0,0.0,-119000000.0,0.0,-31000000.0,-137000000.0,-40000000.0,5000000.0,59000000.0,-18000000.0,100000000.0,100000000.0,100000000.0,3000000.0,9000000.0,0.048,374000000.0,194000000.0,950000000,0.321,10.006,10.801,11.021,1139000000,0.0,26.45,1.085,1.085,1040000000,690000000,2064000000.0,2064000000.0,0.0,,,,,47000000.0,382000000.0,1.0,349544600,349544600,,5.905,5138000000,244000000,28000000.0,106000000,14.699,1652000000
27,MAS,ARQ,2014-09-30,2014-10-28,2014-09-30,2021-09-07,64000000,7373000000,,4001000000,3372000000,,3.22,-24000000.0,1282000000,1282000000,1621000000.0,556000000.0,1.657,5.244,3424000000,505000000,2919000000,3424000000,0,0.0,0,0.015,0.09,197000000.0,197000000.0,0.088,197000000.0,197000000.0,140000000.0,1.52,1.51,1.52,1147000000,,1147000000,10029600828,15.0,11.502,174000000.0,0.488,1.0,611000000.0,0.274,2038000000,57000000.0,5062000000,,862000000,275000000,275000000,0,6015000000,2415000000,3600000000,7887600828,87000000.0,0.0,0.0,-3000000.0,-32000000.0,-35000000.0,-100000000.0,-66000000.0,198000000.0,-23000000.0,543000000.0,543000000.0,543000000.0,-1000000.0,13000000.0,0.243,409000000.0,202000000.0,1020000000,0.059,6.877,9.847,9.884,1153000000,0.0,22.14,0.933,0.933,1229000000,716000000,2232000000.0,2232000000.0,0.0,,,,,0.0,409000000.0,1.0,356260200,356260200,,6.265,5335000000,0,-403000000.0,681000000,14.975,1586000000
28,MAS,ARQ,2014-06-30,2014-07-29,2014-06-30,2021-09-07,119000000,7227000000,,3783000000,3444000000,,1.925,-25000000.0,1195000000,1195000000,1599000000.0,152000000.0,1.537,9.22,3428000000,507000000,2921000000,3428000000,0,0.0,0,0.015,0.09,232000000.0,232000000.0,0.103,232000000.0,232000000.0,176000000.0,0.39,0.39,0.39,686000000,,686000000,9971572920,14.0,11.409,199000000.0,0.558,1.0,661000000.0,0.292,2051000000,56000000.0,4947000000,,894000000,228000000,228000000,0,6325000000,2462000000,3863000000,7738572920,289000000.0,0.0,1000000.0,1000000.0,-27000000.0,-59000000.0,46000000.0,87000000.0,224000000.0,-3000000.0,139000000.0,139000000.0,139000000.0,1000000.0,13000000.0,0.062,421000000.0,240000000.0,1122000000,0.231,11.281,21.436,21.495,1216000000,0.0,21.71,0.924,0.924,1306000000,205000000,2260000000.0,2260000000.0,0.0,,,,,0.0,421000000.0,1.0,356452000,356452000,,6.34,5176000000,0,37000000.0,942000000,14.521,1321000000
29,MAS,ARQ,2014-03-31,2014-04-30,2014-03-31,2021-09-07,115000000,6880000000,,3418000000,3462000000,,1.576,-21000000.0,906000000,906000000,1418000000.0,86000000.0,1.987,10.817,3427000000,6000000,3421000000,3427000000,0,0.0,0,0.015,0.075,135000000.0,135000000.0,0.069,135000000.0,135000000.0,79000000.0,0.21,0.21,0.21,562000000,,562000000,9684001104,15.0,11.839,100000000.0,0.28,1.0,547000000.0,0.278,2053000000,56000000.0,5628000000,,838000000,305000000,305000000,0,6079000000,1720000000,4359000000,7163001104,-317000000.0,-2000000.0,-39000000.0,0.0,-27000000.0,-66000000.0,-6000000.0,17000000.0,121000000.0,-1000000.0,74000000.0,74000000.0,74000000.0,2000000.0,12000000.0,0.038,395000000.0,152000000.0,954000000,0.357,12.746,23.957,23.917,1232000000,0.0,20.09,0.867,0.867,1215000000,98000000,1965000000.0,1965000000.0,0.0,,,,,0.0,395000000.0,1.0,356545600,356545600,,5.511,4827000000,0,5000000.0,938000000,13.538,1698000000
30,MAS,ARQ,2013-12-31,2014-02-14,2013-12-31,2021-09-07,115000000,6933000000,,3468000000,3465000000,,1.501,-35000000.0,1223000000,1223000000,1467000000.0,56000000.0,1.946,11.533,3427000000,6000000,3421000000,3427000000,0,186000000.0,0,0.013,0.075,122000000.0,308000000.0,0.154,308000000.0,122000000.0,65000000.0,0.12,0.13,0.12,535000000,,535000000,10208838332,17.0,12.698,121000000.0,0.34,1.0,531000000.0,0.266,2052000000,57000000.0,5303000000,,765000000,321000000,321000000,0,6170000000,1782000000,4388000000,8004838332,212000000.0,15000000.0,0.0,0.0,-26000000.0,-26000000.0,-56000000.0,-36000000.0,156000000.0,-1000000.0,45000000.0,45000000.0,45000000.0,-6000000.0,11000000.0,0.023,390000000.0,141000000.0,902000000,0.625,14.962,29.43,29.553,1252000000,0.0,22.46,0.979,0.979,1004000000,55000000,1998000000.0,1998000000.0,0.0,,,,,54000000.0,390000000.0,1.0,356404200,356404200,,5.606,4881000000,0,20000000.0,967000000,13.695,1686000000
31,MAS,ARQ,2013-09-30,2013-10-29,2013-09-30,2021-09-07,81000000,7059000000,,3493000000,3566000000,,1.328,-12000000.0,1011000000,1011000000,1543000000.0,114000000.0,1.851,13.445,3426000000,5000000,3421000000,3426000000,0,0.0,0,0.014,0.075,199000000.0,199000000.0,0.093,199000000.0,199000000.0,141000000.0,0.29,0.29,0.29,474000000,,474000000,10079517331,20.0,14.038,178000000.0,0.499,1.0,607000000.0,0.282,2049000000,58000000.0,5538000000,,777000000,277000000,277000000,0,6373000000,1887000000,4486000000,7664517331,99000000.0,0.0,0.0,-202000000.0,-27000000.0,-229000000.0,30000000.0,42000000.0,190000000.0,7000000.0,103000000.0,103000000.0,103000000.0,2000000.0,11000000.0,0.048,395000000.0,212000000.0,986000000,0.259,16.17,54.747,55.051,1257000000,0.0,21.47,0.95,0.95,1211000000,36000000,2150000000.0,2150000000.0,0.0,,,,,0.0,395000000.0,1.0,356987300,356987300,,6.023,5010000000,0,38000000.0,1065000000,14.034,1606000000
32,MAS,ARQ,2013-06-30,2013-07-31,2013-06-30,2021-09-07,47000000,7062000000,,3479000000,3583000000,,0.997,-26000000.0,1223000000,1223000000,1540000000.0,87000000.0,1.704,18.295,3628000000,207000000,3421000000,3628000000,0,0.0,0,0.015,0.075,176000000.0,176000000.0,0.082,176000000.0,176000000.0,116000000.0,0.22,0.21,0.22,356000000,,356000000,9729410852,25.0,15.95,143000000.0,0.401,1.0,609000000.0,0.283,2043000000,60000000.0,5382000000,,791000000,0,0,0,6513000000,2042000000,4471000000,7324410852,191000000.0,0.0,0.0,0.0,-28000000.0,-62000000.0,-21000000.0,6000000.0,169000000.0,5000000.0,77000000.0,77000000.0,77000000.0,5000000.0,10000000.0,0.036,421000000.0,188000000.0,998000000,0.341,20.574,140.854,146.571,1276000000,0.0,20.52,0.928,0.928,1255000000,-40000000,2149000000.0,2149000000.0,0.0,,,,,0.0,421000000.0,1.0,356940100,356940100,,6.021,5019000000,0,39000000.0,1050000000,14.061,1437000000
33,MAS,ARQ,2013-03-31,2013-05-02,2013-03-31,2021-09-07,36000000,6779000000,,3174000000,3605000000,,0.79,-26000000.0,1032000000,1032000000,1368000000.0,56000000.0,1.738,22.284,3627000000,206000000,3421000000,3627000000,0,0.0,0,0.014,0.075,121000000.0,121000000.0,0.064,121000000.0,121000000.0,61000000.0,0.13,0.13,0.13,282000000,,282000000,10074928128,41.0,22.046,104000000.0,0.291,1.0,508000000.0,0.271,2041000000,60000000.0,5507000000,,763000000,0,0,0,6284000000,1826000000,4458000000,7479928128,-319000000.0,-5000000.0,-35000000.0,0.0,-26000000.0,-65000000.0,-30000000.0,5000000.0,130000000.0,-14000000.0,47000000.0,47000000.0,47000000.0,9000000.0,9000000.0,0.025,376000000.0,132000000.0,863000000,0.577,26.525,-74.799,-69.867,1294000000,0.0,20.96,0.966,0.966,1174000000,-103000000,1876000000.0,1876000000.0,0.0,,,,,0.0,376000000.0,1.0,356866800,356866800,,5.257,4738000000,0,14000000.0,1037000000,13.277,1348000000
34,MAS,ARQ,2012-12-31,2013-02-15,2012-12-31,2021-09-07,59000000,6875000000,,3217000000,3658000000,,0.903,3000000.0,1351000000,1351000000,1449000000.0,-80000000.0,1.728,19.693,3628000000,206000000,3422000000,3628000000,0,214000000.0,0,0.015,0.075,8000000.0,222000000.0,0.117,222000000.0,8000000.0,-52000000.0,-0.25,-0.25,-0.25,322000000,,322000000,9408346000,42.0,21.529,93000000.0,0.261,1.0,441000000.0,0.233,2045000000,60000000.0,5245000000,,792000000,0,0,0,6341000000,1862000000,4479000000,7131346000,185000000.0,8000000.0,0.0,-1000000.0,-27000000.0,-28000000.0,15000000.0,7000000.0,90000000.0,7000000.0,-87000000.0,-87000000.0,-87000000.0,8000000.0,7000000.0,-0.046,420000000.0,21000000.0,819000000,-0.3,22.147,-62.556,-60.606,1429000000,0.0,20.0,0.921,0.921,965000000,-102000000,1890000000.0,1890000000.0,0.0,,,,,61000000.0,375000000.0,1.0,356567300,356567300,,5.301,4830000000,0,35000000.0,1057000000,13.546,1355000000
35,MAS,ARQ,2012-09-30,2012-10-31,2012-09-30,2021-09-07,99000000,7016000000,,3255000000,3761000000,,1.308,-27000000.0,1166000000,1166000000,1476000000.0,24000000.0,1.655,13.58,3629000000,207000000,3422000000,3629000000,0,0.0,0,0.02,0.075,91000000.0,91000000.0,0.046,91000000.0,91000000.0,29000000.0,0.04,0.04,0.04,467000000,,467000000,7851639000,-19.0,-54.907,55000000.0,0.154,1.0,500000000.0,0.253,2084000000,62000000.0,5428000000,,830000000,0,0,0,6342000000,1967000000,4375000000,5388639000,-687000000.0,1000000.0,0.0,-744000000.0,-27000000.0,-771000000.0,-27000000.0,5000000.0,82000000.0,17000000.0,15000000.0,15000000.0,15000000.0,7000000.0,9000000.0,0.008,399000000.0,101000000.0,866000000,1.875,11.539,-8.981,-8.672,1484000000,0.0,15.09,0.716,0.716,1156000000,-15000000,1976000000.0,1976000000.0,0.0,,,,,0.0,398000000.0,1.0,357100000,357100000,,5.533,4932000000,0,14000000.0,953000000,13.811,1288000000
36,MAS,ARQ,2012-06-30,2012-07-31,2012-06-30,2021-09-07,61000000,7759000000,,3990000000,3769000000,,1.201,-12000000.0,1853000000,1853000000,1479000000.0,-67000000.0,1.564,16.643,4373000000,751000000,3622000000,4373000000,0,0.0,0,0.025,0.075,23000000.0,23000000.0,0.011,23000000.0,23000000.0,-45000000.0,-0.22,-0.22,-0.22,429000000,,429000000,6815913000,-18.0,-55.414,7000000.0,0.02,1.0,525000000.0,0.262,2079000000,68000000.0,5649000000,,844000000,0,0,0,7140000000,2551000000,4589000000,4295913000,65000000.0,0.0,0.0,0.0,-27000000.0,-67000000.0,-13000000.0,6000000.0,19000000.0,-18000000.0,-75000000.0,-75000000.0,-75000000.0,18000000.0,8000000.0,-0.037,478000000.0,47000000.0,941000000,-0.341,10.014,-7.42,-7.161,1489000000,0.0,12.03,0.569,0.569,1206000000,-30000000,2004000000.0,2004000000.0,0.0,,,,,0.0,403000000.0,1.0,357100000,357100000,,5.612,5680000000,0,30000000.0,967000000,15.906,1439000000
37,MAS,ARQ,2012-03-31,2012-05-02,2012-03-31,2021-09-07,103000000,7750000000,,3901000000,3849000000,,1.565,-16000000.0,1788000000,1788000000,1390000000.0,44000000.0,1.64,12.447,4376000000,754000000,3622000000,4376000000,0,0.0,0,0.021,0.075,101000000.0,101000000.0,0.054,101000000.0,101000000.0,37000000.0,0.09,0.09,0.09,559000000,,559000000,7780234000,-26.0,-216.118,74000000.0,0.207,1.0,485000000.0,0.259,2090000000,64000000.0,5870000000,,828000000,0,0,0,6958000000,2378000000,4580000000,5192234000,132000000.0,0.0,-8000000.0,349000000.0,-26000000.0,290000000.0,-2000000.0,22000000.0,90000000.0,11000000.0,33000000.0,33000000.0,33000000.0,5000000.0,11000000.0,0.018,383000000.0,102000000.0,904000000,0.833,9.288,-10.468,-10.097,1545000000,0.0,14.54,0.686,0.686,1190000000,45000000,1875000000.0,1875000000.0,0.0,,,,,0.0,383000000.0,1.0,357100000,357100000,,5.251,5660000000,0,4000000.0,958000000,15.85,1523000000
38,MAS,ARQ,2011-12-31,2012-02-21,2011-12-31,2021-09-07,76000000,7297000000,,3429000000,3868000000,,1.475,-40000000.0,1656000000,1656000000,1335000000.0,-568000000.0,1.451,12.438,4025000000,803000000,3222000000,4025000000,0,263000000.0,0,0.025,0.075,-621000000.0,-358000000.0,-0.215,-358000000.0,-621000000.0,-685000000.0,-1.65,-1.65,-1.65,527000000,,527000000,6574353911,-18.0,-61.443,-11000000.0,-0.031,1.0,332000000.0,0.199,2087000000,64000000.0,5216000000,,769000000,0,0,0,6555000000,2363000000,4192000000,4205353911,46000000.0,-10000000.0,0.0,-2000000.0,-27000000.0,-29000000.0,-52000000.0,9000000.0,29000000.0,-17000000.0,-573000000.0,-573000000.0,-573000000.0,110000000.0,5000000.0,-0.344,841000000.0,-509000000.0,770000000,-0.045,7.98,-7.314,-7.09,1567000000,0.0,11.77,0.563,0.563,914000000,38000000,1667000000.0,1667000000.0,0.0,,,,,61000000.0,347000000.0,1.0,357294300,357294300,,4.666,5210000000,0,-112000000.0,970000000,14.582,1066000000
39,MAS,ARQ,2011-09-30,2011-10-28,2011-09-30,2021-09-07,231000000,8212000000,,3711000000,4501000000,,3.541,-30000000.0,1610000000,1610000000,1511000000.0,49000000.0,1.493,5.308,4030000000,806000000,3224000000,4030000000,0,0.0,0,0.03,0.075,111000000.0,111000000.0,0.055,111000000.0,111000000.0,48000000.0,0.1,0.1,0.1,1267000000,,1267000000,5955064000,-11.0,-22.138,57000000.0,0.159,1.0,495000000.0,0.247,2643000000,63000000.0,5504000000,,850000000,0,0,0,6725000000,2485000000,4240000000,3535064000,-1000000.0,0.0,0.0,-59000000.0,-26000000.0,-85000000.0,-13000000.0,27000000.0,87000000.0,-29000000.0,36000000.0,36000000.0,36000000.0,0.0,13000000.0,0.018,393000000.0,102000000.0,866000000,0.75,2.79,-3.412,-3.315,1656000000,0.0,9.88,0.469,0.469,1133000000,638000000,2006000000.0,2006000000.0,0.0,,,,,0.0,393000000.0,1.0,357800000,357800000,,5.606,5569000000,0,12000000.0,1016000000,15.565,1226000000
40,MAS,ARQ,2011-06-30,2011-07-28,2011-06-30,2021-09-07,302000000,8418000000,,3831000000,4587000000,,3.674,-30000000.0,1611000000,1611000000,1490000000.0,20000000.0,2.128,5.233,4092000000,65000000,4027000000,4092000000,0,0.0,0,0.028,0.075,110000000.0,110000000.0,0.054,110000000.0,110000000.0,46000000.0,0.02,0.02,0.02,1315000000,,1315000000,6271161000,-11.0,-21.55,52000000.0,0.145,1.0,532000000.0,0.263,2665000000,64000000.0,6434000000,,901000000,0,0,0,6881000000,1800000000,5081000000,3790161000,106000000.0,0.0,0.0,-2000000.0,-27000000.0,-47000000.0,18000000.0,45000000.0,82000000.0,6000000.0,8000000.0,8000000.0,8000000.0,0.0,12000000.0,0.004,441000000.0,91000000.0,921000000,3.75,2.882,-3.519,-3.416,1698000000,0.0,10.59,0.506,0.506,1188000000,628000000,2022000000.0,2022000000.0,0.0,,,,,0.0,441000000.0,1.0,357900000,357900000,,5.65,5753000000,0,38000000.0,1054000000,16.074,2031000000
41,MAS,ARQ,2011-03-31,2011-04-28,2011-03-30,2021-09-07,310000000,8246000000,,3595000000,4651000000,,3.703,-27000000.0,1505000000,1505000000,1347000000.0,-34000000.0,2.211,5.05,4096000000,66000000,4030000000,4096000000,0,0.0,0,0.022,0.075,30000000.0,30000000.0,0.017,30000000.0,30000000.0,-33000000.0,-0.13,-0.13,-0.13,1326000000,,1326000000,7461160000,-12.0,-22.817,14000000.0,0.039,1.0,425000000.0,0.24,2663000000,63000000.0,6548000000,,839000000,0,0,0,6696000000,1626000000,5070000000,4870160000,-210000000.0,0.0,-30000000.0,0.0,-27000000.0,-58000000.0,-14000000.0,13000000.0,41000000.0,22000000.0,-46000000.0,-46000000.0,-46000000.0,0.0,12000000.0,-0.026,404000000.0,21000000.0,787000000,-0.577,3.673,-4.501,-4.373,1719000000,0.0,13.6,0.648,0.648,1113000000,647000000,1772000000.0,1772000000.0,0.0,,,,,0.0,404000000.0,1.0,358100000,358100000,,4.948,5583000000,0,13000000.0,1040000000,15.591,1969000000
42,MAS,ARQ,2010-12-31,2011-02-18,2010-12-31,2021-09-07,273000000,8140000000,,3464000000,4676000000,,3.865,-47000000.0,1715000000,1715000000,1427000000.0,-1025000000.0,2.33,4.738,4098000000,66000000,4032000000,4098000000,0,279000000.0,0,0.023,0.075,-799000000.0,-520000000.0,-0.3,-520000000.0,-799000000.0,-862000000.0,-2.97,-2.97,-2.97,1384000000,,1384000000,7145902900,-13.0,-24.812,85000000.0,0.237,1.0,308000000.0,0.178,2652000000,63000000.0,6384000000,,732000000,0,0,0,6558000000,1487000000,5071000000,4762902900,178000000.0,0.0,0.0,-1000000.0,-27000000.0,-24000000.0,-22000000.0,31000000.0,132000000.0,-5000000.0,-1034000000.0,-1034000000.0,-1034000000.0,0.0,9000000.0,-0.596,1106000000.0,-798000000.0,602000000,-0.025,3.441,-4.567,-4.433,1737000000,0.0,13.3,0.627,0.627,888000000,720000000,1735000000.0,1735000000.0,0.0,,,,,62000000.0,385000000.0,1.0,358113000,358113000,,4.845,5488000000,0,172000000.0,1039000000,15.325,1977000000
43,MAS,ARQ,2010-09-30,2010-10-28,2010-09-30,2021-09-07,339000000,9253000000,,3733000000,5520000000,,6.987,-16000000.0,1537000000,1537000000,1463000000.0,7000000.0,2.396,2.616,4102000000,66000000,4036000000,4102000000,0,0.0,0,0.028,0.075,89000000.0,89000000.0,0.045,89000000.0,89000000.0,26000000.0,-0.02,-0.02,-0.02,2505000000,,2505000000,6365100000,335.0,23.315,105000000.0,0.293,1.0,494000000.0,0.252,3380000000,63000000.0,6880000000,,802000000,0,0,0,6553000000,1558000000,4995000000,3800100000,153000000.0,0.0,0.0,-1000000.0,-27000000.0,-28000000.0,-20000000.0,9000000.0,121000000.0,32000000.0,-5000000.0,-5000000.0,-5000000.0,0.0,12000000.0,-0.003,392000000.0,102000000.0,650000000,-3.75,1.517,-19.588,-18.929,1838000000,0.0,10.6,0.492,0.492,1106000000,1782000000,1957000000.0,1957000000.0,0.0,,,,,0.0,392000000.0,1.0,358500000,358500000,,5.459,5873000000,0,31000000.0,959000000,16.382,2175000000
44,MAS,ARQ,2010-06-30,2010-07-29,2010-06-30,2021-09-07,262000000,9191000000,,3678000000,5513000000,,6.826,-33000000.0,1384000000,1384000000,1502000000.0,12000000.0,2.273,2.69,4104000000,66000000,4038000000,4104000000,0,0.0,0,0.03,0.075,74000000.0,74000000.0,0.036,74000000.0,74000000.0,7000000.0,0.01,0.01,0.01,2447000000,,2447000000,6322925000,158.0,21.507,87000000.0,0.243,1.0,546000000.0,0.267,3360000000,67000000.0,6933000000,,840000000,0,0,0,6583000000,1618000000,4965000000,3602925000,6000000.0,0.0,0.0,-60000000.0,-27000000.0,-111000000.0,-39000000.0,1000000.0,120000000.0,-31000000.0,3000000.0,3000000.0,3000000.0,0.0,9000000.0,0.001,427000000.0,119000000.0,729000000,7.5,1.472,-22.378,-21.848,1851000000,0.0,10.05,0.458,0.458,1157000000,1814000000,2048000000.0,2048000000.0,0.0,,,,,0.0,427000000.0,1.0,358500000,358500000,,5.713,5831000000,0,4000000.0,927000000,16.265,2060000000
45,MAS,ARQ,2010-03-31,2010-04-30,2010-03-30,2021-09-07,325000000,9286000000,,3640000000,5646000000,,7.02,-23000000.0,1378000000,1378000000,1360000000.0,4000000.0,2.401,2.614,4166000000,66000000,4100000000,4166000000,0,0.0,0,0.018,0.075,69000000.0,69000000.0,0.037,69000000.0,69000000.0,11000000.0,-0.02,-0.02,-0.02,2518000000,,2518000000,8609701000,109.0,25.855,69000000.0,0.192,1.0,492000000.0,0.266,3381000000,58000000.0,7177000000,,805000000,0,0,0,6583000000,1516000000,5067000000,5821701000,-35000000.0,0.0,-45000000.0,195000000.0,-27000000.0,123000000.0,-28000000.0,1000000.0,92000000.0,-10000000.0,-7000000.0,-7000000.0,-7000000.0,0.0,11000000.0,-0.004,414000000.0,78000000.0,673000000,-3.75,2.312,-53.41,-50.719,1920000000,0.0,16.23,0.742,0.742,1147000000,1837000000,1852000000.0,1852000000.0,0.0,,,,,0.0,414000000.0,1.0,358700000,358700000,,5.163,5905000000,0,18000000.0,967000000,16.462,2124000000
46,MAS,ARQ,2009-12-31,2010-02-16,2009-12-31,2021-09-07,366000000,9175000000,,3451000000,5724000000,,7.328,-52000000.0,1413000000,1413000000,1382000000.0,-174000000.0,1.938,2.418,3968000000,364000000,3604000000,3968000000,0,254000000.0,0,0.021,0.075,-213000000.0,41000000.0,0.022,41000000.0,-213000000.0,-269000000.0,-0.53,-0.53,-0.53,2629000000,,2629000000,7577892000,-1083.0,30.68,269000000.0,0.75,1.0,487000000.0,0.261,3398000000,56000000.0,6551000000,,743000000,0,0,0,6358000000,1781000000,4577000000,5022892000,214000000.0,5000000.0,0.0,-3000000.0,-27000000.0,-23000000.0,-44000000.0,5000000.0,321000000.0,-9000000.0,-185000000.0,-185000000.0,-185000000.0,13000000.0,11000000.0,-0.099,683000000.0,-196000000.0,578000000,-0.142,1.911,-27.447,-26.415,1981000000,0.0,14.0,0.645,0.645,983000000,1871000000,1869000000.0,1869000000.0,0.0,,,,,69000000.0,429000000.0,1.0,358778000,358778000,,5.209,5777000000,0,-84000000.0,973000000,16.102,1670000000
47,MAS,ARQ,2009-09-30,2009-10-29,2009-09-30,2021-09-07,421000000,9562000000,,3515000000,6047000000,,8.042,-9000000.0,1199000000,1199000000,1524000000.0,40000000.0,1.891,2.248,3975000000,369000000,3606000000,3975000000,0,0.0,0,0.037,0.075,110000000.0,110000000.0,0.053,110000000.0,110000000.0,54000000.0,0.08,0.08,0.08,2888000000,,2888000000,7232431000,-23.0,-87.138,158000000.0,0.44,1.0,570000000.0,0.272,3680000000,56000000.0,6799000000,,798000000,0,0,0,6493000000,1859000000,4634000000,4456431000,273000000.0,3000000.0,0.0,-5000000.0,-27000000.0,-32000000.0,-13000000.0,1000000.0,167000000.0,13000000.0,28000000.0,28000000.0,28000000.0,23000000.0,12000000.0,0.013,432000000.0,138000000.0,623000000,0.938,1.543,-8.807,-8.618,2007000000,0.0,12.41,0.562,0.562,1193000000,2083000000,2094000000.0,2094000000.0,0.0,,,,,0.0,432000000.0,1.0,359100000,359100000,,5.831,5882000000,0,26000000.0,1028000000,16.38,1656000000
48,MAS,ARQ,2009-06-30,2009-07-30,2009-06-30,2021-09-07,387000000,9487000000,,3394000000,6093000000,,7.912,-14000000.0,926000000,926000000,1490000000.0,63000000.0,1.816,2.281,3980000000,370000000,3610000000,3980000000,0,0.0,0,0.046,0.075,113000000.0,113000000.0,0.056,113000000.0,113000000.0,56000000.0,0.15,0.15,0.15,2842000000,,2842000000,7878056000,-32.0,-875.34,150000000.0,0.418,1.0,546000000.0,0.268,3673000000,57000000.0,6999000000,,886000000,0,0,0,6482000000,1869000000,4613000000,4824056000,113000000.0,0.0,0.0,-1000000.0,-27000000.0,-44000000.0,-23000000.0,-1000000.0,164000000.0,22000000.0,55000000.0,55000000.0,55000000.0,-1000000.0,8000000.0,0.027,434000000.0,112000000.0,637000000,0.5,1.697,-9.629,-9.392,2066000000,0.0,13.43,0.577,0.577,1236000000,2082000000,2036000000.0,2036000000.0,0.0,,,,,0.0,434000000.0,1.0,359200000,359200000,,5.668,5814000000,0,1000000.0,1003000000,16.186,1525000000
49,MAS,ARQ,2009-03-31,2009-04-30,2009-03-31,2021-09-07,304000000,9269000000,,3178000000,6091000000,,7.542,-27000000.0,813000000,813000000,1403000000.0,-74000000.0,1.772,2.363,3980000000,369000000,3611000000,3980000000,0,0.0,0,0.087,0.075,-17000000.0,-17000000.0,-0.009,-17000000.0,-17000000.0,-73000000.0,-0.23,-0.23,-0.23,2710000000,,2710000000,6350398000,-43.0,69.026,26000000.0,0.072,1.0,416000000.0,0.229,3657000000,56000000.0,6986000000,,901000000,0,0,0,6403000000,1793000000,4610000000,3183398000,-215000000.0,-8000000.0,-11000000.0,-2000000.0,-85000000.0,-98000000.0,-38000000.0,6000000.0,53000000.0,-31000000.0,-81000000.0,-81000000.0,-81000000.0,0.0,7000000.0,-0.045,423000000.0,-7000000.0,603000000,-0.326,1.175,-6.716,-6.563,2076000000,0.0,8.86,0.355,0.355,1138000000,2054000000,1819000000.0,1819000000.0,0.0,,,,,0.0,415000000.0,1.0,359300000,359300000,,5.063,5612000000,0,8000000.0,999000000,15.619,1385000000
50,MAS,ARQ,2008-12-31,2009-02-17,2008-12-31,2021-09-07,333000000,9483000000,,3300000000,6183000000,,7.917,-62000000.0,1028000000,1028000000,1581000000.0,-508000000.0,2.133,2.332,3986000000,71000000,3915000000,3986000000,0,238000000.0,0,0.156,0.235,-527000000.0,-289000000.0,-0.146,-289000000.0,-527000000.0,-583000000.0,-1.44,-1.44,-1.44,2846000000,,2846000000,5100620000,-165.0,24.641,207000000.0,0.576,1.0,398000000.0,0.201,3670000000,56000000.0,7224000000,,941000000,0,0,0,6637000000,1547000000,5090000000,2142620000,-2000000.0,-2000000.0,0.0,-111000000.0,-85000000.0,-177000000.0,-69000000.0,6000000.0,269000000.0,-36000000.0,-508000000.0,-508000000.0,-508000000.0,0.0,0.0,-0.257,889000000.0,-491000000.0,531000000,-0.163,0.753,-5.48,-5.369,2136000000,0.0,5.96,0.223,0.223,999000000,2162000000,1979000000.0,1979000000.0,0.0,,,,,74000000.0,422000000.0,1.0,359500000,359500000,,5.505,5813000000,0,-75000000.0,1175000000,16.17,1753000000
51,MAS,ARQ,2008-09-30,2008-10-29,2008-09-30,2021-09-07,662000000,10637000000,,3836000000,6801000000,,10.42,-57000000.0,1030000000,1030000000,1880000000.0,33000000.0,2.019,1.837,4076000000,115000000,3961000000,4076000000,0,0.0,0,0.092,0.235,184000000.0,184000000.0,0.073,184000000.0,184000000.0,125000000.0,0.09,0.09,0.09,3750000000,,3750000000,6666594000,15.0,9.69,86000000.0,0.239,1.0,648000000.0,0.256,4204000000,59000000.0,7579000000,,1080000000,0,0,0,6887000000,1900000000,4987000000,3620594000,177000000.0,26000000.0,-13000000.0,-9000000.0,-83000000.0,-127000000.0,5000000.0,22000000.0,143000000.0,-39000000.0,33000000.0,33000000.0,33000000.0,3000000.0,0.0,0.013,452000000.0,196000000.0,717000000,2.611,0.965,-106.488,-167.667,2194000000,0.0,10.06,0.351,0.351,1442000000,2737000000,2528000000.0,2528000000.0,0.0,,,,,0.0,452000000.0,1.0,359900000,359900000,,7.024,6433000000,0,92000000.0,1026000000,17.874,1936000000
52,MAS,ARQ,2008-06-30,2008-07-30,2008-06-30,2021-09-07,818000000,10893000000,,3947000000,6946000000,,10.983,-39000000.0,853000000,853000000,1941000000.0,82000000.0,2.036,1.755,4076000000,116000000,3960000000,4076000000,0,0.0,0,0.056,0.23,214000000.0,214000000.0,0.081,214000000.0,214000000.0,157000000.0,0.23,0.23,0.23,3954000000,,3954000000,9105400000,14.0,10.312,156000000.0,0.433,1.0,699000000.0,0.265,4264000000,57000000.0,7913000000,,1179000000,0,0,0,6939000000,1939000000,5000000000,5882400000,215000000.0,134000000.0,-47000000.0,-8000000.0,-84000000.0,-139000000.0,72000000.0,17000000.0,195000000.0,-5000000.0,82000000.0,82000000.0,82000000.0,-10000000.0,0.0,0.031,484000000.0,215000000.0,808000000,1.0,1.488,42.626,39.854,2249000000,0.0,16.34,0.543,0.543,1567000000,2784000000,2640000000.0,2640000000.0,0.0,,,,,0.0,484000000.0,1.0,360000000,360000000,,7.333,6629000000,0,75000000.0,1040000000,18.414,2008000000
53,MAS,ARQ,2008-03-31,2008-04-30,2008-03-31,2021-09-07,829000000,10889000000,,3788000000,7101000000,,11.037,-41000000.0,630000000,630000000,1818000000.0,2000000.0,2.033,1.728,4113000000,117000000,3996000000,4113000000,0,0.0,0,0.051,0.23,98000000.0,98000000.0,0.04,98000000.0,98000000.0,42000000.0,0.01,0.01,0.01,3992000000,,3992000000,10069557000,13.0,9.729,149000000.0,0.412,1.0,628000000.0,0.257,4263000000,56000000.0,8246000000,,1160000000,0,0,0,6897000000,1863000000,5034000000,6586557000,-284000000.0,0.0,-100000000.0,-5000000.0,-84000000.0,-189000000.0,-21000000.0,13000000.0,190000000.0,34000000.0,2000000.0,2000000.0,2000000.0,22000000.0,0.0,0.001,468000000.0,160000000.0,768000000,23.0,1.65,26.884,26.391,2261000000,0.0,18.21,0.58,0.58,1541000000,2808000000,2446000000.0,2446000000.0,0.0,,,,,0.0,468000000.0,1.0,361700000,361700000,,6.763,6626000000,0,40000000.0,1038000000,18.319,1925000000
54,MAS,ARQ,2007-12-31,2008-02-22,2007-12-31,2021-09-07,697000000,10907000000,,3808000000,7099000000,,11.036,-70000000.0,922000000,922000000,2008000000.0,-151000000.0,1.996,1.71,4088000000,122000000,3966000000,4088000000,0,248000000.0,0,0.048,0.23,-56000000.0,192000000.0,0.071,192000000.0,-56000000.0,-117000000.0,-0.39,-0.4,-0.39,4025000000,,4025000000,10193769000,10.0,8.301,350000000.0,0.96,1.0,690000000.0,0.256,4261000000,61000000.0,7904000000,,1126000000,0,0,0,6882000000,1908000000,4974000000,7027769000,228000000.0,21000000.0,-53000000.0,-20000000.0,-85000000.0,-139000000.0,-104000000.0,14000000.0,420000000.0,16000000.0,-151000000.0,-151000000.0,-151000000.0,11000000.0,0.0,-0.056,727000000.0,-37000000.0,714000000,-0.59,1.746,18.207,18.352,2367000000,0.0,19.27,0.597,0.597,1405000000,2969000000,2698000000.0,2698000000.0,0.0,,,,,94000000.0,500000000.0,1.0,364700000,364700000,,7.398,6646000000,0,34000000.0,1008000000,18.223,1900000000
55,MAS,ARQ,2007-09-30,2007-10-31,2007-09-30,2021-09-07,626000000,11332000000,,3979000000,7353000000,,11.396,-45000000.0,690000000,690000000,2197000000.0,205000000.0,1.978,1.696,4067000000,24000000,4043000000,4067000000,0,0.0,0,0.038,0.23,379000000.0,379000000.0,0.124,379000000.0,379000000.0,314000000.0,0.56,0.56,0.56,4203000000,,4203000000,12257704000,13.0,10.047,267000000.0,0.724,1.0,862000000.0,0.282,4479000000,65000000.0,8218000000,,1207000000,0,0,0,7129000000,2012000000,5117000000,8880704000,-160000000.0,7000000.0,-162000000.0,-338000000.0,-87000000.0,-587000000.0,-26000000.0,20000000.0,312000000.0,19000000.0,205000000.0,205000000.0,205000000.0,4000000.0,0.0,0.067,488000000.0,374000000.0,839000000,0.411,2.113,25.373,24.571,2351000000,0.0,24.08,0.738,0.738,1762000000,3216000000,3059000000.0,3059000000.0,0.0,,,,,0.0,488000000.0,1.0,368800000,368800000,,8.294,6853000000,0,109000000.0,1074000000,18.582,1967000000
56,MAS,ARQ,2007-06-30,2007-08-01,2007-06-30,2021-09-07,553000000,11653000000,,4305000000,7348000000,,11.071,-42000000.0,853000000,853000000,2241000000.0,189000000.0,1.788,1.811,4347000000,325000000,4022000000,4347000000,0,0.0,0,0.033,0.23,366000000.0,366000000.0,0.116,366000000.0,366000000.0,297000000.0,0.51,0.51,0.51,4146000000,,4146000000,13702870000,13.0,10.781,294000000.0,0.785,1.0,907000000.0,0.288,4461000000,69000000.0,8278000000,,1269000000,0,0,0,7507000000,2408000000,5099000000,10208870000,-311000000.0,-183000000.0,-320000000.0,15000000.0,-88000000.0,-393000000.0,-221000000.0,26000000.0,336000000.0,10000000.0,189000000.0,189000000.0,189000000.0,-3000000.0,0.0,0.06,542000000.0,365000000.0,943000000,0.451,2.462,25.715,25.477,2334000000,0.0,27.26,0.832,0.832,1866000000,3226000000,3148000000.0,3148000000.0,0.0,,,,,0.0,542000000.0,1.0,374500000,374500000,,8.406,7192000000,0,108000000.0,1077000000,19.204,1897000000
57,MAS,ARQ,2007-03-31,2007-05-03,2007-03-31,2021-09-07,521000000,11685000000,,4536000000,7149000000,,11.281,-46000000.0,1165000000,1165000000,2125000000.0,143000000.0,1.939,1.742,4367000000,323000000,4044000000,4367000000,0,0.0,0,0.03,0.23,291000000.0,291000000.0,0.101,291000000.0,291000000.0,228000000.0,0.37,0.37,0.37,4261000000,,4261000000,14533000000,14.0,11.205,156000000.0,0.413,1.0,756000000.0,0.262,4269000000,63000000.0,8279000000,,1279000000,0,0,0,7424000000,2339000000,5085000000,11331000000,-793000000.0,-3000000.0,-262000000.0,-538000000.0,-87000000.0,-887000000.0,4000000.0,48000000.0,202000000.0,2000000.0,143000000.0,143000000.0,143000000.0,-1000000.0,0.0,0.05,499000000.0,257000000.0,890000000,0.622,2.659,26.536,27.027,2351000000,0.0,30.0,0.906,0.906,1779000000,3364000000,2881000000.0,2881000000.0,0.0,,,,,0.0,499000000.0,1.0,377700000,377700000,,7.628,7416000000,0,85000000.0,1041000000,19.635,2197000000
58,MAS,ARQ,2006-12-31,2007-02-27,2006-12-31,2021-09-07,512000000,12325000000,,5115000000,7210000000,,11.417,-90000000.0,1958000000,1958000000,2203000000.0,-187000000.0,1.509,1.757,4979000000,1446000000,3533000000,4979000000,0,244000000.0,0,0.029,0.22,-60000000.0,184000000.0,0.062,184000000.0,-60000000.0,-129000000.0,-0.46,-0.46,-0.46,4471000000,,4471000000,14796412000,13.0,10.691,70000000.0,0.179,1.0,743000000.0,0.252,4263000000,69000000.0,7694000000,,1263000000,0,0,0,7854000000,3389000000,4465000000,11775412000,1186000000.0,2000000.0,-62000000.0,957000000.0,-87000000.0,826000000.0,-82000000.0,25000000.0,160000000.0,7000000.0,-187000000.0,-187000000.0,-187000000.0,1000000.0,0.0,-0.063,812000000.0,-69000000.0,815000000,-0.478,2.634,24.13,24.25,2363000000,0.0,30.07,0.922,0.922,1613000000,3575000000,2946000000.0,2946000000.0,0.0,,,,,100000000.0,492000000.0,1.0,391600000,391600000,,7.523,8062000000,0,58000000.0,932000000,20.587,1726000000
59,MAS,ARQ,2006-09-30,2006-11-02,2006-09-30,2021-09-07,472000000,11808000000,,4301000000,7507000000,,11.903,-71000000.0,772000000,772000000,2372000000.0,252000000.0,1.153,1.517,3968000000,1491000000,2477000000,3968000000,0,0.0,0,0.032,0.22,430000000.0,430000000.0,0.131,430000000.0,430000000.0,376000000.0,0.65,0.64,0.65,4692000000,,4692000000,13815748000,9.0,7.663,274000000.0,0.695,1.0,923000000.0,0.28,4514000000,54000000.0,6761000000,,1308000000,0,0,0,7116000000,3729000000,3387000000,10619748000,166000000.0,85000000.0,-171000000.0,-1000000.0,-88000000.0,-260000000.0,18000000.0,17000000.0,345000000.0,4000000.0,252000000.0,252000000.0,252000000.0,-27000000.0,0.0,0.076,523000000.0,400000000.0,923000000,0.338,2.263,12.523,12.648,2318000000,0.0,26.94,0.827,0.827,1898000000,3834000000,3295000000.0,3295000000.0,0.0,,,,,0.0,523000000.0,1.0,394200000,394200000,,8.359,7294000000,0,124000000.0,910000000,18.503,572000000
60,MAS,ARQ,2006-06-30,2006-08-03,2006-06-30,2021-09-07,428000000,11767000000,,4261000000,7506000000,,11.635,-101000000.0,606000000,606000000,2403000000.0,219000000.0,1.244,1.54,3994000000,1184000000,2810000000,3994000000,0,0.0,0,0.031,0.22,392000000.0,392000000.0,0.116,392000000.0,392000000.0,339000000.0,0.55,0.54,0.55,4632000000,,4632000000,14331769000,9.0,7.785,288000000.0,0.723,1.0,986000000.0,0.291,4499000000,53000000.0,7230000000,,1313000000,0,0,0,7135000000,3426000000,3709000000,10943769000,-76000000.0,45000000.0,-276000000.0,-5000000.0,-90000000.0,-371000000.0,-49000000.0,19000000.0,389000000.0,6000000.0,219000000.0,219000000.0,219000000.0,-2000000.0,0.0,0.065,542000000.0,444000000.0,979000000,0.4,2.363,12.755,13.09,2284000000,0.0,27.49,0.848,0.848,2023000000,3812000000,3389000000.0,3389000000.0,0.0,,,,,0.0,532000000.0,1.0,398100000,398100000,,8.513,7268000000,0,120000000.0,899000000,18.257,835000000
61,MAS,ARQ,2006-03-31,2006-05-05,2006-03-31,2021-09-07,350000000,11755000000,,4219000000,7536000000,,11.788,-110000000.0,682000000,682000000,2306000000.0,204000000.0,1.253,1.511,3959000000,1179000000,2780000000,3959000000,0,0.0,0,0.025,0.22,381000000.0,381000000.0,0.12,381000000.0,381000000.0,317000000.0,0.5,0.5,0.5,4682000000,,4682000000,16289272000,10.0,8.427,204000000.0,0.514,1.0,880000000.0,0.276,4493000000,64000000.0,7173000000,,1256000000,0,0,0,7073000000,3366000000,3707000000,13012272000,-1282000000.0,0.0,-317000000.0,-800000000.0,-84000000.0,-1201000000.0,-113000000.0,10000000.0,314000000.0,1000000.0,204000000.0,204000000.0,204000000.0,1000000.0,0.0,0.064,523000000.0,357000000.0,945000000,0.44,2.779,14.252,14.891,2228000000,0.0,32.76,1.012,1.012,1965000000,3932000000,3186000000.0,3186000000.0,0.0,,,,,0.0,523000000.0,1.0,397200000,397200000,,8.021,7262000000,0,113000000.0,927000000,18.283,853000000
62,MAS,ARQ,2005-12-31,2006-03-02,2005-12-31,2021-09-07,328000000,12559000000,,5123000000,7436000000,,11.645,-91000000.0,1964000000,1964000000,2146000000.0,173000000.0,1.77,1.591,4747000000,832000000,3915000000,4747000000,0,241000000.0,0,0.026,0.2,359000000.0,600000000.0,0.202,600000000.0,359000000.0,293000000.0,0.43,0.42,0.43,4848000000,,4848000000,15746582000,9.0,8.092,227000000.0,0.545,1.0,819000000.0,0.276,4478000000,66000000.0,7970000000,,1127000000,0,0,0,7711000000,2894000000,4817000000,12963582000,404000000.0,212000000.0,-213000000.0,-24000000.0,-85000000.0,-322000000.0,104000000.0,20000000.0,318000000.0,-9000000.0,173000000.0,173000000.0,173000000.0,-49000000.0,0.0,0.058,527000000.0,292000000.0,837000000,0.465,2.674,13.791,13.964,2173000000,0.0,31.14,1.025,1.025,1716000000,4286000000,2965000000.0,2965000000.0,0.0,,,,,0.0,458000000.0,1.0,416300000,416300000,,7.122,8081000000,0,120000000.0,902000000,19.411,2229000000
63,MAS,ARQ,2005-09-30,2005-11-03,2005-09-30,2021-09-07,393000000,12604000000,,4999000000,7605000000,,11.791,-65000000.0,1560000000,1560000000,2396000000.0,262000000.0,1.713,1.522,4724000000,824000000,3900000000,4724000000,0,0.0,0,0.027,0.2,468000000.0,468000000.0,0.139,468000000.0,468000000.0,403000000.0,0.62,0.61,0.62,4997000000,,4997000000,15195682000,9.0,8.259,332000000.0,0.783,1.0,964000000.0,0.287,4607000000,65000000.0,8243000000,,1177000000,0,0,0,7607000000,2918000000,4689000000,12031682000,22000000.0,-19000000.0,-157000000.0,-28000000.0,-87000000.0,-272000000.0,-26000000.0,56000000.0,397000000.0,-4000000.0,262000000.0,262000000.0,262000000.0,0.0,0.0,0.078,495000000.0,469000000.0,911000000,0.323,2.408,13.798,13.849,2208000000,0.0,28.39,0.947,0.947,1982000000,4375000000,3360000000.0,3360000000.0,0.0,,,,,0.0,496000000.0,1.0,423800000,423800000,,7.928,7997000000,0,141000000.0,789000000,18.87,2081000000
64,MAS,ARQ,2005-06-30,2005-08-04,2005-06-30,2021-09-07,406000000,12651000000,,4987000000,7664000000,,11.568,-68000000.0,1538000000,1538000000,2363000000.0,274000000.0,1.645,1.541,4751000000,875000000,3876000000,4751000000,0,0.0,0,0.024,0.2,484000000.0,484000000.0,0.145,484000000.0,484000000.0,427000000.0,0.65,0.64,0.65,4979000000,,4979000000,16869592000,10.0,8.638,297000000.0,0.69,1.0,985000000.0,0.294,4624000000,57000000.0,8208000000,,1224000000,0,0,0,7672000000,3032000000,4640000000,13656592000,598000000.0,35000000.0,-128000000.0,486000000.0,-87000000.0,271000000.0,25000000.0,48000000.0,365000000.0,2000000.0,274000000.0,274000000.0,274000000.0,0.0,0.0,0.082,512000000.0,473000000.0,951000000,0.308,2.743,14.093,14.102,2205000000,0.0,31.73,1.09,1.09,1956000000,4217000000,3348000000.0,3348000000.0,0.0,,,,,0.0,515000000.0,1.0,430400000,430400000,,7.779,8027000000,0,153000000.0,764000000,18.65,1955000000
65,MAS,ARQ,2005-03-31,2005-05-10,2005-03-31,2021-09-07,512000000,12135000000,,4302000000,7833000000,,11.547,-58000000.0,940000000,940000000,2128000000.0,231000000.0,1.446,1.423,4289000000,882000000,3407000000,4289000000,0,0.0,0,0.024,0.2,394000000.0,394000000.0,0.133,394000000.0,394000000.0,335000000.0,0.53,0.52,0.53,5008000000,,5008000000,16572513000,10.0,8.503,236000000.0,0.544,1.0,841000000.0,0.283,4685000000,59000000.0,7823000000,,1191000000,0,0,0,7127000000,2976000000,4151000000,13223513000,-354000000.0,63000000.0,-455000000.0,-27000000.0,-80000000.0,-562000000.0,83000000.0,69000000.0,294000000.0,6000000.0,231000000.0,231000000.0,231000000.0,-19000000.0,0.0,0.078,498000000.0,343000000.0,892000000,0.377,2.64,13.832,13.922,2243000000,0.0,30.49,1.081,1.081,1902000000,4029000000,2969000000.0,2969000000.0,0.0,,,,,0.0,500000000.0,1.0,433700000,433700000,,6.846,7450000000,0,104000000.0,744000000,17.178,1326000000
66,MAS,ARQ,2004-12-31,2005-03-16,2004-12-31,2021-09-07,627000000,12541000000,,4402000000,8139000000,,12.181,-122000000.0,1256000000,1256000000,2132000000.0,105000000.0,2.05,1.313,4267000000,80000000,4187000000,4267000000,0,237000000.0,0,0.02,0.18,257000000.0,494000000.0,0.163,494000000.0,257000000.0,200000000.0,0.25,0.23,0.25,5423000000,,5423000000,18103280000,11.0,9.448,197000000.0,0.442,1.0,902000000.0,0.297,4734000000,57000000.0,8671000000,,1132000000,0,0,0,7118000000,2147000000,4971000000,15092280000,287000000.0,-8000000.0,-103000000.0,-3000000.0,-75000000.0,-181000000.0,-43000000.0,123000000.0,319000000.0,30000000.0,105000000.0,105000000.0,105000000.0,1000000.0,0.0,0.035,688000000.0,214000000.0,837000000,0.72,2.783,16.901,16.866,2272000000,0.0,33.9,1.25,1.25,1732000000,3880000000,3034000000.0,3034000000.0,0.0,,,,,0.0,520000000.0,1.0,445200000,445200000,,6.815,7807000000,0,95000000.0,740000000,17.536,2255000000
67,MAS,ARQ,2004-09-30,2004-11-04,2004-09-30,2021-09-07,409000000,12389000000,,4279000000,8110000000,,11.701,-64000000.0,969000000,969000000,2182000000.0,359000000.0,2.112,1.363,4254000000,44000000,4210000000,4254000000,0,0.0,0,0.018,0.18,581000000.0,581000000.0,0.183,581000000.0,581000000.0,526000000.0,0.82,0.8,0.82,5242000000,,5242000000,19435400000,12.0,10.136,356000000.0,0.795,1.0,991000000.0,0.312,4775000000,55000000.0,8873000000,,1126000000,0,0,0,7147000000,2026000000,5121000000,16150400000,435000000.0,184000000.0,-85000000.0,-143000000.0,-78000000.0,-306000000.0,243000000.0,127000000.0,420000000.0,9000000.0,359000000.0,359000000.0,359000000.0,-70000000.0,0.0,0.113,500000000.0,491000000.0,852000000,0.22,3.081,18.355,18.207,2165000000,0.0,36.05,1.357,1.357,1908000000,3856000000,3173000000.0,3173000000.0,0.0,,,,,0.0,502000000.0,1.0,448000000,448000000,,7.083,7614000000,0,167000000.0,851000000,16.996,2253000000
68,MAS,ARQ,2004-06-30,2004-08-05,2004-06-30,2021-09-07,381000000,12277000000,,3867000000,8410000000,,11.586,-69000000.0,527000000,527000000,2087000000.0,261000000.0,1.886,1.446,4433000000,136000000,4297000000,4433000000,0,0.0,0,0.021,0.16,480000000.0,480000000.0,0.157,480000000.0,480000000.0,428000000.0,0.59,0.58,0.59,5020000000,,5020000000,17276959080,11.0,9.204,400000000.0,0.923,1.0,974000000.0,0.318,4777000000,52000000.0,9356000000,,1134000000,0,0,0,7257000000,2050000000,5207000000,13370959080,-84000000.0,-58000000.0,-245000000.0,-151000000.0,-73000000.0,-509000000.0,46000000.0,126000000.0,469000000.0,-7000000.0,261000000.0,261000000.0,261000000.0,33000000.0,0.0,0.085,497000000.0,477000000.0,869000000,0.271,2.664,15.924,16.863,2165000000,0.0,30.86,1.148,1.148,1929000000,3583000000,3061000000.0,3061000000.0,0.0,,,,,0.0,504000000.0,1.0,433278000,433278000,,7.065,7500000000,0,167000000.0,812000000,17.31,1817000000
69,MAS,ARQ,2004-03-31,2004-05-05,2004-03-31,2021-09-07,402000000,12249000000,,3747000000,8502000000,,11.705,-55000000.0,624000000,624000000,1955000000.0,168000000.0,1.778,1.389,4510000000,313000000,4197000000,4510000000,0,0.0,0,0.022,0.16,361000000.0,361000000.0,0.129,361000000.0,361000000.0,308000000.0,0.37,0.36,0.37,5127000000,,5127000000,16382967370,10.0,9.012,191000000.0,0.436,1.0,851000000.0,0.303,4755000000,53000000.0,9273000000,,1033000000,0,0,0,7122000000,2107000000,5015000000,12496967370,-139000000.0,0.0,-412000000.0,284000000.0,-76000000.0,-149000000.0,-85000000.0,-46000000.0,246000000.0,-3000000.0,168000000.0,168000000.0,168000000.0,73000000.0,0.0,0.06,464000000.0,387000000.0,808000000,0.432,2.437,15.463,16.587,2153000000,0.0,28.53,1.099,1.099,1820000000,3394000000,2806000000.0,2806000000.0,0.0,,,,,0.0,485000000.0,1.0,438029000,438029000,,6.406,7494000000,0,140000000.0,719000000,17.108,1640000000
70,MAS,ARQ,2003-12-31,2004-02-27,2003-12-31,2021-09-07,421000000,12149000000,,3804000000,8345000000,,12.059,-73150000.0,795000000,795000000,1982340000.0,91880000.0,1.812,1.227,4182000000,334000000,3848000000,4182000000,0,244000000.0,0,0.021,0.16,251380000.0,495380000.0,0.173,495380000.0,251380000.0,191200000.0,0.2,0.2,0.2,5456000000,,5456000000,16073978400,10.0,9.056,531270000.0,1.174,1.0,879870000.0,0.307,4835000000,60180000.0,8602000000,,1019000000,0,0,0,6693000000,2099000000,4594000000,12686978400,-113140000.0,-28320000.0,-186690000.0,-168610000.0,-77300000.0,-432500000.0,-201840000.0,-64260000.0,604420000.0,24530000.0,91880000.0,91880000.0,91880000.0,-66000000.0,0.0,0.032,625630000.0,254240000.0,715000000,0.8,2.325,15.741,16.69,2339000000,0.0,28.04,1.16,1.16,1674000000,3299000000,2862210000.0,2862210000.0,0.0,,,,,0.0,484510000.0,1.0,452460000,452460000,,6.326,7314000000,0,99320000.0,746000000,16.165,1705000000
71,MAS,ARQ,2003-09-30,2003-11-06,2003-09-30,2021-09-07,179060000,12200580000,,4026720000,8173860000,,11.669,-58830000.0,907710000,907710000,2014980000.0,318770000.0,1.749,1.257,4336320000,500040000,3836280000,4336320000,0,0.0,0,0.021,0.16,540750000.0,540750000.0,0.185,540750000.0,540750000.0,473970000.0,0.67,0.65,0.67,5404590000,,5404590000,15984660720,10.0,8.54,241690000.0,0.522,1.0,902920000.0,0.309,4853590000,66780000.0,8473040000,,1025900000,0,0,0,6795990000,2302560000,4493430000,12556050720,122270000.0,271860000.0,-144770000.0,-329100000.0,-68580000.0,-542450000.0,220630000.0,-14650000.0,300520000.0,-1630000.0,318770000.0,318770000.0,318770000.0,0.0,0.0,0.109,423550000.0,479370000.0,706320000,0.239,2.323,13.814,14.344,2295120000,0.0,27.11,1.174,1.174,1830360000,3282700000,2917900000.0,2917900000.0,0.0,,,,,0.0,481150000.0,1.0,463152000,463152000,,6.3,7346990000,0,155200000.0,657150000,15.863,1724160000
72,MAS,ARQ,2003-06-30,2003-08-07,2003-06-30,2021-09-07,175690000,12279980000,,3986380000,8293600000,,11.293,-61040000.0,785440000,785440000,1934360000.0,229550000.0,1.511,1.314,4625780000,809050000,3816730000,4625780000,0,0.0,0,0.023,0.14,420710000.0,420710000.0,0.151,420710000.0,420710000.0,353250000.0,0.48,0.46,0.48,5307610000,,5307610000,15139067880,11.0,9.636,232690000.0,0.495,1.0,853290000.0,0.306,4855820000,67460000.0,8626400000,,1161850000,0,0,0,6972370000,2638100000,4334270000,11298727880,36990000.0,-146890000.0,-196680000.0,-16820000.0,-69170000.0,-283400000.0,-80900000.0,170290000.0,293730000.0,23420000.0,229550000.0,229550000.0,229550000.0,0.0,0.0,0.082,464280000.0,389010000.0,676520000,0.292,2.129,15.848,16.354,2424600000,0.0,24.04,1.098,1.098,1775960000,3041310000,2787650000.0,2787650000.0,0.0,,,,,0.0,464280000.0,1.0,469997000,469997000,,5.931,7424160000,0,123700000.0,517540000,15.796,1348280000
73,MAS,ARQ,2003-03-31,2003-05-09,2003-03-31,2021-09-07,60000,11970320000,,3827940000,8142380000,,10.909,-77980000.0,748450000,748450000,1744540000.0,165800000.0,1.966,1.302,4622820000,301050000,4321770000,4622820000,0,0.0,0,0.024,0.14,323800000.0,323800000.0,0.13,323800000.0,323800000.0,256200000.0,0.34,0.32,0.34,5199120000,,5199120000,14740713200,11.0,9.639,144350000.0,0.303,1.0,753760000.0,0.302,4698020000,67600000.0,9199870000,,1123200000,70110000,0,70110000,6771200000,1946800000,4824400000,10866343200,-318120000.0,-51650000.0,-213860000.0,-26470000.0,-70950000.0,-358650000.0,-65890000.0,57620000.0,222330000.0,5680000.0,165800000.0,165800000.0,165800000.0,0.0,0.0,0.066,438860000.0,314900000.0,657150000,0.412,2.09,15.575,15.833,2364930000,0.0,22.8,1.107,1.107,1683740000,2879780000,2498300000.0,2498300000.0,0.0,,,,,0.0,452380000.0,1.0,476594000,476594000,,5.242,7272300000,0,90400000.0,502630000,15.259,1881140000
74,MAS,ARQ,2002-12-31,2003-03-14,2002-12-31,2021-09-07,-21700000,12050430000,,3949770000,8100660000,,10.842,-109220000.0,1066570000,1066570000,1729850000.0,194800000.0,2.044,1.276,4637650000,321180000,4316470000,4637650000,0,220300000.0,0,0.031,0.14,366130000.0,586430000.0,0.236,586430000.0,366130000.0,299500000.0,0.4,0.37,0.4,5293840000,,5293840000,12330697620,10.0,8.834,286690000.0,0.587,1.0,757550000.0,0.305,4651020000,66630000.0,9038040000,,1055620000,67810000,0,67810000,6756590000,1932450000,4824140000,8759617620,466480000.0,-69710000.0,-105700000.0,269500000.0,-71380000.0,92420000.0,-218500000.0,-22630000.0,395910000.0,58540000.0,194800000.0,194800000.0,194800000.0,0.0,0.0,0.078,367650000.0,389900000.0,541590000,0.35,1.655,14.854,14.705,2315060000,0.0,17.94,0.93,0.93,1546360000,2783490000,2487400000.0,2487400000.0,0.0,,,,,0.0,402480000.0,1.0,488273000,488273000,,5.094,7399410000,0,104700000.0,507670000,15.154,2017320000
75,MAS,ARQ,2002-09-30,2002-11-14,2002-09-30,2021-09-07,-98410000,11433990000,,3497570000,7936420000,,10.845,-58190000.0,600090000,600090000,1717040000.0,122800000.0,1.853,1.143,4275990000,311650000,3964340000,4275990000,0,0.0,0,0.026,0.14,240200000.0,240200000.0,0.095,240200000.0,240200000.0,179200000.0,0.25,0.24,0.25,5335630000,,5335630000,14145660000,12.0,9.942,246100000.0,0.5,1.0,800960000.0,0.318,4493070000,61000000.0,8729560000,,994580000,95810000,0,95810000,6098360000,1887260000,4211100000,10469760000,-28660000.0,-458230000.0,-60540000.0,497210000.0,-67750000.0,366660000.0,-697400000.0,-174160000.0,304290000.0,0.0,122800000.0,122800000.0,122800000.0,0.0,0.0,0.049,545460000.0,255500000.0,565030000,0.56,1.962,17.03,16.496,2120600000,0.0,21.28,1.157,1.157,1715130000,2659460000,2518000000.0,2518000000.0,0.0,,,,,0.0,379460000.0,1.0,492000000,492000000,,5.118,6940920000,0,56400000.0,246760000,14.108,1610310000
76,MAS,ARQ,2002-06-30,2002-08-13,2002-06-30,2021-09-07,-41150000,10418080000,,3314610000,7103470000,,10.489,-60590000.0,628750000,628750000,1549650000.0,214300000.0,2.168,1.05,3769990000,134510000,3635480000,3769990000,0,0.0,0,0.023,0.135,378900000.0,378900000.0,0.164,378900000.0,378900000.0,324700000.0,0.45,0.43,0.45,5081780000,,5081780000,14410710000,21.0,14.973,238670000.0,0.493,1.0,764350000.0,0.33,3727910000,54200000.0,8302650000,,989130000,94360000,0,94360000,5336300000,1528760000,3807540000,11269470000,390590000.0,-192280000.0,598340000.0,-81050000.0,-64440000.0,445230000.0,-307130000.0,-112810000.0,299260000.0,0.0,214300000.0,214300000.0,214300000.0,0.0,0.0,0.093,369250000.0,395100000.0,469130000,0.3,2.218,36.471,35.785,2096200000,0.0,23.26,1.284,1.284,1520630000,2608140000,2314000000.0,2314000000.0,0.0,,,,,0.0,369250000.0,1.0,484500000,484500000,,4.776,6690170000,0,110400000.0,172060000,13.808,1785850000
77,MAS,ARQ,2002-03-31,2002-05-15,2002-03-31,2021-09-07,-190240000,9342890000,,2683590000,6659300000,,9.19,-56670000.0,238160000,238160000,1454050000.0,150200000.0,2.039,1.207,3707040000,130690000,3576350000,3707040000,0,0.0,0,0.02,0.135,282700000.0,282700000.0,0.135,282700000.0,282700000.0,227600000.0,0.32,0.31,0.32,4232830000,,4232830000,15849485440,27.0,18.496,168720000.0,0.366,1.0,645950000.0,0.308,3579820000,55100000.0,7916000000,,897250000,226350000,0,226350000,5110060000,1315950000,3794110000,12380605440,-73830000.0,5150000.0,0.0,-51250000.0,-64310000.0,-136940000.0,-73150000.0,-17340000.0,225390000.0,0.0,150200000.0,150200000.0,150200000.0,0.0,0.0,0.072,355350000.0,290600000.0,402540000,0.422,2.925,52.976,52.706,2009720000,0.0,26.88,1.449,1.449,1377180000,2553960000,2100000000.0,2100000000.0,0.0,,,,,0.0,355350000.0,1.0,460588000,460588000,,4.559,5763070000,0,77400000.0,217760000,12.512,1367640000
78,MAS,ARQ,2001-12-31,2002-03-28,2001-12-31,2021-09-07,-188290000,9183330000,,2626920000,6556410000,,8.961,-73840000.0,311990000,311990000,1509900000.0,127500000.0,2.124,1.229,3757490000,129860000,3627630000,3757490000,0,269490000.0,0,0.019,0.135,251530000.0,521020000.0,0.246,521020000.0,251530000.0,191500000.0,0.27,0.27,0.27,4119830000,,4119830000,16065664950,30.0,19.846,185730000.0,0.404,1.0,605100000.0,0.286,3522670000,60030000.0,7869600000,,913100000,224130000,0,224130000,5063500000,1236560000,3826940000,12620164950,165680000.0,27050000.0,2190000.0,-245690000.0,-64270000.0,-325670000.0,77770000.0,-32360000.0,259570000.0,0.0,127500000.0,127500000.0,127500000.0,0.0,0.0,0.06,391500000.0,213600000.0,322280000,0.5,3.063,63.578,63.837,2016730000,0.0,27.45,1.51,1.51,1204210000,2468230000,2115000000.0,2115000000.0,0.0,,,,,0.0,368300000.0,1.0,459751000,459751000,,4.6,5660660000,0,64000000.0,199310000,12.312,1390360000
79,MAS,ARQ,2001-09-30,2001-11-13,2001-09-30,2021-09-07,-173020000,9213230000,,2616990000,6596240000,,8.949,-67780000.0,146310000,146310000,1530300000.0,-183000000.0,2.247,1.243,4017990000,194940000,3823050000,4017990000,0,0.0,0,0.025,0.135,-220200000.0,-220200000.0,-0.098,-220200000.0,-220200000.0,-281800000.0,-0.39,-0.39,-0.39,4106700000,,4106700000,13623708750,37.0,22.462,262300000.0,0.572,1.0,716700000.0,0.319,3516620000,61600000.0,8403640000,,1001550000,199130000,0,199130000,5106530000,1164650000,3941880000,9752028750,39820000.0,-150370000.0,-34720000.0,64260000.0,-59980000.0,-37930000.0,-262390000.0,0.0,330080000.0,0.0,-183000000.0,-183000000.0,-183000000.0,0.0,0.0,-0.081,385800000.0,330900000.0,286450000,-0.346,2.375,84.142,78.704,2006220000,0.0,21.25,1.223,1.223,1319470000,2469220000,2247000000.0,2247000000.0,0.0,,,,,0.0,361900000.0,1.0,458919000,458919000,,4.896,5696610000,0,-98800000.0,118830000,12.413,1452340000
80,MAS,ARQ,2001-06-30,2001-08-07,2001-06-30,2021-09-07,-247030000,8824980000,,2616910000,6208070000,,8.102,-67550000.0,106490000,106490000,1429100000.0,139000000.0,2.209,1.367,3894710000,208950000,3685760000,3894710000,0,0.0,0,0.02,0.13,273400000.0,273400000.0,0.131,273400000.0,273400000.0,214000000.0,0.31,0.3,0.31,3728520000,,3728520000,15868443750,17.0,13.506,171140000.0,0.372,1.0,655900000.0,0.315,2745480000,59400000.0,8683310000,,1023170000,656460000,0,656460000,5096460000,1184410000,3912050000,12080223750,17060000.0,-156030000.0,-9270000.0,117430000.0,-59770000.0,48390000.0,-275950000.0,0.0,238690000.0,0.0,139000000.0,139000000.0,139000000.0,0.0,0.0,0.067,377400000.0,278500000.0,313340000,0.419,3.24,24.841,24.306,1949610000,0.0,26.25,1.585,1.585,1336820000,2652420000,2085000000.0,2085000000.0,0.0,,,,,0.0,354300000.0,1.0,460199000,460199000,,4.531,6079500000,0,75000000.0,226290000,13.211,1432500000
81,MAS,ARQ,2001-03-31,2001-05-14,2001-03-31,2021-09-07,-226040000,8573580000,,2508670000,6064910000,,7.992,-65260000.0,89430000,89430000,1337500000.0,115000000.0,2.281,1.333,3821370000,216610000,3604760000,3821370000,0,0.0,0,0.023,0.13,235300000.0,235300000.0,0.123,235300000.0,235300000.0,177000000.0,0.25,0.25,0.25,3675380000,,3675380000,14078677500,14.0,11.321,73040000.0,0.159,1.0,573500000.0,0.3,2666120000,58300000.0,8539770000,,988560000,639790000,0,639790000,4898200000,1099630000,3798570000,10346737500,-80000000.0,-77620000.0,-25190000.0,265630000.0,-59790000.0,157700000.0,-206000000.0,0.0,138300000.0,0.0,115000000.0,115000000.0,115000000.0,0.0,0.0,0.06,356700000.0,216800000.0,279330000,0.52,2.815,19.423,18.908,1924820000,0.0,22.5,1.397,1.397,1287650000,2573170000,1911000000.0,1911000000.0,0.0,,,,,0.0,333700000.0,1.0,459855000,459855000,,4.156,5907460000,0,62000000.0,193810000,12.846,1409040000
82,MAS,ARQ,2000-12-31,2001-03-29,2000-12-31,2021-09-07,-169750000,7744000000,,2308160000,5435840000,,7.462,-134530000.0,169430000,169430000,1359660000.0,44900000.0,2.141,1.26,3229190000,210950000,3018240000,3229190000,0,238330000.0,0,0.022,0.13,79680000.0,318010000.0,0.184,318010000.0,79680000.0,25500000.0,0.1,0.1,0.1,3426060000,,3426060000,13665894000,13.0,10.329,24900000.0,0.054,1.0,373340000.0,0.215,2190770000,54180000.0,7534940000,,912960000,621130000,0,621130000,4317940000,1078050000,3239890000,10606134000,-11800000.0,-19490000.0,-141850000.0,29820000.0,-55200000.0,-168950000.0,-84240000.0,0.0,159430000.0,0.0,44900000.0,44900000.0,44900000.0,0.0,0.0,0.026,276640000.0,96700000.0,250460000,1.3,3.096,17.925,17.239,1906840000,0.0,23.1,1.464,1.464,1099150000,2519940000,1733000000.0,1733000000.0,0.0,,,,,0.0,168240000.0,1.0,459140000,459140000,,3.774,5553230000,0,-19400000.0,221650000,12.095,1230110000
83,MAS,ARQ,2000-09-30,2000-11-14,2000-09-30,2021-09-07,-230620000,7885060000,,2406350000,5478710000,,7.88,-83660000.0,181230000,181230000,1215900000.0,187400000.0,1.295,1.242,3165560000,888520000,2277040000,3165560000,0,0.0,0,0.027,0.13,348200000.0,348200000.0,0.184,348200000.0,348200000.0,297500000.0,0.42,0.41,0.42,3516550000,,3516550000,11075332010,8.0,7.435,130170000.0,0.292,1.0,677100000.0,0.358,2148510000,50700000.0,6862860000,,912460000,741270000,0,741270000,4368510000,1858020000,2510490000,8091002010,58410000.0,-2200000.0,98810000.0,-32000000.0,-56220000.0,-27500000.0,-205450000.0,0.0,213830000.0,0.0,187400000.0,187400000.0,187400000.0,0.0,0.0,0.099,376900000.0,300200000.0,254330000,0.31,2.301,11.152,10.988,1827260000,0.0,18.13,1.131,1.131,1182360000,2529160000,1893000000.0,1893000000.0,0.0,,,,,0.0,359200000.0,1.0,446277000,446277000,,4.242,5736550000,0,110100000.0,233450000,12.854,548330000
84,MAS,ARQ,2000-06-30,2000-11-01,2000-06-30,2021-09-07,-150380000,7750530000,,2368960000,5381570000,,7.42,-83730000.0,122820000,122820000,1196700000.0,185400000.0,1.33,1.285,3236950000,890220000,2346730000,3236950000,0,0.0,0,0.027,0.13,342100000.0,342100000.0,0.183,342100000.0,342100000.0,294400000.0,0.42,0.41,0.42,3391570000,,3391570000,11515482798,10.0,8.953,111640000.0,0.244,1.0,674300000.0,0.36,2172580000,47700000.0,6910560000,,938540000,730980000,0,730980000,4358960000,1781520000,2577440000,8401352798,48600000.0,-339590000.0,-20560000.0,441050000.0,-53910000.0,366580000.0,-500540000.0,0.0,195370000.0,0.0,185400000.0,185400000.0,185400000.0,0.0,0.0,0.099,373000000.0,301300000.0,269840000,0.31,2.477,13.933,13.319,1797970000,0.0,18.38,1.206,1.206,1192790000,2403250000,1871000000.0,1871000000.0,0.0,,,,,0.0,357100000.0,1.0,457092100,457092100,,4.093,5577950000,0,109000000.0,230710000,12.203,587440000
85,MAS,ARQ,2000-06-30,2000-08-10,2000-06-30,2021-09-07,-150380000,7750530000,,2368960000,5381570000,,7.42,-83730000.0,122820000,122820000,1196700000.0,185400000.0,1.33,1.285,3236950000,890220000,2346730000,3236950000,0,0.0,0,0.024,0.12,342100000.0,342100000.0,0.183,342100000.0,342100000.0,294400000.0,0.42,0.41,0.42,3391570000,,3391570000,12429666998,11.0,9.664,111640000.0,0.244,1.0,674300000.0,0.36,2172580000,47700000.0,6910560000,,938540000,730980000,0,730980000,4358960000,1781520000,2577440000,9315536998,48600000.0,-339590000.0,-20560000.0,441050000.0,-53910000.0,366580000.0,-500540000.0,0.0,195370000.0,0.0,185400000.0,185400000.0,185400000.0,0.0,0.0,0.099,373000000.0,301300000.0,269840000,0.286,2.747,15.449,14.768,1797970000,0.0,20.38,1.337,1.337,1192790000,2403250000,1871000000.0,1871000000.0,0.0,,,,,0.0,357100000.0,1.0,457092100,457092100,,4.093,5577950000,0,109000000.0,230710000,12.203,587440000
86,MAS,ARQ,2000-03-31,2000-05-12,2000-03-31,2021-09-07,-79670000,7207540000,,2238550000,4968990000,,7.395,-86110000.0,74220000,74220000,1125900000.0,174000000.0,1.821,1.172,2794910000,363240000,2431670000,2794910000,0,0.0,0,0.023,0.12,314800000.0,314800000.0,0.18,314800000.0,314800000.0,276000000.0,0.4,0.39,0.4,3317930000,,3317930000,11873143880,12.0,9.985,79100000.0,0.176,1.0,620100000.0,0.355,1876840000,38800000.0,6822080000,,884000000,715270000,0,715270000,3889610000,1229310000,2660300000,9152453880,-156560000.0,-170360000.0,0.0,263140000.0,-53350000.0,209790000.0,-384880000.0,0.0,165210000.0,0.0,174000000.0,174000000.0,174000000.0,0.0,0.0,0.1,351600000.0,268500000.0,272440000,0.3,2.758,16.455,14.783,1750380000,0.0,20.4,1.438,1.438,1166870000,2271670000,1746000000.0,1746000000.0,0.0,,,,,0.0,337400000.0,1.0,448649700,448649700,,3.892,5330700000,0,102000000.0,228630000,11.882,1009240000
87,MAS,ARQ,1999-12-31,2000-03-30,1999-12-31,2021-09-07,-60520000,6634920000,,2109780000,4525140000,,7.011,-103870000.0,230780000,230780000,1052930000.0,178700000.0,2.493,1.115,2493570000,62300000,2431270000,2493570000,0,181820000.0,0,0.016,0.12,302620000.0,484440000.0,0.294,484440000.0,302620000.0,268700000.0,0.41,0.4,0.41,3136500000,,3136500000,11993348500,12.0,9.942,-100630000.0,-0.225,1.0,592070000.0,0.36,1742930000,33920000.0,6308350000,,769870000,684750000,0,684750000,3498420000,846430000,2651990000,9730558500,85260000.0,-2030000.0,7160000.0,-7310000.0,-53360000.0,-62550000.0,-55030000.0,0.0,3240000.0,0.0,178700000.0,178700000.0,178700000.0,0.0,0.0,0.109,326770000.0,265300000.0,243810000,0.293,3.102,17.083,16.603,1624360000,0.0,21.75,1.543,1.543,1002630000,2151520000,1645000000.0,1645000000.0,0.0,,,,,0.0,313040000.0,1.0,447382000,447382000,,3.677,4891990000,0,90000000.0,220720000,10.935,1263350000
88,MAS,ARQ,1999-09-30,1999-11-15,1999-09-30,2021-09-07,-33850000,6647720000,,2160320000,4487400000,,6.864,-124350000.0,145520000,145520000,1082000000.0,64900000.0,2.226,1.185,2567790000,147380000,2420410000,2567790000,0,0.0,0,0.016,0.12,144900000.0,144900000.0,0.085,144900000.0,144900000.0,113200000.0,0.15,0.15,0.15,3043090000,,3043090000,15252558540,19.0,16.014,94000000.0,0.212,1.0,622000000.0,0.365,1734580000,31700000.0,6365090000,,777610000,672920000,0,672920000,3604630000,970320000,2634310000,12830288540,55750000.0,-387560000.0,0.0,501610000.0,-37170000.0,478130000.0,-544640000.0,0.0,218350000.0,0.0,64900000.0,64900000.0,64900000.0,0.0,0.0,0.038,476700000.0,145300000.0,255430000,0.8,4.216,28.493,22.092,1579960000,0.0,28.94,2.458,2.458,1124870000,2038510000,1704000000.0,1704000000.0,0.0,,,,,0.0,463600000.0,1.0,443341000,443341000,,3.844,4913140000,0,48300000.0,213900000,11.082,1190000000
89,MAS,ARQ,1999-06-30,1999-08-06,1999-06-30,2021-09-07,-66540000,5395940000,,1621980000,3773960000,,8.189,-64600000.0,78360000,78360000,812600000.0,138600000.0,1.765,0.951,1759840000,253000000,1506840000,1759840000,0,0.0,0,0.015,0.11,244900000.0,244900000.0,0.193,244900000.0,244900000.0,219900000.0,0.42,0.41,0.42,2765520000,,2765520000,11687448036,13.0,11.377,73720000.0,0.218,1.0,456400000.0,0.36,1342200000,25000000.0,4816270000,,626750000,686110000,0,686110000,2630420000,918950000,1711470000,10005968036,-249810000.0,-342640000.0,-57990000.0,135080000.0,-37230000.0,39860000.0,-413560000.0,0.0,138320000.0,0.0,138600000.0,138600000.0,138600000.0,0.0,0.0,0.109,251400000.0,205000000.0,186600000,0.262,3.618,19.57,19.24,1253910000,0.0,29.63,2.158,2.158,845370000,2300480000,1269000000.0,1269000000.0,0.0,,,,,0.0,241300000.0,1.0,337697200,337697200,,3.758,4053740000,0,81300000.0,204630000,12.004,703030000
90,MAS,ARQ,1999-03-31,1999-05-13,1999-03-31,2021-09-07,-41080000,5144630000,,1747570000,3397060000,,8.148,-58030000.0,328170000,328170000,730300000.0,124300000.0,2.038,0.874,1607640000,257420000,1350220000,1607640000,0,0.0,0,0.019,0.11,220100000.0,220100000.0,0.192,220100000.0,220100000.0,197300000.0,0.37,0.36,0.37,2745540000,,2745540000,11873011368,14.0,11.97,72670000.0,0.216,1.0,416700000.0,0.363,1066090000,22800000.0,4500530000,,572200000,671040000,0,671040000,2399090000,857480000,1541610000,10593541368,-213570000.0,-62720000.0,-48770000.0,-50390000.0,-37230000.0,-136390000.0,-118800000.0,0.0,130700000.0,0.0,124300000.0,124300000.0,124300000.0,0.0,0.0,0.108,231000000.0,185700000.0,157510000,0.297,3.858,21.633,21.388,1183350000,0.0,31.44,2.379,2.379,786160000,2198910000,1147000000.0,1147000000.0,0.0,,,,,0.0,222800000.0,1.0,336944700,336944700,,3.404,4078540000,0,73000000.0,191390000,12.104,890090000
91,MAS,ARQ,1998-12-31,1999-03-26,1998-12-31,2021-09-07,-16570000,5167350000,,1862620000,3304730000,,8.043,-66730000.0,541740000,541740000,726290000.0,122500000.0,2.2,0.894,1645430000,254010000,1391420000,1645430000,0,136320000.0,0,0.022,0.11,206260000.0,342580000.0,0.312,342580000.0,206260000.0,184800000.0,0.37,0.36,0.37,2728580000,,2728580000,10432570000,12.0,10.683,1090000.0,0.003,1.0,372710000.0,0.339,1036290000,21460000.0,4388170000,,558990000,659490000,0,659490000,2438770000,846580000,1592190000,9328880000,98860000.0,-85280000.0,-90130000.0,82630000.0,-37220000.0,-290000.0,-111360000.0,0.0,67820000.0,0.0,122500000.0,122500000.0,122500000.0,0.0,0.0,0.111,212910000.0,159800000.0,171250000,0.297,3.419,19.598,19.097,1164250000,0.0,27.5,2.147,2.147,700130000,2111760000,1099000000.0,1099000000.0,0.0,,,,,0.0,204600000.0,1.0,339232000,339232000,,3.24,4131060000,0,62300000.0,200770000,12.178,1016040000
92,MAS,ARQ,1998-09-30,1998-11-13,1998-09-30,2021-09-07,-22020000,5016200000,,1839580000,3176620000,,7.853,-47620000.0,442880000,442880000,717100000.0,125900000.0,2.107,0.883,1554120000,261130000,1292990000,1554120000,0,0.0,0,0.021,0.11,219700000.0,219700000.0,0.196,219700000.0,219700000.0,197100000.0,0.38,0.37,0.38,2663850000,,2663850000,10799506000,13.0,11.475,82060000.0,0.242,1.0,404900000.0,0.361,974600000,22600000.0,4279640000,,550720000,642370000,0,642370000,2352350000,873200000,1479150000,9688266000,26290000.0,34770000.0,0.0,38960000.0,-37550000.0,-43020000.0,-33180000.0,0.0,129680000.0,0.0,125900000.0,125900000.0,125900000.0,0.0,0.0,0.112,224300000.0,180600000.0,155210000,0.289,3.637,21.107,,1119580000,0.0,28.56,2.287,2.287,734660000,2026370000,1122000000.0,1122000000.0,0.0,,,,,0.0,216900000.0,1.0,339225000,339225000,,3.308,4041600000,0,71200000.0,186160000,11.914,966380000
93,MAS,ARQ,1998-06-30,1998-08-14,1998-06-30,2021-09-07,-30130000,4766920000,,1796010000,2970910000,,7.65,-38180000.0,416590000,416590000,691400000.0,117000000.0,3.174,0.832,1442310000,24450000,1417860000,1442310000,0,0.0,0,0.021,0.275,209500000.0,209500000.0,0.193,209500000.0,209500000.0,188800000.0,0.35,0.34,0.35,2602390000,,2602390000,10444778090,13.0,11.453,81370000.0,0.239,1.0,393600000.0,0.363,918310000,20700000.0,4308460000,,560880000,622780000,0,622780000,2164530000,565870000,1598660000,9419058090,241690000.0,-29930000.0,0.0,251400000.0,-35780000.0,215620000.0,-133250000.0,0.0,119550000.0,0.0,117000000.0,117000000.0,117000000.0,0.0,0.0,0.108,219800000.0,173800000.0,156800000,0.786,3.619,21.658,,1073170000,0.0,27.69,2.288,2.288,674850000,1975460000,1085000000.0,1085000000.0,0.0,,,,,0.0,213000000.0,1.0,340161000,340161000,,3.19,3848610000,0,71800000.0,180800000,11.314,1230140000
94,MAS,ARQ,1998-03-31,1998-05-14,1998-03-31,2021-09-07,-24720000,4381890000,,1517460000,2864430000,,7.32,-36430000.0,174900000,174900000,659200000.0,110600000.0,2.76,0.761,1187910000,25790000,1162120000,1187910000,0,0.0,0,0.014,0.105,204800000.0,204800000.0,0.197,204800000.0,204800000.0,184300000.0,0.335,0.325,0.335,2488720000,,2488720000,11042007000,15.0,12.637,65610000.0,0.193,1.0,379800000.0,0.366,856420000,20500000.0,3988630000,,543890000,610060000,0,610060000,1893170000,549850000,1343320000,10028997000,-266430000.0,-104800000.0,0.0,-45310000.0,-34740000.0,-80050000.0,-133150000.0,0.0,102040000.0,0.0,110600000.0,110600000.0,110600000.0,0.0,0.0,0.106,213500000.0,166300000.0,157370000,0.313,4.03,24.491,,1073890000,0.0,29.5,2.542,2.542,679400000,1858550000,1039000000.0,1039000000.0,0.0,,,,,0.0,207500000.0,1.0,339966000,339966000,,3.056,3525470000,0,73700000.0,181200000,10.37,967610000
95,MAS,ARQ,1997-12-31,1998-03-27,1997-12-31,2021-09-07,-25480000,4333760000,,1626720000,2707040000,,6.57,-64450000.0,441330000,441330000,626550000.0,105500000.0,2.624,0.944,1389930000,68460000,1321470000,1389930000,0,116050000.0,0,0.014,0.105,191050000.0,307100000.0,0.31,307100000.0,191050000.0,169400000.0,,,,2229020000,,2229020000,10809439069,15.0,13.074,153490000.0,0.452,1.0,363450000.0,0.367,729190000,21650000.0,3933170000,,515000000,621220000,0,621220000,2104740000,620000000,1484740000,9860839069,62290000.0,0.0,0.0,-15590000.0,-34750000.0,-50340000.0,-105310000.0,0.0,217940000.0,0.0,105500000.0,105500000.0,105500000.0,0.0,0.0,0.107,208450000.0,155000000.0,166310000,,4.424,25.787,24.322,1037320000,0.0,29.065,2.623,2.623,559050000,1784370000,990000000.0,990000000.0,0.0,,,,,0.0,202630000.0,1.0,339268504,339268504,,2.918,3604570000,0,63900000.0,163270000,10.625,1006720000
96,MAS,ARQ,1997-09-30,1997-11-13,1997-09-30,2021-09-07,-18220000,4223620000,,1569010000,2654610000,,6.533,-38190000.0,379040000,379040000,634000000.0,101800000.0,2.446,0.97,1405520000,84270000,1321250000,1405520000,0,0.0,0,0.018,0.105,190600000.0,190600000.0,0.19,190600000.0,190600000.0,169900000.0,,,,2144130000,,2144130000,8625128000,,,41440000.0,0.126,1.0,369000000.0,0.368,733140000,20700000.0,3875370000,,496920000,607820000,0,607820000,2079490000,641590000,1437900000,7598648000,45870000.0,-53490000.0,0.0,37370000.0,-32440000.0,4930000.0,-38690000.0,0.0,79630000.0,0.0,101800000.0,101800000.0,101800000.0,0.0,0.0,0.101,210500000.0,158500000.0,140920000,,3.544,,,1004170000,0.0,23.0,,,584450000,1712930000,1003000000.0,1003000000.0,0.0,,,,,0.0,205100000.0,1.0,330376000,328200000,,3.056,3490480000,0,68100000.0,116650000,10.635,927420000
97,MAS,ARQ,1997-06-30,1997-08-13,1997-06-30,2021-09-07,-14010000,3796290000,,1410800000,2385490000,,6.054,-36560000.0,333170000,333170000,578200000.0,91600000.0,2.765,0.945,1240000000,11270000,1228730000,1240000000,0,0.0,0,0.018,0.1,171300000.0,171300000.0,0.188,171300000.0,171300000.0,152400000.0,,,,1951830000,,1951830000,8247505500,,,73870000.0,0.229,1.0,334800000.0,0.367,505320000,18900000.0,3687480000,,448270000,489910000,0,489910000,1844460000,510320000,1334140000,7340675500,5580000.0,-41430000.0,0.0,8230000.0,-32420000.0,-24190000.0,-80660000.0,0.0,110430000.0,0.0,91600000.0,91600000.0,91600000.0,0.0,0.0,0.1,191000000.0,143800000.0,129630000,,3.761,,,949650000,0.0,22.25,,,688900000,1645930000,913000000.0,913000000.0,0.0,,,,,0.0,187200000.0,1.0,329918000,322400000,,2.832,3290970000,0,60800000.0,105410000,10.208,900480000
98,MAS,ARQ,1997-03-31,1997-05-15,1997-03-31,2021-09-07,-11640000,3684130000,,1362080000,2322050000,,5.859,-28200000.0,327590000,327590000,539500000.0,83500000.0,2.84,0.953,1222770000,6600000,1216170000,1222770000,0,0.0,0,0.021,0.1,157700000.0,157700000.0,0.185,157700000.0,157700000.0,139200000.0,,,,1886590000,,1886590000,7104075000,,,-31170000.0,-0.097,1.0,314500000.0,0.368,472100000,18500000.0,3627520000,,424700000,447630000,0,447630000,1797540000,479690000,1317850000,6208895000,-146140000.0,-46420000.0,0.0,-22120000.0,-32070000.0,-54190000.0,-88980000.0,0.0,-2970000.0,0.0,83500000.0,83500000.0,83500000.0,0.0,0.0,0.098,184700000.0,129800000.0,128860000,,3.291,,,939060000,0.0,19.25,,,669800000,1586850000,854000000.0,854000000.0,0.0,,,,,0.0,181000000.0,1.0,322540000,322000000,,2.652,3212030000,0,55700000.0,101680000,9.975,882390000
99,MAS,ARQ,1996-12-31,1997-03-28,1996-12-31,2021-09-07,2520000,3701650000,,1429770000,2271880000,,5.722,,473730000,473730000,,,2.758,1.012,1243910000,7590000,1236320000,1243910000,0,,0,0.022,0.1,,,,,,,,,,1839810000,,1839810000,6458043365,11.0,9.538,,,1.0,,,457350000,,3496040000,,411940000,424170000,0,424170000,1861840000,518440000,1343400000,5687863365,,,,,,,,,,,,,,,,,,,149500000,,3.092,19.268,19.228,940590000,,17.69,1.757,1.757,618280000,1536410000,,,,,,,,,,1.0,321529868,321529868,,,3244300000,0,,107080000,10.09,911330000
0,MAS,ART,2021-06-30,2021-07-29,2021-06-30,2021-09-07,239000000,5423000000,5587250000.0,3259000000,2164000000,1.43,-0.623,-121000000.0,769000000,769000000,5089000000.0,603000000.0,1.833,-34.662,3112000000,10000000,3102000000,3112000000,0,133000000.0,0,0.009,0.515,1038000000.0,1171000000.0,0.147,1171000000.0,1038000000.0,737000000.0,2.0,1.99,2.0,-154000000,41250000.0,-154000000,16841579116,16.0,14.382,1159000000.0,4.689,1.0,2903000000.0,0.363,964000000,301000000.0,5024000000,4842750000.0,1021000000,0,0,0,5338000000,1778000000,3560000000,14498579116,-320000000.0,-194000000.0,-869000000.0,-4000000.0,-168000000.0,-1101000000.0,-146000000.0,170000000.0,1280000000.0,25000000.0,528000000.0,528000000.0,528000000.0,-3000000.0,75000000.0,0.066,1370000000.0,1533000000.0,1021000000,0.258,-94.147,27.459,29.33,1065000000,0.0,58.66,1.814,1.814,1352000000,-640000000,7992000000.0,7992000000.0,0.0,0.095,12.8,0.214,0.13,70000000.0,1370000000.0,1.0,247162958,247162958,,32.335,4459000000,0,209000000.0,0,18.041,1481000000
1,MAS,ART,2021-03-31,2021-04-28,2021-03-31,2021-09-07,-154000000,5574000000,5557000000.0,3206000000,2368000000,1.364,-0.067,-119000000.0,838000000,838000000,4837000000.0,852000000.0,1.834,-313.647,3118000000,6000000,3112000000,3118000000,0,133000000.0,0,0.006,0.415,1378000000.0,1511000000.0,0.199,1511000000.0,1378000000.0,1067000000.0,2.99,2.98,2.99,-17000000,45750000.0,-17000000,18519756669,13.0,12.257,1150000000.0,4.531,1.0,2740000000.0,0.362,966000000,311000000.0,5140000000,4638750000.0,948000000,0,0,0,5332000000,1748000000,3584000000,16239756669,73000000.0,-186000000.0,-422000000.0,0.0,-144000000.0,-606000000.0,-301000000.0,3000000.0,1269000000.0,24000000.0,788000000.0,788000000.0,788000000.0,-17000000.0,64000000.0,0.104,1305000000.0,1435000000.0,925000000,0.139,-955.28,20.609,21.401,1067000000,0.0,63.99,2.143,2.143,1305000000,-116000000,7577000000.0,7577000000.0,0.0,0.142,17.224,0.297,0.182,70000000.0,1305000000.0,1.0,253785852,253785852,,29.856,4608000000,0,279000000.0,0,18.157,1458000000
2,MAS,ART,2020-12-31,2021-02-09,2020-12-31,2021-09-07,-142000000,5777000000,5373500000.0,3489000000,2288000000,1.338,0.758,-113000000.0,1326000000,1326000000,4601000000.0,1276000000.0,1.804,27.467,2944000000,3000000,2941000000,2944000000,0,133000000.0,0,0.01,0.55,1637000000.0,1770000000.0,0.246,1770000000.0,1637000000.0,1493000000.0,4.6,4.59,4.6,195000000,-37000000.0,195000000,16092542769,10.0,9.092,840000000.0,3.267,1.0,2587000000.0,0.36,920000000,144000000.0,4541000000,4533750000.0,876000000,0,0,0,5356000000,1934000000,3422000000,14474542769,629000000.0,643000000.0,-701000000.0,8000000.0,-145000000.0,-886000000.0,531000000.0,3000000.0,953000000.0,31000000.0,1224000000.0,1224000000.0,1224000000.0,-414000000.0,52000000.0,0.17,1292000000.0,1295000000.0,893000000,0.12,74.228,11.826,12.237,1074000000,0.0,56.29,2.014,2.014,1138000000,79000000,7188000000.0,7188000000.0,0.0,0.228,-33.081,0.361,0.228,70000000.0,1292000000.0,1.0,257142348,257142348,,27.953,4857000000,0,269000000.0,0,18.888,1555000000
3,MAS,ART,2020-09-30,2020-10-28,2020-09-30,2021-09-07,-156000000,5575000000,5186000000.0,3487000000,2088000000,1.205,0.539,-104000000.0,1326000000,1326000000,3924000000.0,1528000000.0,2.007,37.121,2935000000,5000000,2930000000,2935000000,0,159000000.0,0,0.01,0.545,1862000000.0,2021000000.0,0.323,2021000000.0,1862000000.0,1712000000.0,5.41,5.39,5.41,141000000,-144500000.0,141000000,15679312659,8.0,7.758,565000000.0,2.159,1.0,2324000000.0,0.372,781000000,150000000.0,4666000000,4595250000.0,811000000,0,0,0,5234000000,1737000000,3497000000,14070312659,846000000.0,1564000000.0,-1028000000.0,-197000000.0,-147000000.0,-1422000000.0,1456000000.0,2000000.0,669000000.0,11000000.0,1482000000.0,1482000000.0,1482000000.0,-771000000.0,46000000.0,0.237,1166000000.0,1158000000.0,933000000,0.101,99.789,9.494,9.939,1034000000,0.0,53.77,2.252,2.252,1262000000,15000000,6248000000.0,6248000000.0,0.0,0.286,-10.256,0.405,0.298,58000000.0,1166000000.0,1.0,261675891,261675891,,23.877,4794000000,0,230000000.0,0,18.32,1750000000
4,MAS,ART,2020-06-30,2020-07-30,2020-06-30,2021-09-07,-184000000,5302000000,5172250000.0,3225000000,2077000000,1.201,-0.52,-117000000.0,1089000000,1089000000,3975000000.0,1373000000.0,1.497,-38.713,2929000000,407000000,2522000000,2929000000,0,159000000.0,0,0.009,0.54,1698000000.0,1857000000.0,0.299,1857000000.0,1698000000.0,1549000000.0,4.8,4.78,4.8,-136000000,-215500000.0,-136000000,16755172754,10.0,9.023,489000000.0,1.87,1.0,2237000000.0,0.36,780000000,149000000.0,4208000000,4719750000.0,750000000,0,0,0,5265000000,2154000000,3111000000,14915172754,764000000.0,1563000000.0,-1174000000.0,-226000000.0,-147000000.0,-1599000000.0,1444000000.0,1000000.0,606000000.0,9000000.0,1333000000.0,1333000000.0,1333000000.0,-713000000.0,40000000.0,0.215,1187000000.0,1050000000.0,845000000,0.113,-109.67,11.189,11.881,1024000000,0.0,57.03,2.401,2.401,1308000000,-223000000,6212000000.0,6212000000.0,0.0,0.258,-6.186,0.36,0.273,58000000.0,1187000000.0,1.0,261532049,261532049,,23.752,4522000000,0,216000000.0,0,17.29,1071000000
5,MAS,ART,2020-03-31,2020-04-29,2020-03-31,2021-09-07,-199000000,4840000000,5260000000.0,2745000000,2095000000,1.278,-1.319,-119000000.0,767000000,767000000,4332000000.0,1391000000.0,1.825,-14.382,2933000000,5000000,2928000000,2933000000,0,159000000.0,0,0.013,0.525,1733000000.0,1892000000.0,0.281,1892000000.0,1733000000.0,1578000000.0,4.77,4.75,4.77,-348000000,-204250000.0,-348000000,13111847980,8.0,6.93,538000000.0,2.04,1.0,2391000000.0,0.356,782000000,155000000.0,4720000000,4942500000.0,756000000,0,0,0,5005000000,1504000000,3501000000,10945847980,451000000.0,1551000000.0,-1344000000.0,-295000000.0,-146000000.0,-1858000000.0,1427000000.0,2000000.0,657000000.0,10000000.0,1349000000.0,1349000000.0,1349000000.0,-699000000.0,42000000.0,0.201,1288000000.0,1103000000.0,743000000,0.11,-31.454,8.114,8.7,1032000000,0.0,41.5,1.628,1.628,1142000000,-412000000,6723000000.0,6723000000.0,0.0,0.256,-6.605,0.351,0.258,58000000.0,1288000000.0,1.0,263755373,263755373,,25.49,4058000000,0,229000000.0,0,15.385,1241000000
6,MAS,ART,2019-12-31,2020-02-11,2019-12-31,2021-09-07,-179000000,5027000000,5450500000.0,2711000000,2316000000,1.231,-0.846,-128000000.0,697000000,697000000,4336000000.0,980000000.0,1.751,-21.63,2773000000,2000000,2771000000,2773000000,0,159000000.0,0,0.011,0.51,1324000000.0,1483000000.0,0.221,1483000000.0,1324000000.0,1165000000.0,3.24,3.22,3.24,-235000000,-153750000.0,-235000000,15276749303,12.0,10.301,705000000.0,2.538,1.0,2371000000.0,0.354,768000000,159000000.0,4787000000,5048000000.0,754000000,0,0,0,5083000000,1548000000,3535000000,13200749303,138000000.0,722000000.0,-869000000.0,-211000000.0,-144000000.0,-1291000000.0,582000000.0,1000000.0,833000000.0,14000000.0,935000000.0,935000000.0,935000000.0,-296000000.0,45000000.0,0.139,1283000000.0,1088000000.0,697000000,0.157,-56.173,14.118,14.67,1054000000,0.0,47.53,1.968,1.968,997000000,-332000000,6707000000.0,6707000000.0,0.0,0.172,-6.081,0.262,0.197,58000000.0,1274000000.0,1.0,277735100,277735100,,24.149,4259000000,0,230000000.0,0,15.335,1163000000
7,MAS,ART,2019-09-30,2019-10-30,2019-09-30,2021-09-07,-118000000,5520000000,5542000000.0,2792000000,2728000000,1.474,-0.5,-144000000.0,475000000,475000000,5472000000.0,725000000.0,1.463,-38.441,2979000000,208000000,2771000000,2979000000,0,156000000.0,0,0.011,0.495,1103000000.0,1259000000.0,0.154,1259000000.0,1103000000.0,945000000.0,2.29,2.29,2.29,-143000000,-122750000.0,-143000000,15726309821,14.0,12.491,913000000.0,3.191,1.0,2699000000.0,0.33,951000000,158000000.0,5164000000,5057500000.0,924000000,0,0,0,5497000000,1909000000,3588000000,13222309821,-89000000.0,2000000.0,-711000000.0,-3000000.0,-141000000.0,-924000000.0,-154000000.0,2000000.0,1057000000.0,6000000.0,676000000.0,676000000.0,676000000.0,58000000.0,49000000.0,0.083,1471000000.0,1228000000.0,879000000,0.216,-92.464,19.56,20.183,1200000000,0.0,46.22,1.618,1.618,1177000000,-309000000,8171000000.0,8171000000.0,0.0,0.122,-5.507,0.218,0.135,69000000.0,1455000000.0,1.0,286073341,286073341,,28.563,4569000000,0,269000000.0,0,15.971,883000000
8,MAS,ART,2019-06-30,2019-07-25,2019-06-30,2021-09-07,-117000000,5653000000,5564500000.0,2843000000,2810000000,1.496,-0.314,-159000000.0,325000000,325000000,5624000000.0,778000000.0,1.456,-61.341,3002000000,231000000,2771000000,3002000000,0,156000000.0,0,0.011,0.48,1154000000.0,1310000000.0,0.157,1310000000.0,1154000000.0,997000000.0,2.44,2.43,2.44,-91000000,-78000000.0,-91000000,14944145534,13.0,11.408,884000000.0,3.054,1.0,2701000000.0,0.324,1278000000,157000000.0,5099000000,5004750000.0,975000000,0,0,0,5582000000,1953000000,3629000000,12267145534,-59000000.0,-1000000.0,-651000000.0,20000000.0,-139000000.0,-839000000.0,-170000000.0,3000000.0,1043000000.0,-2000000.0,730000000.0,730000000.0,730000000.0,0.0,48000000.0,0.088,1489000000.0,1212000000.0,1023000000,0.197,-134.804,16.804,17.369,1440000000,0.0,42.38,1.474,1.474,1423000000,-261000000,8325000000.0,8325000000.0,0.0,0.131,-9.359,0.231,0.139,69000000.0,1473000000.0,1.0,289456006,289456006,,28.761,4375000000,0,267000000.0,0,15.115,890000000
9,MAS,ART,2019-03-31,2019-04-25,2019-03-31,2021-09-07,-123000000,5602000000,5542500000.0,2758000000,2844000000,1.506,-0.497,-199000000.0,316000000,316000000,5678000000.0,750000000.0,1.43,-38.082,3066000000,295000000,2771000000,3066000000,0,156000000.0,0,0.012,0.465,1115000000.0,1271000000.0,0.152,1271000000.0,1115000000.0,961000000.0,2.31,2.29,2.31,-146000000,-63750000.0,-146000000,13758082775,12.0,10.825,806000000.0,2.746,1.0,2669000000.0,0.32,1281000000,154000000.0,5142000000,4999000000.0,1011000000,0,0,0,5560000000,1929000000,3631000000,11008082775,-54000000.0,-1000000.0,-597000000.0,-29000000.0,-136000000.0,-877000000.0,-115000000.0,100000000.0,1005000000.0,-18000000.0,701000000.0,701000000.0,701000000.0,0.0,49000000.0,0.084,1491000000.0,1178000000.0,954000000,0.201,-75.398,15.703,16.234,1447000000,0.0,37.5,1.319,1.319,1321000000,-314000000,8347000000.0,8347000000.0,0.0,0.126,-10.996,0.223,0.134,69000000.0,1475000000.0,1.0,293548874,293548874,,28.435,4321000000,0,260000000.0,0,14.72,829000000
10,MAS,ART,2018-12-31,2019-02-07,2018-12-31,2021-09-07,-127000000,5393000000,5549500000.0,2766000000,2627000000,1.506,-0.377,-205000000.0,559000000,559000000,5670000000.0,784000000.0,1.643,-47.964,2979000000,8000000,2971000000,2979000000,0,156000000.0,0,0.013,0.45,1148000000.0,1304000000.0,0.156,1304000000.0,1148000000.0,992000000.0,2.38,2.37,2.38,-111000000,-45250000.0,-111000000,12880373600,11.0,9.878,827000000.0,2.808,1.0,2689000000.0,0.322,1304000000,156000000.0,4825000000,5027750000.0,946000000,0,0,0,5324000000,1684000000,3640000000,10460373600,-635000000.0,-549000000.0,-640000000.0,-115000000.0,-134000000.0,-1020000000.0,-651000000.0,113000000.0,1032000000.0,4000000.0,734000000.0,734000000.0,734000000.0,0.0,50000000.0,0.088,1478000000.0,1211000000.0,926000000,0.189,-94.238,14.251,14.924,1223000000,0.0,35.52,1.251,1.251,1153000000,-278000000,8359000000.0,8359000000.0,0.0,0.132,-16.221,0.228,0.137,69000000.0,1478000000.0,1.0,294492500,294492500,,28.384,4089000000,0,258000000.0,0,13.885,1082000000
11,MAS,ART,2018-09-30,2018-10-30,2018-09-30,2021-09-07,-113000000,5610000000,5573250000.0,2990000000,2620000000,1.47,0.118,-199000000.0,569000000,569000000,5540000000.0,675000000.0,1.706,150.083,2973000000,2000000,2971000000,2973000000,0,127000000.0,0,0.015,0.435,1043000000.0,1170000000.0,0.143,1170000000.0,1043000000.0,887000000.0,2.04,2.01,2.04,36000000,-32500000.0,36000000,11416201236,11.0,9.757,536000000.0,1.755,1.0,2652000000.0,0.324,1308000000,156000000.0,4953000000,5002250000.0,1005000000,0,0,0,5403000000,1753000000,3650000000,9012201236,-572000000.0,-638000000.0,-365000000.0,-118000000.0,-131000000.0,-745000000.0,-783000000.0,84000000.0,735000000.0,18000000.0,627000000.0,627000000.0,627000000.0,0.0,48000000.0,0.077,1486000000.0,1166000000.0,1040000000,0.213,250.339,14.374,14.461,1211000000,0.0,29.5,1.1,1.1,1298000000,-154000000,8192000000.0,8192000000.0,0.0,0.113,-19.292,0.209,0.127,71000000.0,1486000000.0,1.0,305498347,305498347,,26.815,4302000000,0,260000000.0,0,14.082,1237000000
12,MAS,ART,2018-06-30,2018-07-31,2018-06-30,2021-09-07,-118000000,5565000000,5541500000.0,2962000000,2603000000,1.449,-0.111,-180000000.0,384000000,384000000,5392000000.0,644000000.0,1.673,-159.971,2972000000,2000000,2970000000,2972000000,0,127000000.0,0,0.01,0.42,1041000000.0,1168000000.0,0.146,1168000000.0,1041000000.0,880000000.0,1.92,1.89,1.92,-34000000,-81250000.0,-34000000,14988535190,14.0,12.833,534000000.0,1.737,1.0,2635000000.0,0.328,1307000000,161000000.0,5076000000,4954750000.0,1017000000,0,0,0,5439000000,1770000000,3669000000,12400535190,-608000000.0,-635000000.0,-462000000.0,-119000000.0,-130000000.0,-839000000.0,-693000000.0,152000000.0,714000000.0,35000000.0,595000000.0,595000000.0,595000000.0,0.0,49000000.0,0.074,1474000000.0,1161000000.0,1093000000,0.219,-364.722,20.841,21.005,1187000000,0.0,40.33,1.545,1.545,1444000000,-221000000,8027000000.0,8027000000.0,0.0,0.107,-7.323,0.21,0.13,71000000.0,1474000000.0,1.0,307476697,307476697,,26.106,4258000000,0,285000000.0,0,13.848,1192000000
13,MAS,ART,2018-03-31,2018-04-24,2018-03-31,2021-09-07,-84000000,5630000000,5522500000.0,2993000000,2637000000,1.41,-0.232,-157000000.0,370000000,370000000,5165000000.0,591000000.0,1.691,-75.653,3087000000,116000000,2971000000,3087000000,0,127000000.0,0,0.011,0.415,1099000000.0,1226000000.0,0.157,1226000000.0,1099000000.0,823000000.0,1.73,1.7,1.73,-72000000,-105500000.0,-72000000,13944348196,13.0,11.374,551000000.0,1.775,1.0,2622000000.0,0.337,1320000000,276000000.0,5257000000,4919750000.0,1050000000,99000000,99000000,0,5447000000,1770000000,3677000000,11227348196,-319000000.0,-509000000.0,-394000000.0,-49000000.0,-130000000.0,-659000000.0,-573000000.0,118000000.0,708000000.0,68000000.0,542000000.0,542000000.0,542000000.0,0.0,49000000.0,0.07,1462000000.0,1160000000.0,1008000000,0.24,-155.935,20.715,20.902,1183000000,0.0,36.16,1.442,1.442,1356000000,-296000000,7787000000.0,7787000000.0,0.0,0.098,-5.137,0.223,0.141,71000000.0,1462000000.0,1.0,310490824,310490824,,25.08,4310000000,0,281000000.0,0,13.881,1223000000
14,MAS,ART,2017-12-31,2018-02-08,2017-12-31,2021-09-07,-65000000,5488000000,5399750000.0,3215000000,2273000000,1.416,-0.191,-149000000.0,1194000000,1194000000,5033000000.0,580000000.0,1.975,-88.533,3085000000,116000000,2969000000,3085000000,0,127000000.0,0,0.01,0.41,1116000000.0,1243000000.0,0.163,1243000000.0,1116000000.0,838000000.0,1.68,1.66,1.68,-60000000,-154500000.0,-60000000,14646034050,13.0,11.783,602000000.0,1.921,1.0,2611000000.0,0.342,1028000000,278000000.0,4723000000,4864500000.0,796000000,108000000,108000000,0,5312000000,1628000000,3684000000,12755034050,204000000.0,39000000.0,-331000000.0,-49000000.0,-129000000.0,-577000000.0,-25000000.0,119000000.0,751000000.0,55000000.0,533000000.0,533000000.0,533000000.0,0.0,47000000.0,0.07,1442000000.0,1169000000.0,824000000,0.244,-212.584,23.931,24.226,1129000000,0.0,40.7,1.669,1.669,1021000000,-305000000,7644000000.0,7644000000.0,0.0,0.099,-3.45,0.229,0.146,71000000.0,1442000000.0,1.0,313391500,313391500,,24.391,4460000000,0,305000000.0,0,14.231,1587000000
15,MAS,ART,2017-09-30,2017-10-24,2017-09-30,2021-09-07,-127000000,5483000000,5312000000.0,3308000000,2175000000,1.417,-0.505,-170000000.0,1141000000,1141000000,4961000000.0,587000000.0,1.937,-34.107,3086000000,117000000,2969000000,3086000000,0,134000000.0,0,0.01,0.405,1136000000.0,1270000000.0,0.169,1270000000.0,1136000000.0,854000000.0,1.72,1.68,1.72,-159000000,-214000000.0,-159000000,14788700872,13.0,11.645,732000000.0,2.327,1.0,2568000000.0,0.341,957000000,282000000.0,4763000000,4858250000.0,866000000,77000000,77000000,0,5423000000,1708000000,3715000000,12843700872,100000000.0,128000000.0,-529000000.0,-85000000.0,-129000000.0,-805000000.0,73000000.0,133000000.0,902000000.0,21000000.0,544000000.0,544000000.0,544000000.0,0.0,43000000.0,0.072,1448000000.0,1120000000.0,916000000,0.235,-80.778,23.61,23.738,1097000000,0.0,40.83,1.706,1.706,1128000000,-343000000,7529000000.0,7529000000.0,0.0,0.102,-2.542,0.234,0.151,29000000.0,1448000000.0,1.0,314565292,314565292,,23.935,4526000000,0,310000000.0,0,14.388,1600000000
16,MAS,ART,2017-06-30,2017-07-27,2017-06-30,2021-09-07,-158000000,5489000000,5284500000.0,3306000000,2183000000,1.414,-0.411,-172000000.0,992000000,992000000,4938000000.0,573000000.0,1.954,-41.366,3084000000,117000000,2967000000,3084000000,0,134000000.0,0,0.01,0.4,1107000000.0,1241000000.0,0.166,1241000000.0,1107000000.0,825000000.0,1.66,1.62,1.66,-131000000,-198750000.0,-131000000,14290953998,13.0,11.516,733000000.0,2.301,1.0,2532000000.0,0.339,953000000,282000000.0,4936000000,4872750000.0,850000000,144000000,144000000,0,5419000000,1692000000,3727000000,12198953998,36000000.0,126000000.0,-425000000.0,-84000000.0,-129000000.0,-689000000.0,-45000000.0,20000000.0,905000000.0,3000000.0,530000000.0,530000000.0,530000000.0,0.0,43000000.0,0.071,1438000000.0,1094000000.0,960000000,0.241,-93.122,23.017,23.066,1080000000,0.0,38.29,1.633,1.633,1231000000,-288000000,7470000000.0,7470000000.0,0.0,0.1,-2.667,0.227,0.148,29000000.0,1438000000.0,1.0,318593732,318593732,,23.447,4536000000,0,295000000.0,0,14.238,1614000000
17,MAS,ART,2017-03-31,2017-04-25,2017-03-31,2021-09-07,-214000000,5139000000,5243250000.0,2958000000,2181000000,1.414,-0.839,-174000000.0,689000000,689000000,4919000000.0,565000000.0,2.077,-19.396,2999000000,3000000,2996000000,2999000000,0,134000000.0,0,0.011,0.395,1039000000.0,1173000000.0,0.158,1173000000.0,1039000000.0,823000000.0,1.61,1.58,1.61,-268000000,-195250000.0,-268000000,14094490936,14.0,12.016,616000000.0,1.929,1.0,2495000000.0,0.337,989000000,216000000.0,5036000000,4822750000.0,826000000,194000000,194000000,0,5198000000,1424000000,3774000000,11784490936,-1486000000.0,0.0,-460000000.0,-1339000000.0,-128000000.0,-1960000000.0,-170000000.0,26000000.0,790000000.0,-33000000.0,522000000.0,522000000.0,522000000.0,0.0,43000000.0,0.07,1423000000.0,1072000000.0,903000000,0.245,-43.972,22.576,22.919,1074000000,0.0,36.9,1.589,1.589,1144000000,-370000000,7414000000.0,7414000000.0,0.0,0.1,-2.673,0.215,0.14,29000000.0,1423000000.0,1.0,319362898,319362898,,23.215,4150000000,0,301000000.0,0,12.995,1534000000
18,MAS,ART,2016-12-31,2017-02-09,2016-12-31,2021-09-07,-235000000,5137000000,5597000000.0,2934000000,2203000000,1.314,-0.93,-180000000.0,990000000,990000000,4901000000.0,534000000.0,2.01,-17.584,2997000000,2000000,2995000000,2997000000,0,134000000.0,0,0.012,0.39,1016000000.0,1150000000.0,0.156,1150000000.0,1016000000.0,787000000.0,1.49,1.47,1.49,-298000000,-159750000.0,-298000000,12596789118,12.0,10.954,546000000.0,1.705,1.0,2456000000.0,0.334,986000000,229000000.0,4698000000,4784750000.0,712000000,201000000,201000000,0,5240000000,1460000000,3780000000,10589789118,-478000000.0,0.0,-458000000.0,-452000000.0,-128000000.0,-1046000000.0,-124000000.0,72000000.0,726000000.0,-34000000.0,491000000.0,491000000.0,491000000.0,0.0,43000000.0,0.067,1403000000.0,1053000000.0,800000000,0.262,-35.536,21.568,22.188,1060000000,0.0,33.06,1.439,1.439,917000000,-381000000,7357000000.0,7357000000.0,0.0,0.088,-3.074,0.212,0.138,29000000.0,1403000000.0,1.0,320320300,320320300,,22.968,4151000000,0,296000000.0,0,12.959,1474000000
19,MAS,ART,2016-09-30,2016-10-25,2016-09-30,2021-09-07,-170000000,5373000000,5732750000.0,3122000000,2251000000,1.276,-0.299,-158000000.0,1041000000,1041000000,4898000000.0,513000000.0,2.066,-53.776,2996000000,3000000,2993000000,2996000000,0,133000000.0,0,0.013,0.385,1011000000.0,1144000000.0,0.156,1144000000.0,1011000000.0,771000000.0,1.41,1.39,1.41,-98000000,-119000000.0,-98000000,11928971551,12.0,10.427,529000000.0,1.611,1.0,2415000000.0,0.33,996000000,240000000.0,4821000000,4642750000.0,758000000,182000000,182000000,0,5270000000,1511000000,3759000000,9973971551,-238000000.0,0.0,-290000000.0,-412000000.0,-127000000.0,-796000000.0,-85000000.0,88000000.0,687000000.0,-16000000.0,468000000.0,468000000.0,468000000.0,1000000.0,45000000.0,0.064,1365000000.0,1050000000.0,866000000,0.273,-101.775,21.312,21.546,1049000000,0.0,30.38,1.364,1.364,1054000000,-253000000,7313000000.0,7313000000.0,0.0,0.082,-3.933,0.218,0.138,41000000.0,1365000000.0,1.0,328307161,328307161,,22.275,4377000000,0,303000000.0,0,13.332,1611000000
20,MAS,ART,2016-06-30,2016-07-26,2016-06-30,2021-09-07,-170000000,5324000000,5821250000.0,3057000000,2267000000,1.25,-0.354,-153000000.0,956000000,956000000,4885000000.0,488000000.0,1.873,-44.906,2996000000,3000000,2993000000,2996000000,0,133000000.0,0,0.011,0.38,995000000.0,1128000000.0,0.155,1128000000.0,995000000.0,744000000.0,1.33,1.31,1.33,-117000000,-134250000.0,-117000000,13878192980,14.0,12.303,548000000.0,1.66,1.0,2390000000.0,0.329,996000000,251000000.0,4736000000,4764000000.0,765000000,135000000,135000000,0,5254000000,1632000000,3622000000,11838192980,-341000000.0,1000000.0,-414000000.0,-413000000.0,-127000000.0,-913000000.0,-84000000.0,88000000.0,701000000.0,-18000000.0,445000000.0,445000000.0,445000000.0,1000000.0,43000000.0,0.061,1351000000.0,1039000000.0,913000000,0.286,-101.181,26.603,26.955,1039000000,0.0,35.85,1.627,1.627,1113000000,-273000000,7275000000.0,7275000000.0,0.0,0.076,-3.315,0.209,0.137,41000000.0,1351000000.0,1.0,330214588,330214588,,22.031,4328000000,0,299000000.0,0,13.107,1425000000
21,MAS,ART,2016-03-31,2016-04-26,2016-03-31,2021-09-07,-145000000,6554000000,5957500000.0,4248000000,2306000000,1.209,-0.379,-148000000.0,2175000000,2175000000,4876000000.0,440000000.0,1.523,-51.349,4296000000,1303000000,2993000000,4296000000,0,133000000.0,0,0.012,0.375,936000000.0,1069000000.0,0.148,1069000000.0,936000000.0,711000000.0,1.18,1.16,1.18,-126000000,-116750000.0,-126000000,12629122975,13.0,11.814,596000000.0,1.791,1.0,2327000000.0,0.323,1002000000,225000000.0,4884000000,4929500000.0,755000000,195000000,195000000,0,6470000000,2789000000,3681000000,10508122975,597000000.0,-15000000.0,-436000000.0,587000000.0,-126000000.0,9000000.0,-180000000.0,14000000.0,744000000.0,17000000.0,400000000.0,400000000.0,400000000.0,5000000.0,40000000.0,0.056,1344000000.0,983000000.0,834000000,0.318,-83.398,26.27,26.763,1040000000,0.0,31.58,1.459,1.459,1036000000,-310000000,7203000000.0,7203000000.0,0.0,0.067,-3.426,0.19,0.13,41000000.0,1344000000.0,1.0,332746136,332746136,,21.647,5552000000,0,311000000.0,0,16.685,1459000000
22,MAS,ART,2015-12-31,2016-02-12,2015-12-31,2021-09-07,-165000000,5680000000,6186000000.0,3328000000,2352000000,1.155,-0.404,-140000000.0,1468000000,1468000000,4889000000.0,394000000.0,1.328,-41.644,3423000000,1005000000,2418000000,3423000000,0,133000000.0,0,0.014,0.37,873000000.0,1006000000.0,0.141,1006000000.0,873000000.0,648000000.0,1.03,1.02,1.03,-135000000,107000000.0,-135000000,10577113912,12.0,10.514,559000000.0,1.674,1.0,2253000000.0,0.315,999000000,225000000.0,4130000000,5101250000.0,687000000,248000000,248000000,0,5622000000,2506000000,3116000000,8622113912,85000000.0,-41000000.0,-454000000.0,197000000.0,-126000000.0,-410000000.0,-189000000.0,35000000.0,699000000.0,-15000000.0,355000000.0,355000000.0,355000000.0,2000000.0,39000000.0,0.05,1339000000.0,914000000.0,749000000,0.359,-63.868,24.288,25.068,1027000000,0.0,25.82,1.207,1.207,853000000,-300000000,7142000000.0,7142000000.0,0.0,0.057,3.318,0.171,0.122,41000000.0,1339000000.0,1.0,333931600,333931600,,21.388,4681000000,0,293000000.0,0,14.018,822000000
23,MAS,ART,2015-09-30,2015-10-27,2015-09-30,2021-09-07,-159000000,5727000000,6557750000.0,3540000000,2187000000,1.197,-0.473,-141000000.0,1279000000,1279000000,5488000000.0,418000000.0,2.269,-35.843,3424000000,6000000,3418000000,3424000000,0,167000000.0,0,0.013,0.365,857000000.0,1024000000.0,0.13,1024000000.0,857000000.0,630000000.0,1.09,1.08,1.09,-159000000,371750000.0,-159000000,11687349181,14.0,11.413,499000000.0,1.483,1.0,2362000000.0,0.301,1006000000,227000000.0,5306000000,5310750000.0,749000000,255000000,255000000,0,5699000000,1560000000,4139000000,9542349181,-3000000.0,-41000000.0,-524000000.0,196000000.0,-125000000.0,-510000000.0,-184000000.0,38000000.0,640000000.0,-27000000.0,380000000.0,380000000.0,380000000.0,7000000.0,38000000.0,0.048,1460000000.0,902000000.0,827000000,0.335,-60.015,25.111,26.018,1025000000,0.0,28.36,1.216,1.216,1006000000,-332000000,7850000000.0,7850000000.0,0.0,0.058,1.022,0.161,0.109,47000000.0,1468000000.0,1.0,336472115,336472115,,23.33,4721000000,177000000,250000000.0,0,14.031,1980000000
24,MAS,ART,2015-06-30,2015-07-28,2015-06-30,2021-09-07,-147000000,5869000000,6969250000.0,3590000000,2279000000,1.183,-0.137,-132000000.0,1297000000,1297000000,5859000000.0,853000000.0,2.258,-122.085,3425000000,6000000,3419000000,3425000000,0,167000000.0,0,0.014,0.36,812000000.0,979000000.0,0.119,979000000.0,812000000.0,582000000.0,2.28,2.27,2.28,-47000000,698250000.0,-47000000,10943446958,13.0,11.178,480000000.0,1.396,1.0,2384000000.0,0.289,1009000000,230000000.0,5398000000,5249750000.0,779000000,210000000,210000000,0,5738000000,1590000000,4148000000,8815446958,102000000.0,-42000000.0,-326000000.0,194000000.0,-125000000.0,-331000000.0,-200000000.0,16000000.0,612000000.0,-47000000.0,812000000.0,812000000.0,812000000.0,6000000.0,41000000.0,0.099,1538000000.0,846000000.0,889000000,0.158,-187.563,10.856,11.241,1027000000,0.0,25.63,1.069,1.069,1105000000,-239000000,8243000000.0,8243000000.0,0.0,0.117,1.163,0.155,0.099,47000000.0,1546000000.0,1.0,343950330,343950330,,23.966,4860000000,127000000,-230000000.0,0,14.13,2000000000
25,MAS,ART,2015-03-31,2015-04-28,2015-03-31,2021-09-07,-180000000,7468000000,7308750000.0,4179000000,3289000000,1.173,2.212,-120000000.0,1578000000,1578000000,6166000000.0,890000000.0,1.894,8.464,3924000000,506000000,3418000000,3924000000,0,167000000.0,0,0.013,0.36,776000000.0,943000000.0,0.11,943000000.0,776000000.0,551000000.0,2.37,2.36,2.37,769000000,881500000.0,769000000,11710214688,15.0,12.418,505000000.0,1.453,1.0,2408000000.0,0.281,2036000000,225000000.0,5571000000,5137000000.0,863000000,197000000,197000000,0,6509000000,2207000000,4302000000,9364214688,672000000.0,-26000000.0,-221000000.0,495000000.0,-122000000.0,131000000.0,-83000000.0,107000000.0,625000000.0,-70000000.0,846000000.0,846000000.0,846000000.0,3000000.0,44000000.0,0.099,1601000000.0,807000000.0,1019000000,0.152,12.177,11.069,11.367,1106000000,0.0,26.94,1.092,1.092,1248000000,606000000,8574000000.0,8574000000.0,0.0,0.116,0.96,0.151,0.091,47000000.0,1609000000.0,1.0,347595200,347595200,,24.667,5432000000,219000000,-295000000.0,114000000,15.627,1972000000
26,MAS,ART,2014-12-31,2015-02-13,2014-12-31,2021-09-07,-111000000,7167000000,7161750000.0,3863000000,3304000000,1.19,2.643,-112000000.0,1383000000,1383000000,6134000000.0,903000000.0,1.747,6.536,3424000000,505000000,2919000000,3424000000,0,167000000.0,0,0.013,0.345,748000000.0,915000000.0,0.107,915000000.0,748000000.0,523000000.0,2.4,2.38,2.4,924000000,829750000.0,924000000,11286454670,15.0,12.335,490000000.0,1.402,1.0,2387000000.0,0.28,2029000000,225000000.0,4968000000,5151250000.0,819000000,306000000,306000000,0,6039000000,2211000000,3828000000,9245454670,160000000.0,-2000000.0,-157000000.0,-2000000.0,-117000000.0,-297000000.0,-100000000.0,43000000.0,602000000.0,-45000000.0,856000000.0,856000000.0,856000000.0,5000000.0,47000000.0,0.1,1599000000.0,788000000.0,950000000,0.144,10.006,10.801,11.021,1139000000,0.0,26.45,1.085,1.085,1040000000,690000000,8521000000.0,8521000000.0,0.0,0.12,1.032,0.145,0.088,47000000.0,1607000000.0,1.0,349544600,349544600,,24.377,5138000000,244000000,-333000000.0,106000000,14.699,1652000000
27,MAS,ART,2014-09-30,2014-10-28,2014-09-30,2021-09-07,64000000,7373000000,7103250000.0,4001000000,3372000000,1.19,3.22,-105000000.0,1282000000,1282000000,6105000000.0,850000000.0,1.657,5.244,3424000000,505000000,2919000000,3424000000,0,186000000.0,0,0.015,0.33,686000000.0,872000000.0,0.103,872000000.0,686000000.0,460000000.0,2.24,2.24,2.24,1147000000,732500000.0,1147000000,10029600828,15.0,11.502,594000000.0,1.667,1.0,2350000000.0,0.278,2038000000,226000000.0,5062000000,5235000000.0,862000000,275000000,275000000,0,6015000000,2415000000,3600000000,7887600828,271000000.0,13000000.0,-38000000.0,-2000000.0,-112000000.0,-186000000.0,-116000000.0,2000000.0,699000000.0,-28000000.0,801000000.0,801000000.0,801000000.0,-4000000.0,49000000.0,0.095,1615000000.0,735000000.0,1020000000,0.147,6.877,9.847,9.884,1153000000,0.0,22.14,0.933,0.933,1229000000,716000000,8455000000.0,8455000000.0,0.0,0.113,1.094,0.131,0.081,54000000.0,1615000000.0,1.0,356260200,356260200,,23.733,5335000000,0,-341000000.0,681000000,14.975,1586000000
28,MAS,ART,2014-06-30,2014-07-29,2014-06-30,2021-09-07,119000000,7227000000,7024750000.0,3783000000,3444000000,1.192,1.925,-93000000.0,1195000000,1195000000,6027000000.0,408000000.0,1.537,9.22,3428000000,507000000,2921000000,3428000000,0,186000000.0,0,0.015,0.315,688000000.0,874000000.0,0.104,874000000.0,688000000.0,461000000.0,1.01,1.02,1.01,686000000,564250000.0,686000000,9971572920,14.0,11.409,598000000.0,1.678,1.0,2346000000.0,0.28,2051000000,227000000.0,4947000000,5354000000.0,894000000,228000000,228000000,0,6325000000,2462000000,3863000000,7738572920,283000000.0,13000000.0,-38000000.0,-201000000.0,-107000000.0,-380000000.0,14000000.0,110000000.0,691000000.0,2000000.0,361000000.0,361000000.0,361000000.0,-1000000.0,47000000.0,0.043,1601000000.0,745000000.0,1122000000,0.312,11.281,21.436,21.495,1216000000,0.0,21.71,0.924,0.924,1306000000,205000000,8373000000.0,8373000000.0,0.0,0.051,0.64,0.129,0.082,54000000.0,1601000000.0,1.0,356452000,356452000,,23.49,5176000000,0,100000000.0,942000000,14.521,1321000000
29,MAS,ART,2014-03-31,2014-04-30,2014-03-31,2021-09-07,115000000,6880000000,6983500000.0,3418000000,3462000000,1.183,1.576,-94000000.0,906000000,906000000,5968000000.0,343000000.0,1.987,10.817,3427000000,6000000,3421000000,3427000000,0,186000000.0,0,0.015,0.3,632000000.0,818000000.0,0.099,818000000.0,632000000.0,401000000.0,0.84,0.84,0.84,562000000,481750000.0,562000000,9684001104,15.0,11.839,542000000.0,1.52,1.0,2294000000.0,0.278,2053000000,231000000.0,5628000000,5462750000.0,838000000,305000000,305000000,0,6079000000,1720000000,4359000000,7163001104,185000000.0,13000000.0,-39000000.0,-202000000.0,-108000000.0,-383000000.0,-53000000.0,29000000.0,636000000.0,10000000.0,299000000.0,299000000.0,299000000.0,3000000.0,44000000.0,0.036,1601000000.0,693000000.0,954000000,0.357,12.746,23.957,23.917,1232000000,0.0,20.09,0.867,0.867,1215000000,98000000,8262000000.0,8262000000.0,0.0,0.043,0.621,0.116,0.076,54000000.0,1601000000.0,1.0,356545600,356545600,,23.172,4827000000,0,102000000.0,938000000,13.538,1698000000
30,MAS,ART,2013-12-31,2014-02-14,2013-12-31,2021-09-07,115000000,6933000000,6958250000.0,3468000000,3465000000,1.175,1.501,-99000000.0,1223000000,1223000000,5918000000.0,313000000.0,1.946,11.533,3427000000,6000000,3421000000,3427000000,0,186000000.0,0,0.013,0.3,618000000.0,804000000.0,0.098,804000000.0,618000000.0,383000000.0,0.76,0.76,0.76,535000000,411750000.0,535000000,10208838332,17.0,12.698,546000000.0,1.532,1.0,2255000000.0,0.276,2052000000,235000000.0,5303000000,5432500000.0,765000000,321000000,321000000,0,6170000000,1782000000,4388000000,8004838332,183000000.0,10000000.0,-35000000.0,-202000000.0,-107000000.0,-382000000.0,-77000000.0,17000000.0,645000000.0,-3000000.0,272000000.0,272000000.0,272000000.0,10000000.0,41000000.0,0.033,1582000000.0,673000000.0,902000000,0.395,14.962,29.43,29.553,1252000000,0.0,22.46,0.979,0.979,1004000000,55000000,8173000000.0,8173000000.0,0.0,0.039,0.661,0.114,0.076,54000000.0,1582000000.0,1.0,356404200,356404200,,22.932,4881000000,0,111000000.0,967000000,13.695,1686000000
31,MAS,ART,2013-09-30,2013-10-29,2013-09-30,2021-09-07,81000000,7059000000,6943750000.0,3493000000,3566000000,1.161,1.328,-61000000.0,1011000000,1011000000,5900000000.0,177000000.0,1.851,13.445,3426000000,5000000,3421000000,3426000000,0,214000000.0,0,0.014,0.3,504000000.0,718000000.0,0.089,718000000.0,504000000.0,266000000.0,0.39,0.38,0.39,474000000,358500000.0,474000000,10079517331,20.0,14.038,518000000.0,1.451,1.0,2165000000.0,0.268,2049000000,238000000.0,5538000000,5418000000.0,777000000,277000000,277000000,0,6373000000,1887000000,4486000000,7664517331,156000000.0,3000000.0,-35000000.0,-203000000.0,-108000000.0,-384000000.0,-6000000.0,60000000.0,579000000.0,5000000.0,140000000.0,140000000.0,140000000.0,24000000.0,37000000.0,0.017,1612000000.0,553000000.0,986000000,0.769,16.17,54.747,55.051,1257000000,0.0,21.47,0.95,0.95,1211000000,36000000,8065000000.0,8065000000.0,0.0,0.02,0.391,0.093,0.062,61000000.0,1567000000.0,1.0,356987300,356987300,,22.592,5010000000,0,126000000.0,1065000000,14.034,1606000000
32,MAS,ART,2013-06-30,2013-07-31,2013-06-30,2021-09-07,47000000,7062000000,6933000000.0,3479000000,3583000000,1.138,0.997,-76000000.0,1223000000,1223000000,5833000000.0,87000000.0,1.704,18.295,3628000000,207000000,3421000000,3628000000,0,214000000.0,0,0.015,0.3,396000000.0,610000000.0,0.077,610000000.0,396000000.0,154000000.0,0.14,0.13,0.14,356000000,356750000.0,356000000,9729410852,25.0,15.95,395000000.0,1.107,1.0,2058000000.0,0.261,2043000000,242000000.0,5382000000,5390500000.0,791000000,0,0,0,6513000000,2042000000,4471000000,7324410852,-630000000.0,4000000.0,-35000000.0,-745000000.0,-108000000.0,-926000000.0,-63000000.0,23000000.0,471000000.0,15000000.0,52000000.0,52000000.0,52000000.0,29000000.0,35000000.0,0.007,1616000000.0,442000000.0,998000000,2.143,20.574,140.854,146.571,1276000000,0.0,20.52,0.928,0.928,1255000000,-40000000,7891000000.0,7891000000.0,0.0,0.008,0.146,0.073,0.05,61000000.0,1570000000.0,1.0,356940100,356940100,,22.107,5019000000,0,102000000.0,1050000000,14.061,1437000000
33,MAS,ART,2013-03-31,2013-05-02,2013-03-31,2021-09-07,36000000,6779000000,7107250000.0,3174000000,3605000000,1.09,0.79,-62000000.0,1032000000,1032000000,5772000000.0,-67000000.0,1.738,22.284,3627000000,206000000,3421000000,3627000000,0,214000000.0,0,0.014,0.3,243000000.0,457000000.0,0.059,457000000.0,243000000.0,-7000000.0,-0.3,-0.3,-0.3,282000000,375000000.0,282000000,10074928128,41.0,22.046,259000000.0,0.726,1.0,1974000000.0,0.255,2041000000,250000000.0,5507000000,5457250000.0,763000000,0,0,0,6284000000,1826000000,4458000000,7479928128,-756000000.0,4000000.0,-35000000.0,-745000000.0,-107000000.0,-931000000.0,-55000000.0,23000000.0,321000000.0,-8000000.0,-100000000.0,-100000000.0,-100000000.0,42000000.0,33000000.0,-0.013,1673000000.0,301000000.0,863000000,-1.0,26.525,-74.799,-69.867,1294000000,0.0,20.96,0.966,0.966,1174000000,-103000000,7746000000.0,7746000000.0,0.0,-0.014,-0.267,0.045,0.031,61000000.0,1552000000.0,1.0,356866800,356866800,,21.706,4738000000,0,93000000.0,1037000000,13.277,1348000000
34,MAS,ART,2012-12-31,2013-02-15,2012-12-31,2021-09-07,59000000,6875000000,7350000000.0,3217000000,3658000000,1.054,0.903,-52000000.0,1351000000,1351000000,5794000000.0,-79000000.0,1.728,19.693,3628000000,206000000,3422000000,3628000000,0,214000000.0,0,0.015,0.3,223000000.0,437000000.0,0.056,437000000.0,223000000.0,-31000000.0,-0.33,-0.33,-0.33,322000000,444250000.0,322000000,9408346000,42.0,21.529,229000000.0,0.642,1.0,1951000000.0,0.252,2045000000,254000000.0,5245000000,5548000000.0,792000000,0,0,0,6341000000,1862000000,4479000000,7131346000,-305000000.0,9000000.0,-8000000.0,-396000000.0,-107000000.0,-576000000.0,-27000000.0,40000000.0,281000000.0,17000000.0,-114000000.0,-114000000.0,-114000000.0,38000000.0,35000000.0,-0.015,1680000000.0,271000000.0,819000000,-0.909,22.147,-62.556,-60.606,1429000000,0.0,20.0,0.921,0.921,965000000,-102000000,7745000000.0,7745000000.0,0.0,-0.016,-0.257,0.04,0.029,61000000.0,1561000000.0,1.0,356567300,356567300,,21.721,4830000000,0,83000000.0,1057000000,13.546,1355000000
35,MAS,ART,2012-09-30,2012-10-31,2012-09-30,2021-09-07,99000000,7016000000,7455500000.0,3255000000,3761000000,1.009,1.308,-95000000.0,1166000000,1166000000,5680000000.0,-567000000.0,1.655,13.58,3629000000,207000000,3422000000,3629000000,0,263000000.0,0,0.02,0.3,-406000000.0,-143000000.0,-0.019,-143000000.0,-406000000.0,-664000000.0,-1.74,-1.74,-1.74,467000000,495500000.0,467000000,7851639000,-19.0,-54.907,125000000.0,0.35,1.0,1842000000.0,0.245,2084000000,258000000.0,5428000000,5540750000.0,830000000,0,0,0,6342000000,1967000000,4375000000,5388639000,-444000000.0,-9000000.0,-8000000.0,-397000000.0,-107000000.0,-577000000.0,-94000000.0,42000000.0,220000000.0,-7000000.0,-600000000.0,-600000000.0,-600000000.0,140000000.0,33000000.0,-0.08,2101000000.0,-259000000.0,866000000,-0.172,11.539,-8.981,-8.672,1484000000,0.0,15.09,0.716,0.716,1156000000,-15000000,7522000000.0,7522000000.0,0.0,-0.08,-1.211,-0.073,-0.054,61000000.0,1531000000.0,1.0,357100000,357100000,,21.064,4932000000,0,-64000000.0,953000000,13.811,1288000000
36,MAS,ART,2012-06-30,2012-07-31,2012-06-30,2021-09-07,61000000,7759000000,7754500000.0,3990000000,3769000000,0.974,1.201,-98000000.0,1853000000,1853000000,5715000000.0,-542000000.0,1.564,16.643,4373000000,751000000,3622000000,4373000000,0,263000000.0,0,0.025,0.3,-386000000.0,-123000000.0,-0.016,-123000000.0,-386000000.0,-645000000.0,-1.68,-1.68,-1.68,429000000,695500000.0,429000000,6815913000,-18.0,-55.414,127000000.0,0.356,1.0,1837000000.0,0.243,2079000000,259000000.0,5649000000,5559750000.0,844000000,0,0,0,7140000000,2551000000,4589000000,4295913000,242000000.0,-10000000.0,-8000000.0,288000000.0,-106000000.0,109000000.0,-80000000.0,64000000.0,225000000.0,-53000000.0,-579000000.0,-579000000.0,-579000000.0,133000000.0,37000000.0,-0.077,2095000000.0,-258000000.0,941000000,-0.179,10.014,-7.42,-7.161,1489000000,0.0,12.03,0.569,0.569,1206000000,-30000000,7552000000.0,7552000000.0,0.0,-0.075,-0.832,-0.069,-0.051,61000000.0,1526000000.0,1.0,357100000,357100000,,21.148,5680000000,0,-66000000.0,967000000,15.906,1439000000
37,MAS,ART,2012-03-31,2012-05-02,2012-03-31,2021-09-07,103000000,7750000000,7919250000.0,3901000000,3849000000,0.956,1.565,-116000000.0,1788000000,1788000000,5726000000.0,-455000000.0,1.64,12.447,4376000000,754000000,3622000000,4376000000,0,263000000.0,0,0.021,0.3,-299000000.0,-36000000.0,-0.005,-36000000.0,-299000000.0,-554000000.0,-1.44,-1.44,-1.44,559000000,917000000.0,559000000,7780234000,-26.0,-216.118,172000000.0,0.482,1.0,1844000000.0,0.244,2090000000,255000000.0,5870000000,5756000000.0,828000000,0,0,0,6958000000,2378000000,4580000000,5192234000,283000000.0,-10000000.0,-8000000.0,286000000.0,-106000000.0,129000000.0,-49000000.0,103000000.0,288000000.0,-29000000.0,-496000000.0,-496000000.0,-496000000.0,115000000.0,41000000.0,-0.066,2058000000.0,-214000000.0,904000000,-0.208,9.288,-10.468,-10.097,1545000000,0.0,14.54,0.686,0.686,1190000000,45000000,7570000000.0,7570000000.0,0.0,-0.063,-0.541,-0.052,-0.039,61000000.0,1564000000.0,1.0,357100000,357100000,,21.199,5660000000,0,-58000000.0,958000000,15.85,1523000000
38,MAS,ART,2011-12-31,2012-02-21,2011-12-31,2021-09-07,76000000,7297000000,8043250000.0,3429000000,3868000000,0.928,1.475,-127000000.0,1656000000,1656000000,5683000000.0,-533000000.0,1.451,12.438,4025000000,803000000,3222000000,4025000000,0,263000000.0,0,0.025,0.3,-370000000.0,-107000000.0,-0.014,-107000000.0,-370000000.0,-624000000.0,-1.66,-1.66,-1.66,527000000,1108750000.0,527000000,6574353911,-18.0,-61.443,112000000.0,0.313,1.0,1784000000.0,0.239,2087000000,254000000.0,5216000000,5925500000.0,769000000,0,0,0,6555000000,2363000000,4192000000,4205353911,-59000000.0,-10000000.0,-30000000.0,-63000000.0,-107000000.0,-219000000.0,-61000000.0,94000000.0,239000000.0,-18000000.0,-575000000.0,-575000000.0,-575000000.0,110000000.0,42000000.0,-0.077,2079000000.0,-295000000.0,770000000,-0.181,7.98,-7.314,-7.09,1567000000,0.0,11.77,0.563,0.563,914000000,38000000,7467000000.0,7467000000.0,0.0,-0.071,-0.519,-0.062,-0.05,61000000.0,1585000000.0,1.0,357294300,357294300,,20.899,5210000000,0,-49000000.0,970000000,14.582,1066000000
39,MAS,ART,2011-09-30,2011-10-28,2011-09-30,2021-09-07,231000000,8212000000,8254000000.0,3711000000,4501000000,0.913,3.541,-134000000.0,1610000000,1610000000,5775000000.0,-990000000.0,1.493,5.308,4030000000,806000000,3224000000,4030000000,0,279000000.0,0,0.03,0.3,-548000000.0,-269000000.0,-0.036,-269000000.0,-548000000.0,-801000000.0,-2.98,-2.98,-2.98,1267000000,1323000000.0,1267000000,5955064000,-11.0,-22.138,208000000.0,0.581,1.0,1760000000.0,0.234,2643000000,253000000.0,5504000000,6217500000.0,850000000,0,0,0,6725000000,2485000000,4240000000,3535064000,73000000.0,0.0,-30000000.0,-62000000.0,-107000000.0,-214000000.0,-31000000.0,116000000.0,342000000.0,-6000000.0,-1036000000.0,-1036000000.0,-1036000000.0,0.0,46000000.0,-0.137,2344000000.0,-584000000.0,866000000,-0.101,2.79,-3.412,-3.315,1656000000,0.0,9.88,0.469,0.469,1133000000,638000000,7535000000.0,7535000000.0,0.0,-0.126,-0.783,-0.088,-0.073,62000000.0,1623000000.0,1.0,357800000,357800000,,21.059,5569000000,0,235000000.0,1016000000,15.565,1226000000
40,MAS,ART,2011-06-30,2011-07-28,2011-06-30,2021-09-07,302000000,8418000000,8514250000.0,3831000000,4587000000,0.879,3.674,-120000000.0,1611000000,1611000000,5727000000.0,-1032000000.0,2.128,5.233,4092000000,65000000,4027000000,4092000000,0,279000000.0,0,0.028,0.3,-570000000.0,-291000000.0,-0.039,-291000000.0,-570000000.0,-823000000.0,-3.1,-3.1,-3.1,1315000000,1632500000.0,1315000000,6271161000,-11.0,-21.55,256000000.0,0.715,1.0,1759000000.0,0.235,2665000000,253000000.0,6434000000,6561500000.0,901000000,0,0,0,6881000000,1800000000,5081000000,3790161000,227000000.0,0.0,-30000000.0,-4000000.0,-108000000.0,-157000000.0,-38000000.0,98000000.0,376000000.0,55000000.0,-1077000000.0,-1077000000.0,-1077000000.0,0.0,45000000.0,-0.144,2343000000.0,-584000000.0,921000000,-0.097,2.882,-3.519,-3.416,1698000000,0.0,10.59,0.506,0.506,1188000000,628000000,7486000000.0,7486000000.0,0.0,-0.126,-0.66,-0.087,-0.076,62000000.0,1622000000.0,1.0,357900000,357900000,,20.916,5753000000,0,254000000.0,1054000000,16.074,2031000000
41,MAS,ART,2011-03-31,2011-04-28,2011-03-30,2021-09-07,310000000,8246000000,8707500000.0,3595000000,4651000000,0.863,3.703,-123000000.0,1505000000,1505000000,5739000000.0,-1040000000.0,2.211,5.05,4096000000,66000000,4030000000,4096000000,0,279000000.0,0,0.022,0.3,-606000000.0,-327000000.0,-0.044,-327000000.0,-606000000.0,-862000000.0,-3.11,-3.11,-3.11,1326000000,1915500000.0,1326000000,7461160000,-12.0,-22.817,291000000.0,0.813,1.0,1773000000.0,0.236,2663000000,256000000.0,6548000000,6686250000.0,839000000,0,0,0,6696000000,1626000000,5070000000,4870160000,127000000.0,0.0,-30000000.0,-62000000.0,-108000000.0,-221000000.0,-95000000.0,54000000.0,414000000.0,18000000.0,-1082000000.0,-1082000000.0,-1082000000.0,0.0,42000000.0,-0.144,2329000000.0,-556000000.0,787000000,-0.096,3.673,-4.501,-4.373,1719000000,0.0,13.6,0.648,0.648,1113000000,647000000,7512000000.0,7512000000.0,0.0,-0.124,-0.565,-0.091,-0.081,62000000.0,1608000000.0,1.0,358100000,358100000,,20.977,5583000000,0,220000000.0,1040000000,15.591,1969000000
42,MAS,ART,2010-12-31,2011-02-18,2010-12-31,2021-09-07,273000000,8140000000,8967500000.0,3464000000,4676000000,0.847,3.865,-119000000.0,1715000000,1715000000,5752000000.0,-1002000000.0,2.33,4.738,4098000000,66000000,4032000000,4098000000,0,279000000.0,0,0.023,0.3,-567000000.0,-288000000.0,-0.038,-288000000.0,-567000000.0,-818000000.0,-3.0,-3.0,-3.0,1384000000,2213500000.0,1384000000,7145902900,-13.0,-24.812,346000000.0,0.966,1.0,1840000000.0,0.242,2652000000,251000000.0,6384000000,6843500000.0,732000000,0,0,0,6558000000,1487000000,5071000000,4762902900,302000000.0,0.0,-45000000.0,133000000.0,-108000000.0,-40000000.0,-109000000.0,42000000.0,465000000.0,-14000000.0,-1043000000.0,-1043000000.0,-1043000000.0,0.0,41000000.0,-0.137,2339000000.0,-499000000.0,602000000,-0.1,3.441,-4.567,-4.433,1737000000,0.0,13.3,0.627,0.627,888000000,720000000,7592000000.0,7592000000.0,0.0,-0.116,-0.471,-0.083,-0.075,62000000.0,1618000000.0,1.0,358113000,358113000,,21.2,5488000000,0,225000000.0,1039000000,15.325,1977000000
43,MAS,ART,2010-09-30,2010-10-28,2010-09-30,2021-09-07,339000000,9253000000,9226250000.0,3733000000,5520000000,0.837,6.987,-124000000.0,1537000000,1537000000,5707000000.0,-151000000.0,2.396,2.616,4102000000,66000000,4036000000,4102000000,0,254000000.0,0,0.028,0.3,19000000.0,273000000.0,0.035,273000000.0,19000000.0,-225000000.0,-0.56,-0.56,-0.56,2505000000,2524750000.0,2505000000,6365100000,335.0,23.315,530000000.0,1.478,1.0,2019000000.0,0.261,3380000000,244000000.0,6880000000,6885250000.0,802000000,0,0,0,6553000000,1558000000,4995000000,3800100000,338000000.0,5000000.0,-45000000.0,131000000.0,-108000000.0,-39000000.0,-131000000.0,16000000.0,654000000.0,-18000000.0,-194000000.0,-194000000.0,-194000000.0,13000000.0,43000000.0,-0.025,1916000000.0,103000000.0,650000000,-0.536,1.517,-19.588,-18.929,1838000000,0.0,10.6,0.492,0.492,1106000000,1782000000,7726000000.0,7726000000.0,0.0,-0.021,-0.077,0.003,0.002,69000000.0,1662000000.0,1.0,358500000,358500000,,21.551,5873000000,0,-31000000.0,959000000,16.382,2175000000
44,MAS,ART,2010-06-30,2010-07-29,2010-06-30,2021-09-07,262000000,9191000000,9303500000.0,3678000000,5513000000,0.845,6.826,-117000000.0,1384000000,1384000000,5768000000.0,-118000000.0,2.273,2.69,4104000000,66000000,4038000000,4104000000,0,254000000.0,0,0.03,0.3,40000000.0,294000000.0,0.037,294000000.0,40000000.0,-197000000.0,-0.46,-0.46,-0.46,2447000000,2620500000.0,2447000000,6322925000,158.0,21.507,583000000.0,1.626,1.0,2095000000.0,0.266,3360000000,237000000.0,6933000000,6865000000.0,840000000,0,0,0,6583000000,1618000000,4965000000,3602925000,458000000.0,8000000.0,-45000000.0,127000000.0,-108000000.0,-43000000.0,-124000000.0,8000000.0,700000000.0,-37000000.0,-161000000.0,-161000000.0,-161000000.0,36000000.0,43000000.0,-0.02,1956000000.0,139000000.0,729000000,-0.652,1.472,-22.378,-21.848,1851000000,0.0,10.05,0.458,0.458,1157000000,1814000000,7863000000.0,7863000000.0,0.0,-0.017,-0.061,0.006,0.005,69000000.0,1702000000.0,1.0,358500000,358500000,,21.933,5831000000,0,-36000000.0,927000000,16.265,2060000000
45,MAS,ART,2010-03-31,2010-04-30,2010-03-30,2021-09-07,325000000,9286000000,9377500000.0,3640000000,5646000000,0.837,7.02,-98000000.0,1378000000,1378000000,5756000000.0,-67000000.0,2.401,2.614,4166000000,66000000,4100000000,4166000000,0,254000000.0,0,0.018,0.3,79000000.0,333000000.0,0.042,333000000.0,79000000.0,-148000000.0,-0.32,-0.32,-0.32,2518000000,2719250000.0,2518000000,8609701000,109.0,25.855,646000000.0,1.801,1.0,2095000000.0,0.267,3381000000,227000000.0,7177000000,6881500000.0,805000000,0,0,0,6583000000,1516000000,5067000000,5821701000,565000000.0,8000000.0,-45000000.0,186000000.0,-108000000.0,24000000.0,-108000000.0,6000000.0,744000000.0,16000000.0,-109000000.0,-109000000.0,-109000000.0,35000000.0,42000000.0,-0.014,1963000000.0,132000000.0,673000000,-0.938,2.312,-53.41,-50.719,1920000000,0.0,16.23,0.742,0.742,1147000000,1837000000,7851000000.0,7851000000.0,0.0,-0.012,-0.04,0.011,0.01,69000000.0,1709000000.0,1.0,358700000,358700000,,21.887,5905000000,0,-39000000.0,967000000,16.462,2124000000
46,MAS,ART,2009-12-31,2010-02-16,2009-12-31,2021-09-07,366000000,9175000000,9373250000.0,3451000000,5724000000,0.831,7.328,-102000000.0,1413000000,1413000000,5774000000.0,-145000000.0,1.938,2.418,3968000000,364000000,3604000000,3968000000,0,254000000.0,0,0.021,0.3,-7000000.0,247000000.0,0.032,247000000.0,-7000000.0,-232000000.0,-0.53,-0.53,-0.53,2629000000,2767250000.0,2629000000,7577892000,-1083.0,30.68,603000000.0,1.681,1.0,2018000000.0,0.259,3398000000,225000000.0,6551000000,6833750000.0,743000000,0,0,0,6358000000,1781000000,4577000000,5022892000,385000000.0,0.0,-11000000.0,-11000000.0,-166000000.0,-197000000.0,-118000000.0,11000000.0,705000000.0,-5000000.0,-183000000.0,-183000000.0,-183000000.0,43000000.0,38000000.0,-0.023,1963000000.0,55000000.0,578000000,-0.566,1.911,-27.447,-26.415,1981000000,0.0,14.0,0.645,0.645,983000000,1871000000,7792000000.0,7792000000.0,0.0,-0.02,-0.066,-0.001,-0.001,69000000.0,1701000000.0,1.0,358778000,358778000,,21.718,5777000000,0,-49000000.0,973000000,16.102,1670000000
47,MAS,ART,2009-09-30,2009-10-29,2009-09-30,2021-09-07,421000000,9562000000,9450250000.0,3515000000,6047000000,0.839,8.042,-112000000.0,1199000000,1199000000,5998000000.0,-479000000.0,1.891,2.248,3975000000,369000000,3606000000,3975000000,0,238000000.0,0,0.037,0.46,-321000000.0,-83000000.0,-0.01,-83000000.0,-321000000.0,-546000000.0,-1.44,-1.44,-1.44,2888000000,2821500000.0,2888000000,7232431000,-23.0,-87.138,541000000.0,1.507,1.0,1930000000.0,0.243,3680000000,225000000.0,6799000000,7002000000.0,798000000,0,0,0,6493000000,1859000000,4634000000,4456431000,169000000.0,-7000000.0,-11000000.0,-119000000.0,-224000000.0,-351000000.0,-143000000.0,12000000.0,653000000.0,-32000000.0,-506000000.0,-506000000.0,-506000000.0,22000000.0,27000000.0,-0.064,2178000000.0,-248000000.0,623000000,-0.319,1.543,-8.807,-8.618,2007000000,0.0,12.41,0.562,0.562,1193000000,2083000000,7928000000.0,7928000000.0,0.0,-0.054,-0.179,-0.046,-0.04,74000000.0,1703000000.0,1.0,359100000,359100000,,22.077,5882000000,0,-40000000.0,1028000000,16.38,1656000000
48,MAS,ART,2009-06-30,2009-07-30,2009-06-30,2021-09-07,387000000,9487000000,9719000000.0,3394000000,6093000000,0.86,7.912,-160000000.0,926000000,926000000,6354000000.0,-486000000.0,1.816,2.281,3980000000,370000000,3610000000,3980000000,0,238000000.0,0,0.046,0.62,-247000000.0,-9000000.0,-0.001,-9000000.0,-247000000.0,-475000000.0,-1.43,-1.43,-1.43,2842000000,3037000000.0,2842000000,7878056000,-32.0,-875.34,469000000.0,1.306,1.0,2008000000.0,0.24,3673000000,228000000.0,6999000000,7197000000.0,886000000,0,0,0,6482000000,1869000000,4613000000,4824056000,73000000.0,16000000.0,-24000000.0,-123000000.0,-280000000.0,-446000000.0,-125000000.0,33000000.0,629000000.0,-84000000.0,-501000000.0,-501000000.0,-501000000.0,2000000.0,15000000.0,-0.06,2198000000.0,-190000000.0,637000000,-0.434,1.697,-9.629,-9.392,2066000000,0.0,13.43,0.577,0.577,1236000000,2082000000,8362000000.0,8362000000.0,0.0,-0.052,-0.165,-0.034,-0.03,74000000.0,1723000000.0,1.0,359200000,359200000,,23.28,5814000000,0,26000000.0,1003000000,16.186,1525000000
49,MAS,ART,2009-03-31,2009-04-30,2009-03-31,2021-09-07,304000000,9269000000,10070500000.0,3178000000,6091000000,0.89,7.542,-185000000.0,813000000,813000000,6805000000.0,-467000000.0,1.772,2.363,3980000000,369000000,3611000000,3980000000,0,238000000.0,0,0.087,0.775,-146000000.0,92000000.0,0.01,92000000.0,-146000000.0,-374000000.0,-1.35,-1.35,-1.35,2710000000,3315000000.0,2710000000,6350398000,-43.0,69.026,475000000.0,1.322,1.0,2161000000.0,0.241,3657000000,228000000.0,6986000000,7425500000.0,901000000,0,0,0,6403000000,1793000000,4610000000,3183398000,175000000.0,150000000.0,-71000000.0,-130000000.0,-337000000.0,-541000000.0,-30000000.0,51000000.0,660000000.0,-111000000.0,-474000000.0,-474000000.0,-474000000.0,-7000000.0,7000000.0,-0.053,2248000000.0,-87000000.0,603000000,-0.574,1.175,-6.716,-6.563,2076000000,0.0,8.86,0.355,0.355,1138000000,2054000000,8966000000.0,8966000000.0,0.0,-0.047,-0.143,-0.02,-0.016,74000000.0,1773000000.0,1.0,359300000,359300000,,24.954,5612000000,0,100000000.0,999000000,15.619,1385000000
50,MAS,ART,2008-12-31,2009-02-17,2008-12-31,2021-09-07,333000000,9483000000,10475500000.0,3300000000,6183000000,0.916,7.917,-199000000.0,1028000000,1028000000,7224000000.0,-391000000.0,2.133,2.332,3986000000,71000000,3915000000,3986000000,0,238000000.0,0,0.156,0.93,-31000000.0,207000000.0,0.022,207000000.0,-31000000.0,-259000000.0,-1.11,-1.11,-1.11,2846000000,3635500000.0,2846000000,5100620000,-165.0,24.641,598000000.0,1.663,1.0,2376000000.0,0.247,3670000000,228000000.0,7224000000,7740500000.0,941000000,0,0,0,6637000000,1547000000,5090000000,2142620000,106000000.0,158000000.0,-160000000.0,-133000000.0,-336000000.0,-632000000.0,-13000000.0,58000000.0,797000000.0,-46000000.0,-391000000.0,-391000000.0,-391000000.0,9000000.0,0.0,-0.041,2302000000.0,74000000.0,531000000,-0.838,0.753,-5.48,-5.369,2136000000,0.0,5.96,0.223,0.223,999000000,2162000000,9600000000.0,9600000000.0,0.0,-0.037,-0.108,-0.004,-0.003,74000000.0,1835000000.0,1.0,359500000,359500000,,26.704,5813000000,0,132000000.0,1175000000,16.17,1753000000
51,MAS,ART,2008-09-30,2008-10-29,2008-09-30,2021-09-07,662000000,10637000000,10831500000.0,3836000000,6801000000,0.952,10.42,-207000000.0,1030000000,1030000000,7647000000.0,-34000000.0,2.019,1.837,4076000000,115000000,3961000000,4076000000,0,248000000.0,0,0.092,0.925,440000000.0,688000000.0,0.067,688000000.0,440000000.0,207000000.0,-0.06,-0.07,-0.06,3750000000,3930250000.0,3750000000,6666594000,15.0,9.69,741000000.0,2.059,1.0,2665000000.0,0.258,4204000000,233000000.0,7579000000,7910500000.0,1080000000,0,0,0,6887000000,1900000000,4987000000,3620594000,336000000.0,181000000.0,-213000000.0,-42000000.0,-336000000.0,-594000000.0,-48000000.0,66000000.0,948000000.0,6000000.0,-34000000.0,-34000000.0,-34000000.0,26000000.0,0.0,-0.003,2131000000.0,534000000.0,717000000,-15.417,0.965,-106.488,-167.667,2194000000,0.0,10.06,0.351,0.351,1442000000,2737000000,10312000000.0,10312000000.0,0.0,-0.003,-0.009,0.056,0.043,94000000.0,1904000000.0,1.0,359900000,359900000,,28.652,6433000000,0,241000000.0,1026000000,17.874,1936000000
52,MAS,ART,2008-06-30,2008-07-30,2008-06-30,2021-09-07,818000000,10893000000,11005250000.0,3947000000,6946000000,0.985,10.983,-195000000.0,853000000,853000000,7964000000.0,138000000.0,2.036,1.755,4076000000,116000000,3960000000,4076000000,0,248000000.0,0,0.056,0.92,635000000.0,883000000.0,0.081,883000000.0,635000000.0,396000000.0,0.41,0.4,0.41,3954000000,4043500000.0,3954000000,9105400000,14.0,10.312,922000000.0,2.561,1.0,2879000000.0,0.266,4264000000,239000000.0,7913000000,8070250000.0,1179000000,0,0,0,6939000000,1939000000,5000000000,5882400000,-1000000.0,162000000.0,-362000000.0,-371000000.0,-340000000.0,-1054000000.0,-79000000.0,64000000.0,1117000000.0,64000000.0,138000000.0,138000000.0,138000000.0,27000000.0,0.0,0.013,2167000000.0,712000000.0,808000000,2.244,1.488,42.626,39.854,2249000000,0.0,16.34,0.543,0.543,1567000000,2784000000,10843000000.0,10843000000.0,0.0,0.013,0.034,0.079,0.059,94000000.0,1940000000.0,1.0,360000000,360000000,,30.119,6629000000,0,258000000.0,1040000000,18.414,2008000000
53,MAS,ART,2008-03-31,2008-04-30,2008-03-31,2021-09-07,829000000,10889000000,11195250000.0,3788000000,7101000000,1.014,11.037,-198000000.0,630000000,630000000,8264000000.0,245000000.0,2.033,1.728,4113000000,117000000,3996000000,4113000000,0,248000000.0,0,0.051,0.92,787000000.0,1035000000.0,0.091,1035000000.0,787000000.0,536000000.0,0.69,0.68,0.69,3992000000,4091500000.0,3992000000,10069557000,13.0,9.729,1060000000.0,2.931,1.0,3087000000.0,0.272,4263000000,251000000.0,8246000000,8161500000.0,1160000000,0,0,0,6897000000,1863000000,5034000000,6586557000,-527000000.0,-155000000.0,-635000000.0,-348000000.0,-344000000.0,-1308000000.0,-372000000.0,73000000.0,1258000000.0,79000000.0,245000000.0,245000000.0,245000000.0,34000000.0,0.0,0.022,2225000000.0,862000000.0,768000000,1.333,1.65,26.884,26.391,2261000000,0.0,18.21,0.58,0.58,1541000000,2808000000,11351000000.0,11351000000.0,0.0,0.022,0.06,0.096,0.069,94000000.0,1998000000.0,1.0,361700000,361700000,,31.382,6626000000,0,291000000.0,1038000000,18.319,1925000000
54,MAS,ART,2007-12-31,2008-02-22,2007-12-31,2021-09-07,697000000,10907000000,11394250000.0,3808000000,7099000000,1.033,11.036,-203000000.0,922000000,922000000,8559000000.0,386000000.0,1.996,1.71,4088000000,122000000,3966000000,4088000000,0,248000000.0,0,0.048,0.92,980000000.0,1228000000.0,0.104,1228000000.0,980000000.0,722000000.0,1.05,1.03,1.05,4025000000,4158750000.0,4025000000,10193769000,10.0,8.301,1067000000.0,2.926,1.0,3211000000.0,0.273,4261000000,258000000.0,7904000000,8169750000.0,1126000000,0,0,0,6882000000,1908000000,4974000000,7027769000,-1036000000.0,-158000000.0,-797000000.0,-881000000.0,-347000000.0,-2006000000.0,-347000000.0,108000000.0,1270000000.0,47000000.0,386000000.0,386000000.0,386000000.0,11000000.0,0.0,0.033,2252000000.0,959000000.0,714000000,0.876,1.746,18.207,18.352,2367000000,0.0,19.27,0.597,0.597,1405000000,2969000000,11770000000.0,11770000000.0,0.0,0.034,0.093,0.12,0.083,94000000.0,2025000000.0,1.0,364700000,364700000,,32.273,6646000000,0,336000000.0,1008000000,18.223,1900000000
55,MAS,ART,2007-09-30,2007-10-31,2007-09-30,2021-09-07,626000000,11332000000,11748750000.0,3979000000,7353000000,1.024,11.396,-223000000.0,690000000,690000000,8766000000.0,350000000.0,1.978,1.696,4067000000,24000000,4043000000,4067000000,0,244000000.0,0,0.038,0.91,976000000.0,1220000000.0,0.101,1220000000.0,976000000.0,710000000.0,0.98,0.98,0.98,4203000000,4270250000.0,4203000000,12257704000,13.0,10.047,787000000.0,2.134,1.0,3268000000.0,0.272,4479000000,266000000.0,8218000000,8117250000.0,1207000000,0,0,0,7129000000,2012000000,5117000000,8880704000,-78000000.0,-177000000.0,-806000000.0,96000000.0,-349000000.0,-1041000000.0,-325000000.0,119000000.0,1010000000.0,38000000.0,350000000.0,350000000.0,350000000.0,1000000.0,0.0,0.029,2341000000.0,927000000.0,839000000,0.929,2.113,25.373,24.571,2351000000,0.0,24.08,0.738,0.738,1762000000,3216000000,12034000000.0,12034000000.0,0.0,0.03,0.082,0.12,0.081,100000000.0,2021000000.0,1.0,368800000,368800000,,32.63,6853000000,0,360000000.0,1074000000,18.582,1967000000
56,MAS,ART,2007-06-30,2007-08-01,2007-06-30,2021-09-07,553000000,11653000000,11867750000.0,4305000000,7348000000,1.034,11.071,-249000000.0,853000000,853000000,8941000000.0,397000000.0,1.788,1.811,4347000000,325000000,4022000000,4347000000,0,244000000.0,0,0.033,0.9,1027000000.0,1271000000.0,0.104,1271000000.0,1027000000.0,772000000.0,1.07,1.06,1.07,4146000000,4392500000.0,4146000000,13702870000,13.0,10.781,794000000.0,2.12,1.0,3329000000.0,0.271,4461000000,255000000.0,8278000000,7753000000.0,1269000000,0,0,0,7507000000,2408000000,5099000000,10208870000,248000000.0,-99000000.0,-815000000.0,433000000.0,-350000000.0,-714000000.0,-281000000.0,116000000.0,1043000000.0,23000000.0,397000000.0,397000000.0,397000000.0,-30000000.0,0.0,0.032,2376000000.0,953000000.0,943000000,0.841,2.462,25.715,25.477,2334000000,0.0,27.26,0.832,0.832,1866000000,3226000000,12270000000.0,12270000000.0,0.0,0.033,0.09,0.132,0.084,100000000.0,2056000000.0,1.0,374500000,374500000,,32.764,7192000000,0,375000000.0,1077000000,19.204,1897000000
57,MAS,ART,2007-03-31,2007-05-03,2007-03-31,2021-09-07,521000000,11685000000,11896250000.0,4536000000,7149000000,1.052,11.281,-308000000.0,1165000000,1165000000,9103000000.0,427000000.0,1.939,1.742,4367000000,323000000,4044000000,4367000000,0,244000000.0,0,0.03,0.89,1053000000.0,1297000000.0,0.104,1297000000.0,1053000000.0,814000000.0,1.11,1.09,1.11,4261000000,4514000000.0,4261000000,14533000000,14.0,11.205,788000000.0,2.086,1.0,3408000000.0,0.272,4269000000,239000000.0,8279000000,7491000000.0,1279000000,0,0,0,7424000000,2339000000,5085000000,11331000000,483000000.0,129000000.0,-771000000.0,413000000.0,-352000000.0,-692000000.0,-109000000.0,109000000.0,1096000000.0,19000000.0,427000000.0,427000000.0,427000000.0,-29000000.0,0.0,0.034,2376000000.0,1032000000.0,890000000,0.802,2.659,26.536,27.027,2351000000,0.0,30.0,0.906,0.906,1779000000,3364000000,12511000000.0,12511000000.0,0.0,0.036,0.095,0.141,0.084,100000000.0,2046000000.0,1.0,377700000,377700000,,33.124,7416000000,0,387000000.0,1041000000,19.635,2197000000
58,MAS,ART,2006-12-31,2007-02-27,2006-12-31,2021-09-07,512000000,12325000000,11913750000.0,5115000000,7210000000,1.073,11.417,-372000000.0,1958000000,1958000000,9259000000.0,488000000.0,1.509,1.757,4979000000,1446000000,3533000000,4979000000,0,244000000.0,0,0.029,0.88,1140000000.0,1384000000.0,0.108,1384000000.0,1140000000.0,900000000.0,1.24,1.22,1.24,4471000000,4619250000.0,4471000000,14796412000,13.0,10.691,836000000.0,2.135,1.0,3519000000.0,0.275,4263000000,240000000.0,7694000000,7214500000.0,1263000000,0,0,0,7854000000,3389000000,4465000000,11775412000,-6000000.0,132000000.0,-826000000.0,151000000.0,-349000000.0,-1006000000.0,-226000000.0,71000000.0,1208000000.0,18000000.0,488000000.0,488000000.0,488000000.0,-30000000.0,0.0,0.038,2393000000.0,1126000000.0,815000000,0.71,2.634,24.13,24.25,2363000000,0.0,30.07,0.922,0.922,1613000000,3575000000,12778000000.0,12778000000.0,0.0,0.041,0.106,0.158,0.089,100000000.0,2063000000.0,1.0,391600000,391600000,,32.63,8062000000,0,412000000.0,932000000,20.587,1726000000
59,MAS,ART,2006-09-30,2006-11-02,2006-09-30,2021-09-07,472000000,11808000000,11972250000.0,4301000000,7507000000,1.072,11.903,-373000000.0,772000000,772000000,9227000000.0,848000000.0,1.153,1.517,3968000000,1491000000,2477000000,3968000000,0,241000000.0,0,0.032,0.86,1562000000.0,1803000000.0,0.14,1803000000.0,1562000000.0,1325000000.0,2.13,2.1,2.13,4692000000,4713500000.0,4692000000,13815748000,9.0,7.663,993000000.0,2.519,1.0,3608000000.0,0.281,4514000000,237000000.0,6761000000,7283500000.0,1308000000,0,0,0,7116000000,3729000000,3387000000,10619748000,-788000000.0,342000000.0,-977000000.0,-830000000.0,-347000000.0,-2154000000.0,-40000000.0,66000000.0,1366000000.0,2000000.0,848000000.0,848000000.0,848000000.0,-77000000.0,0.0,0.066,2115000000.0,1493000000.0,923000000,0.404,2.263,12.523,12.648,2318000000,0.0,26.94,0.827,0.827,1898000000,3834000000,12835000000.0,12835000000.0,0.0,0.071,0.18,0.214,0.122,0.0,2036000000.0,1.0,394200000,394200000,,32.56,7294000000,0,477000000.0,910000000,18.503,572000000
60,MAS,ART,2006-06-30,2006-08-03,2006-06-30,2021-09-07,428000000,11767000000,12171250000.0,4261000000,7506000000,1.06,11.635,-367000000.0,606000000,606000000,9251000000.0,858000000.0,1.244,1.54,3994000000,1184000000,2810000000,3994000000,0,241000000.0,0,0.031,0.84,1600000000.0,1841000000.0,0.143,1841000000.0,1600000000.0,1352000000.0,2.1,2.07,2.1,4632000000,4789750000.0,4632000000,14331769000,9.0,7.785,1051000000.0,2.64,1.0,3649000000.0,0.283,4499000000,248000000.0,7230000000,7654000000.0,1313000000,0,0,0,7135000000,3426000000,3709000000,10943769000,-932000000.0,238000000.0,-963000000.0,-857000000.0,-346000000.0,-2166000000.0,-84000000.0,105000000.0,1418000000.0,-6000000.0,858000000.0,858000000.0,858000000.0,-50000000.0,0.0,0.067,2087000000.0,1562000000.0,979000000,0.4,2.363,12.755,13.09,2284000000,0.0,27.49,0.848,0.848,2023000000,3812000000,12900000000.0,12900000000.0,0.0,0.07,0.179,0.209,0.124,0.0,2009000000.0,1.0,398100000,398100000,,32.404,7268000000,0,494000000.0,899000000,18.257,835000000
61,MAS,ART,2006-03-31,2006-05-05,2006-03-31,2021-09-07,350000000,11755000000,12392250000.0,4219000000,7536000000,1.038,11.788,-334000000.0,682000000,682000000,9211000000.0,913000000.0,1.253,1.511,3959000000,1179000000,2780000000,3959000000,0,241000000.0,0,0.025,0.82,1692000000.0,1933000000.0,0.15,1933000000.0,1692000000.0,1440000000.0,2.2,2.17,2.2,4682000000,4876500000.0,4682000000,16289272000,10.0,8.427,1060000000.0,2.669,1.0,3648000000.0,0.284,4493000000,252000000.0,7173000000,7898500000.0,1256000000,0,0,0,7073000000,3366000000,3707000000,13012272000,-258000000.0,228000000.0,-815000000.0,-366000000.0,-343000000.0,-1524000000.0,-10000000.0,134000000.0,1394000000.0,-10000000.0,913000000.0,913000000.0,913000000.0,-48000000.0,0.0,0.071,2057000000.0,1591000000.0,945000000,0.373,2.779,14.252,14.891,2228000000,0.0,32.76,1.012,1.012,1965000000,3932000000,12859000000.0,12859000000.0,0.0,0.074,0.187,0.214,0.132,0.0,1992000000.0,1.0,397200000,397200000,,32.374,7262000000,0,527000000.0,927000000,18.283,853000000
62,MAS,ART,2005-12-31,2006-03-02,2005-12-31,2021-09-07,328000000,12559000000,12487250000.0,5123000000,7436000000,1.012,11.645,-282000000.0,1964000000,1964000000,9033000000.0,940000000.0,1.77,1.591,4747000000,832000000,3915000000,4747000000,0,241000000.0,0,0.026,0.8,1705000000.0,1946000000.0,0.154,1946000000.0,1705000000.0,1458000000.0,2.23,2.19,2.23,4848000000,4958000000.0,4848000000,15746582000,9.0,8.092,1092000000.0,2.623,1.0,3609000000.0,0.285,4478000000,247000000.0,7970000000,8061000000.0,1127000000,0,0,0,7711000000,2894000000,4817000000,12963582000,670000000.0,291000000.0,-953000000.0,407000000.0,-339000000.0,-885000000.0,186000000.0,193000000.0,1374000000.0,-5000000.0,940000000.0,940000000.0,940000000.0,-68000000.0,0.0,0.074,2032000000.0,1577000000.0,837000000,0.359,2.674,13.791,13.964,2173000000,0.0,31.14,1.025,1.025,1716000000,4286000000,12642000000.0,12642000000.0,0.0,0.075,0.19,0.212,0.135,0.0,1969000000.0,1.0,416300000,416300000,,30.368,8081000000,0,518000000.0,902000000,19.411,2229000000
63,MAS,ART,2005-09-30,2005-11-03,2005-09-30,2021-09-07,393000000,12604000000,12482750000.0,4999000000,7605000000,1.018,11.791,-313000000.0,1560000000,1560000000,9019000000.0,872000000.0,1.713,1.522,4724000000,824000000,3900000000,4724000000,0,237000000.0,0,0.027,0.78,1603000000.0,1840000000.0,0.145,1840000000.0,1603000000.0,1365000000.0,2.05,2.0,2.05,4997000000,5101750000.0,4997000000,15195682000,9.0,8.259,1062000000.0,2.506,1.0,3692000000.0,0.29,4607000000,238000000.0,8243000000,8236250000.0,1177000000,0,0,0,7607000000,2918000000,4689000000,12031682000,553000000.0,71000000.0,-843000000.0,428000000.0,-329000000.0,-744000000.0,39000000.0,296000000.0,1375000000.0,34000000.0,872000000.0,872000000.0,872000000.0,-18000000.0,0.0,0.069,2193000000.0,1499000000.0,911000000,0.38,2.408,13.798,13.849,2208000000,0.0,28.39,0.947,0.947,1982000000,4375000000,12711000000.0,12711000000.0,0.0,0.07,0.171,0.195,0.126,0.0,2031000000.0,1.0,423800000,423800000,,29.993,7997000000,0,493000000.0,789000000,18.87,2081000000
64,MAS,ART,2005-06-30,2005-08-04,2005-06-30,2021-09-07,406000000,12651000000,12429000000.0,4987000000,7664000000,1.008,11.568,-312000000.0,1538000000,1538000000,8805000000.0,969000000.0,1.645,1.541,4751000000,875000000,3876000000,4751000000,0,237000000.0,0,0.024,0.76,1716000000.0,1953000000.0,0.156,1953000000.0,1716000000.0,1488000000.0,2.25,2.19,2.25,4979000000,5163000000.0,4979000000,16869592000,10.0,8.638,1086000000.0,2.523,1.0,3719000000.0,0.297,4624000000,228000000.0,8208000000,8393750000.0,1224000000,0,0,0,7672000000,3032000000,4640000000,13656592000,966000000.0,274000000.0,-771000000.0,313000000.0,-320000000.0,-778000000.0,308000000.0,367000000.0,1398000000.0,47000000.0,969000000.0,969000000.0,969000000.0,-88000000.0,0.0,0.077,2198000000.0,1521000000.0,951000000,0.338,2.743,14.093,14.102,2205000000,0.0,31.73,1.09,1.09,1956000000,4217000000,12524000000.0,12524000000.0,0.0,0.078,0.188,0.204,0.137,0.0,2037000000.0,1.0,430400000,430400000,,29.099,8027000000,0,519000000.0,764000000,18.65,1955000000
65,MAS,ART,2005-03-31,2005-05-10,2005-03-31,2021-09-07,512000000,12135000000,12335500000.0,4302000000,7833000000,0.992,11.547,-313000000.0,940000000,940000000,8529000000.0,956000000.0,1.446,1.423,4289000000,882000000,3407000000,4289000000,0,237000000.0,0,0.024,0.72,1712000000.0,1949000000.0,0.159,1949000000.0,1712000000.0,1489000000.0,2.19,2.13,2.19,5008000000,5173250000.0,5008000000,16572513000,10.0,8.503,1189000000.0,2.742,1.0,3708000000.0,0.303,4685000000,223000000.0,7823000000,8680750000.0,1191000000,0,0,0,7127000000,2976000000,4151000000,13223513000,284000000.0,181000000.0,-888000000.0,-324000000.0,-306000000.0,-1558000000.0,329000000.0,445000000.0,1502000000.0,38000000.0,956000000.0,956000000.0,956000000.0,-55000000.0,0.0,0.078,2183000000.0,1525000000.0,892000000,0.329,2.64,13.832,13.922,2243000000,0.0,30.49,1.081,1.081,1902000000,4029000000,12237000000.0,12237000000.0,0.0,0.077,0.185,0.197,0.14,0.0,2026000000.0,1.0,433700000,433700000,,28.215,7450000000,0,533000000.0,744000000,17.178,1326000000
66,MAS,ART,2004-12-31,2005-03-16,2004-12-31,2021-09-07,627000000,12541000000,12364000000.0,4402000000,8139000000,0.977,12.181,-310000000.0,1256000000,1256000000,8356000000.0,893000000.0,2.05,1.313,4267000000,80000000,4187000000,4267000000,0,237000000.0,0,0.02,0.68,1679000000.0,1916000000.0,0.159,1916000000.0,1679000000.0,1462000000.0,2.01,1.96,2.01,5423000000,5203000000.0,5423000000,18103280000,11.0,9.448,1144000000.0,2.57,1.0,3718000000.0,0.308,4734000000,217000000.0,8671000000,9043250000.0,1132000000,0,0,0,7118000000,2147000000,4971000000,15092280000,499000000.0,118000000.0,-845000000.0,-13000000.0,-302000000.0,-1145000000.0,161000000.0,330000000.0,1454000000.0,29000000.0,893000000.0,893000000.0,893000000.0,37000000.0,0.0,0.074,2149000000.0,1569000000.0,837000000,0.338,2.783,16.901,16.866,2272000000,0.0,33.9,1.25,1.25,1732000000,3880000000,12074000000.0,12074000000.0,0.0,0.072,0.172,0.186,0.139,0.0,2011000000.0,1.0,445200000,445200000,,27.12,7807000000,0,569000000.0,740000000,17.536,2255000000
67,MAS,ART,2004-09-30,2004-11-04,2004-09-30,2021-09-07,409000000,12389000000,12266000000.0,4279000000,8110000000,0.97,11.701,-261150000.0,969000000,969000000,8206340000.0,879880000.0,2.112,1.363,4254000000,44000000,4210000000,4254000000,0,244000000.0,0,0.018,0.66,1673380000.0,1917380000.0,0.161,1917380000.0,1673380000.0,1453200000.0,1.98,1.94,1.98,5242000000,5211250000.0,5242000000,19435400000,12.0,10.136,1478270000.0,3.3,1.0,3695870000.0,0.311,4775000000,220180000.0,8873000000,9026000000.0,1126000000,0,0,0,7147000000,2026000000,5121000000,16150400000,98860000.0,97680000.0,-928690000.0,-178610000.0,-304300000.0,-1396500000.0,2160000.0,142740000.0,1739420000.0,23530000.0,879880000.0,879880000.0,879880000.0,-30000000.0,0.0,0.074,2086630000.0,1609240000.0,852000000,0.333,3.081,18.355,18.207,2165000000,0.0,36.05,1.357,1.357,1908000000,3856000000,11902210000.0,11902210000.0,0.0,0.072,0.169,0.185,0.141,0.0,1975510000.0,1.0,448000000,448000000,,26.567,7614000000,0,573320000.0,851000000,16.996,2253000000
68,MAS,ART,2004-06-30,2004-08-05,2004-06-30,2021-09-07,381000000,12277000000,12218895000.0,3867000000,8410000000,0.953,11.586,-255980000.0,527000000,527000000,8039320000.0,839650000.0,1.886,1.446,4433000000,136000000,4297000000,4433000000,0,244000000.0,0,0.021,0.64,1633130000.0,1877130000.0,0.161,1877130000.0,1633130000.0,1401170000.0,1.83,1.79,1.83,5020000000,5251897500.0,5020000000,17276959080,11.0,9.204,1363960000.0,3.148,1.0,3607790000.0,0.31,4777000000,231960000.0,9356000000,8926010000.0,1134000000,0,0,0,7257000000,2050000000,5207000000,13370959080,-213870000.0,185540000.0,-988460000.0,-364710000.0,-294880000.0,-1632950000.0,-20210000.0,1090000.0,1619940000.0,12900000.0,839650000.0,839650000.0,839650000.0,40000000.0,0.0,0.072,2010180000.0,1597610000.0,869000000,0.35,2.664,15.924,16.863,2165000000,0.0,30.86,1.148,1.148,1929000000,3583000000,11647110000.0,11647110000.0,0.0,0.069,0.16,0.183,0.14,0.0,1954660000.0,1.0,433278000,433278000,,26.881,7500000000,0,561520000.0,812000000,17.31,1817000000
69,MAS,ART,2004-03-31,2004-05-05,2004-03-31,2021-09-07,402000000,12249000000,12219640000.0,3747000000,8502000000,0.931,11.705,-248020000.0,624000000,624000000,7886680000.0,808200000.0,1.778,1.389,4510000000,313000000,4197000000,4510000000,0,244000000.0,0,0.022,0.62,1573840000.0,1817840000.0,0.16,1817840000.0,1573840000.0,1326420000.0,1.72,1.67,1.72,5127000000,5323800000.0,5127000000,16382967370,10.0,9.012,1196650000.0,2.732,1.0,3487080000.0,0.307,4755000000,247420000.0,9273000000,8743610000.0,1033000000,0,0,0,7122000000,2107000000,5015000000,12496967370,-92880000.0,96650000.0,-940140000.0,-230530000.0,-291050000.0,-1407350000.0,-147110000.0,45380000.0,1444670000.0,43320000.0,808200000.0,808200000.0,808200000.0,7000000.0,0.0,0.071,1977460000.0,1509620000.0,808000000,0.36,2.437,15.463,16.587,2153000000,0.0,28.53,1.099,1.099,1820000000,3394000000,11373760000.0,11373760000.0,0.0,0.066,0.152,0.18,0.138,0.0,1914940000.0,1.0,438029000,438029000,,25.966,7494000000,0,518220000.0,719000000,17.108,1640000000
70,MAS,ART,2003-12-31,2004-02-27,2003-12-31,2021-09-07,421000000,12149000000,12149970000.0,3804000000,8345000000,0.9,12.059,-271000000.0,795000000,795000000,7586000000.0,806000000.0,1.812,1.227,4182000000,334000000,3848000000,4182000000,0,244000000.0,0,0.021,0.6,1531000000.0,1775000000.0,0.162,1775000000.0,1531000000.0,1269000000.0,1.68,1.64,1.68,5456000000,5341830000.0,5456000000,16073978400,10.0,9.056,1150000000.0,2.542,1.0,3350000000.0,0.306,4835000000,262000000.0,8602000000,8725327500.0,1019000000,0,0,0,6693000000,2099000000,4594000000,12686978400,-272000000.0,45000000.0,-742000000.0,-541000000.0,-286000000.0,-1617000000.0,-128000000.0,149000000.0,1421000000.0,52000000.0,806000000.0,806000000.0,806000000.0,-66000000.0,0.0,0.074,1926000000.0,1424000000.0,715000000,0.357,2.325,15.741,16.69,2339000000,0.0,28.04,1.16,1.16,1674000000,3299000000,10936000000.0,10936000000.0,0.0,0.066,0.151,0.175,0.14,0.0,1856000000.0,1.0,452460000,452460000,,24.17,7314000000,0,463000000.0,746000000,16.165,1705000000
71,MAS,ART,2003-09-30,2003-11-06,2003-09-30,2021-09-07,179060000,12200580000,12125327500.0,4026720000,8173860000,0.882,11.669,-307070000.0,907710000,907710000,7423730000.0,908920000.0,1.749,1.257,4336320000,500040000,3836280000,4336320000,0,220300000.0,0,0.021,0.58,1651390000.0,1871690000.0,0.175,1871690000.0,1651390000.0,1382920000.0,1.89,1.8,1.89,5404590000,5301290000.0,5404590000,15984660720,10.0,8.54,905420000.0,1.955,1.0,3267520000.0,0.306,4853590000,268470000.0,8473040000,8834337500.0,1025900000,0,0,0,6795990000,2302560000,4493430000,12556050720,307620000.0,3610000.0,-661010000.0,-102890000.0,-280080000.0,-1092080000.0,-144660000.0,190630000.0,1212490000.0,86010000.0,908920000.0,908920000.0,908920000.0,0.0,0.0,0.085,1694340000.0,1573180000.0,706320000,0.307,2.323,13.814,14.344,2295120000,0.0,27.11,1.174,1.174,1830360000,3282700000,10691250000.0,10691250000.0,0.0,0.075,0.171,0.187,0.154,0.0,1800290000.0,1.0,463152000,463152000,,23.084,7346990000,0,474000000.0,657150000,15.863,1724160000
72,MAS,ART,2003-06-30,2003-08-07,2003-06-30,2021-09-07,175690000,12279980000,11933680000.0,3986380000,8293600000,0.862,11.293,-306430000.0,785440000,785440000,7125790000.0,712950000.0,1.511,1.314,4625780000,809050000,3816730000,4625780000,0,220300000.0,0,0.023,0.56,1350840000.0,1571140000.0,0.153,1571140000.0,1350840000.0,1088150000.0,1.47,1.39,1.47,5307610000,5284050000.0,5307610000,15139067880,11.0,9.636,909830000.0,1.936,1.0,3165560000.0,0.308,4855820000,262690000.0,8626400000,8898467500.0,1161850000,0,0,0,6972370000,2638100000,4334270000,11298727880,156690000.0,-726480000.0,-576780000.0,723420000.0,-279250000.0,-182970000.0,-1062690000.0,31120000.0,1216260000.0,87640000.0,712950000.0,712950000.0,712950000.0,0.0,0.0,0.069,1816250000.0,1349310000.0,676520000,0.381,2.129,15.848,16.354,2424600000,0.0,24.04,1.098,1.098,1775960000,3041310000,10291350000.0,10291350000.0,0.0,0.06,0.135,0.152,0.131,0.0,1698600000.0,1.0,469997000,469997000,,21.897,7424160000,0,375200000.0,517540000,15.796,1348280000
73,MAS,ART,2003-03-31,2003-05-09,2003-03-31,2021-09-07,60000,11970320000,11468205000.0,3827940000,8142380000,0.856,10.909,-305980000.0,748450000,748450000,6741080000.0,697700000.0,1.966,1.302,4622820000,301050000,4321770000,4622820000,0,220300000.0,0,0.024,0.555,1309030000.0,1529330000.0,0.156,1529330000.0,1309030000.0,1059600000.0,1.44,1.36,1.44,5199120000,5227592500.0,5199120000,14740713200,11.0,9.639,915810000.0,1.922,1.0,3076620000.0,0.313,4698020000,249430000.0,9199870000,8817530000.0,1123200000,70110000,0,70110000,6771200000,1946800000,4824400000,10866343200,510290000.0,-771870000.0,218240000.0,659190000.0,-274520000.0,545660000.0,-1288920000.0,-251980000.0,1221790000.0,64220000.0,697700000.0,697700000.0,697700000.0,0.0,0.0,0.071,1721220000.0,1355400000.0,657150000,0.385,2.09,15.575,15.833,2364930000,0.0,22.8,1.107,1.107,1683740000,2879780000,9817700000.0,9817700000.0,0.0,0.061,0.133,0.148,0.133,0.0,1603570000.0,1.0,476594000,476594000,,20.6,7272300000,0,361900000.0,502630000,15.259,1881140000
74,MAS,ART,2002-12-31,2003-03-14,2002-12-31,2021-09-07,-21700000,12050430000,10811347500.0,3949770000,8100660000,0.871,10.842,-284670000.0,1066570000,1066570000,6450590000.0,589700000.0,2.044,1.276,4637650000,321180000,4316470000,4637650000,0,220300000.0,0,0.031,0.55,1175530000.0,1395830000.0,0.148,1395830000.0,1175530000.0,938600000.0,1.22,1.15,1.22,5293840000,4986020000.0,5293840000,12330697620,10.0,8.834,940180000.0,1.926,1.0,2968810000.0,0.315,4651020000,236930000.0,9038040000,8496562500.0,1055620000,67810000,0,67810000,6756590000,1932450000,4824140000,8759617620,754580000.0,-715070000.0,432100000.0,634410000.0,-267880000.0,767370000.0,-1296180000.0,-326940000.0,1224850000.0,58540000.0,589700000.0,589700000.0,589700000.0,0.0,0.0,0.063,1637710000.0,1331100000.0,541590000,0.451,1.655,14.854,14.705,2315060000,0.0,17.94,0.93,0.93,1546360000,2783490000,9419400000.0,9419400000.0,0.0,0.055,0.118,0.138,0.125,0.0,1506540000.0,1.0,488273000,488273000,,19.291,7399410000,0,348900000.0,507670000,15.154,2017320000
75,MAS,ART,2002-09-30,2002-11-14,2002-09-30,2021-09-07,-98410000,11433990000,10094572500.0,3497570000,7936420000,0.896,10.845,-249290000.0,600090000,600090000,6230640000.0,614800000.0,1.853,1.143,4275990000,311650000,3964340000,4275990000,0,269490000.0,0,0.026,0.545,1153330000.0,1422820000.0,0.157,1422820000.0,1153330000.0,923000000.0,1.29,1.25,1.29,5335630000,4692517500.0,5335630000,14145660000,12.0,9.942,839220000.0,1.706,1.0,2816360000.0,0.311,4493070000,230330000.0,8729560000,8204452500.0,994580000,95810000,0,95810000,6098360000,1887260000,4211100000,10469760000,453780000.0,-618310000.0,539990000.0,119220000.0,-260770000.0,349280000.0,-999910000.0,-336670000.0,1088510000.0,0.0,614800000.0,614800000.0,614800000.0,0.0,0.0,0.068,1661560000.0,1154800000.0,565030000,0.422,1.962,17.03,16.496,2120600000,0.0,21.28,1.157,1.157,1715130000,2659460000,9047000000.0,9047000000.0,0.0,0.061,0.131,0.141,0.127,0.0,1472360000.0,1.0,492000000,492000000,,18.388,6940920000,0,308200000.0,246760000,14.108,1610310000
76,MAS,ART,2002-06-30,2002-08-13,2002-06-30,2021-09-07,-41150000,10418080000,9539382500.0,3314610000,7103470000,0.92,10.489,-258880000.0,628750000,628750000,6043900000.0,309000000.0,2.168,1.05,3769990000,134510000,3635480000,3769990000,0,269490000.0,0,0.023,0.54,692930000.0,962420000.0,0.11,962420000.0,692930000.0,462000000.0,0.65,0.62,0.65,5081780000,4385285000.0,5081780000,14410710000,21.0,14.973,855420000.0,1.766,1.0,2732100000.0,0.311,3727910000,230930000.0,8302650000,8122972500.0,989130000,94360000,0,94360000,5336300000,1528760000,3807540000,11269470000,522260000.0,-310450000.0,565810000.0,-313730000.0,-253000000.0,-55310000.0,-564900000.0,-162510000.0,1114300000.0,0.0,309000000.0,309000000.0,309000000.0,0.0,0.0,0.035,1501900000.0,1230200000.0,469130000,0.831,2.218,36.471,35.785,2096200000,0.0,23.26,1.284,1.284,1520630000,2608140000,8776000000.0,8776000000.0,0.0,0.032,0.07,0.085,0.079,0.0,1454800000.0,1.0,484500000,484500000,,18.114,6690170000,0,153000000.0,172060000,13.808,1785850000
77,MAS,ART,2002-03-31,2002-05-15,2002-03-31,2021-09-07,-190240000,9342890000,9141107500.0,2683590000,6659300000,0.935,9.19,-265840000.0,238160000,238160000,5923350000.0,233700000.0,2.039,1.207,3707040000,130690000,3576350000,3707040000,0,269490000.0,0,0.02,0.535,587430000.0,856920000.0,0.1,856920000.0,587430000.0,351300000.0,0.51,0.49,0.51,4232830000,4046970000.0,4232830000,15849485440,27.0,18.496,787890000.0,1.711,1.0,2623650000.0,0.307,3579820000,236130000.0,7916000000,8218137500.0,897250000,226350000,0,226350000,5110060000,1315950000,3794110000,12380605440,148730000.0,-274200000.0,-41800000.0,-115250000.0,-248330000.0,-452150000.0,-533720000.0,-49700000.0,1053730000.0,0.0,233700000.0,233700000.0,233700000.0,0.0,0.0,0.027,1510050000.0,1113600000.0,402540000,1.049,2.925,52.976,52.706,2009720000,0.0,26.88,1.449,1.449,1377180000,2553960000,8547000000.0,8547000000.0,0.0,0.026,0.058,0.071,0.069,0.0,1439850000.0,1.0,460588000,460588000,,18.557,5763070000,0,117600000.0,217760000,12.512,1367640000
78,MAS,ART,2001-12-31,2002-03-28,2001-12-31,2021-09-07,-188290000,9183330000,8948780000.0,2626920000,6556410000,0.934,8.961,-274430000.0,311990000,311990000,5806800000.0,198500000.0,2.124,1.229,3757490000,129860000,3627630000,3757490000,0,269490000.0,0,0.019,0.53,540030000.0,809520000.0,0.097,809520000.0,540030000.0,300700000.0,0.43,0.42,0.43,4119830000,3907607500.0,4119830000,16065664950,30.0,19.846,692210000.0,1.506,1.0,2551200000.0,0.305,3522670000,239330000.0,7869600000,8374080000.0,913100000,224130000,0,224130000,5063500000,1236560000,3826940000,12620164950,142560000.0,-356970000.0,-66990000.0,201630000.0,-243810000.0,-157510000.0,-666570000.0,-32360000.0,966640000.0,0.0,198500000.0,198500000.0,198500000.0,0.0,0.0,0.024,1511400000.0,1039800000.0,322280000,1.233,3.063,63.578,63.837,2016730000,0.0,27.45,1.51,1.51,1204210000,2468230000,8358000000.0,8358000000.0,0.0,0.022,0.051,0.064,0.065,0.0,1418200000.0,1.0,459751000,459751000,,18.179,5660660000,0,102200000.0,199310000,12.312,1390360000
79,MAS,ART,2001-09-30,2001-11-13,2001-09-30,2021-09-07,-173020000,9213230000,8588947500.0,2616990000,6596240000,0.929,8.949,-335120000.0,146310000,146310000,5656560000.0,115900000.0,2.247,1.243,4017990000,194940000,3823050000,4017990000,0,238330000.0,0,0.025,0.525,368180000.0,606510000.0,0.076,606510000.0,368180000.0,134700000.0,0.27,0.26,0.27,4106700000,3734165000.0,4106700000,13623708750,37.0,22.462,531380000.0,1.158,1.0,2319440000.0,0.291,3516620000,233480000.0,8403640000,8290415000.0,1001550000,199130000,0,199130000,5106530000,1164650000,3941880000,9752028750,-34920000.0,-403510000.0,-211030000.0,477140000.0,-234740000.0,-790000.0,-828580000.0,0.0,866500000.0,0.0,115900000.0,115900000.0,115900000.0,0.0,0.0,0.015,1396540000.0,922900000.0,286450000,1.944,2.375,84.142,78.704,2006220000,0.0,21.25,1.223,1.223,1319470000,2469220000,7976000000.0,7976000000.0,0.0,0.013,0.031,0.044,0.046,0.0,1218140000.0,1.0,458919000,458919000,,17.38,5696610000,0,18800000.0,118830000,12.413,1452340000
80,MAS,ART,2001-06-30,2001-08-07,2001-06-30,2021-09-07,-247030000,8824980000,8256905000.0,2616910000,6208070000,0.923,8.102,-351000000.0,106490000,106490000,5342160000.0,486300000.0,2.209,1.367,3894710000,208950000,3685760000,3894710000,0,238330000.0,0,0.02,0.52,936580000.0,1174910000.0,0.154,1174910000.0,936580000.0,714000000.0,1.08,1.06,1.08,3728520000,3586627500.0,3728520000,15868443750,17.0,13.506,399250000.0,0.868,1.0,2279840000.0,0.299,2745480000,222580000.0,8683310000,7905220000.0,1023170000,656460000,0,656460000,5096460000,1184410000,3912050000,12080223750,-16330000.0,-255340000.0,-77500000.0,380880000.0,-230980000.0,9640000.0,-771640000.0,0.0,750250000.0,0.0,486300000.0,486300000.0,486300000.0,0.0,0.0,0.064,1387640000.0,892200000.0,313340000,0.481,3.24,24.841,24.306,1949610000,0.0,26.25,1.585,1.585,1336820000,2652420000,7622000000.0,7622000000.0,0.0,0.059,0.136,0.118,0.123,0.0,1215440000.0,1.0,460199000,460199000,,16.562,6079500000,0,227700000.0,226290000,13.211,1432500000
81,MAS,ART,2001-03-31,2001-05-14,2001-03-31,2021-09-07,-226040000,8573580000,7988292500.0,2508670000,6064910000,0.927,7.992,-367180000.0,89430000,89430000,5109760000.0,532700000.0,2.281,1.333,3821370000,216610000,3604760000,3821370000,0,238330000.0,0,0.023,0.51,1005280000.0,1243610000.0,0.168,1243610000.0,1005280000.0,794400000.0,1.19,1.17,1.19,3675380000,3502390000.0,3675380000,14078677500,14.0,11.321,339750000.0,0.739,1.0,2298240000.0,0.31,2666120000,210880000.0,8539770000,7462032500.0,988560000,639790000,0,639790000,4898200000,1099630000,3798570000,10346737500,15210000.0,-438900000.0,-88790000.0,704500000.0,-225120000.0,327830000.0,-996230000.0,0.0,706930000.0,0.0,532700000.0,532700000.0,532700000.0,0.0,0.0,0.072,1383240000.0,915000000.0,279330000,0.429,2.815,19.423,18.908,1924820000,0.0,22.5,1.397,1.397,1287650000,2573170000,7408000000.0,7408000000.0,0.0,0.067,0.152,0.135,0.136,0.0,1218240000.0,1.0,459855000,459855000,,16.109,5907460000,0,261700000.0,193810000,12.846,1409040000
82,MAS,ART,2000-12-31,2001-03-29,2000-12-31,2021-09-07,-169750000,7744000000,7646782500.0,2308160000,5435840000,0.947,7.462,-388030000.0,169430000,169430000,4898160000.0,591700000.0,2.141,1.26,3229190000,210950000,3018240000,3229190000,0,238330000.0,0,0.022,0.5,1084780000.0,1323110000.0,0.183,1323110000.0,1084780000.0,893400000.0,1.34,1.31,1.34,3426060000,3413027500.0,3426060000,13665894000,13.0,10.329,345810000.0,0.753,1.0,2344840000.0,0.324,2190770000,191380000.0,7534940000,7032610000.0,912960000,621130000,0,621130000,4317940000,1078050000,3239890000,10606134000,-61350000.0,-531640000.0,-63600000.0,702010000.0,-218680000.0,379920000.0,-1175110000.0,0.0,733840000.0,0.0,591700000.0,591700000.0,591700000.0,0.0,0.0,0.082,1378140000.0,966700000.0,250460000,0.373,3.096,17.925,17.239,1906840000,0.0,23.1,1.464,1.464,1099150000,2519940000,7243000000.0,7243000000.0,0.0,0.077,0.173,0.154,0.15,0.0,1221940000.0,1.0,459140000,459140000,,15.775,5553230000,0,301700000.0,221650000,12.095,1230110000
83,MAS,ART,2000-09-30,2000-11-14,2000-09-30,2021-09-07,-230620000,7885060000,7369512500.0,2406350000,5478710000,0.971,7.88,-357370000.0,181230000,181230000,4591430000.0,725500000.0,1.295,1.242,3165560000,888520000,2277040000,3165560000,0,181820000.0,0,0.027,0.49,1307720000.0,1489540000.0,0.208,1489540000.0,1307720000.0,1136600000.0,1.65,1.61,1.65,3516550000,3340637500.0,3516550000,11075332010,8.0,7.435,220280000.0,0.494,1.0,2563570000.0,0.358,2148510000,171120000.0,6862860000,6725962500.0,912460000,741270000,0,741270000,4368510000,1858020000,2510490000,8091002010,35710000.0,-514180000.0,85410000.0,664880000.0,-216840000.0,486320000.0,-1145900000.0,0.0,577650000.0,0.0,725500000.0,725500000.0,725500000.0,0.0,0.0,0.101,1428270000.0,1135300000.0,254330000,0.297,2.301,11.152,10.988,1827260000,0.0,18.13,1.131,1.131,1182360000,2529160000,7155000000.0,7155000000.0,0.0,0.098,0.217,0.194,0.183,0.0,1366740000.0,1.0,446277000,446277000,,16.033,5736550000,0,411100000.0,233450000,12.854,548330000
84,MAS,ART,2000-06-30,2000-11-01,2000-06-30,2021-09-07,-150380000,7750530000,7060177500.0,2368960000,5381570000,0.987,7.42,-398060000.0,122820000,122820000,4457530000.0,603000000.0,1.33,1.285,3236950000,890220000,2346730000,3236950000,0,181820000.0,0,0.027,0.49,1104420000.0,1286240000.0,0.185,1286240000.0,1104420000.0,952300000.0,1.38,1.35,1.38,3391570000,3222272500.0,3391570000,11515482798,10.0,8.953,184110000.0,0.403,1.0,2508470000.0,0.36,2172580000,152120000.0,6910560000,6601520000.0,938540000,730980000,0,730980000,4358960000,1781520000,2577440000,8401352798,33050000.0,-899540000.0,-13400000.0,1198490000.0,-197790000.0,991950000.0,-1485090000.0,0.0,582170000.0,0.0,603000000.0,603000000.0,603000000.0,0.0,0.0,0.087,1528070000.0,980400000.0,269840000,0.355,2.477,13.933,13.319,1797970000,0.0,18.38,1.206,1.206,1192790000,2403250000,6966000000.0,6966000000.0,0.0,0.085,0.187,0.167,0.159,0.0,1471140000.0,1.0,457092100,457092100,,15.24,5577950000,0,349300000.0,230710000,12.203,587440000
85,MAS,ART,2000-06-30,2000-08-10,2000-06-30,2021-09-07,-150380000,7750530000,7060177500.0,2368960000,5381570000,0.987,7.42,-398060000.0,122820000,122820000,4457530000.0,603000000.0,1.33,1.285,3236950000,890220000,2346730000,3236950000,0,181820000.0,0,0.024,0.48,1104420000.0,1286240000.0,0.185,1286240000.0,1104420000.0,952300000.0,1.38,1.35,1.38,3391570000,3222272500.0,3391570000,12429666998,11.0,9.664,184110000.0,0.403,1.0,2508470000.0,0.36,2172580000,152120000.0,6910560000,6601520000.0,938540000,730980000,0,730980000,4358960000,1781520000,2577440000,9315536998,33050000.0,-899540000.0,-13400000.0,1198490000.0,-197790000.0,991950000.0,-1485090000.0,0.0,582170000.0,0.0,603000000.0,603000000.0,603000000.0,0.0,0.0,0.087,1528070000.0,980400000.0,269840000,0.348,2.747,15.449,14.768,1797970000,0.0,20.38,1.337,1.337,1192790000,2403250000,6966000000.0,6966000000.0,0.0,0.085,0.187,0.167,0.159,0.0,1471140000.0,1.0,457092100,457092100,,15.24,5577950000,0,349300000.0,230710000,12.203,587440000
86,MAS,ART,2000-03-31,2000-05-12,2000-03-31,2021-09-07,-79670000,7207540000,6471530000.0,2238550000,4968990000,0.983,7.395,-378930000.0,74220000,74220000,4073430000.0,556200000.0,1.821,1.172,2794910000,363240000,2431670000,2794910000,0,181820000.0,0,0.023,0.47,1007220000.0,1189040000.0,0.187,1189040000.0,1007220000.0,877800000.0,1.38,1.35,1.38,3317930000,3065760000.0,3317930000,11873143880,12.0,9.985,146190000.0,0.326,1.0,2290570000.0,0.36,1876840000,129420000.0,6822080000,6077947500.0,884000000,715270000,0,715270000,3889610000,1229310000,2660300000,9152453880,-265360000.0,-902590000.0,-50830000.0,892520000.0,-181110000.0,665230000.0,-1398110000.0,0.0,525120000.0,0.0,556200000.0,556200000.0,556200000.0,0.0,0.0,0.087,1406470000.0,884100000.0,272440000,0.341,2.758,16.455,14.783,1750380000,0.0,20.4,1.438,1.438,1166870000,2271670000,6364000000.0,6364000000.0,0.0,0.086,0.181,0.166,0.158,0.0,1355340000.0,1.0,448649700,448649700,,14.185,5330700000,0,321600000.0,228630000,11.882,1009240000
87,MAS,ART,1999-12-31,2000-03-30,1999-12-31,2021-09-07,-60520000,6634920000,5955802500.0,2109780000,4525140000,1.059,7.011,-350850000.0,230780000,230780000,3995530000.0,569600000.0,2.493,1.115,2493570000,62300000,2431270000,2493570000,0,181820000.0,0,0.016,0.35,1024520000.0,1206340000.0,0.191,1206340000.0,1024520000.0,904100000.0,1.31,1.28,1.31,3136500000,2922662500.0,3136500000,11993348500,12.0,9.942,139760000.0,0.312,1.0,2311470000.0,0.366,1742930000,120420000.0,6308350000,5497560000.0,769870000,684750000,0,684750000,3498420000,846430000,2651990000,9730558500,-322370000.0,-794950000.0,-99600000.0,578990000.0,-164990000.0,319050000.0,-1132030000.0,0.0,490610000.0,0.0,569600000.0,569600000.0,569600000.0,0.0,0.0,0.09,1400070000.0,911400000.0,243810000,0.267,3.102,17.083,16.603,1624360000,0.0,21.75,1.543,1.543,1002630000,2151520000,6307000000.0,6307000000.0,0.0,0.096,0.195,0.186,0.162,0.0,1354640000.0,1.0,447382000,447382000,,14.098,4891990000,0,334500000.0,220720000,10.935,1263350000
88,MAS,ART,1999-09-30,1999-11-15,1999-09-30,2021-09-07,-33850000,6647720000,5588910000.0,2160320000,4487400000,0.934,6.864,-313710000.0,145520000,145520000,3351190000.0,450300000.0,2.226,1.185,2567790000,147380000,2420410000,2567790000,0,136320000.0,0,0.016,0.45,816160000.0,952480000.0,0.183,952480000.0,816160000.0,715200000.0,1.31,1.28,1.31,3043090000,2820682500.0,3043090000,15252558540,19.0,16.014,241480000.0,0.545,1.0,1867810000.0,0.358,1734580000,100960000.0,6365090000,5017515000.0,777610000,672920000,0,672920000,3604630000,970320000,2634310000,12830288540,-308770000.0,-878200000.0,-196890000.0,668930000.0,-148850000.0,381310000.0,-1188360000.0,0.0,555190000.0,0.0,450300000.0,450300000.0,450300000.0,0.0,0.0,0.086,1172010000.0,695800000.0,255430000,0.344,4.216,28.493,22.092,1579960000,0.0,28.94,2.458,2.458,1124870000,2038510000,5219000000.0,5219000000.0,0.0,0.081,0.16,0.163,0.156,0.0,1132300000.0,1.0,443341000,443341000,,11.772,4913140000,0,264900000.0,213900000,11.082,1190000000
89,MAS,ART,1999-06-30,1999-08-06,1999-06-30,2021-09-07,-66540000,5395940000,5181030000.0,1621980000,3773960000,0.895,8.189,-236980000.0,78360000,78360000,2986290000.0,511300000.0,1.765,0.951,1759840000,253000000,1506840000,1759840000,0,136320000.0,0,0.015,0.44,890960000.0,1027280000.0,0.222,1027280000.0,890960000.0,799100000.0,1.54,1.5,1.54,2765520000,2725872500.0,2765520000,11687448036,13.0,11.377,229540000.0,0.68,1.0,1650710000.0,0.356,1342200000,91860000.0,4816270000,4496152500.0,626750000,686110000,0,686110000,2630420000,918950000,1711470000,10005968036,-338230000.0,-455870000.0,-196890000.0,206280000.0,-149230000.0,-139840000.0,-676900000.0,0.0,466520000.0,0.0,511300000.0,511300000.0,511300000.0,0.0,0.0,0.11,919610000.0,731100000.0,186600000,0.286,3.618,19.57,19.24,1253910000,0.0,29.63,2.158,2.158,845370000,2300480000,4637000000.0,4637000000.0,0.0,0.099,0.188,0.198,0.192,0.0,885600000.0,1.0,337697200,337697200,,13.731,4053740000,0,287800000.0,204630000,12.004,703030000
90,MAS,ART,1999-03-31,1999-05-13,1999-03-31,2021-09-07,-41080000,5144630000,5023775000.0,1747570000,3397060000,0.886,8.148,-210560000.0,328170000,328170000,2865090000.0,489700000.0,2.038,0.874,1607640000,257420000,1350220000,1607640000,0,136320000.0,0,0.019,0.605,855560000.0,991880000.0,0.223,991880000.0,855560000.0,768000000.0,1.47,1.43,1.47,2745540000,2685090000.0,2745540000,11873011368,14.0,11.97,237190000.0,0.704,1.0,1587910000.0,0.357,1066090000,87560000.0,4500530000,4369200000.0,572200000,671040000,0,671040000,2399090000,857480000,1541610000,10593541368,153270000.0,-143160000.0,-138900000.0,322600000.0,-147780000.0,35920000.0,-396590000.0,0.0,447750000.0,0.0,489700000.0,489700000.0,489700000.0,0.0,0.0,0.11,888010000.0,699900000.0,157510000,0.412,3.858,21.633,21.388,1183350000,0.0,31.44,2.379,2.379,786160000,2198910000,4453000000.0,4453000000.0,0.0,0.097,0.182,0.196,0.192,0.0,857300000.0,1.0,336944700,336944700,,13.216,4078540000,0,278300000.0,191390000,12.104,890090000
91,MAS,ART,1998-12-31,1999-03-26,1998-12-31,2021-09-07,-16570000,5167350000,4833090000.0,1862620000,3304730000,0.899,8.043,-188960000.0,541740000,541740000,2793990000.0,476000000.0,2.2,0.894,1645430000,254010000,1391420000,1645430000,0,136320000.0,0,0.022,0.6,840260000.0,976580000.0,0.225,976580000.0,840260000.0,755000000.0,1.44,1.39,1.44,2728580000,2620885000.0,2728580000,10432570000,12.0,10.683,230130000.0,0.678,1.0,1551010000.0,0.357,1036290000,85260000.0,4388170000,4241225000.0,558990000,659490000,0,659490000,2438770000,846580000,1592190000,9328880000,100410000.0,-185240000.0,-90130000.0,327680000.0,-145290000.0,92260000.0,-410940000.0,0.0,419090000.0,0.0,476000000.0,476000000.0,476000000.0,0.0,0.0,0.11,870510000.0,680500000.0,171250000,0.417,3.419,19.598,19.097,1164250000,0.0,27.5,2.147,2.147,700130000,2111760000,4345000000.0,4345000000.0,0.0,0.098,0.182,0.198,0.193,0.0,842000000.0,1.0,339232000,339232000,,12.808,4131060000,0,279000000.0,200770000,12.178,1016040000
92,MAS,ART,1998-09-30,1998-11-13,1998-09-30,2021-09-07,-22020000,5016200000,4624692500.0,1839580000,3176620000,0.916,7.853,-186680000.0,442880000,442880000,2694250000.0,459000000.0,2.107,0.883,1554120000,261130000,1292990000,1554120000,0,116050000.0,0,0.021,0.595,825050000.0,941100000.0,0.222,941100000.0,825050000.0,739600000.0,,,,2663850000,2495995000.0,2663850000,10799506000,13.0,11.475,382530000.0,1.128,1.0,1541750000.0,0.364,974600000,85450000.0,4279640000,4127475000.0,550720000,642370000,0,642370000,2352350000,873200000,1479150000,9688266000,63840000.0,-99960000.0,0.0,229460000.0,-142820000.0,42210000.0,-404890000.0,0.0,569210000.0,0.0,459000000.0,459000000.0,459000000.0,0.0,0.0,0.108,866050000.0,675700000.0,155210000,,3.637,21.107,,1119580000,0.0,28.56,2.287,2.287,734660000,2026370000,4236000000.0,4236000000.0,0.0,0.099,0.184,0.2,0.195,0.0,840030000.0,1.0,339225000,339225000,,12.487,4041600000,0,280600000.0,186160000,11.914,966380000
93,MAS,ART,1998-06-30,1998-08-14,1998-06-30,2021-09-07,-30130000,4766920000,4426547500.0,1796010000,2970910000,0.93,7.65,-177250000.0,416590000,416590000,2611150000.0,434900000.0,3.174,0.832,1442310000,24450000,1417860000,1442310000,0,116050000.0,0,0.021,0.59,795950000.0,912000000.0,0.222,912000000.0,795950000.0,712400000.0,,,,2602390000,2366065000.0,2602390000,10444778090,13.0,11.453,341910000.0,1.005,1.0,1505850000.0,0.366,918310000,83550000.0,4308460000,4026407500.0,560880000,622780000,0,622780000,2164530000,565870000,1598660000,9419058090,83420000.0,-188220000.0,0.0,227870000.0,-137710000.0,90160000.0,-410400000.0,0.0,519160000.0,0.0,434900000.0,434900000.0,434900000.0,0.0,0.0,0.106,852250000.0,653600000.0,156800000,,3.619,21.658,,1073170000,0.0,27.69,2.288,2.288,674850000,1975460000,4117000000.0,4117000000.0,0.0,0.098,0.184,0.198,0.193,0.0,828230000.0,1.0,340161000,340161000,,12.103,3848610000,0,277500000.0,180800000,11.314,1230140000
94,MAS,ART,1998-03-31,1998-05-14,1998-03-31,2021-09-07,-24720000,4381890000,4183890000.0,1517460000,2864430000,0.943,7.32,-175630000.0,174900000,174900000,2497950000.0,409500000.0,2.76,0.761,1187910000,25790000,1162120000,1187910000,0,116050000.0,0,0.014,0.415,757750000.0,873800000.0,0.221,873800000.0,757750000.0,676000000.0,,,,2488720000,2203425000.0,2488720000,11042007000,15.0,12.637,334410000.0,0.984,1.0,1447050000.0,0.367,856420000,81750000.0,3988630000,3871162500.0,543890000,610060000,0,610060000,1893170000,549850000,1343320000,10028997000,-152690000.0,-199720000.0,0.0,-15300000.0,-134350000.0,-149650000.0,-357810000.0,0.0,510040000.0,0.0,409500000.0,409500000.0,409500000.0,0.0,0.0,0.104,823450000.0,623600000.0,157370000,,4.03,24.491,,1073890000,0.0,29.5,2.542,2.542,679400000,1858550000,3945000000.0,3945000000.0,0.0,0.098,0.186,0.196,0.192,0.0,802430000.0,1.0,339966000,339966000,,11.604,3525470000,0,266500000.0,181200000,10.37,967610000
95,MAS,ART,1997-12-31,1998-03-27,1997-12-31,2021-09-07,-25480000,4333760000,4009450000.0,1626720000,2707040000,0.938,6.57,-167400000.0,441330000,441330000,2378250000.0,382400000.0,2.624,0.944,1389930000,68460000,1321470000,1389930000,0,116050000.0,0,0.014,0.41,710750000.0,826800000.0,0.22,826800000.0,710750000.0,630900000.0,1.195,1.15,1.195,2229020000,2052892500.0,2229020000,10809439069,15.0,13.074,237630000.0,0.7,1.0,1381750000.0,0.367,729190000,79850000.0,3933170000,3780885000.0,515000000,621220000,0,621220000,2104740000,620000000,1484740000,9860839069,-32400000.0,-141340000.0,0.0,7890000.0,-131680000.0,-123790000.0,-313640000.0,0.0,405030000.0,0.0,382400000.0,382400000.0,382400000.0,0.0,0.0,0.102,794650000.0,587100000.0,166310000,0.343,4.424,25.787,24.322,1037320000,0.0,29.065,2.623,2.623,559050000,1784370000,3760000000.0,3760000000.0,0.0,0.095,0.186,0.188,0.189,0.0,775930000.0,1.0,339268504,339268504,,11.083,3604570000,0,248500000.0,163270000,10.625,1006720000
96,MAS,ART,1997-09-30,1997-11-13,1997-09-30,2021-09-07,-18220000,4223620000,3851422500.0,1569010000,2654610000,,6.533,,379040000,379040000,,,2.446,0.97,1405520000,84270000,1321250000,1405520000,0,,0,0.018,0.405,,,,,,,,,,2144130000,1955590000.0,2144130000,8625128000,,,,,1.0,,,733140000,,3875370000,3671602500.0,496920000,607820000,0,607820000,2079490000,641590000,1437900000,7598648000,,,,,,,,,,,,,,,,,,,140920000,,3.544,,,1004170000,,23.0,,,584450000,1712930000,,,,,,,,,,1.0,330376000,328200000,,,3490480000,0,,116650000,10.635,927420000
97,MAS,ART,1997-06-30,1997-08-13,1997-06-30,2021-09-07,-14010000,3796290000,,1410800000,2385490000,,6.054,,333170000,333170000,,,2.765,0.945,1240000000,11270000,1228730000,1240000000,0,,0,0.018,0.4,,,,,,,,,,1951830000,,1951830000,8247505500,,,,,1.0,,,505320000,,3687480000,,448270000,489910000,0,489910000,1844460000,510320000,1334140000,7340675500,,,,,,,,,,,,,,,,,,,129630000,,3.761,,,949650000,,22.25,,,688900000,1645930000,,,,,,,,,,1.0,329918000,322400000,,,3290970000,0,,105410000,10.208,900480000
98,MAS,ART,1997-03-31,1997-05-15,1997-03-31,2021-09-07,-11640000,3684130000,,1362080000,2322050000,,5.859,,327590000,327590000,,,2.84,0.953,1222770000,6600000,1216170000,1222770000,0,,0,0.021,0.395,,,,,,,,,,1886590000,,1886590000,7104075000,,,,,1.0,,,472100000,,3627520000,,424700000,447630000,0,447630000,1797540000,479690000,1317850000,6208895000,,,,,,,,,,,,,,,,,,,128860000,,3.291,,,939060000,,19.25,,,669800000,1586850000,,,,,,,,,,1.0,322540000,322000000,,,3212030000,0,,101680000,9.975,882390000
99,MAS,ART,1996-12-31,1997-03-28,1996-12-31,2021-09-07,2520000,3701650000,,1429770000,2271880000,,5.722,-138540000.0,473730000,473730000,2048070000.0,295200000.0,2.758,1.012,1243910000,7590000,1236320000,1243910000,0,99680000.0,0,0.022,0.39,577380000.0,677060000.0,0.209,677060000.0,577380000.0,502700000.0,0.92,,0.92,1839810000,,1839810000,6458043365,11.0,9.538,201600000.0,0.627,1.0,1188930000.0,0.367,457350000,74680000.0,3496040000,,411940000,424170000,0,424170000,1861840000,518440000,1343400000,5687863365,413260000.0,649520000.0,0.0,-368160000.0,-123530000.0,-491690000.0,564810000.0,0.0,340140000.0,0.0,295200000.0,295200000.0,295200000.0,0.0,0.0,0.091,708430000.0,480500000.0,149500000,0.424,3.092,19.268,19.228,940590000,0.0,17.69,1.757,1.757,618280000,1536410000,3237000000.0,3237000000.0,0.0,,,,0.178,0.0,696290000.0,1.0,321529868,321529868,,10.067,3244300000,0,207500000.0,107080000,10.09,911330000
