None,ticker,dimension,calendardate,datekey,reportperiod,lastupdated,accoci,assets,assetsavg,assetsc,assetsnc,assetturnover,bvps,capex,cashneq,cashnequsd,cor,consolinc,currentratio,de,debt,debtc,debtnc,debtusd,deferredrev,depamor,deposits,divyield,dps,ebit,ebitda,ebitdamargin,ebitdausd,ebitusd,ebt,eps,epsdil,epsusd,equity,equityavg,equityusd,ev,evebit,evebitda,fcf,fcfps,fxusd,gp,grossmargin,intangibles,intexp,invcap,invcapavg,inventory,investments,investmentsc,investmentsnc,liabilities,liabilitiesc,liabilitiesnc,marketcap,ncf,ncfbus,ncfcommon,ncfdebt,ncfdiv,ncff,ncfi,ncfinv,ncfo,ncfx,netinc,netinccmn,netinccmnusd,netincdis,netincnci,netmargin,opex,opinc,payables,payoutratio,pb,pe,pe1,ppnenet,prefdivis,price,ps,ps1,receivables,retearn,revenue,revenueusd,rnd,roa,roe,roic,ros,sbcomp,sgna,sharefactor,sharesbas,shareswa,shareswadil,sps,tangibles,taxassets,taxexp,taxliabilities,tbvps,workingcapital
0,MAS,MRY,2020-12-31,2020-12-31,2020-12-31,2021-09-07,-142000000.0,5777000000.0,5373500000.0,3489000000.0,2288000000.0,1.338,0.745,-113000000.0,1326000000.0,1326000000.0,4601000000.0,1276000000.0,1.804,27.467,2944000000.0,3000000.0,2941000000.0,2944000000.0,0.0,133000000.0,0.0,0.01,0.545,1637000000.0,1770000000.0,0.246,1770000000.0,1637000000.0,1493000000.0,4.6,4.59,4.6,195000000.0,-37000000.0,195000000.0,15982856693.0,10.0,9.03,840000000.0,3.21,1.0,2587000000.0,0.36,920000000.0,144000000.0,4541000000.0,4533750000.0,876000000.0,0.0,0.0,0.0,5356000000.0,1934000000.0,3422000000.0,14373856693.0,629000000.0,643000000.0,-701000000.0,8000000.0,-145000000.0,-886000000.0,531000000.0,3000000.0,953000000.0,31000000.0,1224000000.0,1224000000.0,1224000000.0,-414000000.0,52000000.0,0.17,1292000000.0,1295000000.0,893000000.0,0.118,73.712,11.743,11.941,1074000000.0,0.0,54.93,2.0,2.0,1138000000.0,79000000.0,7188000000.0,7188000000.0,0.0,0.228,-33.081,0.361,0.228,70000000.0,1292000000.0,1.0,261675891.0,261675891.0,,27.469,4857000000.0,0.0,269000000.0,0.0,18.561,1555000000.0
1,MAS,MRY,2019-12-31,2019-12-31,2019-12-31,2021-09-07,-179000000.0,5027000000.0,5450500000.0,2711000000.0,2316000000.0,1.231,-0.821,-128000000.0,697000000.0,697000000.0,4336000000.0,980000000.0,1.751,-21.63,2935000000.0,2000000.0,2933000000.0,2935000000.0,0.0,159000000.0,0.0,0.01,0.495,1324000000.0,1483000000.0,0.221,1483000000.0,1324000000.0,1165000000.0,3.24,3.22,3.24,-235000000.0,-153750000.0,-235000000.0,16232659635.0,12.0,10.946,705000000.0,2.464,1.0,2371000000.0,0.354,768000000.0,159000000.0,4949000000.0,5088500000.0,754000000.0,0.0,0.0,0.0,5083000000.0,1548000000.0,3535000000.0,13728659635.0,138000000.0,722000000.0,-869000000.0,-211000000.0,-144000000.0,-1291000000.0,582000000.0,1000000.0,833000000.0,14000000.0,935000000.0,935000000.0,935000000.0,-296000000.0,45000000.0,0.139,1283000000.0,1088000000.0,697000000.0,0.153,-58.42,14.683,14.812,1054000000.0,0.0,47.99,2.047,2.047,997000000.0,-332000000.0,6707000000.0,6707000000.0,0.0,0.172,-6.081,0.26,0.197,58000000.0,1274000000.0,1.0,286073341.0,286073341.0,,23.445,4259000000.0,0.0,230000000.0,0.0,14.888,1163000000.0
2,MAS,MRY,2018-12-31,2018-12-31,2018-12-31,2021-09-07,-127000000.0,5393000000.0,5549500000.0,2766000000.0,2627000000.0,1.199,-0.363,-205000000.0,552000000.0,552000000.0,4327000000.0,784000000.0,1.643,-47.964,2979000000.0,8000000.0,2971000000.0,2979000000.0,0.0,156000000.0,0.0,0.015,0.435,1111000000.0,1267000000.0,0.19,1267000000.0,1111000000.0,955000000.0,2.38,2.37,2.38,-111000000.0,-45250000.0,-111000000.0,11336771666.0,10.0,8.948,827000000.0,2.707,1.0,2327000000.0,0.35,799000000.0,156000000.0,5337000000.0,5155750000.0,798000000.0,0.0,0.0,0.0,5324000000.0,1684000000.0,3640000000.0,8932771666.0,-635000000.0,-549000000.0,-640000000.0,-115000000.0,-134000000.0,-1020000000.0,-651000000.0,113000000.0,1032000000.0,4000000.0,734000000.0,734000000.0,734000000.0,-98000000.0,50000000.0,0.11,1250000000.0,1077000000.0,736000000.0,0.183,-80.475,12.17,12.286,885000000.0,0.0,29.24,1.342,1.342,990000000.0,-278000000.0,6654000000.0,6654000000.0,0.0,0.132,-16.221,0.215,0.167,69000000.0,1250000000.0,1.0,305498347.0,305498347.0,,21.781,4594000000.0,0.0,221000000.0,0.0,15.038,1082000000.0
3,MAS,MRY,2017-12-31,2017-12-31,2017-12-31,2021-09-07,-65000000.0,5534000000.0,5411250000.0,3263000000.0,2271000000.0,1.111,-0.168,-149000000.0,1194000000.0,1194000000.0,3794000000.0,580000000.0,1.957,-100.962,3085000000.0,116000000.0,2969000000.0,3085000000.0,0.0,127000000.0,0.0,0.009,0.405,1057000000.0,1184000000.0,0.197,1184000000.0,1057000000.0,778000000.0,1.68,1.66,1.68,-53000000.0,-152750000.0,-53000000.0,15766998930.0,15.0,13.317,602000000.0,1.914,1.0,2220000000.0,0.369,1028000000.0,279000000.0,4730000000.0,4866250000.0,784000000.0,108000000.0,108000000.0,0.0,5351000000.0,1667000000.0,3684000000.0,13821998930.0,204000000.0,39000000.0,-331000000.0,-49000000.0,-129000000.0,-577000000.0,-25000000.0,119000000.0,751000000.0,55000000.0,533000000.0,533000000.0,533000000.0,-107000000.0,47000000.0,0.089,1191000000.0,1029000000.0,824000000.0,0.241,-260.792,25.932,26.155,1129000000.0,0.0,43.94,2.298,2.298,1066000000.0,-298000000.0,6014000000.0,6014000000.0,0.0,0.098,-3.489,0.217,0.176,71000000.0,1191000000.0,1.0,314565292.0,314565292.0,,19.118,4506000000.0,0.0,245000000.0,0.0,14.325,1596000000.0
4,MAS,MRY,2016-12-31,2016-12-31,2016-12-31,2021-09-07,-235000000.0,5137000000.0,5597000000.0,2934000000.0,2203000000.0,1.315,-0.908,-180000000.0,990000000.0,990000000.0,4899000000.0,536000000.0,2.01,-17.584,2997000000.0,2000000.0,2995000000.0,2997000000.0,0.0,134000000.0,0.0,0.012,0.385,1018000000.0,1152000000.0,0.157,1152000000.0,1018000000.0,789000000.0,1.49,1.48,1.49,-298000000.0,-159750000.0,-298000000.0,12336072431.0,12.0,10.708,609000000.0,1.855,1.0,2462000000.0,0.334,986000000.0,229000000.0,4698000000.0,4784750000.0,712000000.0,201000000.0,201000000.0,0.0,5240000000.0,1460000000.0,3780000000.0,10381072431.0,-478000000.0,0.0,-458000000.0,-452000000.0,-128000000.0,-1109000000.0,-124000000.0,72000000.0,789000000.0,-34000000.0,493000000.0,493000000.0,493000000.0,0.0,43000000.0,0.067,1375000000.0,1087000000.0,800000000.0,0.258,-34.836,21.057,21.221,1060000000.0,0.0,31.62,1.41,1.41,917000000.0,-381000000.0,7361000000.0,7361000000.0,0.0,0.088,-3.086,0.213,0.138,69000000.0,1375000000.0,1.0,328307161.0,328307161.0,,22.421,4151000000.0,0.0,296000000.0,0.0,12.644,1474000000.0
5,MAS,MRY,2015-12-31,2015-12-31,2015-12-31,2021-09-07,-165000000.0,5664000000.0,6182000000.0,3328000000.0,2336000000.0,1.155,-0.401,-140000000.0,1468000000.0,1468000000.0,4889000000.0,394000000.0,1.385,-41.526,3407000000.0,1004000000.0,2403000000.0,3407000000.0,0.0,133000000.0,0.0,0.013,0.365,873000000.0,1006000000.0,0.141,1006000000.0,873000000.0,648000000.0,1.03,1.02,1.03,-135000000.0,107000000.0,-135000000.0,11667160854.0,13.0,11.598,670000000.0,1.991,1.0,2253000000.0,0.315,999000000.0,225000000.0,4201000000.0,5119000000.0,687000000.0,248000000.0,248000000.0,0.0,5606000000.0,2403000000.0,3203000000.0,9522160854.0,85000000.0,-41000000.0,-454000000.0,197000000.0,-126000000.0,-521000000.0,-189000000.0,36000000.0,810000000.0,-15000000.0,355000000.0,355000000.0,355000000.0,2000000.0,39000000.0,0.05,1339000000.0,914000000.0,749000000.0,0.354,-70.535,26.823,27.476,1027000000.0,0.0,28.3,1.333,1.333,853000000.0,-300000000.0,7142000000.0,7142000000.0,0.0,0.057,3.318,0.171,0.122,77000000.0,1339000000.0,1.0,336472115.0,336472115.0,,21.226,4665000000.0,0.0,293000000.0,0.0,13.864,925000000.0
6,MAS,MRY,2014-12-31,2014-12-31,2014-12-31,2021-09-07,-111000000.0,7208000000.0,7172000000.0,3620000000.0,3588000000.0,0.977,2.594,-112000000.0,1379000000.0,1379000000.0,4946000000.0,903000000.0,1.637,6.58,3424000000.0,505000000.0,2919000000.0,3424000000.0,0.0,167000000.0,0.0,0.013,0.33,720000000.0,887000000.0,0.127,887000000.0,720000000.0,495000000.0,2.4,2.38,2.4,924000000.0,829750000.0,924000000.0,11119757040.0,15.0,12.536,490000000.0,1.375,1.0,2060000000.0,0.294,982000000.0,225000000.0,6060000000.0,5424250000.0,712000000.0,306000000.0,306000000.0,0.0,6080000000.0,2211000000.0,3869000000.0,8977757040.0,160000000.0,-2000000.0,-157000000.0,-2000000.0,-117000000.0,-297000000.0,-100000000.0,43000000.0,602000000.0,-45000000.0,856000000.0,856000000.0,856000000.0,-35000000.0,47000000.0,0.122,1339000000.0,721000000.0,721000000.0,0.138,9.716,10.488,10.5,1046000000.0,0.0,25.2,1.281,1.281,820000000.0,690000000.0,7006000000.0,7006000000.0,0.0,0.119,1.032,0.133,0.103,47000000.0,1347000000.0,1.0,356260200.0,356260200.0,,19.665,6226000000.0,0.0,-361000000.0,0.0,17.476,1409000000.0
7,MAS,MRY,2013-12-31,2013-12-31,2013-12-31,2021-09-07,115000000.0,6957000000.0,6964250000.0,3468000000.0,3489000000.0,0.971,1.566,-99000000.0,1223000000.0,1223000000.0,4802000000.0,329000000.0,2.057,11.038,3427000000.0,6000000.0,3421000000.0,3427000000.0,0.0,186000000.0,0.0,0.013,0.3,609000000.0,795000000.0,0.118,795000000.0,609000000.0,374000000.0,0.8,0.8,0.8,559000000.0,417750000.0,559000000.0,10543600821.0,17.0,13.262,546000000.0,1.529,1.0,1959000000.0,0.29,2052000000.0,235000000.0,5423000000.0,5462500000.0,765000000.0,321000000.0,321000000.0,0.0,6170000000.0,1686000000.0,4484000000.0,8128600821.0,183000000.0,10000000.0,-35000000.0,-202000000.0,-107000000.0,-382000000.0,-77000000.0,17000000.0,645000000.0,-3000000.0,288000000.0,288000000.0,288000000.0,-29000000.0,41000000.0,0.043,1347000000.0,612000000.0,902000000.0,0.375,14.541,28.224,28.462,1252000000.0,0.0,22.77,1.202,1.202,1004000000.0,79000000.0,6761000000.0,6761000000.0,0.0,0.041,0.689,0.111,0.09,54000000.0,1347000000.0,1.0,356987300.0,356987300.0,,18.939,4905000000.0,73000000.0,86000000.0,397000000.0,13.74,1782000000.0
8,MAS,MRY,2012-12-31,2012-12-31,2012-12-31,2021-09-07,59000000.0,6875000000.0,7350000000.0,3217000000.0,3658000000.0,1.02,0.902,-52000000.0,1040000000.0,1040000000.0,5539000000.0,-79000000.0,1.728,19.693,3628000000.0,206000000.0,3422000000.0,3628000000.0,0.0,214000000.0,0.0,0.018,0.3,231000000.0,445000000.0,0.059,445000000.0,231000000.0,-23000000.0,-0.33,-0.33,-0.33,322000000.0,444250000.0,322000000.0,8412286000.0,36.0,18.904,229000000.0,0.641,1.0,1956000000.0,0.261,2045000000.0,254000000.0,5556000000.0,5625750000.0,726000000.0,311000000.0,311000000.0,0.0,6341000000.0,1862000000.0,4479000000.0,5949286000.0,-313000000.0,9000000.0,-8000000.0,-396000000.0,-107000000.0,-576000000.0,-29000000.0,38000000.0,281000000.0,11000000.0,-114000000.0,-114000000.0,-114000000.0,61000000.0,35000000.0,-0.015,1654000000.0,302000000.0,788000000.0,-0.909,18.476,-52.187,-50.485,1326000000.0,0.0,16.66,0.794,0.794,933000000.0,-102000000.0,7495000000.0,7495000000.0,0.0,-0.016,-0.257,0.041,0.031,61000000.0,1535000000.0,1.0,357100000.0,357100000.0,,20.989,4830000000.0,0.0,91000000.0,1053000000.0,13.526,1355000000.0
9,MAS,MRY,2011-12-31,2011-12-31,2011-12-31,2021-09-07,76000000.0,7297000000.0,8043250000.0,3429000000.0,3868000000.0,0.891,1.473,-127000000.0,1656000000.0,1656000000.0,5383000000.0,-533000000.0,1.451,12.438,4025000000.0,803000000.0,3222000000.0,4025000000.0,0.0,263000000.0,0.0,0.029,0.3,-361000000.0,-98000000.0,-0.014,-98000000.0,-361000000.0,-615000000.0,-1.66,-1.66,-1.66,527000000.0,1108750000.0,527000000.0,6169744000.0,-17.0,-62.957,112000000.0,0.313,1.0,1787000000.0,0.249,2087000000.0,254000000.0,5216000000.0,5925500000.0,769000000.0,0.0,0.0,0.0,6555000000.0,2363000000.0,4192000000.0,3749744000.0,-72000000.0,-10000000.0,-30000000.0,-63000000.0,-107000000.0,-219000000.0,-84000000.0,71000000.0,239000000.0,-8000000.0,-575000000.0,-575000000.0,-575000000.0,181000000.0,42000000.0,-0.08,2002000000.0,-215000000.0,770000000.0,-0.181,7.115,-6.521,-6.313,1567000000.0,0.0,10.48,0.523,0.523,914000000.0,38000000.0,7170000000.0,7170000000.0,0.0,-0.071,-0.519,-0.061,-0.05,61000000.0,1543000000.0,1.0,357800000.0,357800000.0,,20.039,5210000000.0,0.0,-40000000.0,970000000.0,14.561,1066000000.0
10,MAS,MRY,2010-12-31,2010-12-31,2010-12-31,2021-09-07,273000000.0,8140000000.0,8967500000.0,3464000000.0,4676000000.0,0.835,3.861,-119000000.0,1715000000.0,1715000000.0,5653000000.0,-1002000000.0,2.33,4.738,4098000000.0,66000000.0,4032000000.0,4098000000.0,0.0,279000000.0,0.0,0.024,0.3,-552000000.0,-273000000.0,-0.036,-273000000.0,-552000000.0,-803000000.0,-3.0,-3.0,-3.0,1384000000.0,2213500000.0,1384000000.0,7103610000.0,-13.0,-26.021,346000000.0,0.965,1.0,1833000000.0,0.245,2652000000.0,251000000.0,6384000000.0,6843500000.0,732000000.0,0.0,0.0,0.0,6558000000.0,1487000000.0,5071000000.0,4538610000.0,302000000.0,0.0,-45000000.0,133000000.0,-108000000.0,-40000000.0,-109000000.0,42000000.0,465000000.0,-14000000.0,-1043000000.0,-1043000000.0,-1043000000.0,21000000.0,41000000.0,-0.139,2296000000.0,-463000000.0,602000000.0,-0.1,3.279,-4.351,-4.22,1737000000.0,0.0,12.66,0.606,0.606,888000000.0,720000000.0,7486000000.0,7486000000.0,0.0,-0.116,-0.471,-0.081,-0.074,62000000.0,1598000000.0,1.0,358500000.0,358500000.0,,20.881,5488000000.0,0.0,240000000.0,1039000000.0,15.308,1977000000.0
11,MAS,MRY,2009-12-31,2009-12-31,2009-12-31,2021-09-07,366000000.0,9175000000.0,9373250000.0,3451000000.0,5724000000.0,0.817,7.321,-102000000.0,1413000000.0,1413000000.0,5647000000.0,-145000000.0,1.938,2.418,3968000000.0,364000000.0,3604000000.0,3968000000.0,0.0,254000000.0,0.0,0.033,0.46,-2000000.0,252000000.0,0.033,252000000.0,-2000000.0,-227000000.0,-0.53,-0.53,-0.53,2629000000.0,2767250000.0,2629000000.0,7735171000.0,-3868.0,30.695,603000000.0,1.679,1.0,2010000000.0,0.263,3398000000.0,225000000.0,6551000000.0,6833750000.0,743000000.0,0.0,0.0,0.0,6358000000.0,1781000000.0,4577000000.0,4959171000.0,385000000.0,0.0,-11000000.0,-11000000.0,-166000000.0,-197000000.0,-118000000.0,11000000.0,705000000.0,-5000000.0,-183000000.0,-183000000.0,-183000000.0,53000000.0,38000000.0,-0.024,1940000000.0,70000000.0,578000000.0,-0.868,1.886,-27.099,-26.057,1981000000.0,0.0,13.81,0.648,0.648,983000000.0,1871000000.0,7657000000.0,7657000000.0,0.0,-0.02,-0.066,0.0,0.0,69000000.0,1678000000.0,1.0,359100000.0,359100000.0,,21.323,5777000000.0,0.0,-44000000.0,973000000.0,16.087,1670000000.0
12,MAS,MRY,2008-12-31,2008-12-31,2008-12-31,2021-09-07,308000000.0,9483000000.0,10475500000.0,3300000000.0,6183000000.0,0.905,7.838,-199000000.0,1028000000.0,1028000000.0,7125000000.0,-352000000.0,2.133,2.305,3986000000.0,71000000.0,3915000000.0,3986000000.0,0.0,238000000.0,0.0,0.083,0.925,-29000000.0,209000000.0,0.022,209000000.0,-29000000.0,-257000000.0,-1.13,-1.13,-1.13,2821000000.0,3629250000.0,2821000000.0,7051687000.0,-243.0,33.74,598000000.0,1.662,1.0,2359000000.0,0.249,3670000000.0,228000000.0,7224000000.0,7740500000.0,941000000.0,0.0,0.0,0.0,6502000000.0,1547000000.0,4955000000.0,4005687000.0,106000000.0,158000000.0,-160000000.0,-133000000.0,-336000000.0,-631000000.0,-14000000.0,58000000.0,797000000.0,-46000000.0,-391000000.0,-391000000.0,-391000000.0,25000000.0,39000000.0,-0.041,2269000000.0,90000000.0,531000000.0,-0.819,1.42,-10.245,-9.85,2136000000.0,0.0,11.13,0.422,0.422,999000000.0,2162000000.0,9484000000.0,9484000000.0,0.0,-0.037,-0.108,-0.004,-0.003,74000000.0,1802000000.0,1.0,359900000.0,359900000.0,,26.352,5813000000.0,0.0,134000000.0,1040000000.0,16.152,1753000000.0
13,MAS,MRY,2007-12-31,2007-12-31,2007-12-31,2021-09-07,697000000.0,10907000000.0,11394250000.0,3808000000.0,7099000000.0,1.002,10.914,-203000000.0,922000000.0,922000000.0,8280000000.0,423000000.0,1.996,1.71,4088000000.0,122000000.0,3966000000.0,4088000000.0,0.0,248000000.0,0.0,0.042,0.91,981000000.0,1229000000.0,0.108,1229000000.0,981000000.0,723000000.0,1.02,1.02,1.02,4025000000.0,4158750000.0,4025000000.0,11346768000.0,12.0,9.233,1067000000.0,2.893,1.0,3133000000.0,0.275,4261000000.0,258000000.0,7904000000.0,8169750000.0,1126000000.0,0.0,0.0,0.0,6882000000.0,1908000000.0,4974000000.0,7969768000.0,-1036000000.0,-158000000.0,-797000000.0,-881000000.0,-347000000.0,-2020000000.0,-333000000.0,108000000.0,1270000000.0,47000000.0,386000000.0,386000000.0,386000000.0,116000000.0,37000000.0,0.034,2072000000.0,1061000000.0,714000000.0,0.892,1.98,20.647,21.186,2367000000.0,0.0,21.61,0.698,0.698,1405000000.0,2969000000.0,11413000000.0,11413000000.0,0.0,0.034,0.093,0.12,0.086,94000000.0,1953000000.0,1.0,368800000.0,368800000.0,,30.946,6646000000.0,0.0,337000000.0,1008000000.0,18.021,1900000000.0
14,MAS,MRY,2006-12-31,2006-12-31,2006-12-31,2021-09-07,512000000.0,12325000000.0,11913750000.0,5115000000.0,7210000000.0,1.049,11.342,-372000000.0,1958000000.0,1958000000.0,9056000000.0,488000000.0,1.509,1.757,4979000000.0,1446000000.0,3533000000.0,4979000000.0,0.0,244000000.0,0.0,0.029,0.86,1134000000.0,1378000000.0,0.11,1378000000.0,1134000000.0,894000000.0,1.24,1.22,1.24,4471000000.0,4619250000.0,4471000000.0,14970754000.0,13.0,10.864,836000000.0,2.121,1.0,3443000000.0,0.275,4263000000.0,240000000.0,7694000000.0,7214500000.0,1263000000.0,0.0,0.0,0.0,7854000000.0,3389000000.0,4465000000.0,11774754000.0,88000000.0,132000000.0,-826000000.0,151000000.0,-349000000.0,-1016000000.0,-122000000.0,165000000.0,1208000000.0,18000000.0,488000000.0,488000000.0,488000000.0,-33000000.0,0.0,0.039,2327000000.0,1116000000.0,815000000.0,0.694,2.634,24.129,24.089,2363000000.0,0.0,29.87,0.942,0.942,1613000000.0,3575000000.0,12499000000.0,12499000000.0,0.0,0.041,0.106,0.157,0.091,100000000.0,2010000000.0,1.0,394200000.0,394200000.0,,31.707,8062000000.0,0.0,406000000.0,932000000.0,20.452,1726000000.0
15,MAS,MRY,2005-12-31,2005-12-31,2005-12-31,2021-09-07,328000000.0,12559000000.0,12487250000.0,5123000000.0,7436000000.0,1.001,11.439,-245000000.0,1964000000.0,1964000000.0,8932000000.0,940000000.0,1.77,1.591,4747000000.0,832000000.0,3915000000.0,4747000000.0,0.0,241000000.0,0.0,0.026,0.78,1701000000.0,1942000000.0,0.155,1942000000.0,1701000000.0,1454000000.0,2.23,2.19,2.23,4848000000.0,4958000000.0,4848000000.0,15958522000.0,9.0,8.218,1129000000.0,2.664,1.0,3568000000.0,0.285,4478000000.0,247000000.0,7970000000.0,8061000000.0,1127000000.0,0.0,0.0,0.0,7711000000.0,2894000000.0,4817000000.0,12794522000.0,576000000.0,291000000.0,-953000000.0,407000000.0,-339000000.0,-885000000.0,92000000.0,99000000.0,1374000000.0,-5000000.0,940000000.0,940000000.0,940000000.0,-51000000.0,0.0,0.075,1978000000.0,1590000000.0,837000000.0,0.35,2.639,13.611,13.538,2173000000.0,0.0,30.19,1.024,1.024,1716000000.0,4286000000.0,12500000000.0,12500000000.0,0.0,0.075,0.19,0.211,0.136,71000000.0,1941000000.0,1.0,423800000.0,423800000.0,,29.495,8081000000.0,0.0,514000000.0,902000000.0,19.068,2229000000.0
16,MAS,MRY,2004-12-31,2004-12-31,2004-12-31,2021-09-07,627000000.0,12541000000.0,12364000000.0,4402000000.0,8139000000.0,0.953,12.105,-273000000.0,1256000000.0,1256000000.0,8143000000.0,893000000.0,2.05,1.313,4267000000.0,80000000.0,4187000000.0,4267000000.0,0.0,237000000.0,0.0,0.018,0.66,1681000000.0,1918000000.0,0.163,1918000000.0,1681000000.0,1464000000.0,2.01,1.96,2.01,5423000000.0,5203000000.0,5423000000.0,19650440000.0,12.0,10.245,1181000000.0,2.636,1.0,3640000000.0,0.309,4734000000.0,217000000.0,8671000000.0,9043250000.0,1132000000.0,0.0,0.0,0.0,7118000000.0,2147000000.0,4971000000.0,16365440000.0,499000000.0,118000000.0,-885000000.0,-13000000.0,-302000000.0,-1145000000.0,161000000.0,330000000.0,1454000000.0,29000000.0,893000000.0,893000000.0,893000000.0,51000000.0,0.0,0.076,2056000000.0,1584000000.0,837000000.0,0.328,3.018,18.326,18.174,2272000000.0,0.0,36.53,1.389,1.389,1732000000.0,3880000000.0,11783000000.0,11783000000.0,0.0,0.072,0.172,0.186,0.143,74000000.0,1974000000.0,1.0,448000000.0,448000000.0,,26.301,7807000000.0,0.0,571000000.0,740000000.0,17.426,2255000000.0
17,MAS,MRY,2003-12-31,2003-12-31,2003-12-31,2021-09-07,421000000.0,12173000000.0,12155970000.0,3804000000.0,8369000000.0,0.854,11.78,-271000000.0,795000000.0,795000000.0,7192000000.0,806000000.0,1.731,1.231,4182000000.0,334000000.0,3848000000.0,4182000000.0,0.0,244000000.0,0.0,0.021,0.58,1531000000.0,1775000000.0,0.171,1775000000.0,1531000000.0,1271000000.0,1.68,1.64,1.68,5456000000.0,5341830000.0,5456000000.0,16123606320.0,11.0,9.084,1150000000.0,2.483,1.0,3184000000.0,0.307,4835000000.0,260000000.0,8528000000.0,8706827500.0,1019000000.0,0.0,0.0,0.0,6717000000.0,2197000000.0,4520000000.0,12694996320.0,-272000000.0,45000000.0,-790000000.0,-541000000.0,-286000000.0,-1617000000.0,-128000000.0,130000000.0,1421000000.0,52000000.0,806000000.0,806000000.0,806000000.0,-37000000.0,0.0,0.078,1735000000.0,1449000000.0,715000000.0,0.345,2.327,15.751,16.315,2339000000.0,0.0,27.41,1.223,1.223,1674000000.0,3299000000.0,10376000000.0,10376000000.0,0.0,0.066,0.151,0.176,0.148,0.0,1754000000.0,1.0,463152000.0,463152000.0,,22.403,7338000000.0,0.0,465000000.0,672000000.0,15.844,1607000000.0
18,MAS,MRY,2002-12-31,2002-12-31,2002-12-31,2021-09-07,-22000000.0,12050000000.0,10811240000.0,3950000000.0,8100000000.0,0.817,10.76,-285000000.0,1067000000.0,1067000000.0,6040000000.0,590000000.0,2.045,1.276,4637000000.0,321000000.0,4316000000.0,4637000000.0,0.0,220000000.0,0.0,0.026,0.545,1152000000.0,1372000000.0,0.155,1372000000.0,1152000000.0,917000000.0,1.22,1.15,1.22,5294000000.0,4986060000.0,5294000000.0,14032500000.0,12.0,10.228,940000000.0,1.911,1.0,2791000000.0,0.316,4651000000.0,235000000.0,9037000000.0,8496302500.0,1056000000.0,0.0,0.0,0.0,6756000000.0,1932000000.0,4824000000.0,10356600000.0,755000000.0,-715000000.0,432000000.0,634000000.0,-268000000.0,767000000.0,-1296000000.0,-327000000.0,1225000000.0,59000000.0,590000000.0,590000000.0,590000000.0,-43000000.0,0.0,0.067,1540000000.0,1251000000.0,541000000.0,0.447,1.956,17.554,17.254,2315000000.0,0.0,21.05,1.173,1.173,1546000000.0,2784000000.0,8831000000.0,8831000000.0,0.0,0.055,0.118,0.136,0.13,0.0,1393000000.0,1.0,492000000.0,492000000.0,,17.949,7399000000.0,0.0,327000000.0,508000000.0,15.039,2018000000.0
19,MAS,MRY,2001-12-31,2001-12-31,2001-12-31,2021-09-07,-188290000.0,9021170000.0,8908240000.0,2626920000.0,6394250000.0,0.9,8.624,-274000000.0,311990000.0,311990000.0,5586000000.0,199000000.0,2.124,1.279,3757490000.0,129860000.0,3627630000.0,3757490000.0,0.0,269000000.0,0.0,0.021,0.525,540000000.0,809000000.0,0.101,809000000.0,540000000.0,301000000.0,0.43,0.42,0.43,3957670000.0,3867067500.0,3957670000.0,15115195500.0,28.0,18.684,693000000.0,1.51,1.0,2429000000.0,0.303,3543890000.0,239000000.0,7686220000.0,8328235000.0,913100000.0,214840000.0,0.0,214840000.0,5063500000.0,1236560000.0,3826940000.0,11243515500.0,143000000.0,-357000000.0,-67000000.0,202000000.0,-244000000.0,-158000000.0,-667000000.0,-25000000.0,967000000.0,1000000.0,199000000.0,199000000.0,199000000.0,4000000.0,0.0,0.025,1387000000.0,1042000000.0,322280000.0,1.221,2.841,56.5,56.977,2016730000.0,0.0,24.5,1.403,1.403,1204210000.0,2468230000.0,8015000000.0,8015000000.0,0.0,0.022,0.051,0.065,0.067,0.0,1294000000.0,1.0,458919000.0,458919000.0,,17.465,5477280000.0,0.0,102000000.0,199310000.0,11.935,1390360000.0
20,MAS,MRY,2000-12-31,2000-12-31,2000-12-31,2021-09-07,-169750000.0,7744000000.0,7646782500.0,2308160000.0,5435840000.0,0.939,7.677,-388030000.0,169430000.0,169430000.0,4903360000.0,591700000.0,2.141,1.26,3229190000.0,210950000.0,3018240000.0,3229190000.0,0.0,215900000.0,0.0,0.019,0.49,1084780000.0,1300680000.0,0.181,1300680000.0,1084780000.0,893400000.0,1.34,1.31,1.34,3426060000.0,3413027500.0,3426060000.0,14449186130.0,13.0,11.109,345810000.0,0.775,1.0,2274640000.0,0.317,2190770000.0,191380000.0,7534940000.0,7032610000.0,912960000.0,621130000.0,0.0,621130000.0,4317940000.0,1078050000.0,3239890000.0,11464856130.0,-61350000.0,-531640000.0,-63600000.0,702010000.0,-218680000.0,379920000.0,-1164620000.0,-198020000.0,733840000.0,-10490000.0,591700000.0,591700000.0,591700000.0,0.0,0.0,0.082,1314620000.0,960020000.0,250460000.0,0.366,3.346,19.376,19.172,1906840000.0,0.0,25.69,1.597,1.597,1099150000.0,2519940000.0,7178000000.0,7178000000.0,0.0,0.077,0.173,0.154,0.151,0.0,1158420000.0,1.0,446277000.0,446277000.0,,16.084,5553230000.0,0.0,301700000.0,221650000.0,12.443,1230110000.0
21,MAS,MRY,1999-12-31,1999-12-31,1999-12-31,2021-09-07,-60520000.0,6634920000.0,5955802500.0,2109780000.0,4525140000.0,1.059,7.075,-350850000.0,230780000.0,230780000.0,4160170000.0,569600000.0,2.493,1.115,2493570000.0,62300000.0,2431270000.0,2493570000.0,0.0,163390000.0,0.0,0.018,0.45,1024520000.0,1187910000.0,0.188,1187910000.0,1024520000.0,904100000.0,1.31,1.28,1.31,3136500000.0,2922662500.0,3136500000.0,13674264580.0,13.0,11.511,139760000.0,0.315,1.0,2146830000.0,0.34,1742930000.0,120420000.0,6308350000.0,5497560000.0,769870000.0,684750000.0,0.0,684750000.0,3498420000.0,846430000.0,2651990000.0,11251994580.0,-322370000.0,-794950000.0,-99600000.0,578990000.0,-164990000.0,319050000.0,-1132030000.0,11390000.0,490610000.0,0.0,569600000.0,569600000.0,569600000.0,0.0,0.0,0.09,1235820000.0,911010000.0,243810000.0,0.344,3.587,19.754,19.374,1624360000.0,0.0,25.38,1.784,1.784,1002630000.0,2151520000.0,6307000000.0,6307000000.0,0.0,0.096,0.195,0.186,0.162,0.0,1190390000.0,1.0,443341000.0,443341000.0,,14.226,4891990000.0,0.0,334500000.0,220720000.0,11.034,1263350000.0
22,MAS,MRY,1998-12-31,1998-12-31,1998-12-31,2021-09-07,-16570000.0,5618850000.0,4945965000.0,2082000000.0,3536850000.0,1.068,8.178,-243380000.0,553150000.0,553150000.0,3483150000.0,565100000.0,2.132,1.026,1947610000.0,309320000.0,1638290000.0,1947610000.0,0.0,156670000.0,0.0,0.021,0.595,1019900000.0,1176570000.0,0.223,1176570000.0,1019900000.0,905500000.0,1.3,1.26,1.3,2774040000.0,2632250000.0,2774040000.0,10863958750.0,11.0,9.234,294290000.0,0.868,1.0,1796850000.0,0.34,1055790000.0,114400000.0,4981180000.0,4389477500.0,646930000.0,659490000.0,0.0,659490000.0,2844810000.0,976340000.0,1868470000.0,9752718750.0,102500000.0,-185240000.0,-43330000.0,315740000.0,-145290000.0,35890000.0,-471060000.0,0.0,537670000.0,0.0,565100000.0,565100000.0,565100000.0,0.0,0.0,0.107,930450000.0,866400000.0,196930000.0,0.458,3.516,17.258,22.115,1357830000.0,0.0,28.75,1.847,1.847,800280000.0,1762800000.0,5280000000.0,5280000000.0,0.0,0.114,0.215,0.232,0.193,0.0,901450000.0,1.0,339225000.0,339225000.0,,15.565,4563060000.0,0.0,340400000.0,230180000.0,13.451,1105660000.0
23,MAS,MRY,1997-12-31,1997-12-31,1997-12-31,2021-09-07,-25480000.0,4333760000.0,4009450000.0,1626720000.0,2707040000.0,1.124,6.747,-215190000.0,441330000.0,441330000.0,2825610000.0,444100000.0,2.624,0.944,1389930000.0,68460000.0,1321470000.0,1389930000.0,0.0,131510000.0,0.0,0.012,0.305,828080000.0,959590000.0,0.213,959590000.0,828080000.0,733800000.0,1.05,1.02,1.05,2229020000.0,2052892500.0,2229020000.0,9431245440.0,11.0,9.828,255030000.0,0.772,1.0,1682390000.0,0.373,729190000.0,94280000.0,3933170000.0,3780885000.0,515000000.0,621220000.0,0.0,621220000.0,2104740000.0,620000000.0,1484740000.0,8404765440.0,-60920000.0,-186920000.0,0.0,262270000.0,-131680000.0,-189130000.0,-342010000.0,0.0,470220000.0,0.0,444100000.0,444100000.0,444100000.0,0.0,0.0,0.099,976490000.0,705900000.0,166310000.0,0.29,3.771,18.925,24.229,1037320000.0,0.0,25.44,1.864,1.864,559050000.0,1784370000.0,4508000000.0,4508000000.0,0.0,0.111,0.216,0.219,0.184,0.0,957770000.0,1.0,330376000.0,330376000.0,,13.645,3604570000.0,0.0,289700000.0,163270000.0,10.911,1006720000.0
24,MAS,MRY,1996-12-31,1996-12-31,1996-12-31,2021-09-07,2520000.0,3701650000.0,3740140000.0,1429770000.0,2271880000.0,0.865,5.722,-138540000.0,473730000.0,473730000.0,2048070000.0,295200000.0,2.758,1.012,1243910000.0,7590000.0,1236320000.0,1243910000.0,0.0,99680000.0,0.0,0.027,0.485,577380000.0,677060000.0,0.209,677060000.0,577380000.0,502700000.0,0.94,0.91,0.94,1839810000.0,1747620000.0,1839810000.0,,,,201600000.0,0.627,1.0,1188930000.0,0.367,457350000.0,74680000.0,3496040000.0,4013815000.0,411940000.0,424170000.0,0.0,424170000.0,1861840000.0,518440000.0,1343400000.0,5787537624.0,413260000.0,-58110000.0,-14030000.0,-368160000.0,-123530000.0,-505720000.0,578840000.0,0.0,340140000.0,0.0,295200000.0,295200000.0,295200000.0,0.0,0.0,0.091,708430000.0,480500000.0,149500000.0,0.516,3.146,19.605,19.149,940590000.0,0.0,18.0,1.788,1.788,618280000.0,1536410000.0,3237000000.0,3237000000.0,0.0,0.079,0.169,0.144,0.178,0.0,696290000.0,1.0,321529868.0,321529868.0,,10.067,3244300000.0,0.0,207500000.0,107080000.0,10.09,911330000.0
25,MAS,MRY,1995-12-31,1995-12-31,1995-12-31,2021-09-07,170000.0,3778630000.0,,964500000.0,2814130000.0,,,-165080000.0,60470000.0,60470000.0,1846330000.0,-441680000.0,2.163,1.283,1602790000.0,25690000.0,1577100000.0,1602790000.0,0.0,90090000.0,0.0,0.018,0.275,-216140000.0,-126050000.0,-0.043,-126050000.0,-216140000.0,-289940000.0,0.64,0.625,0.64,1655430000.0,,1655430000.0,,,,156200000.0,,1.0,1080670000.0,0.369,343510000.0,73800000.0,4531590000.0,,391760000.0,264950000.0,0.0,264950000.0,2123200000.0,445850000.0,1677350000.0,,23940000.0,74470000.0,0.0,-52180000.0,-116350000.0,-156050000.0,-141290000.0,0.0,321280000.0,0.0,-441680000.0,-441680000.0,-441680000.0,0.0,0.0,-0.151,678330000.0,402340000.0,125230000.0,0.43,,,24.516,856690000.0,0.0,15.69,,,439900000.0,1366330000.0,2927000000.0,2927000000.0,0.0,,,,-0.074,0.0,668310000.0,1.0,,,,,3435120000.0,0.0,151740000.0,100250000.0,,518650000.0
26,MAS,MRY,1994-12-31,1994-12-31,1994-12-31,2021-09-07,,,,,,,,-121790000.0,,,1574100000.0,193700000.0,,,,,,,,73830000.0,,0.038,0.435,375350000.0,449180000.0,0.174,449180000.0,375350000.0,313820000.0,0.61,,0.61,,,,,,,192850000.0,,1.0,1008900000.0,0.391,,61530000.0,,,,,,,,,,,-58610000.0,-126830000.0,-61730000.0,182470000.0,-108960000.0,-36470000.0,-336780000.0,0.0,314640000.0,0.0,193700000.0,193700000.0,193700000.0,0.0,0.0,0.075,578150000.0,430750000.0,,0.713,,,18.549,,0.0,11.315,,,,,2583000000.0,2583000000.0,0.0,,,,0.145,0.0,571480000.0,1.0,,,,,,,120120000.0,,,
0,MAS,MRQ,2021-06-30,2021-06-30,2021-06-30,2021-09-07,239000000.0,5423000000.0,,3259000000.0,2164000000.0,,-0.607,-23000000.0,769000000.0,769000000.0,1388000000.0,-15000000.0,1.833,-34.662,3112000000.0,10000000.0,3102000000.0,3112000000.0,0.0,0.0,0.0,0.011,0.235,1000000.0,1000000.0,0.0,1000000.0,1000000.0,-24000000.0,-0.14,-0.14,-0.14,-154000000.0,,-154000000.0,17230524541.0,17.0,14.714,264000000.0,1.04,1.0,791000000.0,0.363,964000000.0,25000000.0,5024000000.0,,1021000000.0,0.0,0.0,0.0,5338000000.0,1778000000.0,3560000000.0,14950524541.0,-71000000.0,4000000.0,-446000000.0,-1000000.0,-60000000.0,-550000000.0,147000000.0,167000000.0,287000000.0,4000000.0,-36000000.0,-36000000.0,-36000000.0,0.0,21000000.0,-0.017,354000000.0,437000000.0,1021000000.0,-1.679,-97.081,28.315,29.455,1065000000.0,0.0,58.91,1.871,1.871,1352000000.0,-640000000.0,2179000000.0,2179000000.0,0.0,,,,,0.0,354000000.0,1.0,253785852.0,253785852.0,,8.586,4459000000.0,0.0,12000000.0,0.0,17.57,1481000000.0
1,MAS,MRQ,2021-03-31,2021-03-31,2021-03-31,2021-09-07,-154000000.0,5574000000.0,,3206000000.0,2368000000.0,,-0.066,-30000000.0,838000000.0,838000000.0,1270000000.0,114000000.0,1.834,-313.647,3118000000.0,6000000.0,3112000000.0,3118000000.0,0.0,0.0,0.0,0.007,0.14,339000000.0,339000000.0,0.172,339000000.0,339000000.0,137000000.0,0.34,0.34,0.34,-17000000.0,,-17000000.0,17020826645.0,12.0,11.265,293000000.0,1.139,1.0,700000000.0,0.355,966000000.0,202000000.0,5140000000.0,,948000000.0,0.0,0.0,0.0,5332000000.0,1748000000.0,3584000000.0,15402826645.0,-486000000.0,0.0,-303000000.0,-6000000.0,-36000000.0,-359000000.0,-25000000.0,1000000.0,323000000.0,-13000000.0,94000000.0,94000000.0,94000000.0,0.0,20000000.0,0.048,335000000.0,365000000.0,925000000.0,0.412,-906.049,19.547,20.033,1067000000.0,0.0,59.9,2.033,2.033,1305000000.0,-116000000.0,1970000000.0,1970000000.0,0.0,,,,,0.0,335000000.0,1.0,257142348.0,257142348.0,,7.661,4608000000.0,0.0,43000000.0,0.0,17.92,1458000000.0
2,MAS,MRQ,2020-12-31,2020-12-31,2020-12-31,2021-09-07,-142000000.0,5777000000.0,,3489000000.0,2288000000.0,,0.745,-41000000.0,1326000000.0,1326000000.0,1200000000.0,211000000.0,1.804,27.467,2944000000.0,3000000.0,2941000000.0,2944000000.0,0.0,133000000.0,0.0,0.01,0.14,296000000.0,429000000.0,0.231,429000000.0,296000000.0,262000000.0,0.75,0.74,0.75,195000000.0,,195000000.0,15982856693.0,10.0,9.03,322000000.0,1.231,1.0,660000000.0,0.355,920000000.0,34000000.0,4541000000.0,,876000000.0,0.0,0.0,0.0,5356000000.0,1934000000.0,3422000000.0,14373856693.0,0.0,-201000000.0,-125000000.0,-3000000.0,-37000000.0,-165000000.0,-239000000.0,1000000.0,363000000.0,24000000.0,195000000.0,195000000.0,195000000.0,-3000000.0,16000000.0,0.105,353000000.0,307000000.0,893000000.0,0.187,73.712,11.743,11.941,1074000000.0,0.0,54.93,2.0,2.0,1138000000.0,79000000.0,1860000000.0,1860000000.0,0.0,,,,,70000000.0,353000000.0,1.0,261675891.0,261675891.0,,7.108,4857000000.0,0.0,67000000.0,0.0,18.561,1555000000.0
3,MAS,MRQ,2020-09-30,2020-09-30,2020-09-30,2021-09-07,-156000000.0,5575000000.0,,3487000000.0,2088000000.0,,0.539,-27000000.0,1326000000.0,1326000000.0,1231000000.0,293000000.0,2.007,37.121,2935000000.0,5000000.0,2930000000.0,2935000000.0,0.0,0.0,0.0,0.01,0.135,402000000.0,402000000.0,0.203,402000000.0,402000000.0,362000000.0,1.05,1.05,1.05,141000000.0,,141000000.0,16258261861.0,9.0,7.962,280000000.0,1.071,1.0,752000000.0,0.379,781000000.0,40000000.0,4666000000.0,,811000000.0,0.0,0.0,0.0,5234000000.0,1737000000.0,3497000000.0,14418261861.0,237000000.0,3000000.0,5000000.0,6000000.0,-35000000.0,-27000000.0,-29000000.0,1000000.0,307000000.0,10000000.0,275000000.0,275000000.0,275000000.0,0.0,18000000.0,0.139,328000000.0,424000000.0,933000000.0,0.129,102.257,9.729,10.19,1034000000.0,0.0,55.13,2.07,2.07,1262000000.0,15000000.0,1983000000.0,1983000000.0,0.0,,,,,0.0,328000000.0,1.0,261532049.0,261532049.0,,7.582,4794000000.0,0.0,87000000.0,0.0,18.33,1750000000.0
4,MAS,MRQ,2020-06-30,2020-06-30,2020-06-30,2021-09-07,-184000000.0,5302000000.0,,3225000000.0,2077000000.0,,-0.516,-21000000.0,1089000000.0,1089000000.0,1136000000.0,234000000.0,1.497,-38.713,2929000000.0,407000000.0,2522000000.0,2929000000.0,0.0,0.0,0.0,0.01,0.0,341000000.0,341000000.0,0.193,341000000.0,341000000.0,306000000.0,0.85,0.85,0.85,-136000000.0,,-136000000.0,15409157278.0,9.0,8.236,255000000.0,0.967,1.0,628000000.0,0.356,780000000.0,35000000.0,4208000000.0,,750000000.0,0.0,0.0,0.0,5265000000.0,2154000000.0,3111000000.0,13243157278.0,322000000.0,12000000.0,1000000.0,3000000.0,-36000000.0,-55000000.0,-8000000.0,0.0,276000000.0,3000000.0,224000000.0,224000000.0,224000000.0,-14000000.0,10000000.0,0.127,289000000.0,339000000.0,845000000.0,0.0,-97.376,9.935,10.46,1024000000.0,0.0,50.21,1.977,1.977,1308000000.0,-223000000.0,1764000000.0,1764000000.0,0.0,,,,,0.0,289000000.0,1.0,263755373.0,263755373.0,,6.688,4522000000.0,0.0,82000000.0,0.0,17.145,1071000000.0
5,MAS,MRQ,2020-03-31,2020-03-31,2020-03-31,2021-09-07,-199000000.0,4840000000.0,,2745000000.0,2095000000.0,,-1.253,-24000000.0,767000000.0,767000000.0,1034000000.0,538000000.0,1.825,-14.382,2933000000.0,5000000.0,2928000000.0,2933000000.0,0.0,0.0,0.0,0.019,0.27,598000000.0,598000000.0,0.378,598000000.0,598000000.0,563000000.0,1.93,1.92,1.93,-348000000.0,,-348000000.0,11677302407.0,7.0,6.175,-17000000.0,-0.061,1.0,547000000.0,0.346,782000000.0,35000000.0,4720000000.0,,756000000.0,0.0,0.0,0.0,5005000000.0,1504000000.0,3501000000.0,9601302407.0,70000000.0,829000000.0,-582000000.0,2000000.0,-37000000.0,-639000000.0,807000000.0,1000000.0,7000000.0,-6000000.0,530000000.0,530000000.0,530000000.0,-397000000.0,8000000.0,0.335,322000000.0,225000000.0,743000000.0,0.14,-27.59,7.117,7.247,1032000000.0,0.0,34.57,1.417,1.417,1142000000.0,-412000000.0,1581000000.0,1581000000.0,0.0,,,,,0.0,322000000.0,1.0,277735100.0,277735100.0,,5.692,4058000000.0,0.0,33000000.0,0.0,14.611,1241000000.0
6,MAS,MRQ,2019-12-31,2019-12-31,2019-12-31,2021-09-07,-179000000.0,5027000000.0,,2711000000.0,2316000000.0,,-0.821,-32000000.0,697000000.0,697000000.0,1074000000.0,463000000.0,1.751,-21.63,2935000000.0,2000000.0,2933000000.0,2935000000.0,0.0,159000000.0,0.0,0.01,0.135,542000000.0,701000000.0,0.428,701000000.0,542000000.0,502000000.0,1.58,1.57,1.58,-235000000.0,,-235000000.0,16232659635.0,12.0,10.946,47000000.0,0.164,1.0,565000000.0,0.345,768000000.0,40000000.0,4949000000.0,,754000000.0,0.0,0.0,0.0,5083000000.0,1548000000.0,3535000000.0,13728659635.0,217000000.0,720000000.0,-452000000.0,-208000000.0,-39000000.0,-701000000.0,686000000.0,0.0,79000000.0,4000000.0,453000000.0,453000000.0,453000000.0,-295000000.0,10000000.0,0.276,310000000.0,255000000.0,697000000.0,0.085,-58.42,14.683,14.812,1054000000.0,0.0,47.99,2.047,2.047,997000000.0,-332000000.0,1639000000.0,1639000000.0,0.0,,,,,58000000.0,310000000.0,1.0,286073341.0,286073341.0,,5.729,4259000000.0,0.0,49000000.0,0.0,14.888,1163000000.0
7,MAS,MRQ,2019-09-30,2019-09-30,2019-09-30,2021-09-07,-118000000.0,5520000000.0,,2792000000.0,2728000000.0,,-0.494,-40000000.0,475000000.0,475000000.0,1105000000.0,138000000.0,1.463,-38.441,2979000000.0,208000000.0,2771000000.0,2979000000.0,0.0,0.0,0.0,0.012,0.12,231000000.0,231000000.0,0.135,231000000.0,231000000.0,192000000.0,0.44,0.44,0.44,-143000000.0,,-143000000.0,14741526330.0,14.0,12.244,204000000.0,0.705,1.0,611000000.0,0.356,951000000.0,39000000.0,5164000000.0,,924000000.0,0.0,0.0,0.0,5497000000.0,1909000000.0,3588000000.0,12064526330.0,155000000.0,2000000.0,-141000000.0,-23000000.0,-35000000.0,-204000000.0,-41000000.0,0.0,244000000.0,8000000.0,126000000.0,126000000.0,126000000.0,37000000.0,12000000.0,0.073,322000000.0,289000000.0,879000000.0,0.273,-84.367,17.847,18.201,1200000000.0,0.0,41.68,2.018,2.018,1177000000.0,-309000000.0,1716000000.0,1716000000.0,0.0,,,,,0.0,322000000.0,1.0,289456006.0,289456006.0,,5.928,4569000000.0,0.0,66000000.0,0.0,15.785,883000000.0
8,MAS,MRQ,2019-06-30,2019-06-30,2019-06-30,2021-09-07,-117000000.0,5653000000.0,,2843000000.0,2810000000.0,,-0.31,-23000000.0,325000000.0,325000000.0,1166000000.0,252000000.0,1.456,-61.341,3002000000.0,231000000.0,2771000000.0,3002000000.0,0.0,0.0,0.0,0.012,0.12,361000000.0,361000000.0,0.196,361000000.0,361000000.0,320000000.0,0.82,0.82,0.82,-91000000.0,,-91000000.0,14268857816.0,13.0,11.342,304000000.0,1.036,1.0,673000000.0,0.366,1278000000.0,41000000.0,5099000000.0,,975000000.0,0.0,0.0,0.0,5582000000.0,1953000000.0,3629000000.0,11518857816.0,9000000.0,0.0,-169000000.0,-66000000.0,-35000000.0,-314000000.0,-25000000.0,1000000.0,327000000.0,4000000.0,240000000.0,240000000.0,240000000.0,-29000000.0,12000000.0,0.131,326000000.0,347000000.0,1023000000.0,0.146,-126.581,15.779,16.082,1440000000.0,0.0,39.24,1.868,1.868,1423000000.0,-261000000.0,1839000000.0,1839000000.0,0.0,,,,,0.0,326000000.0,1.0,293548874.0,293548874.0,,6.265,4375000000.0,0.0,80000000.0,0.0,14.904,890000000.0
9,MAS,MRQ,2019-03-31,2019-03-31,2019-03-31,2021-09-07,-123000000.0,5602000000.0,,2758000000.0,2844000000.0,,-0.496,-33000000.0,316000000.0,316000000.0,991000000.0,127000000.0,1.43,-38.082,3066000000.0,295000000.0,2771000000.0,3066000000.0,0.0,0.0,0.0,0.011,0.12,190000000.0,190000000.0,0.126,190000000.0,190000000.0,151000000.0,0.39,0.39,0.39,-146000000.0,,-146000000.0,13996500175.0,13.0,11.342,150000000.0,0.509,1.0,522000000.0,0.345,1281000000.0,39000000.0,5142000000.0,,1011000000.0,0.0,0.0,0.0,5560000000.0,1929000000.0,3631000000.0,11576500175.0,-243000000.0,0.0,-107000000.0,86000000.0,-35000000.0,-72000000.0,-38000000.0,0.0,183000000.0,-2000000.0,116000000.0,116000000.0,116000000.0,-9000000.0,11000000.0,0.077,325000000.0,197000000.0,954000000.0,0.308,-79.291,16.514,17.017,1447000000.0,0.0,39.31,1.747,1.747,1321000000.0,-314000000.0,1513000000.0,1513000000.0,0.0,,,,,0.0,316000000.0,1.0,294492500.0,294492500.0,,5.138,4321000000.0,0.0,35000000.0,0.0,14.673,829000000.0
10,MAS,MRQ,2018-12-31,2018-12-31,2018-12-31,2021-09-07,-127000000.0,5393000000.0,,2766000000.0,2627000000.0,,-0.363,-48000000.0,552000000.0,552000000.0,495000000.0,208000000.0,1.643,-47.964,2979000000.0,8000000.0,2971000000.0,2979000000.0,0.0,156000000.0,0.0,0.015,0.12,266000000.0,422000000.0,0.463,422000000.0,266000000.0,227000000.0,0.64,0.64,0.64,-111000000.0,,-111000000.0,11336771666.0,10.0,8.948,255000000.0,0.835,1.0,416000000.0,0.457,799000000.0,39000000.0,5337000000.0,,798000000.0,0.0,0.0,0.0,5324000000.0,1684000000.0,3640000000.0,8932771666.0,-10000000.0,0.0,-294000000.0,0.0,-36000000.0,-334000000.0,-50000000.0,1000000.0,303000000.0,-4000000.0,194000000.0,194000000.0,194000000.0,-75000000.0,14000000.0,0.213,209000000.0,207000000.0,736000000.0,0.188,-80.475,12.17,12.286,885000000.0,0.0,29.24,1.342,1.342,990000000.0,-278000000.0,911000000.0,911000000.0,0.0,,,,,69000000.0,209000000.0,1.0,305498347.0,305498347.0,,2.982,4594000000.0,0.0,33000000.0,0.0,15.038,1082000000.0
11,MAS,MRQ,2018-09-30,2018-09-30,2018-09-30,2021-09-07,-113000000.0,5610000000.0,,2990000000.0,2620000000.0,,0.117,-55000000.0,569000000.0,569000000.0,1281000000.0,191000000.0,1.706,150.083,2973000000.0,2000000.0,2971000000.0,2973000000.0,0.0,0.0,0.0,0.011,0.105,285000000.0,285000000.0,0.15,285000000.0,285000000.0,247000000.0,0.59,0.58,0.59,36000000.0,,36000000.0,13841647110.0,14.0,12.641,175000000.0,0.569,1.0,623000000.0,0.327,1308000000.0,38000000.0,4953000000.0,,1005000000.0,0.0,0.0,0.0,5403000000.0,1753000000.0,3650000000.0,11253647110.0,185000000.0,-1000000.0,-81000000.0,0.0,-33000000.0,-119000000.0,-57000000.0,1000000.0,230000000.0,0.0,180000000.0,180000000.0,180000000.0,-10000000.0,11000000.0,0.095,337000000.0,286000000.0,1040000000.0,0.178,312.601,18.151,18.119,1211000000.0,0.0,36.6,1.773,1.773,1298000000.0,-154000000.0,1904000000.0,1904000000.0,0.0,,,,,0.0,337000000.0,1.0,307476697.0,307476697.0,,6.192,4302000000.0,0.0,67000000.0,0.0,13.991,1237000000.0
12,MAS,MRQ,2018-06-30,2018-06-30,2018-06-30,2021-09-07,-118000000.0,5565000000.0,,2962000000.0,2603000000.0,,-0.11,-63000000.0,384000000.0,384000000.0,1547000000.0,224000000.0,1.673,-159.971,2972000000.0,2000000.0,2970000000.0,2972000000.0,0.0,0.0,0.0,0.011,0.105,337000000.0,337000000.0,0.147,337000000.0,337000000.0,299000000.0,0.69,0.68,0.69,-34000000.0,,-34000000.0,14335566634.0,15.0,12.973,226000000.0,0.728,1.0,750000000.0,0.327,1307000000.0,38000000.0,5076000000.0,,1017000000.0,0.0,0.0,0.0,5439000000.0,1770000000.0,3669000000.0,11618566634.0,14000000.0,0.0,-115000000.0,-115000000.0,-32000000.0,-352000000.0,30000000.0,98000000.0,289000000.0,-12000000.0,211000000.0,211000000.0,211000000.0,0.0,13000000.0,0.092,392000000.0,358000000.0,1093000000.0,0.152,-341.723,19.626,19.592,1187000000.0,0.0,37.42,1.819,1.819,1444000000.0,-221000000.0,2297000000.0,2297000000.0,0.0,,,,,0.0,392000000.0,1.0,310490824.0,310490824.0,,7.398,4258000000.0,0.0,88000000.0,0.0,13.714,1192000000.0
13,MAS,MRQ,2018-03-31,2018-03-31,2018-03-31,2021-09-07,-84000000.0,5630000000.0,,2993000000.0,2637000000.0,,-0.23,-39000000.0,370000000.0,370000000.0,1301000000.0,161000000.0,1.691,-75.653,3087000000.0,116000000.0,2971000000.0,3087000000.0,0.0,0.0,0.0,0.01,0.105,229000000.0,229000000.0,0.119,229000000.0,229000000.0,188000000.0,0.48,0.47,0.48,-72000000.0,,-72000000.0,14564552260.0,14.0,12.448,171000000.0,0.546,1.0,619000000.0,0.322,1320000000.0,41000000.0,5257000000.0,,1050000000.0,99000000.0,99000000.0,0.0,5447000000.0,1770000000.0,3677000000.0,12673552260.0,-824000000.0,-548000000.0,-150000000.0,0.0,-33000000.0,-215000000.0,-574000000.0,13000000.0,210000000.0,20000000.0,149000000.0,149000000.0,149000000.0,0.0,12000000.0,0.078,375000000.0,244000000.0,1008000000.0,0.219,-176.022,23.297,23.376,1183000000.0,0.0,40.44,2.059,2.059,1356000000.0,-296000000.0,1920000000.0,1920000000.0,0.0,,,,,0.0,375000000.0,1.0,313391500.0,313391500.0,,6.127,4310000000.0,0.0,39000000.0,0.0,13.753,1223000000.0
14,MAS,MRQ,2017-12-31,2017-12-31,2017-12-31,2021-09-07,-65000000.0,5534000000.0,,3263000000.0,2271000000.0,,-0.168,-42000000.0,1194000000.0,1194000000.0,13000000.0,92000000.0,1.957,-100.962,3085000000.0,116000000.0,2969000000.0,3085000000.0,0.0,127000000.0,0.0,0.009,0.105,117000000.0,244000000.0,1.084,244000000.0,117000000.0,77000000.0,0.26,0.25,0.26,-53000000.0,,-53000000.0,15766998930.0,15.0,13.317,-40000000.0,-0.127,1.0,212000000.0,0.942,1028000000.0,40000000.0,4730000000.0,,784000000.0,108000000.0,108000000.0,0.0,5351000000.0,1667000000.0,3684000000.0,13821998930.0,53000000.0,-89000000.0,-19000000.0,-3000000.0,-33000000.0,-59000000.0,-182000000.0,-28000000.0,2000000.0,10000000.0,80000000.0,80000000.0,80000000.0,-107000000.0,12000000.0,0.356,121000000.0,91000000.0,824000000.0,0.404,-260.792,25.932,26.155,1129000000.0,0.0,43.94,2.298,2.298,1066000000.0,-298000000.0,225000000.0,225000000.0,0.0,,,,,71000000.0,121000000.0,1.0,314565292.0,314565292.0,,0.715,4506000000.0,0.0,-3000000.0,0.0,14.325,1596000000.0
15,MAS,MRQ,2017-09-30,2017-09-30,2017-09-30,2021-09-07,-127000000.0,5483000000.0,,3308000000.0,2175000000.0,,-0.499,-36000000.0,1141000000.0,1141000000.0,1288000000.0,164000000.0,1.937,-34.107,3086000000.0,117000000.0,2969000000.0,3086000000.0,0.0,0.0,0.0,0.01,0.1,295000000.0,295000000.0,0.152,295000000.0,295000000.0,252000000.0,0.48,0.48,0.48,-159000000.0,,-159000000.0,14520341485.0,13.0,11.309,178000000.0,0.559,1.0,657000000.0,0.338,957000000.0,43000000.0,4763000000.0,,866000000.0,77000000.0,77000000.0,0.0,5423000000.0,1708000000.0,3715000000.0,12428341485.0,149000000.0,2000000.0,-178000000.0,-1000000.0,-32000000.0,-213000000.0,33000000.0,69000000.0,214000000.0,17000000.0,152000000.0,152000000.0,152000000.0,0.0,12000000.0,0.078,348000000.0,309000000.0,916000000.0,0.208,-78.166,22.474,22.549,1097000000.0,0.0,39.01,1.646,1.646,1128000000.0,-343000000.0,1945000000.0,1945000000.0,0.0,,,,,0.0,348000000.0,1.0,318593732.0,318593732.0,,6.105,4526000000.0,0.0,100000000.0,0.0,14.206,1600000000.0
16,MAS,MRQ,2017-06-30,2017-06-30,2017-06-30,2021-09-07,-158000000.0,5489000000.0,,3306000000.0,2183000000.0,,-0.41,-40000000.0,992000000.0,992000000.0,1320000000.0,176000000.0,1.954,-41.366,3084000000.0,117000000.0,2967000000.0,3084000000.0,0.0,0.0,0.0,0.01,0.1,402000000.0,402000000.0,0.195,402000000.0,402000000.0,249000000.0,0.51,0.51,0.51,-131000000.0,,-131000000.0,14512856333.0,13.0,11.638,249000000.0,0.78,1.0,746000000.0,0.361,953000000.0,153000000.0,4936000000.0,,850000000.0,144000000.0,144000000.0,0.0,5419000000.0,1692000000.0,3727000000.0,12202856333.0,303000000.0,126000000.0,-47000000.0,-45000000.0,-32000000.0,-172000000.0,150000000.0,64000000.0,289000000.0,21000000.0,163000000.0,163000000.0,163000000.0,0.0,13000000.0,0.079,374000000.0,372000000.0,960000000.0,0.196,-93.152,22.809,23.018,1080000000.0,0.0,38.21,1.631,1.631,1231000000.0,-288000000.0,2066000000.0,2066000000.0,0.0,,,,,0.0,374000000.0,1.0,319362898.0,319362898.0,,6.469,4536000000.0,0.0,86000000.0,0.0,14.203,1614000000.0
17,MAS,MRQ,2017-03-31,2017-03-31,2017-03-31,2021-09-07,-214000000.0,5139000000.0,,2958000000.0,2181000000.0,,-0.837,-31000000.0,689000000.0,689000000.0,1173000000.0,148000000.0,2.077,-19.396,2999000000.0,3000000.0,2996000000.0,2999000000.0,0.0,0.0,0.0,0.011,0.1,243000000.0,243000000.0,0.137,243000000.0,243000000.0,200000000.0,0.43,0.43,0.43,-268000000.0,,-268000000.0,12894686997.0,12.0,11.002,215000000.0,0.671,1.0,605000000.0,0.34,989000000.0,43000000.0,5036000000.0,,826000000.0,194000000.0,194000000.0,0.0,5198000000.0,1424000000.0,3774000000.0,10887686997.0,-301000000.0,0.0,-87000000.0,0.0,-32000000.0,-133000000.0,-26000000.0,14000000.0,246000000.0,7000000.0,138000000.0,138000000.0,138000000.0,0.0,10000000.0,0.078,348000000.0,257000000.0,903000000.0,0.233,-40.626,20.858,21.244,1074000000.0,0.0,33.99,1.468,1.468,1144000000.0,-370000000.0,1778000000.0,1778000000.0,0.0,,,,,0.0,348000000.0,1.0,320320300.0,320320300.0,,5.551,4150000000.0,0.0,62000000.0,0.0,12.956,1534000000.0
18,MAS,MRQ,2016-12-31,2016-12-31,2016-12-31,2021-09-07,-235000000.0,5137000000.0,,2934000000.0,2203000000.0,,-0.908,-63000000.0,990000000.0,990000000.0,1184000000.0,108000000.0,2.01,-17.584,2997000000.0,2000000.0,2995000000.0,2997000000.0,0.0,134000000.0,0.0,0.012,0.1,210000000.0,344000000.0,0.195,344000000.0,210000000.0,167000000.0,0.31,0.31,0.31,-298000000.0,,-298000000.0,12336072431.0,12.0,10.708,56000000.0,0.171,1.0,579000000.0,0.328,986000000.0,43000000.0,4698000000.0,,712000000.0,201000000.0,201000000.0,0.0,5240000000.0,1460000000.0,3780000000.0,10381072431.0,-51000000.0,0.0,-217000000.0,1000000.0,-33000000.0,-249000000.0,-84000000.0,-14000000.0,119000000.0,-24000000.0,100000000.0,100000000.0,100000000.0,0.0,8000000.0,0.057,330000000.0,249000000.0,800000000.0,0.323,-34.836,21.057,21.221,1060000000.0,0.0,31.62,1.41,1.41,917000000.0,-381000000.0,1763000000.0,1763000000.0,0.0,,,,,69000000.0,330000000.0,1.0,328307161.0,328307161.0,,5.37,4151000000.0,0.0,67000000.0,0.0,12.644,1474000000.0
19,MAS,MRQ,2016-09-30,2016-09-30,2016-09-30,2021-09-07,-170000000.0,5373000000.0,,3122000000.0,2251000000.0,,-0.297,-38000000.0,1041000000.0,1041000000.0,1263000000.0,146000000.0,2.066,-53.776,2996000000.0,3000000.0,2993000000.0,2996000000.0,0.0,0.0,0.0,0.011,0.095,258000000.0,258000000.0,0.137,258000000.0,258000000.0,215000000.0,0.41,0.4,0.41,-98000000.0,,-98000000.0,13369662514.0,13.0,11.687,199000000.0,0.603,1.0,614000000.0,0.327,996000000.0,43000000.0,4821000000.0,,758000000.0,182000000.0,182000000.0,0.0,5270000000.0,1511000000.0,3759000000.0,11329662514.0,85000000.0,0.0,-74000000.0,0.0,-32000000.0,-122000000.0,-85000000.0,-44000000.0,237000000.0,-1000000.0,134000000.0,134000000.0,134000000.0,0.0,12000000.0,0.071,345000000.0,269000000.0,866000000.0,0.232,-115.609,24.209,24.333,1049000000.0,0.0,34.31,1.549,1.549,1054000000.0,-253000000.0,1877000000.0,1877000000.0,0.0,,,,,0.0,345000000.0,1.0,330214588.0,330214588.0,,5.684,4377000000.0,0.0,81000000.0,0.0,13.255,1611000000.0
20,MAS,MRQ,2016-06-30,2016-06-30,2016-06-30,2021-09-07,-170000000.0,5324000000.0,,3057000000.0,2267000000.0,,-0.352,-42000000.0,956000000.0,956000000.0,1301000000.0,163000000.0,1.873,-44.906,2996000000.0,3000000.0,2993000000.0,2996000000.0,0.0,0.0,0.0,0.012,0.095,327000000.0,327000000.0,0.163,327000000.0,327000000.0,240000000.0,0.45,0.45,0.45,-117000000.0,,-117000000.0,12416165448.0,12.0,11.007,172000000.0,0.517,1.0,700000000.0,0.35,996000000.0,87000000.0,4736000000.0,,765000000.0,135000000.0,135000000.0,0.0,5254000000.0,1632000000.0,3622000000.0,10295165448.0,-1219000000.0,0.0,-82000000.0,-1340000000.0,-31000000.0,-1489000000.0,25000000.0,70000000.0,214000000.0,-15000000.0,150000000.0,150000000.0,150000000.0,0.0,13000000.0,0.075,365000000.0,335000000.0,913000000.0,0.211,-87.993,23.135,23.263,1039000000.0,0.0,30.94,1.415,1.415,1113000000.0,-273000000.0,2001000000.0,2001000000.0,0.0,,,,,0.0,365000000.0,1.0,332746136.0,332746136.0,,6.014,4328000000.0,0.0,90000000.0,0.0,13.007,1425000000.0
21,MAS,MRQ,2016-03-31,2016-03-31,2016-03-31,2021-09-07,-145000000.0,6554000000.0,,4248000000.0,2306000000.0,,-0.377,-37000000.0,2175000000.0,2175000000.0,1151000000.0,119000000.0,1.523,-51.349,4296000000.0,1303000000.0,2993000000.0,4296000000.0,0.0,0.0,0.0,0.012,0.095,223000000.0,223000000.0,0.13,223000000.0,223000000.0,167000000.0,0.33,0.32,0.33,-126000000.0,,-126000000.0,12457148820.0,13.0,11.653,182000000.0,0.545,1.0,569000000.0,0.331,1002000000.0,56000000.0,4884000000.0,,755000000.0,195000000.0,195000000.0,0.0,6470000000.0,2789000000.0,3681000000.0,10502148820.0,707000000.0,0.0,-85000000.0,887000000.0,-32000000.0,751000000.0,20000000.0,60000000.0,219000000.0,6000000.0,109000000.0,109000000.0,109000000.0,0.0,10000000.0,0.063,335000000.0,234000000.0,834000000.0,0.288,-83.35,26.255,26.653,1040000000.0,0.0,31.45,1.458,1.458,1036000000.0,-310000000.0,1720000000.0,1720000000.0,0.0,,,,,0.0,335000000.0,1.0,333931600.0,333931600.0,,5.151,5552000000.0,0.0,58000000.0,0.0,16.626,1459000000.0
22,MAS,MRQ,2015-12-31,2015-12-31,2015-12-31,2021-09-07,-165000000.0,5664000000.0,,3328000000.0,2336000000.0,,-0.401,-41000000.0,1468000000.0,1468000000.0,1183000000.0,85000000.0,1.385,-41.526,3407000000.0,1004000000.0,2403000000.0,3407000000.0,0.0,133000000.0,0.0,0.013,0.095,203000000.0,336000000.0,0.196,336000000.0,203000000.0,149000000.0,0.22,0.22,0.22,-135000000.0,,-135000000.0,11667160854.0,13.0,11.598,188000000.0,0.559,1.0,532000000.0,0.31,999000000.0,54000000.0,4201000000.0,,687000000.0,248000000.0,248000000.0,0.0,5606000000.0,2403000000.0,3203000000.0,9522160854.0,189000000.0,0.0,-49000000.0,1000000.0,-32000000.0,-148000000.0,-45000000.0,3000000.0,229000000.0,-6000000.0,75000000.0,75000000.0,75000000.0,1000000.0,10000000.0,0.044,320000000.0,212000000.0,749000000.0,0.432,-70.535,26.823,27.476,1027000000.0,0.0,28.3,1.333,1.333,853000000.0,-300000000.0,1715000000.0,1715000000.0,0.0,,,,,77000000.0,320000000.0,1.0,336472115.0,336472115.0,,5.097,4665000000.0,0.0,74000000.0,0.0,13.864,925000000.0
23,MAS,MRQ,2015-09-30,2015-09-30,2015-09-30,2021-09-07,-159000000.0,5727000000.0,,3540000000.0,2187000000.0,,-0.462,-33000000.0,1279000000.0,1279000000.0,1250000000.0,121000000.0,2.269,-35.843,3424000000.0,6000000.0,3418000000.0,3424000000.0,0.0,0.0,0.0,0.014,0.09,242000000.0,242000000.0,0.132,242000000.0,242000000.0,188000000.0,0.33,0.32,0.33,-159000000.0,,-159000000.0,10788669309.0,13.0,10.692,193000000.0,0.561,1.0,589000000.0,0.32,1006000000.0,54000000.0,5306000000.0,,749000000.0,255000000.0,255000000.0,0.0,5699000000.0,1560000000.0,4139000000.0,8660669309.0,-18000000.0,1000000.0,-198000000.0,-1000000.0,-32000000.0,-214000000.0,-84000000.0,-44000000.0,226000000.0,-3000000.0,111000000.0,111000000.0,111000000.0,0.0,10000000.0,0.06,331000000.0,258000000.0,827000000.0,0.273,-54.47,22.791,23.101,1025000000.0,0.0,25.18,1.221,1.221,1006000000.0,-332000000.0,1839000000.0,1839000000.0,0.0,,,,,0.0,331000000.0,1.0,343950330.0,343950330.0,,5.347,4721000000.0,177000000.0,77000000.0,0.0,13.726,1980000000.0
24,MAS,MRQ,2015-06-30,2015-06-30,2015-06-30,2021-09-07,-147000000.0,5869000000.0,,3590000000.0,2279000000.0,,-0.135,-37000000.0,1297000000.0,1297000000.0,1292000000.0,115000000.0,2.258,-122.085,3425000000.0,6000000.0,3419000000.0,3425000000.0,0.0,0.0,0.0,0.01,0.09,268000000.0,268000000.0,0.139,268000000.0,268000000.0,207000000.0,0.3,0.3,0.3,-47000000.0,,-47000000.0,11616363984.0,15.0,12.202,174000000.0,0.501,1.0,637000000.0,0.33,1009000000.0,61000000.0,5398000000.0,,779000000.0,210000000.0,210000000.0,0.0,5738000000.0,1590000000.0,4148000000.0,9270363984.0,-281000000.0,-16000000.0,-104000000.0,-300000000.0,-30000000.0,-521000000.0,-71000000.0,-4000000.0,211000000.0,20000000.0,105000000.0,105000000.0,105000000.0,4000000.0,10000000.0,0.054,358000000.0,279000000.0,889000000.0,0.3,-197.242,11.417,11.697,1027000000.0,0.0,26.67,1.308,1.308,1105000000.0,-239000000.0,1929000000.0,1929000000.0,0.0,,,,,0.0,358000000.0,1.0,347595200.0,347595200.0,,5.55,4860000000.0,127000000.0,102000000.0,0.0,13.982,2000000000.0
25,MAS,MRQ,2015-03-31,2015-03-31,2015-03-31,2021-09-07,-180000000.0,7468000000.0,,4179000000.0,3289000000.0,,2.2,-29000000.0,1578000000.0,1578000000.0,1164000000.0,73000000.0,1.894,8.464,3924000000.0,506000000.0,3418000000.0,3924000000.0,0.0,0.0,0.0,0.013,0.09,160000000.0,160000000.0,0.096,160000000.0,160000000.0,104000000.0,0.18,0.18,0.18,769000000.0,,769000000.0,11373840820.0,15.0,12.458,115000000.0,0.329,1.0,495000000.0,0.298,2036000000.0,56000000.0,5571000000.0,,863000000.0,197000000.0,197000000.0,0.0,6509000000.0,2207000000.0,4302000000.0,9332840820.0,195000000.0,-26000000.0,-103000000.0,497000000.0,-32000000.0,362000000.0,11000000.0,81000000.0,144000000.0,-26000000.0,64000000.0,64000000.0,64000000.0,-3000000.0,9000000.0,0.039,330000000.0,165000000.0,1019000000.0,0.5,12.136,11.032,11.266,1106000000.0,0.0,26.7,1.327,1.327,1248000000.0,606000000.0,1659000000.0,1659000000.0,0.0,,,,,0.0,330000000.0,1.0,349544600.0,349544600.0,,4.746,5432000000.0,219000000.0,40000000.0,114000000.0,15.54,1972000000.0
26,MAS,MRQ,2014-12-31,2014-12-31,2014-12-31,2021-09-07,-111000000.0,7208000000.0,,3620000000.0,3588000000.0,,2.594,-42000000.0,1379000000.0,1379000000.0,1185000000.0,109000000.0,1.637,6.58,3424000000.0,505000000.0,2919000000.0,3424000000.0,0.0,167000000.0,0.0,0.013,0.09,172000000.0,339000000.0,0.203,339000000.0,172000000.0,116000000.0,0.28,0.28,0.28,924000000.0,,924000000.0,11119757040.0,15.0,12.536,17000000.0,0.048,1.0,481000000.0,0.289,982000000.0,56000000.0,6060000000.0,,712000000.0,306000000.0,306000000.0,0.0,6080000000.0,2211000000.0,3869000000.0,8977757040.0,101000000.0,0.0,-119000000.0,0.0,-31000000.0,-137000000.0,-40000000.0,5000000.0,59000000.0,-18000000.0,100000000.0,100000000.0,100000000.0,-14000000.0,9000000.0,0.06,315000000.0,166000000.0,721000000.0,0.321,9.716,10.488,10.5,1046000000.0,0.0,25.2,1.281,1.281,820000000.0,690000000.0,1666000000.0,1666000000.0,0.0,,,,,47000000.0,323000000.0,1.0,356260200.0,356260200.0,,4.676,6226000000.0,0.0,16000000.0,0.0,17.476,1409000000.0
27,MAS,MRQ,2014-09-30,2014-09-30,2014-09-30,2021-09-07,64000000.0,7373000000.0,,4001000000.0,3372000000.0,,3.218,-24000000.0,1282000000.0,1282000000.0,1312000000.0,556000000.0,1.657,5.244,3424000000.0,505000000.0,2919000000.0,3424000000.0,0.0,0.0,0.0,0.013,0.0,185000000.0,185000000.0,0.101,185000000.0,185000000.0,128000000.0,1.52,1.51,1.52,1147000000.0,,1147000000.0,10759331840.0,17.0,12.885,174000000.0,0.488,1.0,522000000.0,0.285,2038000000.0,57000000.0,5062000000.0,,862000000.0,275000000.0,275000000.0,0.0,6015000000.0,2415000000.0,3600000000.0,8526331840.0,87000000.0,0.0,0.0,-3000000.0,-32000000.0,-35000000.0,-100000000.0,-66000000.0,198000000.0,-23000000.0,543000000.0,543000000.0,543000000.0,-10000000.0,13000000.0,0.296,341000000.0,181000000.0,1020000000.0,0.0,7.434,10.605,10.631,1153000000.0,0.0,23.92,1.362,1.362,1229000000.0,716000000.0,1834000000.0,1834000000.0,0.0,,,,,0.0,341000000.0,1.0,356452000.0,356452000.0,,5.145,5335000000.0,0.0,-415000000.0,681000000.0,14.967,1586000000.0
28,MAS,MRQ,2014-06-30,2014-06-30,2014-06-30,2021-09-07,119000000.0,7227000000.0,,3783000000.0,3444000000.0,,1.924,-25000000.0,1195000000.0,1195000000.0,1301000000.0,152000000.0,1.537,9.22,3428000000.0,507000000.0,2921000000.0,3428000000.0,0.0,0.0,0.0,0.018,0.165,229000000.0,229000000.0,0.122,229000000.0,229000000.0,173000000.0,0.39,0.39,0.39,686000000.0,,686000000.0,10436312320.0,16.0,12.206,199000000.0,0.558,1.0,575000000.0,0.307,2051000000.0,56000000.0,4947000000.0,,894000000.0,228000000.0,228000000.0,0.0,6325000000.0,2462000000.0,3863000000.0,7915312320.0,289000000.0,0.0,1000000.0,1000000.0,-27000000.0,-59000000.0,46000000.0,87000000.0,224000000.0,-3000000.0,139000000.0,139000000.0,139000000.0,-15000000.0,13000000.0,0.074,354000000.0,221000000.0,1122000000.0,0.423,11.538,21.393,21.346,1216000000.0,0.0,22.2,1.203,1.203,1306000000.0,205000000.0,1876000000.0,1876000000.0,0.0,,,,,0.0,354000000.0,1.0,356545600.0,356545600.0,,5.262,5176000000.0,0.0,34000000.0,942000000.0,14.517,1321000000.0
29,MAS,MRQ,2014-03-31,2014-03-31,2014-03-31,2021-09-07,115000000.0,6880000000.0,,3418000000.0,3462000000.0,,1.577,-21000000.0,906000000.0,906000000.0,1418000000.0,86000000.0,1.987,10.817,3427000000.0,6000000.0,3421000000.0,3427000000.0,0.0,0.0,0.0,0.014,0.075,135000000.0,135000000.0,0.069,135000000.0,135000000.0,79000000.0,0.21,0.21,0.21,562000000.0,,562000000.0,10119737282.0,16.0,12.602,100000000.0,0.281,1.0,547000000.0,0.278,2053000000.0,56000000.0,5628000000.0,,838000000.0,305000000.0,305000000.0,0.0,6079000000.0,1720000000.0,4359000000.0,7915737282.0,-317000000.0,-2000000.0,-39000000.0,0.0,-27000000.0,-66000000.0,-6000000.0,17000000.0,121000000.0,-1000000.0,74000000.0,74000000.0,74000000.0,2000000.0,12000000.0,0.038,395000000.0,152000000.0,954000000.0,0.357,14.085,25.617,25.529,1232000000.0,0.0,22.21,1.156,1.156,1215000000.0,98000000.0,1965000000.0,1965000000.0,0.0,,,,,0.0,395000000.0,1.0,356404200.0,356404200.0,,5.513,4827000000.0,0.0,5000000.0,938000000.0,13.544,1698000000.0
30,MAS,MRQ,2013-12-31,2013-12-31,2013-12-31,2021-09-07,115000000.0,6957000000.0,,3468000000.0,3489000000.0,,1.566,-35000000.0,1223000000.0,1223000000.0,351000000.0,59000000.0,2.057,11.038,3427000000.0,6000000.0,3421000000.0,3427000000.0,0.0,186000000.0,0.0,0.013,0.075,100000000.0,286000000.0,0.488,286000000.0,100000000.0,43000000.0,0.13,0.13,0.13,559000000.0,,559000000.0,10543600821.0,17.0,13.262,121000000.0,0.339,1.0,235000000.0,0.401,2052000000.0,57000000.0,5423000000.0,,765000000.0,321000000.0,321000000.0,0.0,6170000000.0,1686000000.0,4484000000.0,8128600821.0,212000000.0,15000000.0,0.0,0.0,-26000000.0,-26000000.0,-56000000.0,-36000000.0,156000000.0,-1000000.0,48000000.0,48000000.0,48000000.0,-45000000.0,11000000.0,0.082,155000000.0,80000000.0,902000000.0,0.577,14.541,28.224,28.462,1252000000.0,0.0,22.77,1.202,1.202,1004000000.0,79000000.0,586000000.0,586000000.0,0.0,,,,,54000000.0,155000000.0,1.0,356987300.0,356987300.0,,1.642,4905000000.0,73000000.0,-5000000.0,397000000.0,13.74,1782000000.0
31,MAS,MRQ,2013-09-30,2013-09-30,2013-09-30,2021-09-07,81000000.0,7059000000.0,,3493000000.0,3566000000.0,,1.328,-12000000.0,1011000000.0,1011000000.0,1543000000.0,120000000.0,1.851,13.445,3426000000.0,5000000.0,3421000000.0,3426000000.0,0.0,0.0,0.0,0.014,0.075,205000000.0,205000000.0,0.095,205000000.0,205000000.0,147000000.0,0.31,0.3,0.31,474000000.0,,474000000.0,10000685328.0,19.0,13.643,178000000.0,0.499,1.0,607000000.0,0.282,2049000000.0,58000000.0,5538000000.0,,777000000.0,277000000.0,277000000.0,0.0,6373000000.0,1887000000.0,4486000000.0,7595685328.0,-17000000.0,0.0,0.0,-202000000.0,-27000000.0,-229000000.0,-83000000.0,-71000000.0,190000000.0,4000000.0,109000000.0,109000000.0,109000000.0,2000000.0,11000000.0,0.051,395000000.0,212000000.0,986000000.0,0.242,16.025,49.645,49.488,1257000000.0,0.0,21.28,0.949,0.949,1211000000.0,36000000.0,2150000000.0,2150000000.0,0.0,,,,,0.0,395000000.0,1.0,356940100.0,356940100.0,,6.023,5010000000.0,0.0,38000000.0,1065000000.0,14.036,1606000000.0
32,MAS,MRQ,2013-06-30,2013-06-30,2013-06-30,2021-09-07,47000000.0,7062000000.0,,3479000000.0,3583000000.0,,0.998,-26000000.0,1223000000.0,1223000000.0,1540000000.0,88000000.0,1.704,18.295,3628000000.0,207000000.0,3421000000.0,3628000000.0,0.0,0.0,0.0,0.015,0.075,177000000.0,177000000.0,0.082,177000000.0,177000000.0,117000000.0,0.22,0.22,0.22,356000000.0,,356000000.0,9550333932.0,23.0,15.379,143000000.0,0.401,1.0,609000000.0,0.283,2043000000.0,60000000.0,5382000000.0,,791000000.0,0.0,0.0,0.0,6513000000.0,2042000000.0,4471000000.0,6955333932.0,200000000.0,0.0,0.0,0.0,-28000000.0,-62000000.0,-8000000.0,19000000.0,169000000.0,1000000.0,78000000.0,78000000.0,78000000.0,5000000.0,10000000.0,0.036,421000000.0,188000000.0,998000000.0,0.341,19.537,117.887,121.812,1276000000.0,0.0,19.49,0.895,0.895,1255000000.0,-40000000.0,2149000000.0,2149000000.0,0.0,,,,,0.0,421000000.0,1.0,356866800.0,356866800.0,,6.022,5019000000.0,0.0,39000000.0,1050000000.0,14.064,1437000000.0
33,MAS,MRQ,2013-03-31,2013-03-31,2013-03-31,2021-09-07,36000000.0,6779000000.0,,3174000000.0,3605000000.0,,0.791,-26000000.0,1032000000.0,1032000000.0,1368000000.0,62000000.0,1.738,22.284,3627000000.0,206000000.0,3421000000.0,3627000000.0,0.0,0.0,0.0,0.015,0.075,127000000.0,127000000.0,0.068,127000000.0,127000000.0,67000000.0,0.15,0.15,0.15,282000000.0,,282000000.0,9497487825.0,37.0,20.294,104000000.0,0.292,1.0,508000000.0,0.271,2041000000.0,60000000.0,5507000000.0,,763000000.0,0.0,0.0,0.0,6284000000.0,1826000000.0,4458000000.0,7220487825.0,-212000000.0,-5000000.0,-35000000.0,0.0,-26000000.0,-65000000.0,70000000.0,105000000.0,130000000.0,-7000000.0,53000000.0,53000000.0,53000000.0,9000000.0,9000000.0,0.028,376000000.0,132000000.0,863000000.0,0.5,25.605,-76.814,-72.321,1294000000.0,0.0,20.25,0.954,0.954,1174000000.0,-103000000.0,1876000000.0,1876000000.0,0.0,,,,,0.0,376000000.0,1.0,356567300.0,356567300.0,,5.261,4738000000.0,0.0,14000000.0,1037000000.0,13.288,1348000000.0
34,MAS,MRQ,2012-12-31,2012-12-31,2012-12-31,2021-09-07,59000000.0,6875000000.0,,3217000000.0,3658000000.0,,0.902,3000000.0,1040000000.0,1040000000.0,1380000000.0,-80000000.0,1.728,19.693,3628000000.0,206000000.0,3422000000.0,3628000000.0,0.0,214000000.0,0.0,0.018,0.075,10000000.0,224000000.0,0.122,224000000.0,10000000.0,-50000000.0,-0.25,-0.25,-0.25,322000000.0,,322000000.0,8412286000.0,36.0,18.904,93000000.0,0.26,1.0,451000000.0,0.246,2045000000.0,60000000.0,5556000000.0,,726000000.0,311000000.0,311000000.0,0.0,6341000000.0,1862000000.0,4479000000.0,5949286000.0,151000000.0,8000000.0,0.0,-1000000.0,-27000000.0,-28000000.0,-12000000.0,-20000000.0,90000000.0,0.0,-87000000.0,-87000000.0,-87000000.0,17000000.0,7000000.0,-0.048,420000000.0,31000000.0,788000000.0,-0.3,18.476,-52.187,-50.485,1326000000.0,0.0,16.66,0.794,0.794,933000000.0,-102000000.0,1831000000.0,1831000000.0,0.0,,,,,61000000.0,375000000.0,1.0,357100000.0,357100000.0,,5.127,4830000000.0,0.0,37000000.0,1053000000.0,13.526,1355000000.0
35,MAS,MRQ,2012-09-30,2012-09-30,2012-09-30,2021-09-07,99000000.0,7016000000.0,,3255000000.0,3761000000.0,,1.308,-27000000.0,1166000000.0,1166000000.0,1413000000.0,24000000.0,1.655,13.58,3629000000.0,207000000.0,3422000000.0,3629000000.0,0.0,0.0,0.0,0.02,0.075,93000000.0,93000000.0,0.049,93000000.0,93000000.0,31000000.0,0.04,0.04,0.04,467000000.0,,467000000.0,7894355000.0,-21.0,-65.786,55000000.0,0.154,1.0,500000000.0,0.261,2084000000.0,62000000.0,5428000000.0,,830000000.0,0.0,0.0,0.0,6342000000.0,1967000000.0,4375000000.0,5374355000.0,-661000000.0,1000000.0,0.0,-744000000.0,-27000000.0,-771000000.0,-2000000.0,30000000.0,82000000.0,18000000.0,15000000.0,15000000.0,15000000.0,11000000.0,9000000.0,0.008,392000000.0,108000000.0,866000000.0,1.875,11.508,-8.957,-8.649,1484000000.0,0.0,15.05,0.756,0.756,1156000000.0,-15000000.0,1913000000.0,1913000000.0,0.0,,,,,0.0,391000000.0,1.0,357100000.0,357100000.0,,5.357,4932000000.0,0.0,16000000.0,953000000.0,13.811,1288000000.0
36,MAS,MRQ,2012-06-30,2012-06-30,2012-06-30,2021-09-07,61000000.0,7759000000.0,,3990000000.0,3769000000.0,,1.201,-12000000.0,1853000000.0,1853000000.0,1424000000.0,-67000000.0,1.564,16.643,4373000000.0,751000000.0,3622000000.0,4373000000.0,0.0,0.0,0.0,0.022,0.075,24000000.0,24000000.0,0.012,24000000.0,24000000.0,-44000000.0,-0.22,-0.22,-0.22,429000000.0,,429000000.0,7540977000.0,-20.0,-68.554,7000000.0,0.02,1.0,521000000.0,0.268,2079000000.0,68000000.0,5649000000.0,,844000000.0,0.0,0.0,0.0,7140000000.0,2551000000.0,4589000000.0,4952977000.0,65000000.0,0.0,0.0,0.0,-27000000.0,-67000000.0,-13000000.0,6000000.0,19000000.0,-18000000.0,-75000000.0,-75000000.0,-75000000.0,24000000.0,8000000.0,-0.039,467000000.0,54000000.0,941000000.0,-0.341,11.545,-8.554,-8.256,1489000000.0,0.0,13.87,0.691,0.691,1206000000.0,-30000000.0,1945000000.0,1945000000.0,0.0,,,,,0.0,392000000.0,1.0,357100000.0,357100000.0,,5.447,5680000000.0,0.0,31000000.0,967000000.0,15.906,1439000000.0
37,MAS,MRQ,2012-03-31,2012-03-31,2012-03-31,2021-09-07,103000000.0,7750000000.0,,3901000000.0,3849000000.0,,1.565,-16000000.0,1788000000.0,1788000000.0,1322000000.0,44000000.0,1.64,12.447,4376000000.0,754000000.0,3622000000.0,4376000000.0,0.0,0.0,0.0,0.022,0.075,104000000.0,104000000.0,0.058,104000000.0,104000000.0,40000000.0,0.09,0.09,0.09,559000000.0,,559000000.0,7146024791.0,-25.0,-297.751,74000000.0,0.207,1.0,484000000.0,0.268,2090000000.0,64000000.0,5870000000.0,,828000000.0,0.0,0.0,0.0,6958000000.0,2378000000.0,4580000000.0,4777024791.0,132000000.0,0.0,-8000000.0,349000000.0,-26000000.0,290000000.0,-2000000.0,22000000.0,90000000.0,11000000.0,33000000.0,33000000.0,33000000.0,9000000.0,11000000.0,0.018,375000000.0,109000000.0,904000000.0,0.833,8.546,-9.631,-9.285,1545000000.0,0.0,13.37,0.661,0.661,1190000000.0,45000000.0,1806000000.0,1806000000.0,0.0,,,,,0.0,377000000.0,1.0,357294300.0,357294300.0,,5.055,5660000000.0,0.0,7000000.0,958000000.0,15.841,1523000000.0
38,MAS,MRQ,2011-12-31,2011-12-31,2011-12-31,2021-09-07,76000000.0,7297000000.0,,3429000000.0,3868000000.0,,1.473,-40000000.0,1656000000.0,1656000000.0,1106000000.0,-568000000.0,1.451,12.438,4025000000.0,803000000.0,3222000000.0,4025000000.0,0.0,263000000.0,0.0,0.029,0.075,-604000000.0,-341000000.0,-0.237,-341000000.0,-604000000.0,-668000000.0,-1.65,-1.65,-1.65,527000000.0,,527000000.0,6169744000.0,-17.0,-62.957,-11000000.0,-0.031,1.0,335000000.0,0.232,2087000000.0,64000000.0,5216000000.0,,769000000.0,0.0,0.0,0.0,6555000000.0,2363000000.0,4192000000.0,3749744000.0,33000000.0,-10000000.0,0.0,-2000000.0,-27000000.0,-29000000.0,-75000000.0,-14000000.0,29000000.0,-7000000.0,-573000000.0,-573000000.0,-573000000.0,150000000.0,5000000.0,-0.398,786000000.0,-451000000.0,770000000.0,-0.045,7.115,-6.521,-6.313,1567000000.0,0.0,10.48,0.523,0.523,914000000.0,38000000.0,1441000000.0,1441000000.0,0.0,,,,,61000000.0,333000000.0,1.0,357800000.0,357800000.0,,4.027,5210000000.0,0.0,-95000000.0,970000000.0,14.561,1066000000.0
39,MAS,MRQ,2011-09-30,2011-09-30,2011-09-30,2021-09-07,231000000.0,8212000000.0,,3711000000.0,4501000000.0,,3.54,-30000000.0,1610000000.0,1610000000.0,1483000000.0,49000000.0,1.493,5.308,4030000000.0,806000000.0,3224000000.0,4030000000.0,0.0,0.0,0.0,0.042,0.075,103000000.0,103000000.0,0.052,103000000.0,103000000.0,40000000.0,0.1,0.1,0.1,1267000000.0,,1267000000.0,5029248000.0,-9.0,-19.196,57000000.0,0.159,1.0,495000000.0,0.25,2643000000.0,63000000.0,5504000000.0,,850000000.0,0.0,0.0,0.0,6725000000.0,2485000000.0,4240000000.0,2548248000.0,-1000000.0,0.0,0.0,-59000000.0,-26000000.0,-85000000.0,-13000000.0,27000000.0,87000000.0,-29000000.0,36000000.0,36000000.0,36000000.0,20000000.0,13000000.0,0.018,381000000.0,114000000.0,866000000.0,0.75,2.011,-2.46,-2.389,1656000000.0,0.0,7.12,0.346,0.346,1133000000.0,638000000.0,1978000000.0,1978000000.0,0.0,,,,,0.0,380000000.0,1.0,357900000.0,357900000.0,,5.527,5569000000.0,0.0,4000000.0,1016000000.0,15.56,1226000000.0
40,MAS,MRQ,2011-06-30,2011-06-30,2011-06-30,2021-09-07,302000000.0,8418000000.0,,3831000000.0,4587000000.0,,3.672,-30000000.0,1611000000.0,1611000000.0,1466000000.0,20000000.0,2.128,5.233,4092000000.0,65000000.0,4027000000.0,4092000000.0,0.0,0.0,0.0,0.025,0.075,110000000.0,110000000.0,0.055,110000000.0,110000000.0,46000000.0,0.02,0.02,0.02,1315000000.0,,1315000000.0,6898943000.0,-12.0,-24.996,52000000.0,0.145,1.0,532000000.0,0.266,2665000000.0,64000000.0,6434000000.0,,901000000.0,0.0,0.0,0.0,6881000000.0,1800000000.0,5081000000.0,4307943000.0,106000000.0,0.0,0.0,-2000000.0,-27000000.0,-47000000.0,18000000.0,45000000.0,82000000.0,6000000.0,8000000.0,8000000.0,8000000.0,6000000.0,12000000.0,0.004,436000000.0,96000000.0,921000000.0,3.75,3.276,-4.0,-3.881,1698000000.0,0.0,12.03,0.587,0.587,1188000000.0,628000000.0,1998000000.0,1998000000.0,0.0,,,,,0.0,431000000.0,1.0,358100000.0,358100000.0,,5.579,5753000000.0,0.0,38000000.0,1054000000.0,16.065,2031000000.0
41,MAS,MRQ,2011-03-31,2011-03-30,2011-03-30,2021-09-07,310000000.0,8246000000.0,,3595000000.0,4651000000.0,,3.703,-27000000.0,1505000000.0,1505000000.0,1328000000.0,-34000000.0,2.211,5.05,4096000000.0,66000000.0,4030000000.0,4096000000.0,0.0,0.0,0.0,0.021,0.075,30000000.0,30000000.0,0.017,30000000.0,30000000.0,-33000000.0,-0.13,-0.13,-0.13,1326000000.0,,1326000000.0,7418068780.0,-13.0,-23.776,14000000.0,0.039,1.0,425000000.0,0.242,2663000000.0,63000000.0,6548000000.0,,839000000.0,0.0,0.0,0.0,6696000000.0,1626000000.0,5070000000.0,5035068780.0,-210000000.0,0.0,-30000000.0,0.0,-27000000.0,-58000000.0,-14000000.0,13000000.0,41000000.0,22000000.0,-46000000.0,-46000000.0,-46000000.0,5000000.0,12000000.0,-0.026,399000000.0,26000000.0,787000000.0,-0.577,3.797,-4.653,-4.521,1719000000.0,0.0,14.06,0.682,0.682,1113000000.0,647000000.0,1753000000.0,1753000000.0,0.0,,,,,0.0,399000000.0,1.0,358113000.0,358113000.0,,4.895,5583000000.0,0.0,13000000.0,1040000000.0,15.59,1969000000.0
42,MAS,MRQ,2010-12-31,2010-12-31,2010-12-31,2021-09-07,273000000.0,8140000000.0,,3464000000.0,4676000000.0,,3.861,-47000000.0,1715000000.0,1715000000.0,1328000000.0,-1025000000.0,2.33,4.738,4098000000.0,66000000.0,4032000000.0,4098000000.0,0.0,279000000.0,0.0,0.024,0.075,-784000000.0,-505000000.0,-0.31,-505000000.0,-784000000.0,-847000000.0,-2.97,-2.97,-2.97,1384000000.0,,1384000000.0,7103610000.0,-13.0,-26.021,85000000.0,0.237,1.0,301000000.0,0.185,2652000000.0,63000000.0,6384000000.0,,732000000.0,0.0,0.0,0.0,6558000000.0,1487000000.0,5071000000.0,4538610000.0,178000000.0,0.0,0.0,-1000000.0,-27000000.0,-24000000.0,-22000000.0,31000000.0,132000000.0,-5000000.0,-1034000000.0,-1034000000.0,-1034000000.0,21000000.0,9000000.0,-0.635,1063000000.0,-762000000.0,602000000.0,-0.025,3.279,-4.351,-4.22,1737000000.0,0.0,12.66,0.606,0.606,888000000.0,720000000.0,1629000000.0,1629000000.0,0.0,,,,,62000000.0,365000000.0,1.0,358500000.0,358500000.0,,4.544,5488000000.0,0.0,187000000.0,1039000000.0,15.308,1977000000.0
43,MAS,MRQ,2010-09-30,2010-09-30,2010-09-30,2021-09-07,339000000.0,9253000000.0,,3733000000.0,5520000000.0,,6.987,-16000000.0,1537000000.0,1537000000.0,1463000000.0,7000000.0,2.396,2.616,4102000000.0,66000000.0,4036000000.0,4102000000.0,0.0,0.0,0.0,0.027,0.075,89000000.0,89000000.0,0.045,89000000.0,89000000.0,26000000.0,-0.02,-0.02,-0.02,2505000000.0,,2505000000.0,6667085000.0,278.0,23.982,105000000.0,0.293,1.0,494000000.0,0.252,3380000000.0,63000000.0,6880000000.0,,802000000.0,0.0,0.0,0.0,6553000000.0,1558000000.0,4995000000.0,3947085000.0,153000000.0,0.0,0.0,-1000000.0,-27000000.0,-28000000.0,-20000000.0,9000000.0,121000000.0,32000000.0,-5000000.0,-5000000.0,-5000000.0,0.0,12000000.0,-0.003,392000000.0,102000000.0,650000000.0,-3.75,1.576,-20.346,-19.661,1838000000.0,0.0,11.01,0.518,0.518,1106000000.0,1782000000.0,1957000000.0,1957000000.0,0.0,,,,,0.0,392000000.0,1.0,358500000.0,358500000.0,,5.459,5873000000.0,0.0,31000000.0,959000000.0,16.382,2175000000.0
44,MAS,MRQ,2010-06-30,2010-06-30,2010-06-30,2021-09-07,262000000.0,9191000000.0,,3678000000.0,5513000000.0,,6.822,-33000000.0,1384000000.0,1384000000.0,1502000000.0,12000000.0,2.273,2.69,4104000000.0,66000000.0,4038000000.0,4104000000.0,0.0,0.0,0.0,0.028,0.075,74000000.0,74000000.0,0.036,74000000.0,74000000.0,7000000.0,0.01,0.01,0.01,2447000000.0,,2447000000.0,6647612000.0,148.0,22.233,87000000.0,0.243,1.0,546000000.0,0.267,3360000000.0,67000000.0,6933000000.0,,840000000.0,0.0,0.0,0.0,6583000000.0,1618000000.0,4965000000.0,3859612000.0,6000000.0,0.0,0.0,-60000000.0,-27000000.0,-111000000.0,-39000000.0,1000000.0,120000000.0,-31000000.0,3000000.0,3000000.0,3000000.0,0.0,9000000.0,0.001,427000000.0,119000000.0,729000000.0,7.5,1.577,-23.973,-23.391,1851000000.0,0.0,10.76,0.498,0.498,1157000000.0,1814000000.0,2048000000.0,2048000000.0,0.0,,,,,0.0,427000000.0,1.0,358700000.0,358700000.0,,5.71,5831000000.0,0.0,4000000.0,927000000.0,16.256,2060000000.0
45,MAS,MRQ,2010-03-31,2010-03-30,2010-03-30,2021-09-07,325000000.0,9286000000.0,,3640000000.0,5646000000.0,,7.018,-23000000.0,1378000000.0,1378000000.0,1360000000.0,4000000.0,2.401,2.614,4166000000.0,66000000.0,4100000000.0,4166000000.0,0.0,0.0,0.0,0.019,0.075,69000000.0,69000000.0,0.037,69000000.0,69000000.0,11000000.0,-0.02,-0.02,-0.02,2518000000.0,,2518000000.0,8080181200.0,108.0,24.56,69000000.0,0.192,1.0,492000000.0,0.266,3381000000.0,58000000.0,7177000000.0,,805000000.0,0.0,0.0,0.0,6583000000.0,1516000000.0,5067000000.0,5525181200.0,-35000000.0,0.0,-45000000.0,195000000.0,-27000000.0,123000000.0,-28000000.0,1000000.0,92000000.0,-10000000.0,-7000000.0,-7000000.0,-7000000.0,0.0,11000000.0,-0.004,414000000.0,78000000.0,673000000.0,-3.75,2.194,-50.69,-48.125,1920000000.0,0.0,15.4,0.716,0.716,1147000000.0,1837000000.0,1852000000.0,1852000000.0,0.0,,,,,0.0,414000000.0,1.0,358778000.0,358778000.0,,5.162,5905000000.0,0.0,18000000.0,967000000.0,16.459,2124000000.0
46,MAS,MRQ,2009-12-31,2009-12-31,2009-12-31,2021-09-07,366000000.0,9175000000.0,,3451000000.0,5724000000.0,,7.321,-52000000.0,1413000000.0,1413000000.0,1276000000.0,-174000000.0,1.938,2.418,3968000000.0,364000000.0,3604000000.0,3968000000.0,0.0,254000000.0,0.0,0.033,0.075,-208000000.0,46000000.0,0.026,46000000.0,-208000000.0,-264000000.0,-0.53,-0.53,-0.53,2629000000.0,,2629000000.0,7735171000.0,-3868.0,30.695,269000000.0,0.749,1.0,487000000.0,0.276,3398000000.0,56000000.0,6551000000.0,,743000000.0,0.0,0.0,0.0,6358000000.0,1781000000.0,4577000000.0,4959171000.0,214000000.0,5000000.0,0.0,-3000000.0,-27000000.0,-23000000.0,-44000000.0,5000000.0,321000000.0,-9000000.0,-185000000.0,-185000000.0,-185000000.0,22000000.0,11000000.0,-0.105,669000000.0,-182000000.0,578000000.0,-0.142,1.886,-27.099,-26.057,1981000000.0,0.0,13.81,0.648,0.648,983000000.0,1871000000.0,1763000000.0,1763000000.0,0.0,,,,,69000000.0,415000000.0,1.0,359100000.0,359100000.0,,4.909,5777000000.0,0.0,-79000000.0,973000000.0,16.087,1670000000.0
47,MAS,MRQ,2009-09-30,2009-09-30,2009-09-30,2021-09-07,421000000.0,9562000000.0,,3515000000.0,6047000000.0,,8.04,-9000000.0,1199000000.0,1199000000.0,1517000000.0,40000000.0,1.891,2.248,3975000000.0,369000000.0,3606000000.0,3975000000.0,0.0,0.0,0.0,0.048,0.075,110000000.0,110000000.0,0.053,110000000.0,110000000.0,54000000.0,0.08,0.08,0.08,2888000000.0,,2888000000.0,7694864000.0,-24.0,-94.998,158000000.0,0.44,1.0,567000000.0,0.272,3680000000.0,56000000.0,6799000000.0,,798000000.0,0.0,0.0,0.0,6493000000.0,1859000000.0,4634000000.0,4640864000.0,273000000.0,3000000.0,0.0,-5000000.0,-27000000.0,-32000000.0,-13000000.0,1000000.0,167000000.0,13000000.0,28000000.0,28000000.0,28000000.0,23000000.0,12000000.0,0.013,429000000.0,138000000.0,623000000.0,0.938,1.607,-9.172,-8.972,2007000000.0,0.0,12.92,0.594,0.594,1193000000.0,2083000000.0,2084000000.0,2084000000.0,0.0,,,,,0.0,429000000.0,1.0,359200000.0,359200000.0,,5.802,5882000000.0,0.0,26000000.0,1028000000.0,16.375,1656000000.0
48,MAS,MRQ,2009-06-30,2009-06-30,2009-06-30,2021-09-07,387000000.0,9487000000.0,,3394000000.0,6093000000.0,,7.91,-14000000.0,926000000.0,926000000.0,1470000000.0,63000000.0,1.816,2.281,3980000000.0,370000000.0,3610000000.0,3980000000.0,0.0,0.0,0.0,0.081,0.075,104000000.0,104000000.0,0.052,104000000.0,104000000.0,47000000.0,0.15,0.15,0.15,2842000000.0,,2842000000.0,6609094000.0,-27.0,-944.156,150000000.0,0.417,1.0,543000000.0,0.27,3673000000.0,57000000.0,6999000000.0,,886000000.0,0.0,0.0,0.0,6482000000.0,1869000000.0,4613000000.0,3442094000.0,113000000.0,0.0,0.0,-1000000.0,-27000000.0,-44000000.0,-23000000.0,-1000000.0,164000000.0,22000000.0,55000000.0,55000000.0,55000000.0,12000000.0,8000000.0,0.027,427000000.0,116000000.0,637000000.0,0.5,1.211,-6.87,-6.699,2066000000.0,0.0,9.58,0.417,0.417,1236000000.0,2082000000.0,2013000000.0,2013000000.0,0.0,,,,,0.0,427000000.0,1.0,359300000.0,359300000.0,,5.603,5814000000.0,0.0,-8000000.0,1003000000.0,16.181,1525000000.0
49,MAS,MRQ,2009-03-31,2009-03-31,2009-03-31,2021-09-07,304000000.0,9269000000.0,,3178000000.0,6091000000.0,,7.538,-27000000.0,813000000.0,813000000.0,1384000000.0,-74000000.0,1.772,2.363,3980000000.0,369000000.0,3611000000.0,3980000000.0,0.0,0.0,0.0,0.133,0.235,-8000000.0,-8000000.0,-0.004,-8000000.0,-8000000.0,-64000000.0,-0.23,-0.23,-0.23,2710000000.0,,2710000000.0,5467310000.0,-40.0,53.081,26000000.0,0.072,1.0,413000000.0,0.23,3657000000.0,56000000.0,6986000000.0,,901000000.0,0.0,0.0,0.0,6403000000.0,1793000000.0,4610000000.0,2509310000.0,-215000000.0,-8000000.0,-11000000.0,-2000000.0,-85000000.0,-98000000.0,-38000000.0,6000000.0,53000000.0,-31000000.0,-81000000.0,-81000000.0,-81000000.0,-4000000.0,7000000.0,-0.045,415000000.0,-2000000.0,603000000.0,-1.022,0.926,-5.294,-5.17,2076000000.0,0.0,6.98,0.283,0.283,1138000000.0,2054000000.0,1797000000.0,1797000000.0,0.0,,,,,0.0,407000000.0,1.0,359500000.0,359500000.0,,4.999,5612000000.0,0.0,17000000.0,999000000.0,15.611,1385000000.0
50,MAS,MRQ,2008-12-31,2008-12-31,2008-12-31,2021-09-07,308000000.0,9483000000.0,,3300000000.0,6183000000.0,,7.838,-62000000.0,1028000000.0,1028000000.0,1533000000.0,-504000000.0,2.133,2.305,3986000000.0,71000000.0,3915000000.0,3986000000.0,0.0,238000000.0,0.0,0.083,0.235,-525000000.0,-287000000.0,-0.149,-287000000.0,-525000000.0,-581000000.0,-1.44,-1.44,-1.44,2821000000.0,,2821000000.0,7051687000.0,-243.0,33.74,207000000.0,0.575,1.0,391000000.0,0.203,3670000000.0,56000000.0,7224000000.0,,941000000.0,0.0,0.0,0.0,6502000000.0,1547000000.0,4955000000.0,4005687000.0,-2000000.0,-2000000.0,0.0,-111000000.0,-85000000.0,-176000000.0,-70000000.0,6000000.0,269000000.0,-36000000.0,-508000000.0,-508000000.0,-508000000.0,10000000.0,4000000.0,-0.264,871000000.0,-480000000.0,531000000.0,-0.163,1.42,-10.245,-9.85,2136000000.0,0.0,11.13,0.422,0.422,999000000.0,2162000000.0,1924000000.0,1924000000.0,0.0,,,,,74000000.0,404000000.0,1.0,359900000.0,359900000.0,,5.346,5813000000.0,0.0,-73000000.0,1040000000.0,16.152,1753000000.0
51,MAS,MRQ,2008-09-30,2008-09-30,2008-09-30,2021-09-07,662000000.0,10637000000.0,,3836000000.0,6801000000.0,,10.417,-57000000.0,1030000000.0,1030000000.0,1863000000.0,44000000.0,2.019,1.837,4076000000.0,115000000.0,3961000000.0,4076000000.0,0.0,0.0,0.0,0.051,0.23,184000000.0,184000000.0,0.073,184000000.0,184000000.0,125000000.0,0.09,0.09,0.09,3750000000.0,,3750000000.0,9681400000.0,22.0,14.051,86000000.0,0.239,1.0,648000000.0,0.258,4204000000.0,59000000.0,7579000000.0,,1080000000.0,0.0,0.0,0.0,6887000000.0,1900000000.0,4987000000.0,6458400000.0,177000000.0,26000000.0,-13000000.0,-9000000.0,-83000000.0,-105000000.0,-17000000.0,22000000.0,143000000.0,-39000000.0,33000000.0,33000000.0,33000000.0,2000000.0,11000000.0,0.013,454000000.0,194000000.0,717000000.0,2.556,1.722,-189.953,-179.4,2194000000.0,0.0,17.94,0.638,0.638,1442000000.0,2737000000.0,2511000000.0,2511000000.0,0.0,,,,,0.0,454000000.0,1.0,360000000.0,360000000.0,,6.975,6433000000.0,0.0,92000000.0,1026000000.0,17.869,1936000000.0
52,MAS,MRQ,2008-06-30,2008-06-30,2008-06-30,2021-09-07,818000000.0,10893000000.0,,3947000000.0,6946000000.0,,10.932,-39000000.0,853000000.0,853000000.0,1943000000.0,94000000.0,2.036,1.755,4076000000.0,116000000.0,3960000000.0,4076000000.0,0.0,0.0,0.0,0.058,0.23,214000000.0,214000000.0,0.081,214000000.0,214000000.0,157000000.0,0.23,0.23,0.23,3954000000.0,,3954000000.0,9172541000.0,14.0,10.376,156000000.0,0.431,1.0,700000000.0,0.265,4264000000.0,57000000.0,7913000000.0,,1179000000.0,0.0,0.0,0.0,6939000000.0,1939000000.0,5000000000.0,5689541000.0,215000000.0,134000000.0,-47000000.0,-8000000.0,-84000000.0,-161000000.0,94000000.0,17000000.0,195000000.0,-5000000.0,82000000.0,82000000.0,82000000.0,-10000000.0,12000000.0,0.031,485000000.0,215000000.0,808000000.0,1.0,1.439,41.229,42.514,2249000000.0,0.0,15.73,0.536,0.536,1567000000.0,2784000000.0,2643000000.0,2643000000.0,0.0,,,,,0.0,485000000.0,1.0,361700000.0,361700000.0,,7.307,6629000000.0,0.0,75000000.0,1040000000.0,18.327,2008000000.0
53,MAS,MRQ,2008-03-31,2008-03-31,2008-03-31,2021-09-07,829000000.0,10889000000.0,,3788000000.0,7101000000.0,,10.946,-41000000.0,630000000.0,630000000.0,1820000000.0,14000000.0,2.033,1.728,4113000000.0,117000000.0,3996000000.0,4113000000.0,0.0,0.0,0.0,0.046,0.23,98000000.0,98000000.0,0.04,98000000.0,98000000.0,42000000.0,0.0,0.0,0.0,3992000000.0,,3992000000.0,10398001000.0,13.0,10.037,149000000.0,0.409,1.0,630000000.0,0.257,4263000000.0,56000000.0,8246000000.0,,1160000000.0,0.0,0.0,0.0,6897000000.0,1863000000.0,5034000000.0,7232001000.0,-284000000.0,0.0,-100000000.0,-5000000.0,-84000000.0,-189000000.0,-21000000.0,13000000.0,190000000.0,34000000.0,2000000.0,2000000.0,2000000.0,16000000.0,12000000.0,0.001,476000000.0,154000000.0,768000000.0,,1.812,29.518,30.508,2261000000.0,0.0,19.83,0.654,0.654,1541000000.0,2808000000.0,2450000000.0,2450000000.0,0.0,,,,,0.0,476000000.0,1.0,364700000.0,364700000.0,,6.718,6626000000.0,0.0,40000000.0,1038000000.0,18.168,1925000000.0
54,MAS,MRQ,2007-12-31,2007-12-31,2007-12-31,2021-09-07,697000000.0,10907000000.0,,3808000000.0,7099000000.0,,10.914,-70000000.0,922000000.0,922000000.0,1860000000.0,-114000000.0,1.996,1.71,4088000000.0,122000000.0,3966000000.0,4088000000.0,0.0,248000000.0,0.0,0.042,0.23,-55000000.0,193000000.0,0.077,193000000.0,-55000000.0,-116000000.0,-0.42,-0.41,-0.42,4025000000.0,,4025000000.0,11346768000.0,12.0,9.233,350000000.0,0.949,1.0,656000000.0,0.261,4261000000.0,61000000.0,7904000000.0,,1126000000.0,0.0,0.0,0.0,6882000000.0,1908000000.0,4974000000.0,7969768000.0,228000000.0,25000000.0,-53000000.0,-20000000.0,-85000000.0,-140000000.0,-103000000.0,14000000.0,420000000.0,16000000.0,-151000000.0,-151000000.0,-151000000.0,128000000.0,37000000.0,-0.06,579000000.0,77000000.0,714000000.0,-0.548,1.98,20.647,21.186,2367000000.0,0.0,21.61,0.698,0.698,1405000000.0,2969000000.0,2516000000.0,2516000000.0,0.0,,,,,94000000.0,460000000.0,1.0,368800000.0,368800000.0,,6.822,6646000000.0,0.0,35000000.0,1008000000.0,18.021,1900000000.0
55,MAS,MRQ,2007-09-30,2007-09-30,2007-09-30,2021-09-07,626000000.0,11332000000.0,,3979000000.0,7353000000.0,,11.223,-45000000.0,690000000.0,690000000.0,2155000000.0,205000000.0,1.978,1.696,4067000000.0,24000000.0,4043000000.0,4067000000.0,0.0,0.0,0.0,0.039,0.23,379000000.0,379000000.0,0.126,379000000.0,379000000.0,314000000.0,0.56,0.56,0.56,4203000000.0,,4203000000.0,12171165000.0,13.0,10.026,267000000.0,0.713,1.0,850000000.0,0.283,4479000000.0,65000000.0,8218000000.0,,1207000000.0,0.0,0.0,0.0,7129000000.0,2012000000.0,5117000000.0,8677165000.0,-111000000.0,4000000.0,-162000000.0,-338000000.0,-87000000.0,-600000000.0,36000000.0,69000000.0,312000000.0,19000000.0,205000000.0,205000000.0,205000000.0,1000000.0,0.0,0.068,479000000.0,371000000.0,839000000.0,0.411,2.065,24.792,23.643,2351000000.0,0.0,23.17,0.747,0.747,1762000000.0,3216000000.0,3005000000.0,3005000000.0,0.0,,,,,0.0,479000000.0,1.0,374500000.0,374500000.0,,8.024,6853000000.0,0.0,109000000.0,1074000000.0,18.299,1967000000.0
56,MAS,MRQ,2007-06-30,2007-06-30,2007-06-30,2021-09-07,553000000.0,11653000000.0,,4305000000.0,7348000000.0,,10.977,-42000000.0,853000000.0,853000000.0,2198000000.0,189000000.0,1.788,1.811,4347000000.0,325000000.0,4022000000.0,4347000000.0,0.0,0.0,0.0,0.031,0.23,366000000.0,366000000.0,0.118,366000000.0,366000000.0,297000000.0,0.51,0.51,0.51,4146000000.0,,4146000000.0,13955119000.0,14.0,11.04,294000000.0,0.778,1.0,891000000.0,0.288,4461000000.0,69000000.0,8278000000.0,,1269000000.0,0.0,0.0,0.0,7507000000.0,2408000000.0,5099000000.0,10753119000.0,-310000000.0,-184000000.0,-320000000.0,15000000.0,-88000000.0,-393000000.0,-220000000.0,27000000.0,336000000.0,10000000.0,189000000.0,189000000.0,189000000.0,-7000000.0,0.0,0.061,530000000.0,361000000.0,943000000.0,0.451,2.594,27.086,26.607,2334000000.0,0.0,28.47,0.905,0.905,1866000000.0,3226000000.0,3089000000.0,3089000000.0,0.0,,,,,0.0,530000000.0,1.0,377700000.0,377700000.0,,8.178,7192000000.0,0.0,108000000.0,1077000000.0,19.042,1897000000.0
57,MAS,MRQ,2007-03-31,2007-03-31,2007-03-31,2021-09-07,521000000.0,11685000000.0,,4536000000.0,7149000000.0,,10.881,-46000000.0,1165000000.0,1165000000.0,2067000000.0,143000000.0,1.939,1.742,4367000000.0,323000000.0,4044000000.0,4367000000.0,0.0,0.0,0.0,0.032,0.22,291000000.0,291000000.0,0.104,291000000.0,291000000.0,228000000.0,0.37,0.37,0.37,4261000000.0,,4261000000.0,13750840000.0,13.0,10.668,156000000.0,0.398,1.0,736000000.0,0.263,4269000000.0,63000000.0,8279000000.0,,1279000000.0,0.0,0.0,0.0,7424000000.0,2339000000.0,5085000000.0,10729840000.0,-843000000.0,-3000000.0,-262000000.0,-538000000.0,-87000000.0,-887000000.0,-46000000.0,-2000000.0,202000000.0,2000000.0,143000000.0,143000000.0,143000000.0,-6000000.0,0.0,0.051,484000000.0,252000000.0,890000000.0,0.595,2.518,25.128,24.685,2351000000.0,0.0,27.4,0.883,0.883,1779000000.0,3364000000.0,2803000000.0,2803000000.0,0.0,,,,,0.0,484000000.0,1.0,391600000.0,391600000.0,,7.158,7416000000.0,0.0,85000000.0,1041000000.0,18.938,2197000000.0
58,MAS,MRQ,2006-12-31,2006-12-31,2006-12-31,2021-09-07,512000000.0,12325000000.0,,5115000000.0,7210000000.0,,11.342,-94000000.0,1958000000.0,1958000000.0,2035000000.0,-187000000.0,1.509,1.757,4979000000.0,1446000000.0,3533000000.0,4979000000.0,0.0,244000000.0,0.0,0.029,0.22,-66000000.0,178000000.0,0.066,178000000.0,-66000000.0,-135000000.0,-0.46,-0.46,-0.46,4471000000.0,,4471000000.0,14970754000.0,13.0,10.864,66000000.0,0.167,1.0,677000000.0,0.25,4263000000.0,69000000.0,7694000000.0,,1263000000.0,0.0,0.0,0.0,7854000000.0,3389000000.0,4465000000.0,11774754000.0,1214000000.0,2000000.0,-62000000.0,957000000.0,-87000000.0,816000000.0,-44000000.0,53000000.0,160000000.0,7000000.0,-187000000.0,-187000000.0,-187000000.0,-2000000.0,0.0,-0.069,756000000.0,-79000000.0,815000000.0,-0.478,2.634,24.129,24.089,2363000000.0,0.0,29.87,0.942,0.942,1613000000.0,3575000000.0,2712000000.0,2712000000.0,0.0,,,,,100000000.0,449000000.0,1.0,394200000.0,394200000.0,,6.88,8062000000.0,0.0,52000000.0,932000000.0,20.452,1726000000.0
59,MAS,MRQ,2006-09-30,2006-09-30,2006-09-30,2021-09-07,472000000.0,11808000000.0,,4301000000.0,7507000000.0,,11.786,-71000000.0,772000000.0,772000000.0,2360000000.0,252000000.0,1.153,1.517,3968000000.0,1491000000.0,2477000000.0,3968000000.0,0.0,0.0,0.0,0.031,0.22,429000000.0,429000000.0,0.131,429000000.0,429000000.0,375000000.0,0.65,0.64,0.65,4692000000.0,,4692000000.0,14303902000.0,9.0,7.907,274000000.0,0.688,1.0,919000000.0,0.28,4514000000.0,54000000.0,6761000000.0,,1308000000.0,0.0,0.0,0.0,7116000000.0,3729000000.0,3387000000.0,10915902000.0,232000000.0,85000000.0,-171000000.0,-1000000.0,-88000000.0,-260000000.0,84000000.0,83000000.0,345000000.0,4000000.0,252000000.0,252000000.0,252000000.0,-27000000.0,0.0,0.077,520000000.0,399000000.0,923000000.0,0.338,2.326,12.873,12.873,2318000000.0,0.0,27.42,0.849,0.849,1898000000.0,3834000000.0,3279000000.0,3279000000.0,0.0,,,,,0.0,520000000.0,1.0,398100000.0,398100000.0,,8.237,7294000000.0,0.0,123000000.0,910000000.0,18.322,572000000.0
60,MAS,MRQ,2006-06-30,2006-06-30,2006-06-30,2021-09-07,428000000.0,11767000000.0,,4261000000.0,7506000000.0,,11.662,-96000000.0,606000000.0,606000000.0,2378000000.0,219000000.0,1.244,1.54,3994000000.0,1184000000.0,2810000000.0,3994000000.0,0.0,0.0,0.0,0.028,0.22,391000000.0,391000000.0,0.117,391000000.0,391000000.0,338000000.0,0.55,0.54,0.55,4632000000.0,,4632000000.0,15050008000.0,9.0,8.17,293000000.0,0.738,1.0,976000000.0,0.291,4499000000.0,53000000.0,7230000000.0,,1313000000.0,0.0,0.0,0.0,7135000000.0,3426000000.0,3709000000.0,11773008000.0,-76000000.0,45000000.0,-276000000.0,-5000000.0,-90000000.0,-371000000.0,-49000000.0,19000000.0,389000000.0,6000000.0,219000000.0,219000000.0,219000000.0,-4000000.0,0.0,0.065,535000000.0,441000000.0,979000000.0,0.4,2.542,13.721,14.114,2284000000.0,0.0,29.64,0.916,0.916,2023000000.0,3812000000.0,3354000000.0,3354000000.0,0.0,,,,,0.0,525000000.0,1.0,397200000.0,397200000.0,,8.444,7268000000.0,0.0,119000000.0,899000000.0,18.298,835000000.0
61,MAS,MRQ,2006-03-31,2006-03-31,2006-03-31,2021-09-07,350000000.0,11755000000.0,,4219000000.0,7536000000.0,,11.247,-111000000.0,682000000.0,682000000.0,2293000000.0,204000000.0,1.253,1.511,3959000000.0,1179000000.0,2780000000.0,3959000000.0,0.0,0.0,0.0,0.025,0.2,380000000.0,380000000.0,0.12,380000000.0,380000000.0,316000000.0,0.5,0.5,0.5,4682000000.0,,4682000000.0,16308587000.0,10.0,8.437,203000000.0,0.488,1.0,874000000.0,0.276,4493000000.0,64000000.0,7173000000.0,,1256000000.0,0.0,0.0,0.0,7073000000.0,3366000000.0,3707000000.0,13525587000.0,-1282000000.0,0.0,-317000000.0,-800000000.0,-84000000.0,-1201000000.0,-113000000.0,10000000.0,314000000.0,1000000.0,204000000.0,204000000.0,204000000.0,0.0,0.0,0.064,519000000.0,355000000.0,945000000.0,0.4,2.889,14.814,14.768,2228000000.0,0.0,32.49,1.058,1.058,1965000000.0,3932000000.0,3167000000.0,3167000000.0,0.0,,,,,0.0,519000000.0,1.0,416300000.0,416300000.0,,7.607,7262000000.0,0.0,112000000.0,927000000.0,17.444,853000000.0
62,MAS,MRQ,2005-12-31,2005-12-31,2005-12-31,2021-09-07,328000000.0,12559000000.0,,5123000000.0,7436000000.0,,11.439,-54000000.0,1964000000.0,1964000000.0,2214000000.0,173000000.0,1.77,1.591,4747000000.0,832000000.0,3915000000.0,4747000000.0,0.0,241000000.0,0.0,0.026,0.2,368000000.0,609000000.0,0.199,609000000.0,368000000.0,302000000.0,0.43,0.42,0.43,4848000000.0,,4848000000.0,15958522000.0,9.0,8.218,264000000.0,0.623,1.0,845000000.0,0.276,4478000000.0,66000000.0,7970000000.0,,1127000000.0,0.0,0.0,0.0,7711000000.0,2894000000.0,4817000000.0,12794522000.0,310000000.0,174000000.0,-213000000.0,-24000000.0,-85000000.0,-322000000.0,10000000.0,-74000000.0,318000000.0,-9000000.0,173000000.0,173000000.0,173000000.0,-10000000.0,0.0,0.057,504000000.0,341000000.0,837000000.0,0.465,2.639,13.611,13.538,2173000000.0,0.0,30.19,1.024,1.024,1716000000.0,4286000000.0,3059000000.0,3059000000.0,0.0,,,,,71000000.0,461000000.0,1.0,423800000.0,423800000.0,,7.218,8081000000.0,0.0,129000000.0,902000000.0,19.068,2229000000.0
63,MAS,MRQ,2005-09-30,2005-09-30,2005-09-30,2021-09-07,393000000.0,12604000000.0,,4999000000.0,7605000000.0,,11.61,-65000000.0,1560000000.0,1560000000.0,2338000000.0,262000000.0,1.713,1.522,4724000000.0,824000000.0,3900000000.0,4724000000.0,0.0,0.0,0.0,0.025,0.2,462000000.0,462000000.0,0.141,462000000.0,462000000.0,398000000.0,0.62,0.61,0.62,4997000000.0,,4997000000.0,16417672000.0,10.0,8.967,332000000.0,0.771,1.0,940000000.0,0.287,4607000000.0,64000000.0,8243000000.0,,1177000000.0,0.0,0.0,0.0,7607000000.0,2918000000.0,4689000000.0,13204672000.0,22000000.0,-19000000.0,-157000000.0,-28000000.0,-87000000.0,-272000000.0,-26000000.0,56000000.0,397000000.0,-4000000.0,262000000.0,262000000.0,262000000.0,-8000000.0,0.0,0.08,485000000.0,455000000.0,911000000.0,0.323,2.643,15.143,14.966,2208000000.0,0.0,30.68,1.08,1.08,1982000000.0,4375000000.0,3278000000.0,3278000000.0,0.0,,,,,0.0,486000000.0,1.0,430400000.0,430400000.0,,7.616,7997000000.0,0.0,136000000.0,789000000.0,18.58,2081000000.0
64,MAS,MRQ,2005-06-30,2005-06-30,2005-06-30,2021-09-07,406000000.0,12651000000.0,,4987000000.0,7664000000.0,,11.48,-68000000.0,1538000000.0,1538000000.0,2318000000.0,274000000.0,1.645,1.541,4751000000.0,875000000.0,3876000000.0,4751000000.0,0.0,0.0,0.0,0.023,0.2,482000000.0,482000000.0,0.147,482000000.0,482000000.0,424000000.0,0.65,0.64,0.65,4979000000.0,,4979000000.0,17123312000.0,10.0,8.781,297000000.0,0.685,1.0,968000000.0,0.295,4624000000.0,58000000.0,8208000000.0,,1224000000.0,0.0,0.0,0.0,7672000000.0,3032000000.0,4640000000.0,13774312000.0,598000000.0,35000000.0,-128000000.0,486000000.0,-87000000.0,271000000.0,25000000.0,48000000.0,365000000.0,2000000.0,274000000.0,274000000.0,274000000.0,-7000000.0,0.0,0.083,505000000.0,463000000.0,951000000.0,0.308,2.766,14.215,14.116,2205000000.0,0.0,31.76,1.137,1.137,1956000000.0,4217000000.0,3286000000.0,3286000000.0,0.0,,,,,0.0,508000000.0,1.0,433700000.0,433700000.0,,7.577,8027000000.0,0.0,150000000.0,764000000.0,18.508,1955000000.0
65,MAS,MRQ,2005-03-31,2005-03-31,2005-03-31,2021-09-07,512000000.0,12135000000.0,,4302000000.0,7833000000.0,,11.249,-58000000.0,940000000.0,940000000.0,2086000000.0,231000000.0,1.446,1.423,4289000000.0,882000000.0,3407000000.0,4289000000.0,0.0,0.0,0.0,0.02,0.18,391000000.0,391000000.0,0.134,391000000.0,391000000.0,332000000.0,0.53,0.52,0.53,5008000000.0,,5008000000.0,18446084000.0,11.0,9.469,236000000.0,0.53,1.0,828000000.0,0.284,4685000000.0,59000000.0,7823000000.0,,1191000000.0,0.0,0.0,0.0,7127000000.0,2976000000.0,4151000000.0,15435084000.0,-354000000.0,101000000.0,-455000000.0,-27000000.0,-80000000.0,-562000000.0,83000000.0,69000000.0,294000000.0,6000000.0,231000000.0,231000000.0,231000000.0,-24000000.0,0.0,0.079,493000000.0,335000000.0,892000000.0,0.34,3.082,16.145,15.831,2243000000.0,0.0,34.67,1.298,1.298,1902000000.0,4029000000.0,2914000000.0,2914000000.0,0.0,,,,,0.0,495000000.0,1.0,445200000.0,445200000.0,,6.545,7450000000.0,0.0,101000000.0,744000000.0,16.734,1326000000.0
66,MAS,MRQ,2004-12-31,2004-12-31,2004-12-31,2021-09-07,627000000.0,12541000000.0,,4402000000.0,8139000000.0,,12.105,-85000000.0,1256000000.0,1256000000.0,1919000000.0,105000000.0,2.05,1.313,4267000000.0,80000000.0,4187000000.0,4267000000.0,0.0,237000000.0,0.0,0.018,0.18,259000000.0,496000000.0,0.181,496000000.0,259000000.0,202000000.0,0.25,0.23,0.25,5423000000.0,,5423000000.0,19650440000.0,12.0,10.245,234000000.0,0.522,1.0,824000000.0,0.3,4734000000.0,57000000.0,8671000000.0,,1132000000.0,0.0,0.0,0.0,7118000000.0,2147000000.0,4971000000.0,16365440000.0,287000000.0,-8000000.0,-103000000.0,-3000000.0,-80000000.0,-186000000.0,-38000000.0,123000000.0,319000000.0,30000000.0,105000000.0,105000000.0,105000000.0,15000000.0,0.0,0.038,595000000.0,229000000.0,837000000.0,0.72,3.018,18.326,18.174,2272000000.0,0.0,36.53,1.389,1.389,1732000000.0,3880000000.0,2743000000.0,2743000000.0,0.0,,,,,74000000.0,483000000.0,1.0,448000000.0,448000000.0,,6.123,7807000000.0,0.0,97000000.0,740000000.0,17.426,2255000000.0
67,MAS,MRQ,2004-09-30,2004-09-30,2004-09-30,2021-09-07,409000000.0,12389000000.0,,4279000000.0,8110000000.0,,12.098,-64000000.0,969000000.0,969000000.0,2182000000.0,359000000.0,2.112,1.363,4254000000.0,44000000.0,4210000000.0,4254000000.0,0.0,0.0,0.0,0.019,0.16,581000000.0,581000000.0,0.183,581000000.0,581000000.0,526000000.0,0.82,0.8,0.82,5242000000.0,,5242000000.0,18867089340.0,11.0,9.801,356000000.0,0.822,1.0,991000000.0,0.312,4775000000.0,55000000.0,8873000000.0,,1126000000.0,0.0,0.0,0.0,7147000000.0,2026000000.0,5121000000.0,14961089340.0,435000000.0,184000000.0,-85000000.0,-143000000.0,-73000000.0,-301000000.0,238000000.0,127000000.0,420000000.0,9000000.0,359000000.0,359000000.0,359000000.0,-70000000.0,0.0,0.113,500000000.0,491000000.0,852000000.0,0.195,2.854,17.001,17.439,2165000000.0,0.0,34.53,1.288,1.288,1908000000.0,3856000000.0,3173000000.0,3173000000.0,0.0,,,,,0.0,502000000.0,1.0,433278000.0,433278000.0,,7.323,7614000000.0,0.0,167000000.0,851000000.0,17.573,2253000000.0
68,MAS,MRQ,2004-06-30,2004-06-30,2004-06-30,2021-09-07,381000000.0,12277000000.0,,3867000000.0,8410000000.0,,11.46,-69000000.0,527000000.0,527000000.0,2087000000.0,261000000.0,1.886,1.446,4433000000.0,136000000.0,4297000000.0,4433000000.0,0.0,0.0,0.0,0.02,0.16,480000000.0,480000000.0,0.157,480000000.0,480000000.0,428000000.0,0.59,0.58,0.59,5020000000.0,,5020000000.0,17543744220.0,11.0,9.317,400000000.0,0.913,1.0,974000000.0,0.318,4777000000.0,52000000.0,9356000000.0,,1134000000.0,0.0,0.0,0.0,7257000000.0,2050000000.0,5207000000.0,13657744220.0,-84000000.0,-26000000.0,-285000000.0,-151000000.0,-73000000.0,-509000000.0,46000000.0,127000000.0,469000000.0,-7000000.0,261000000.0,261000000.0,261000000.0,33000000.0,0.0,0.085,497000000.0,477000000.0,869000000.0,0.271,2.721,16.259,17.038,2165000000.0,0.0,31.18,1.213,1.213,1929000000.0,3583000000.0,3061000000.0,3061000000.0,0.0,,,,,0.0,504000000.0,1.0,438029000.0,438029000.0,,6.988,7500000000.0,0.0,167000000.0,812000000.0,17.122,1817000000.0
69,MAS,MRQ,2004-03-31,2004-03-31,2004-03-31,2021-09-07,402000000.0,12249000000.0,,3747000000.0,8502000000.0,,11.331,-55000000.0,624000000.0,624000000.0,1955000000.0,168000000.0,1.778,1.389,4510000000.0,313000000.0,4197000000.0,4510000000.0,0.0,0.0,0.0,0.02,0.16,361000000.0,361000000.0,0.129,361000000.0,361000000.0,308000000.0,0.37,0.36,0.37,5127000000.0,,5127000000.0,17159882400.0,11.0,9.439,191000000.0,0.422,1.0,851000000.0,0.303,4755000000.0,53000000.0,9273000000.0,,1033000000.0,0.0,0.0,0.0,7122000000.0,2107000000.0,5015000000.0,13772882400.0,-139000000.0,-32000000.0,-412000000.0,284000000.0,-76000000.0,-149000000.0,-85000000.0,-47000000.0,246000000.0,-3000000.0,168000000.0,168000000.0,168000000.0,73000000.0,0.0,0.06,464000000.0,387000000.0,808000000.0,0.432,2.686,17.046,17.698,2153000000.0,0.0,30.44,1.272,1.272,1820000000.0,3394000000.0,2806000000.0,2806000000.0,0.0,,,,,0.0,485000000.0,1.0,452460000.0,452460000.0,,6.202,7494000000.0,0.0,140000000.0,719000000.0,16.563,1640000000.0
70,MAS,MRQ,2003-12-31,2003-12-31,2003-12-31,2021-09-07,421000000.0,12173000000.0,,3804000000.0,8369000000.0,,11.78,-73000000.0,795000000.0,795000000.0,1778000000.0,92000000.0,1.731,1.231,4182000000.0,334000000.0,3848000000.0,4182000000.0,0.0,244000000.0,0.0,0.021,0.16,259000000.0,503000000.0,0.195,503000000.0,259000000.0,200000000.0,0.2,0.2,0.2,5456000000.0,,5456000000.0,16123606320.0,11.0,9.084,531000000.0,1.146,1.0,795000000.0,0.309,4835000000.0,59000000.0,8528000000.0,,1019000000.0,0.0,0.0,0.0,6717000000.0,2197000000.0,4520000000.0,12694996320.0,-113000000.0,-29000000.0,-254000000.0,-168000000.0,-77000000.0,-451000000.0,-183000000.0,-66000000.0,604000000.0,24000000.0,92000000.0,92000000.0,92000000.0,41000000.0,0.0,0.036,494000000.0,301000000.0,715000000.0,0.8,2.327,15.751,16.315,2339000000.0,0.0,27.41,1.223,1.223,1674000000.0,3299000000.0,2573000000.0,2573000000.0,0.0,,,,,0.0,442000000.0,1.0,463152000.0,463152000.0,,5.555,7338000000.0,0.0,108000000.0,672000000.0,15.844,1607000000.0
71,MAS,MRQ,2003-09-30,2003-09-30,2003-09-30,2021-09-07,179060000.0,12200580000.0,,4026720000.0,8173860000.0,,11.499,-59000000.0,907710000.0,907710000.0,1949000000.0,319000000.0,1.749,1.257,4336320000.0,500040000.0,3836280000.0,4336320000.0,0.0,0.0,0.0,0.023,0.14,539000000.0,539000000.0,0.191,539000000.0,539000000.0,472000000.0,0.67,0.65,0.67,5404590000.0,,5404590000.0,15345866560.0,9.0,8.328,242000000.0,0.515,1.0,874000000.0,0.31,4853590000.0,67000000.0,8473040000.0,,1025900000.0,0.0,0.0,0.0,6795990000.0,2302560000.0,4493430000.0,11505526560.0,122000000.0,273000000.0,-132000000.0,-330000000.0,-69000000.0,-531000000.0,209000000.0,-19000000.0,301000000.0,-1000000.0,319000000.0,319000000.0,319000000.0,-61000000.0,0.0,0.113,401000000.0,473000000.0,706320000.0,0.209,2.129,12.656,12.952,2295120000.0,0.0,24.48,1.161,1.161,1830360000.0,3282700000.0,2823000000.0,2823000000.0,0.0,,,,,0.0,459000000.0,1.0,469997000.0,469997000.0,,6.006,7346990000.0,0.0,153000000.0,657150000.0,15.632,1724160000.0
72,MAS,MRQ,2003-06-30,2003-06-30,2003-06-30,2021-09-07,175690000.0,12279980000.0,,3986380000.0,8293600000.0,,11.137,-61000000.0,785440000.0,785440000.0,1821000000.0,229000000.0,1.511,1.314,4625780000.0,809050000.0,3816730000.0,4625780000.0,0.0,0.0,0.0,0.023,0.14,415000000.0,415000000.0,0.158,415000000.0,415000000.0,348000000.0,0.48,0.46,0.48,5307610000.0,,5307610000.0,15241136900.0,12.0,9.895,219000000.0,0.46,1.0,807000000.0,0.307,4855820000.0,67000000.0,8626400000.0,,1161850000.0,0.0,0.0,0.0,6972370000.0,2638100000.0,4334270000.0,11366766900.0,37000000.0,-147000000.0,-190000000.0,-17000000.0,-69000000.0,-276000000.0,-74000000.0,157000000.0,280000000.0,23000000.0,229000000.0,229000000.0,229000000.0,-9000000.0,0.0,0.087,433000000.0,374000000.0,676520000.0,0.292,2.142,15.944,16.224,2424600000.0,0.0,23.85,1.193,1.193,1775960000.0,3041310000.0,2628000000.0,2628000000.0,0.0,,,,,0.0,433000000.0,1.0,476594000.0,476594000.0,,5.514,7424160000.0,0.0,119000000.0,517540000.0,15.578,1348280000.0
73,MAS,MRQ,2003-03-31,2003-03-31,2003-03-31,2021-09-07,60000.0,11970320000.0,,3827940000.0,8142380000.0,,10.648,-78000000.0,748450000.0,748450000.0,1644000000.0,166000000.0,1.966,1.302,4622820000.0,301050000.0,4321770000.0,4622820000.0,0.0,0.0,0.0,0.03,0.14,318000000.0,318000000.0,0.135,318000000.0,318000000.0,251000000.0,0.34,0.32,0.34,5199120000.0,,5199120000.0,12662723260.0,10.0,8.419,158000000.0,0.324,1.0,708000000.0,0.301,4698020000.0,67000000.0,9199870000.0,,1123200000.0,70110000.0,0.0,70110000.0,6771200000.0,1946800000.0,4824400000.0,9091643260.0,-318000000.0,-52000000.0,-214000000.0,-26000000.0,-71000000.0,-359000000.0,-80000000.0,58000000.0,236000000.0,6000000.0,166000000.0,166000000.0,166000000.0,-8000000.0,0.0,0.071,407000000.0,301000000.0,657150000.0,0.412,1.749,13.022,12.931,2364930000.0,0.0,18.62,0.987,0.987,1683740000.0,2879780000.0,2352000000.0,2352000000.0,0.0,,,,,0.0,420000000.0,1.0,488273000.0,488273000.0,,4.817,7272300000.0,0.0,85000000.0,502630000.0,14.894,1881140000.0
74,MAS,MRQ,2002-12-31,2002-12-31,2002-12-31,2021-09-07,-22000000.0,12050000000.0,,3950000000.0,8100000000.0,,10.76,-109550000.0,1067000000.0,1067000000.0,1467160000.0,195100000.0,2.045,1.276,4637000000.0,321000000.0,4316000000.0,4637000000.0,0.0,220000000.0,0.0,0.026,0.14,350700000.0,570700000.0,0.271,570700000.0,350700000.0,285980000.0,0.4,0.37,0.4,5294000000.0,,5294000000.0,14032500000.0,12.0,10.228,286510000.0,0.582,1.0,635610000.0,0.302,4651000000.0,64720000.0,9037000000.0,,1056000000.0,0.0,0.0,0.0,6756000000.0,1932000000.0,4824000000.0,10356600000.0,466900000.0,-69640000.0,-105800000.0,269090000.0,-71500000.0,92050000.0,-199970000.0,-47170000.0,396060000.0,40650000.0,195100000.0,195100000.0,195100000.0,-43000000.0,0.0,0.093,305310000.0,330300000.0,541000000.0,0.35,1.956,17.554,17.254,2315000000.0,0.0,21.05,1.173,1.173,1546000000.0,2784000000.0,2102770000.0,2102770000.0,0.0,,,,,0.0,324310000.0,1.0,492000000.0,492000000.0,,4.274,7399000000.0,0.0,90880000.0,508000000.0,15.039,2018000000.0
75,MAS,MRQ,2002-09-30,2002-09-30,2002-09-30,2021-09-07,-98410000.0,11433990000.0,,3497570000.0,7936420000.0,,11.013,-58190000.0,600090000.0,600090000.0,1666200000.0,122800000.0,1.853,1.143,4275990000.0,311650000.0,3964340000.0,4275990000.0,0.0,0.0,0.0,0.028,0.135,236530000.0,236530000.0,0.097,236530000.0,236530000.0,175470000.0,0.25,0.24,0.25,5335630000.0,,5335630000.0,12613215000.0,12.0,9.511,246100000.0,0.508,1.0,780500000.0,0.319,4493070000.0,61060000.0,8729560000.0,,994580000.0,95810000.0,0.0,95810000.0,6098360000.0,1887260000.0,4211100000.0,9471975000.0,-28660000.0,-458230000.0,-60540000.0,497210000.0,-67750000.0,366660000.0,-687730000.0,-191510000.0,304290000.0,-9670000.0,122800000.0,122800000.0,122800000.0,0.0,0.0,0.05,534850000.0,245650000.0,565030000.0,0.54,1.775,18.114,17.936,2120600000.0,0.0,19.55,1.09,1.09,1715130000.0,2659460000.0,2446700000.0,2446700000.0,0.0,,,,,0.0,368850000.0,1.0,484500000.0,484500000.0,,5.05,6940920000.0,0.0,52670000.0,246760000.0,14.326,1610310000.0
76,MAS,MRQ,2002-06-30,2002-06-30,2002-06-30,2021-09-07,-41150000.0,10418080000.0,,3314610000.0,7103470000.0,,11.033,-60590000.0,628750000.0,628750000.0,1549650000.0,214300000.0,2.168,1.05,3769990000.0,134510000.0,3635480000.0,3769990000.0,0.0,0.0,0.0,0.02,0.135,378900000.0,378900000.0,0.164,378900000.0,378900000.0,324700000.0,0.45,0.43,0.45,5081780000.0,,5081780000.0,15955420680.0,27.0,18.35,238670000.0,0.518,1.0,764350000.0,0.33,3727910000.0,54200000.0,8302650000.0,,989130000.0,94360000.0,0.0,94360000.0,5336300000.0,1528760000.0,3807540000.0,12486540680.0,390590000.0,-192280000.0,598340000.0,-81050000.0,-64440000.0,445230000.0,-331950000.0,-61470000.0,299260000.0,24820000.0,214300000.0,214300000.0,214300000.0,0.0,0.0,0.093,369250000.0,395100000.0,469130000.0,0.3,2.457,57.515,60.244,2096200000.0,0.0,27.11,1.474,1.474,1520630000.0,2608140000.0,2314000000.0,2314000000.0,0.0,,,,,0.0,369250000.0,1.0,460588000.0,460588000.0,,5.024,6690170000.0,0.0,110400000.0,172060000.0,14.525,1785850000.0
77,MAS,MRQ,2002-03-31,2002-03-31,2002-03-31,2021-09-07,-190240000.0,9342890000.0,,2683590000.0,6659300000.0,,9.207,-56670000.0,238160000.0,238160000.0,1454050000.0,57800000.0,2.039,1.207,3707040000.0,130690000.0,3576350000.0,3707040000.0,0.0,0.0,0.0,0.019,0.135,190300000.0,190300000.0,0.091,190300000.0,190300000.0,135200000.0,0.12,0.12,0.12,4232830000.0,,4232830000.0,16065664950.0,32.0,21.028,168720000.0,0.367,1.0,645950000.0,0.308,3579820000.0,55100000.0,7916000000.0,,897250000.0,226350000.0,0.0,226350000.0,5110060000.0,1315950000.0,3794110000.0,12620164950.0,-73830000.0,5150000.0,0.0,-51250000.0,-64310000.0,-136940000.0,-76350000.0,-26850000.0,225390000.0,3200000.0,57800000.0,57800000.0,57800000.0,0.0,0.0,0.028,355350000.0,290600000.0,402540000.0,1.125,2.981,89.0,88.548,2009720000.0,0.0,27.45,1.535,1.535,1377180000.0,2553960000.0,2100000000.0,2100000000.0,0.0,,,,,0.0,355350000.0,1.0,459751000.0,459751000.0,,4.568,5763070000.0,0.0,77400000.0,217760000.0,12.535,1367640000.0
78,MAS,MRQ,2001-12-31,2001-12-31,2001-12-31,2021-09-07,-188290000.0,9021170000.0,,2626920000.0,6394250000.0,,8.624,-73410000.0,311990000.0,311990000.0,1260890000.0,128000000.0,2.124,1.279,3757490000.0,129860000.0,3627630000.0,3757490000.0,0.0,269000000.0,0.0,0.021,0.135,251500000.0,520500000.0,0.285,520500000.0,251500000.0,191800000.0,0.27,0.27,0.27,3957670000.0,,3957670000.0,15115195500.0,28.0,18.684,186520000.0,0.406,1.0,567110000.0,0.31,3543890000.0,59700000.0,7686220000.0,,913100000.0,214840000.0,0.0,214840000.0,5063500000.0,1236560000.0,3826940000.0,11243515500.0,166120000.0,35130000.0,2180000.0,-245320000.0,-64460000.0,-326160000.0,77340000.0,96750000.0,259930000.0,1000000.0,128000000.0,128000000.0,128000000.0,4000000.0,0.0,0.07,322960000.0,244150000.0,322280000.0,0.5,2.841,56.5,56.977,2016730000.0,0.0,24.5,1.403,1.403,1204210000.0,2468230000.0,1828000000.0,1828000000.0,0.0,,,,,0.0,299960000.0,1.0,458919000.0,458919000.0,,3.983,5477280000.0,0.0,63800000.0,199310000.0,11.935,1390360000.0
79,MAS,MRQ,2001-09-30,2001-09-30,2001-09-30,2021-09-07,-173020000.0,9213230000.0,,2616990000.0,6596240000.0,,8.924,-67780000.0,146310000.0,146310000.0,1548270000.0,-183000000.0,2.247,1.243,4017990000.0,194940000.0,3823050000.0,4017990000.0,0.0,0.0,0.0,0.025,0.13,-220200000.0,-220200000.0,-0.099,-220200000.0,-220200000.0,-281800000.0,-0.39,-0.39,-0.39,4106700000.0,,4106700000.0,13194687560.0,36.0,22.591,262300000.0,0.57,1.0,678730000.0,0.305,3516620000.0,61600000.0,8403640000.0,,1001550000.0,199130000.0,0.0,199130000.0,5106530000.0,1164650000.0,3941880000.0,9406467560.0,39820000.0,-151080000.0,-34720000.0,64260000.0,-59980000.0,-37930000.0,-262390000.0,-21670000.0,330080000.0,0.0,-183000000.0,-183000000.0,-183000000.0,0.0,0.0,-0.082,365800000.0,312930000.0,286450000.0,-0.333,2.291,81.16,75.704,2006220000.0,0.0,20.44,1.198,1.198,1319470000.0,2469220000.0,2227000000.0,2227000000.0,0.0,,,,,0.0,341900000.0,1.0,460199000.0,460199000.0,,4.839,5696610000.0,0.0,-98800000.0,118830000.0,12.379,1452340000.0
80,MAS,MRQ,2001-06-30,2001-06-30,2001-06-30,2021-09-07,-247030000.0,8824980000.0,,2616910000.0,6208070000.0,,8.108,-67550000.0,106490000.0,106490000.0,1435000000.0,139000000.0,2.209,1.367,3894710000.0,208950000.0,3685760000.0,3894710000.0,0.0,0.0,0.0,0.02,0.13,273400000.0,273400000.0,0.132,273400000.0,273400000.0,214000000.0,0.31,0.3,0.31,3728520000.0,,3728520000.0,15209920800.0,16.0,13.198,171140000.0,0.372,1.0,629000000.0,0.305,2745480000.0,59400000.0,8683310000.0,,1023170000.0,656460000.0,0.0,656460000.0,5096460000.0,1184410000.0,3912050000.0,11477980800.0,17060000.0,-160420000.0,-9270000.0,117430000.0,-59770000.0,48390000.0,-275950000.0,-19660000.0,238690000.0,0.0,139000000.0,139000000.0,139000000.0,0.0,0.0,0.067,356480000.0,272520000.0,313340000.0,0.419,3.078,23.603,23.111,1949610000.0,0.0,24.96,1.526,1.526,1336820000.0,2652420000.0,2064000000.0,2064000000.0,0.0,,,,,0.0,333380000.0,1.0,459855000.0,459855000.0,,4.488,6079500000.0,0.0,75000000.0,226290000.0,13.22,1432500000.0
81,MAS,MRQ,2001-03-31,2001-03-31,2001-03-31,2021-09-07,-226040000.0,8573580000.0,,2508670000.0,6064910000.0,,8.005,-65260000.0,89430000.0,89430000.0,1341840000.0,115000000.0,2.281,1.333,3821370000.0,216610000.0,3604760000.0,3821370000.0,0.0,0.0,0.0,0.021,0.13,235300000.0,235300000.0,0.124,235300000.0,235300000.0,177000000.0,0.25,0.25,0.25,3675380000.0,,3675380000.0,14143399600.0,14.0,11.582,73040000.0,0.159,1.0,554160000.0,0.292,2666120000.0,58300000.0,8539770000.0,,988560000.0,639790000.0,0.0,639790000.0,4898200000.0,1099630000.0,3798570000.0,11083639600.0,-80000000.0,-80630000.0,-25190000.0,265630000.0,-59790000.0,157700000.0,-206000000.0,-80420000.0,138300000.0,0.0,115000000.0,115000000.0,115000000.0,0.0,0.0,0.061,341760000.0,212400000.0,279330000.0,0.52,3.016,20.807,20.286,1924820000.0,0.0,24.14,1.513,1.513,1287650000.0,2573170000.0,1896000000.0,1896000000.0,0.0,,,,,0.0,318760000.0,1.0,459140000.0,459140000.0,,4.129,5907460000.0,0.0,62000000.0,193810000.0,12.866,1409040000.0
82,MAS,MRQ,2000-12-31,2000-12-31,2000-12-31,2021-09-07,-169750000.0,7744000000.0,,2308160000.0,5435840000.0,,7.677,-134530000.0,169430000.0,169430000.0,1222260000.0,44900000.0,2.141,1.26,3229190000.0,210950000.0,3018240000.0,3229190000.0,0.0,215900000.0,0.0,0.019,0.13,79680000.0,295580000.0,0.177,295580000.0,79680000.0,25500000.0,0.1,0.1,0.1,3426060000.0,,3426060000.0,14449186130.0,13.0,11.109,24900000.0,0.056,1.0,445740000.0,0.267,2190770000.0,54180000.0,7534940000.0,,912960000.0,621130000.0,0.0,621130000.0,4317940000.0,1078050000.0,3239890000.0,11464856130.0,-11800000.0,-19490000.0,-141850000.0,29820000.0,-55200000.0,-168950000.0,-73750000.0,-198020000.0,159430000.0,-10490000.0,44900000.0,44900000.0,44900000.0,0.0,0.0,0.027,355720000.0,90020000.0,250460000.0,1.3,3.346,19.376,19.172,1906840000.0,0.0,25.69,1.597,1.597,1099150000.0,2519940000.0,1668000000.0,1668000000.0,0.0,,,,,0.0,247320000.0,1.0,446277000.0,446277000.0,,3.738,5553230000.0,0.0,-19400000.0,221650000.0,12.443,1230110000.0
83,MAS,MRQ,2000-09-30,2000-09-30,2000-09-30,2021-09-07,-230620000.0,7885060000.0,,2406350000.0,5478710000.0,,7.693,-83660000.0,181230000.0,181230000.0,1265700000.0,187400000.0,1.295,1.242,3165560000.0,888520000.0,2277040000.0,3165560000.0,0.0,0.0,0.0,0.026,0.12,348200000.0,348200000.0,0.184,348200000.0,348200000.0,297500000.0,0.42,0.41,0.42,3516550000.0,,3516550000.0,11629755823.0,9.0,7.905,130170000.0,0.285,1.0,627300000.0,0.331,2148510000.0,50700000.0,6862860000.0,,912460000.0,741270000.0,0.0,741270000.0,4368510000.0,1858020000.0,2510490000.0,8515625823.0,58410000.0,-2200000.0,78250000.0,-32000000.0,-56220000.0,-27500000.0,-205450000.0,0.0,213830000.0,0.0,187400000.0,187400000.0,187400000.0,0.0,0.0,0.099,327100000.0,300200000.0,254330000.0,0.286,2.422,11.738,11.291,1827260000.0,0.0,18.63,1.19,1.19,1182360000.0,2529160000.0,1893000000.0,1893000000.0,0.0,,,,,0.0,309400000.0,1.0,457092100.0,457092100.0,,4.141,5736550000.0,0.0,110100000.0,233450000.0,12.55,548330000.0
84,MAS,MRQ,2000-06-30,2000-06-30,2000-06-30,2021-09-07,-150380000.0,7750530000.0,,2368960000.0,5381570000.0,,7.56,-83730000.0,122820000.0,122820000.0,1244200000.0,185400000.0,1.33,1.285,3236950000.0,890220000.0,2346730000.0,3236950000.0,0.0,0.0,0.0,0.026,0.12,342100000.0,342100000.0,0.183,342100000.0,342100000.0,294400000.0,0.42,0.41,0.42,3391570000.0,,3391570000.0,10823303582.0,10.0,8.537,111640000.0,0.249,1.0,626800000.0,0.335,2172580000.0,47700000.0,6910560000.0,,938540000.0,730980000.0,0.0,730980000.0,4358960000.0,1781520000.0,2577440000.0,8102613582.0,48600000.0,-339590000.0,0.0,441050000.0,-53910000.0,367420000.0,-501380000.0,0.0,195370000.0,0.0,185400000.0,185400000.0,185400000.0,0.0,0.0,0.099,325500000.0,301300000.0,269840000.0,0.286,2.389,13.437,13.087,1797970000.0,0.0,18.06,1.163,1.163,1192790000.0,2403250000.0,1871000000.0,1871000000.0,0.0,,,,,0.0,309600000.0,1.0,448649700.0,448649700.0,,4.17,5577950000.0,0.0,109000000.0,230710000.0,12.433,587440000.0
85,MAS,MRQ,2000-03-31,2000-03-31,2000-03-31,2021-09-07,-79670000.0,7207540000.0,,2238550000.0,4968990000.0,,7.416,-86110000.0,74220000.0,74220000.0,1171200000.0,174000000.0,1.821,1.172,2794910000.0,363240000.0,2431670000.0,2794910000.0,0.0,0.0,0.0,0.017,0.12,314800000.0,314800000.0,0.18,314800000.0,314800000.0,276000000.0,0.4,0.39,0.4,3317930000.0,,3317930000.0,11434121000.0,11.0,9.275,79100000.0,0.177,1.0,574800000.0,0.329,1876840000.0,38800000.0,6822080000.0,,884000000.0,715270000.0,0.0,715270000.0,3889610000.0,1229310000.0,2660300000.0,9171331000.0,-156560000.0,-170360000.0,0.0,263140000.0,-53350000.0,208950000.0,-384040000.0,0.0,165210000.0,0.0,174000000.0,174000000.0,174000000.0,0.0,0.0,0.1,306300000.0,268500000.0,272440000.0,0.3,2.764,15.5,15.074,1750380000.0,0.0,20.5,1.377,1.377,1166870000.0,2271670000.0,1746000000.0,1746000000.0,0.0,,,,,0.0,292100000.0,1.0,447382000.0,447382000.0,,3.903,5330700000.0,0.0,102000000.0,228630000.0,11.915,1009240000.0
86,MAS,MRQ,1999-12-31,1999-12-31,1999-12-31,2021-09-07,-60520000.0,6634920000.0,,2109780000.0,4525140000.0,,7.075,-103870000.0,230780000.0,230780000.0,1217570000.0,178700000.0,2.493,1.115,2493570000.0,62300000.0,2431270000.0,2493570000.0,0.0,163390000.0,0.0,0.018,0.12,302620000.0,466010000.0,0.283,466010000.0,302620000.0,268700000.0,0.41,0.4,0.41,3136500000.0,,3136500000.0,13674264580.0,13.0,11.511,-100630000.0,-0.227,1.0,427430000.0,0.26,1742930000.0,33920000.0,6308350000.0,,769870000.0,684750000.0,0.0,684750000.0,3498420000.0,846430000.0,2651990000.0,11251994580.0,85260000.0,-2030000.0,-99600000.0,-7310000.0,-53360000.0,-62550000.0,-55030000.0,11390000.0,3240000.0,0.0,178700000.0,178700000.0,178700000.0,0.0,0.0,0.109,162520000.0,264910000.0,243810000.0,0.293,3.587,19.754,19.374,1624360000.0,0.0,25.38,1.784,1.784,1002630000.0,2151520000.0,1645000000.0,1645000000.0,0.0,,,,,0.0,148790000.0,1.0,443341000.0,443341000.0,,3.71,4891990000.0,0.0,90000000.0,220720000.0,11.034,1263350000.0
87,MAS,MRQ,1999-09-30,1999-09-30,1999-09-30,2021-09-07,-33850000.0,6647720000.0,,2160320000.0,4487400000.0,,9.011,-89740000.0,145520000.0,145520000.0,1082000000.0,64900000.0,2.226,1.185,2567790000.0,147380000.0,2420410000.0,2567790000.0,0.0,0.0,0.0,0.014,0.11,144900000.0,144900000.0,0.085,144900000.0,144900000.0,113200000.0,0.15,0.15,0.15,3043090000.0,,3043090000.0,12150093200.0,13.0,10.846,46780000.0,0.139,1.0,622000000.0,0.365,1734580000.0,31700000.0,6365090000.0,,777610000.0,672920000.0,0.0,672920000.0,3604630000.0,970320000.0,2634310000.0,10468613200.0,52500000.0,-387560000.0,106760000.0,461120000.0,-37170000.0,437640000.0,-487870000.0,0.0,136520000.0,0.0,64900000.0,64900000.0,64900000.0,0.0,0.0,0.038,476700000.0,145300000.0,255430000.0,0.733,3.44,19.801,25.41,1579960000.0,0.0,31.0,1.748,1.748,1124870000.0,2038510000.0,1704000000.0,1704000000.0,0.0,,,,,0.0,463600000.0,1.0,337697200.0,337697200.0,,5.046,4913140000.0,0.0,48300000.0,213900000.0,14.549,1190000000.0
88,MAS,MRQ,1999-06-30,1999-06-30,1999-06-30,2021-09-07,-66540000.0,5395940000.0,,1621980000.0,3773960000.0,,8.208,-84730000.0,78360000.0,78360000.0,986200000.0,174100000.0,1.765,0.951,1759840000.0,253000000.0,1506840000.0,1759840000.0,0.0,0.0,0.0,0.015,0.0,307100000.0,307100000.0,0.196,307100000.0,307100000.0,278900000.0,0.4,0.39,0.4,2765520000.0,,2765520000.0,11010432936.0,10.0,8.821,101450000.0,0.301,1.0,580800000.0,0.371,1342200000.0,28200000.0,4816270000.0,,626750000.0,686110000.0,0.0,686110000.0,2630420000.0,918950000.0,1711470000.0,9730962936.0,-236270000.0,-342640000.0,-57990000.0,157430000.0,-37230000.0,62210000.0,-440620000.0,0.0,186180000.0,0.0,174100000.0,174100000.0,174100000.0,0.0,0.0,0.111,314800000.0,266000000.0,186600000.0,0.0,3.519,15.782,20.338,1253910000.0,0.0,28.88,1.718,1.718,845370000.0,2300480000.0,1567000000.0,1567000000.0,0.0,,,,,0.0,304500000.0,1.0,336944700.0,336944700.0,,4.651,4053740000.0,0.0,104800000.0,204630000.0,12.031,703030000.0
89,MAS,MRQ,1999-03-31,1999-03-31,1999-03-31,2021-09-07,-41080000.0,5144630000.0,,1747570000.0,3397060000.0,,8.093,-72510000.0,328170000.0,328170000.0,874400000.0,151900000.0,2.038,0.874,1607640000.0,257420000.0,1350220000.0,1607640000.0,0.0,0.0,0.0,0.025,0.22,269900000.0,269900000.0,0.194,269900000.0,269900000.0,243300000.0,0.35,0.34,0.35,2745540000.0,,2745540000.0,10686994000.0,11.0,9.288,92160000.0,0.272,1.0,516600000.0,0.371,1066090000.0,26600000.0,4500530000.0,,572200000.0,671040000.0,0.0,671040000.0,2399090000.0,857480000.0,1541610000.0,9583304000.0,-223860000.0,-62720000.0,-48770000.0,-32250000.0,-37230000.0,-118250000.0,-148510000.0,0.0,164670000.0,0.0,151900000.0,151900000.0,151900000.0,0.0,0.0,0.109,281800000.0,234800000.0,157510000.0,0.629,3.49,17.128,20.62,1183350000.0,0.0,28.25,1.849,1.849,786160000.0,2198910000.0,1391000000.0,1391000000.0,0.0,,,,,0.0,273500000.0,1.0,339232000.0,339232000.0,,4.1,4078540000.0,0.0,91400000.0,191390000.0,12.023,890090000.0
90,MAS,MRQ,1998-12-31,1998-12-31,1998-12-31,2021-09-07,-16570000.0,5618850000.0,,2082000000.0,3536850000.0,,8.178,-88300000.0,553150000.0,553150000.0,998450000.0,137800000.0,2.132,1.026,1947610000.0,309320000.0,1638290000.0,1947610000.0,0.0,156670000.0,0.0,0.021,0.11,241700000.0,398370000.0,0.3,398370000.0,241700000.0,212600000.0,0.32,0.31,0.32,2774040000.0,,2774040000.0,10863958750.0,11.0,9.234,5640000.0,0.017,1.0,328550000.0,0.248,1055790000.0,29100000.0,4981180000.0,,646930000.0,659490000.0,0.0,659490000.0,2844810000.0,976340000.0,1868470000.0,9752718750.0,105680000.0,-85280000.0,-43330000.0,53640000.0,7780000.0,-28710000.0,-144400000.0,0.0,93940000.0,0.0,137800000.0,137800000.0,137800000.0,0.0,0.0,0.104,126650000.0,201900000.0,196930000.0,0.344,3.516,17.258,22.115,1357830000.0,0.0,28.75,1.847,1.847,800280000.0,1762800000.0,1327000000.0,1327000000.0,0.0,,,,,0.0,118250000.0,1.0,339225000.0,339225000.0,,3.912,4563060000.0,0.0,74800000.0,230180000.0,13.451,1105660000.0
91,MAS,MRQ,1998-09-30,1998-09-30,1998-09-30,2021-09-07,-22020000.0,5016200000.0,,1839580000.0,3176620000.0,,7.831,-80470000.0,442880000.0,442880000.0,869600000.0,152800000.0,2.107,0.883,1554120000.0,261130000.0,1292990000.0,1554120000.0,0.0,0.0,0.0,0.024,0.11,272900000.0,272900000.0,0.198,272900000.0,272900000.0,241800000.0,0.35,0.34,0.35,2663850000.0,,2663850000.0,9444704750.0,9.0,8.38,141670000.0,0.416,1.0,510400000.0,0.37,974600000.0,31100000.0,4279640000.0,,550720000.0,642370000.0,0.0,642370000.0,2352350000.0,873200000.0,1479150000.0,8418984750.0,21560000.0,34770000.0,0.0,56010000.0,-82550000.0,-70970000.0,-60260000.0,0.0,222140000.0,0.0,152800000.0,152800000.0,152800000.0,0.0,0.0,0.111,276700000.0,233700000.0,155210000.0,0.314,3.16,15.374,20.287,1119580000.0,0.0,24.75,1.606,1.606,734660000.0,2026370000.0,1380000000.0,1380000000.0,0.0,,,,,0.0,269200000.0,1.0,340161000.0,340161000.0,,4.057,4041600000.0,0.0,89000000.0,186160000.0,11.881,966380000.0
92,MAS,MRQ,1998-06-30,1998-06-30,1998-06-30,2021-09-07,-30130000.0,4766920000.0,,1796010000.0,2970910000.0,,7.655,-38180000.0,416590000.0,416590000.0,691400000.0,117000000.0,3.174,0.832,1442310000.0,24450000.0,1417860000.0,1442310000.0,0.0,0.0,0.0,0.019,0.27,209500000.0,209500000.0,0.193,209500000.0,209500000.0,188800000.0,0.35,0.34,0.35,2602390000.0,,2602390000.0,11296981500.0,12.0,10.812,81370000.0,0.239,1.0,393600000.0,0.363,918310000.0,20700000.0,4308460000.0,,560880000.0,622780000.0,0.0,622780000.0,2164530000.0,565870000.0,1598660000.0,10283971500.0,241690000.0,-29930000.0,0.0,251400000.0,-35780000.0,215620000.0,-133250000.0,0.0,119550000.0,0.0,117000000.0,117000000.0,117000000.0,0.0,0.0,0.108,219800000.0,173800000.0,156800000.0,0.771,3.952,20.709,25.42,1073170000.0,0.0,30.25,2.114,2.114,674850000.0,1975460000.0,1085000000.0,1085000000.0,0.0,,,,,0.0,213000000.0,1.0,339966000.0,339966000.0,,3.191,3848610000.0,0.0,71800000.0,180800000.0,11.321,1230140000.0
93,MAS,MRQ,1998-03-31,1998-03-31,1998-03-31,2021-09-07,-24720000.0,4381890000.0,,1517460000.0,2864430000.0,,7.336,-36430000.0,174900000.0,174900000.0,659200000.0,110600000.0,2.76,0.761,1187910000.0,25790000.0,1162120000.0,1187910000.0,0.0,0.0,0.0,0.014,0.105,204800000.0,204800000.0,0.197,204800000.0,204800000.0,184300000.0,0.34,0.32,0.34,2488720000.0,,2488720000.0,11041837994.0,13.0,10.968,65610000.0,0.193,1.0,379800000.0,0.366,856420000.0,20500000.0,3988630000.0,,543890000.0,610060000.0,0.0,610060000.0,1893170000.0,549850000.0,1343320000.0,10093237994.0,-266430000.0,-104800000.0,0.0,-45310000.0,-34740000.0,-80050000.0,-133150000.0,0.0,102040000.0,0.0,110600000.0,110600000.0,110600000.0,0.0,0.0,0.106,213500000.0,166300000.0,157370000.0,0.309,4.056,21.42,26.327,1073890000.0,0.0,29.75,2.151,2.151,679400000.0,1858550000.0,1039000000.0,1039000000.0,0.0,,,,,0.0,207500000.0,1.0,339268504.0,339268504.0,,3.062,3525470000.0,0.0,73700000.0,181200000.0,10.391,967610000.0
94,MAS,MRQ,1997-12-31,1997-12-31,1997-12-31,2021-09-07,-25480000.0,4333760000.0,,1626720000.0,2707040000.0,,6.747,-112240000.0,441330000.0,441330000.0,1073910000.0,167200000.0,2.624,0.944,1389930000.0,68460000.0,1321470000.0,1389930000.0,0.0,131510000.0,0.0,0.012,0.105,308380000.0,439890000.0,0.253,439890000.0,308380000.0,272300000.0,0.18,0.18,0.18,2229020000.0,,2229020000.0,9431245440.0,11.0,9.828,59040000.0,0.179,1.0,664090000.0,0.382,729190000.0,36080000.0,3933170000.0,,515000000.0,621220000.0,0.0,621220000.0,2104740000.0,620000000.0,1484740000.0,8404765440.0,33770000.0,-45580000.0,0.0,238790000.0,-34750000.0,-95550000.0,-153810000.0,0.0,171280000.0,0.0,167200000.0,167200000.0,167200000.0,0.0,0.0,0.096,390290000.0,273800000.0,166310000.0,0.583,3.771,18.925,24.229,1037320000.0,0.0,25.44,1.864,1.864,559050000.0,1784370000.0,1738000000.0,1738000000.0,0.0,,,,,0.0,384470000.0,1.0,330376000.0,330376000.0,,5.261,3604570000.0,0.0,105100000.0,163270000.0,10.911,1006720000.0
95,MAS,MRQ,1997-09-30,1997-09-30,1997-09-30,2021-09-07,-18220000.0,4223620000.0,,1569010000.0,2654610000.0,,6.533,-38190000.0,379040000.0,379040000.0,634000000.0,101800000.0,2.446,0.97,1405520000.0,84270000.0,1321250000.0,1405520000.0,0.0,0.0,0.0,0.017,0.1,190700000.0,190700000.0,0.19,190700000.0,190700000.0,169900000.0,0.32,0.3,0.32,2144130000.0,,2144130000.0,8475148920.0,12.0,10.744,67560000.0,0.206,1.0,369000000.0,0.368,733140000.0,20800000.0,3875370000.0,,496920000.0,607820000.0,0.0,607820000.0,2079490000.0,641590000.0,1437900000.0,7568318920.0,45870000.0,-53490000.0,0.0,37370000.0,-32440000.0,-15200000.0,-18560000.0,0.0,105750000.0,0.0,101800000.0,101800000.0,101800000.0,0.0,0.0,0.101,210500000.0,158500000.0,140920000.0,0.312,3.53,21.006,,1004170000.0,0.0,22.94,2.095,2.084,584450000.0,1712930000.0,1003000000.0,1003000000.0,0.0,,,,,0.0,205100000.0,1.0,329918000.0,328200000.0,,3.056,3490480000.0,0.0,68100000.0,116650000.0,10.635,927420000.0
96,MAS,MRQ,1997-06-30,1997-06-30,1997-06-30,2021-09-07,-14010000.0,3796290000.0,,1410800000.0,2385490000.0,,6.054,-36560000.0,333170000.0,333170000.0,578200000.0,91600000.0,2.765,0.945,1240000000.0,11270000.0,1228730000.0,1240000000.0,0.0,0.0,0.0,0.019,0.1,171300000.0,171300000.0,0.188,171300000.0,171300000.0,152400000.0,0.29,0.28,0.29,1951830000.0,,1951830000.0,7628202500.0,12.0,10.099,69210000.0,0.215,1.0,334800000.0,0.367,505320000.0,18900000.0,3687480000.0,,448270000.0,489910000.0,0.0,489910000.0,1844460000.0,510320000.0,1334140000.0,6733022500.0,5580000.0,-41430000.0,0.0,8230000.0,-32420000.0,-24190000.0,-80660000.0,0.0,105770000.0,0.0,91600000.0,91600000.0,91600000.0,0.0,0.0,0.1,191000000.0,143800000.0,129630000.0,0.345,3.45,19.786,,949650000.0,0.0,20.875,1.95,1.949,688900000.0,1645930000.0,913000000.0,913000000.0,0.0,,,,,0.0,187200000.0,1.0,322540000.0,322400000.0,,2.832,3290970000.0,0.0,60800000.0,105410000.0,10.208,900480000.0
97,MAS,MRQ,1997-03-31,1997-03-31,1997-03-31,2021-09-07,-11640000.0,3684130000.0,,1362080000.0,2322050000.0,,5.859,-28200000.0,327590000.0,327590000.0,539500000.0,83500000.0,2.84,0.953,1222770000.0,6600000.0,1216170000.0,1222770000.0,0.0,0.0,0.0,0.022,0.0,157700000.0,157700000.0,0.185,157700000.0,157700000.0,139200000.0,0.265,0.255,0.265,1886590000.0,,1886590000.0,6458043365.0,9.0,8.188,59220000.0,0.184,1.0,314500000.0,0.368,472100000.0,18500000.0,3627520000.0,,424700000.0,447630000.0,0.0,447630000.0,1797540000.0,479690000.0,1317850000.0,5687863365.0,-146140000.0,-46420000.0,0.0,-22120000.0,-32070000.0,-54190000.0,-88980000.0,0.0,87420000.0,0.0,83500000.0,83500000.0,83500000.0,0.0,0.0,0.098,184700000.0,129800000.0,128860000.0,0.0,3.015,15.721,,939060000.0,0.0,17.69,1.605,1.608,669800000.0,1586850000.0,854000000.0,854000000.0,0.0,,,,,0.0,181000000.0,1.0,321529868.0,322000000.0,,2.652,3212030000.0,0.0,55700000.0,101680000.0,9.975,882390000.0
98,MAS,MRQ,1996-12-31,1996-12-31,1996-12-31,2021-09-07,2520000.0,3701650000.0,,1429770000.0,2271880000.0,,5.722,-58160000.0,473730000.0,473730000.0,549170000.0,83400000.0,2.758,1.012,1243910000.0,7590000.0,1236320000.0,1243910000.0,0.0,99680000.0,0.0,0.027,0.2,169480000.0,269160000.0,0.319,269160000.0,169480000.0,149700000.0,,,,1839810000.0,,1839810000.0,,,,78650000.0,0.245,1.0,293830000.0,0.349,457350000.0,19780000.0,3496040000.0,,411940000.0,424170000.0,0.0,424170000.0,1861840000.0,518440000.0,1343400000.0,5787537624.0,277230000.0,-592630000.0,-14030000.0,131210000.0,-32100000.0,85080000.0,55340000.0,0.0,136810000.0,0.0,83400000.0,83400000.0,83400000.0,0.0,0.0,0.099,179630000.0,114200000.0,149500000.0,,3.146,19.605,19.149,940590000.0,0.0,18.0,1.788,1.788,618280000.0,1536410000.0,843000000.0,843000000.0,0.0,,,,,0.0,176090000.0,1.0,321529868.0,321529868.0,,2.622,3244300000.0,0.0,66300000.0,107080000.0,10.09,911330000.0
99,MAS,MRQ,1996-09-30,1996-09-30,1996-09-30,2021-09-07,,,,,,,,-29540000.0,,,522000000.0,81800000.0,,,,,,,,0.0,,0.025,0.095,157200000.0,157200000.0,0.186,157200000.0,157200000.0,136300000.0,,,,,,,,,,23230000.0,0.072,1.0,321000000.0,0.381,,20900000.0,,,,,,,,,,,123470000.0,634520000.0,0.0,-540880000.0,-30510000.0,-571390000.0,642090000.0,0.0,52770000.0,0.0,81800000.0,81800000.0,81800000.0,0.0,0.0,0.097,184200000.0,136800000.0,,,,,,,0.0,14.94,,,,,843000000.0,843000000.0,0.0,,,,,0.0,180900000.0,1.0,,321000000.0,,2.626,,,54500000.0,,,
100,MAS,MRQ,1996-06-30,1996-06-30,1996-06-30,2021-09-07,,,,,,,,-25640000.0,,,637370000.0,113100000.0,,,,,,,,0.0,,0.025,0.095,204700000.0,204700000.0,0.204,204700000.0,204700000.0,184800000.0,,,,,,,,,,103960000.0,0.321,1.0,365630000.0,0.365,,19900000.0,,,,,,,,,,,27340000.0,-100000000.0,0.0,31950000.0,-30460000.0,1490000.0,-103750000.0,0.0,129600000.0,0.0,113100000.0,113100000.0,113100000.0,0.0,0.0,0.113,203560000.0,162070000.0,,,,,,,0.0,15.062,,,,,1003000000.0,1003000000.0,0.0,,,,,0.0,198670000.0,1.0,,324000000.0,,3.096,,,71700000.0,,,
101,MAS,MRQ,1996-03-31,1996-03-31,1996-03-31,2021-09-07,,,,,,,,-25200000.0,,,480330000.0,62000000.0,,,,,,,,0.0,,0.026,0.095,124300000.0,124300000.0,0.163,124300000.0,124300000.0,106800000.0,,,,,,,,,,-4240000.0,-0.013,1.0,283670000.0,0.371,,17500000.0,,,,,,,,,,,-14780000.0,0.0,0.0,9560000.0,-30460000.0,-20900000.0,-14840000.0,0.0,20960000.0,0.0,62000000.0,62000000.0,62000000.0,0.0,0.0,0.081,172140000.0,111530000.0,,,,,,,0.0,14.438,,,,,764000000.0,764000000.0,0.0,,,,,0.0,169530000.0,1.0,,320800000.0,,2.382,,,44800000.0,,,
102,MAS,MRQ,1995-12-31,1995-12-31,1995-12-31,2021-09-07,170000.0,3778630000.0,,964500000.0,2814130000.0,,,,60470000.0,60470000.0,,,2.163,1.283,1602790000.0,25690000.0,1577100000.0,1602790000.0,0.0,,0.0,0.018,0.095,,,,,,,,,,1655430000.0,,1655430000.0,,,,,,1.0,,,343510000.0,,4531590000.0,,391760000.0,264950000.0,0.0,264950000.0,2123200000.0,445850000.0,1677350000.0,,,,,,,,,,,,,,,,,,,,125230000.0,,,,24.516,856690000.0,,15.69,,,439900000.0,1366330000.0,,,,,,,,,,1.0,,,,,3435120000.0,0.0,,100250000.0,,518650000.0
0,MAS,MRT,2021-06-30,2021-06-30,2021-06-30,2021-09-07,239000000.0,5423000000.0,5587250000.0,3259000000.0,2164000000.0,1.43,-0.607,-121000000.0,769000000.0,769000000.0,5089000000.0,603000000.0,1.833,-34.662,3112000000.0,10000000.0,3102000000.0,3112000000.0,0.0,133000000.0,0.0,0.011,0.65,1038000000.0,1171000000.0,0.147,1171000000.0,1038000000.0,737000000.0,2.0,1.99,2.0,-154000000.0,41250000.0,-154000000.0,17230524541.0,17.0,14.714,1159000000.0,4.567,1.0,2903000000.0,0.363,964000000.0,301000000.0,5024000000.0,4842750000.0,1021000000.0,0.0,0.0,0.0,5338000000.0,1778000000.0,3560000000.0,14950524541.0,-320000000.0,-194000000.0,-869000000.0,-4000000.0,-168000000.0,-1101000000.0,-146000000.0,170000000.0,1280000000.0,25000000.0,528000000.0,528000000.0,528000000.0,-3000000.0,75000000.0,0.066,1370000000.0,1533000000.0,1021000000.0,0.325,-97.081,28.315,29.455,1065000000.0,0.0,58.91,1.871,1.871,1352000000.0,-640000000.0,7992000000.0,7992000000.0,0.0,0.095,12.8,0.214,0.13,70000000.0,1370000000.0,1.0,253785852.0,253785852.0,,31.491,4459000000.0,0.0,209000000.0,0.0,17.57,1481000000.0
1,MAS,MRT,2021-03-31,2021-03-31,2021-03-31,2021-09-07,-154000000.0,5574000000.0,5557000000.0,3206000000.0,2368000000.0,1.364,-0.066,-119000000.0,838000000.0,838000000.0,4837000000.0,852000000.0,1.834,-313.647,3118000000.0,6000000.0,3112000000.0,3118000000.0,0.0,133000000.0,0.0,0.007,0.415,1378000000.0,1511000000.0,0.199,1511000000.0,1378000000.0,1067000000.0,2.99,2.98,2.99,-17000000.0,45750000.0,-17000000.0,17020826645.0,12.0,11.265,1150000000.0,4.472,1.0,2740000000.0,0.362,966000000.0,311000000.0,5140000000.0,4638750000.0,948000000.0,0.0,0.0,0.0,5332000000.0,1748000000.0,3584000000.0,15402826645.0,73000000.0,-186000000.0,-422000000.0,0.0,-144000000.0,-606000000.0,-301000000.0,3000000.0,1269000000.0,24000000.0,788000000.0,788000000.0,788000000.0,-17000000.0,64000000.0,0.104,1305000000.0,1435000000.0,925000000.0,0.139,-906.049,19.547,20.033,1067000000.0,0.0,59.9,2.033,2.033,1305000000.0,-116000000.0,7577000000.0,7577000000.0,0.0,0.142,17.224,0.297,0.182,70000000.0,1305000000.0,1.0,257142348.0,257142348.0,,29.466,4608000000.0,0.0,279000000.0,0.0,17.92,1458000000.0
2,MAS,MRT,2020-12-31,2020-12-31,2020-12-31,2021-09-07,-142000000.0,5777000000.0,5373500000.0,3489000000.0,2288000000.0,1.338,0.745,-113000000.0,1326000000.0,1326000000.0,4601000000.0,1276000000.0,1.804,27.467,2944000000.0,3000000.0,2941000000.0,2944000000.0,0.0,133000000.0,0.0,0.01,0.545,1637000000.0,1770000000.0,0.246,1770000000.0,1637000000.0,1493000000.0,4.6,4.59,4.6,195000000.0,-37000000.0,195000000.0,15982856693.0,10.0,9.03,840000000.0,3.21,1.0,2587000000.0,0.36,920000000.0,144000000.0,4541000000.0,4533750000.0,876000000.0,0.0,0.0,0.0,5356000000.0,1934000000.0,3422000000.0,14373856693.0,629000000.0,643000000.0,-701000000.0,8000000.0,-145000000.0,-886000000.0,531000000.0,3000000.0,953000000.0,31000000.0,1224000000.0,1224000000.0,1224000000.0,-414000000.0,52000000.0,0.17,1292000000.0,1295000000.0,893000000.0,0.118,73.712,11.743,11.941,1074000000.0,0.0,54.93,2.0,2.0,1138000000.0,79000000.0,7188000000.0,7188000000.0,0.0,0.228,-33.081,0.361,0.228,70000000.0,1292000000.0,1.0,261675891.0,261675891.0,,27.469,4857000000.0,0.0,269000000.0,0.0,18.561,1555000000.0
3,MAS,MRT,2020-09-30,2020-09-30,2020-09-30,2021-09-07,-156000000.0,5575000000.0,5186000000.0,3487000000.0,2088000000.0,1.343,0.539,-104000000.0,1326000000.0,1326000000.0,4475000000.0,1528000000.0,2.007,37.121,2935000000.0,5000000.0,2930000000.0,2935000000.0,0.0,159000000.0,0.0,0.01,0.54,1883000000.0,2042000000.0,0.293,2042000000.0,1883000000.0,1733000000.0,5.41,5.39,5.41,141000000.0,-144500000.0,141000000.0,16258261861.0,9.0,7.962,565000000.0,2.16,1.0,2492000000.0,0.358,781000000.0,150000000.0,4666000000.0,4635750000.0,811000000.0,0.0,0.0,0.0,5234000000.0,1737000000.0,3497000000.0,14418261861.0,846000000.0,1564000000.0,-1028000000.0,-197000000.0,-147000000.0,-1422000000.0,1456000000.0,2000000.0,669000000.0,11000000.0,1482000000.0,1482000000.0,1482000000.0,-706000000.0,46000000.0,0.213,1249000000.0,1243000000.0,933000000.0,0.1,102.257,9.729,10.19,1034000000.0,0.0,55.13,2.07,2.07,1262000000.0,15000000.0,6967000000.0,6967000000.0,0.0,0.286,-10.256,0.406,0.27,58000000.0,1249000000.0,1.0,261532049.0,261532049.0,,26.639,4794000000.0,0.0,251000000.0,0.0,18.33,1750000000.0
4,MAS,MRT,2020-06-30,2020-06-30,2020-06-30,2021-09-07,-184000000.0,5302000000.0,5172250000.0,3225000000.0,2077000000.0,1.295,-0.516,-117000000.0,1089000000.0,1089000000.0,4349000000.0,1373000000.0,1.497,-38.713,2929000000.0,407000000.0,2522000000.0,2929000000.0,0.0,159000000.0,0.0,0.01,0.525,1712000000.0,1871000000.0,0.279,1871000000.0,1712000000.0,1563000000.0,4.8,4.78,4.8,-136000000.0,-215500000.0,-136000000.0,15409157278.0,9.0,8.236,489000000.0,1.854,1.0,2351000000.0,0.351,780000000.0,149000000.0,4208000000.0,4760250000.0,750000000.0,0.0,0.0,0.0,5265000000.0,2154000000.0,3111000000.0,13243157278.0,764000000.0,1563000000.0,-1174000000.0,-226000000.0,-147000000.0,-1599000000.0,1444000000.0,1000000.0,606000000.0,9000000.0,1333000000.0,1333000000.0,1333000000.0,-669000000.0,40000000.0,0.199,1243000000.0,1108000000.0,845000000.0,0.109,-97.376,9.935,10.46,1024000000.0,0.0,50.21,1.977,1.977,1308000000.0,-223000000.0,6700000000.0,6700000000.0,0.0,0.258,-6.186,0.36,0.256,58000000.0,1243000000.0,1.0,263755373.0,263755373.0,,25.402,4522000000.0,0.0,230000000.0,0.0,17.145,1071000000.0
5,MAS,MRT,2020-03-31,2020-03-31,2020-03-31,2021-09-07,-199000000.0,4840000000.0,5260000000.0,2745000000.0,2095000000.0,1.288,-1.253,-119000000.0,767000000.0,767000000.0,4379000000.0,1391000000.0,1.825,-14.382,2933000000.0,5000000.0,2928000000.0,2933000000.0,0.0,159000000.0,0.0,0.019,0.645,1732000000.0,1891000000.0,0.279,1891000000.0,1732000000.0,1577000000.0,4.77,4.75,4.77,-348000000.0,-204250000.0,-348000000.0,11677302407.0,7.0,6.175,538000000.0,1.937,1.0,2396000000.0,0.354,782000000.0,155000000.0,4720000000.0,4983000000.0,756000000.0,0.0,0.0,0.0,5005000000.0,1504000000.0,3501000000.0,9601302407.0,451000000.0,1551000000.0,-1344000000.0,-295000000.0,-146000000.0,-1858000000.0,1427000000.0,2000000.0,657000000.0,10000000.0,1349000000.0,1349000000.0,1349000000.0,-684000000.0,42000000.0,0.199,1280000000.0,1116000000.0,743000000.0,0.135,-27.59,7.117,7.247,1032000000.0,0.0,34.57,1.417,1.417,1142000000.0,-412000000.0,6775000000.0,6775000000.0,0.0,0.256,-6.605,0.348,0.256,58000000.0,1280000000.0,1.0,277735100.0,277735100.0,,24.394,4058000000.0,0.0,228000000.0,0.0,14.611,1241000000.0
6,MAS,MRT,2019-12-31,2019-12-31,2019-12-31,2021-09-07,-179000000.0,5027000000.0,5450500000.0,2711000000.0,2316000000.0,1.231,-0.821,-128000000.0,697000000.0,697000000.0,4336000000.0,980000000.0,1.751,-21.63,2935000000.0,2000000.0,2933000000.0,2935000000.0,0.0,159000000.0,0.0,0.01,0.495,1324000000.0,1483000000.0,0.221,1483000000.0,1324000000.0,1165000000.0,3.24,3.22,3.24,-235000000.0,-153750000.0,-235000000.0,16232659635.0,12.0,10.946,705000000.0,2.464,1.0,2371000000.0,0.354,768000000.0,159000000.0,4949000000.0,5088500000.0,754000000.0,0.0,0.0,0.0,5083000000.0,1548000000.0,3535000000.0,13728659635.0,138000000.0,722000000.0,-869000000.0,-211000000.0,-144000000.0,-1291000000.0,582000000.0,1000000.0,833000000.0,14000000.0,935000000.0,935000000.0,935000000.0,-296000000.0,45000000.0,0.139,1283000000.0,1088000000.0,697000000.0,0.153,-58.42,14.683,14.812,1054000000.0,0.0,47.99,2.047,2.047,997000000.0,-332000000.0,6707000000.0,6707000000.0,0.0,0.172,-6.081,0.26,0.197,58000000.0,1274000000.0,1.0,286073341.0,286073341.0,,23.445,4259000000.0,0.0,230000000.0,0.0,14.888,1163000000.0
7,MAS,MRT,2019-09-30,2019-09-30,2019-09-30,2021-09-07,-118000000.0,5520000000.0,5542000000.0,2792000000.0,2728000000.0,1.079,-0.494,-144000000.0,475000000.0,475000000.0,3757000000.0,725000000.0,1.463,-38.441,2979000000.0,208000000.0,2771000000.0,2979000000.0,0.0,156000000.0,0.0,0.012,0.48,1048000000.0,1204000000.0,0.201,1204000000.0,1048000000.0,890000000.0,2.29,2.29,2.29,-143000000.0,-122750000.0,-143000000.0,14741526330.0,14.0,12.244,913000000.0,3.154,1.0,2222000000.0,0.372,951000000.0,158000000.0,5164000000.0,5185500000.0,924000000.0,0.0,0.0,0.0,5497000000.0,1909000000.0,3588000000.0,12064526330.0,-89000000.0,2000000.0,-711000000.0,-3000000.0,-141000000.0,-924000000.0,-154000000.0,2000000.0,1057000000.0,6000000.0,676000000.0,676000000.0,676000000.0,-76000000.0,49000000.0,0.113,1182000000.0,1040000000.0,879000000.0,0.21,-84.367,17.847,18.201,1200000000.0,0.0,41.68,2.018,2.018,1177000000.0,-309000000.0,5979000000.0,5979000000.0,0.0,0.122,-5.507,0.202,0.175,69000000.0,1173000000.0,1.0,289456006.0,289456006.0,,20.656,4569000000.0,0.0,214000000.0,0.0,15.785,883000000.0
8,MAS,MRT,2019-06-30,2019-06-30,2019-06-30,2021-09-07,-117000000.0,5653000000.0,5564500000.0,2843000000.0,2810000000.0,1.108,-0.31,-159000000.0,325000000.0,325000000.0,3933000000.0,778000000.0,1.456,-61.341,3002000000.0,231000000.0,2771000000.0,3002000000.0,0.0,156000000.0,0.0,0.012,0.465,1102000000.0,1258000000.0,0.204,1258000000.0,1102000000.0,945000000.0,2.44,2.43,2.44,-91000000.0,-78000000.0,-91000000.0,14268857816.0,13.0,11.342,884000000.0,3.011,1.0,2234000000.0,0.362,1278000000.0,157000000.0,5099000000.0,5132750000.0,975000000.0,0.0,0.0,0.0,5582000000.0,1953000000.0,3629000000.0,11518857816.0,-59000000.0,-1000000.0,-651000000.0,20000000.0,-139000000.0,-839000000.0,-170000000.0,3000000.0,1043000000.0,-2000000.0,730000000.0,730000000.0,730000000.0,-123000000.0,48000000.0,0.118,1197000000.0,1037000000.0,1023000000.0,0.191,-126.581,15.779,16.082,1440000000.0,0.0,39.24,1.868,1.868,1423000000.0,-261000000.0,6167000000.0,6167000000.0,0.0,0.131,-9.359,0.215,0.179,69000000.0,1188000000.0,1.0,293548874.0,293548874.0,,21.008,4375000000.0,0.0,215000000.0,0.0,14.904,890000000.0
9,MAS,MRT,2019-03-31,2019-03-31,2019-03-31,2021-09-07,-123000000.0,5602000000.0,5542500000.0,2758000000.0,2844000000.0,1.195,-0.496,-199000000.0,316000000.0,316000000.0,4314000000.0,750000000.0,1.43,-38.082,3066000000.0,295000000.0,2771000000.0,3066000000.0,0.0,156000000.0,0.0,0.011,0.45,1078000000.0,1234000000.0,0.186,1234000000.0,1078000000.0,924000000.0,2.31,2.29,2.31,-146000000.0,-63750000.0,-146000000.0,13996500175.0,13.0,11.342,806000000.0,2.737,1.0,2311000000.0,0.349,1281000000.0,154000000.0,5142000000.0,5127000000.0,1011000000.0,0.0,0.0,0.0,5560000000.0,1929000000.0,3631000000.0,11576500175.0,-54000000.0,-1000000.0,-597000000.0,-29000000.0,-136000000.0,-877000000.0,-115000000.0,100000000.0,1005000000.0,-18000000.0,701000000.0,701000000.0,701000000.0,-94000000.0,49000000.0,0.106,1263000000.0,1048000000.0,954000000.0,0.195,-79.291,16.514,17.017,1447000000.0,0.0,39.31,1.747,1.747,1321000000.0,-314000000.0,6625000000.0,6625000000.0,0.0,0.126,-10.996,0.21,0.163,69000000.0,1254000000.0,1.0,294492500.0,294492500.0,,22.496,4321000000.0,0.0,223000000.0,0.0,14.673,829000000.0
10,MAS,MRT,2018-12-31,2018-12-31,2018-12-31,2021-09-07,-127000000.0,5393000000.0,5549500000.0,2766000000.0,2627000000.0,1.199,-0.363,-205000000.0,552000000.0,552000000.0,4327000000.0,784000000.0,1.643,-47.964,2979000000.0,8000000.0,2971000000.0,2979000000.0,0.0,156000000.0,0.0,0.015,0.435,1111000000.0,1267000000.0,0.19,1267000000.0,1111000000.0,955000000.0,2.38,2.37,2.38,-111000000.0,-45250000.0,-111000000.0,11336771666.0,10.0,8.948,827000000.0,2.707,1.0,2327000000.0,0.35,799000000.0,156000000.0,5337000000.0,5155750000.0,798000000.0,0.0,0.0,0.0,5324000000.0,1684000000.0,3640000000.0,8932771666.0,-635000000.0,-549000000.0,-640000000.0,-115000000.0,-134000000.0,-1020000000.0,-651000000.0,113000000.0,1032000000.0,4000000.0,734000000.0,734000000.0,734000000.0,-98000000.0,50000000.0,0.11,1250000000.0,1077000000.0,736000000.0,0.183,-80.475,12.17,12.286,885000000.0,0.0,29.24,1.342,1.342,990000000.0,-278000000.0,6654000000.0,6654000000.0,0.0,0.132,-16.221,0.215,0.167,69000000.0,1250000000.0,1.0,305498347.0,305498347.0,,21.781,4594000000.0,0.0,221000000.0,0.0,15.038,1082000000.0
11,MAS,MRT,2018-09-30,2018-09-30,2018-09-30,2021-09-07,-113000000.0,5610000000.0,5584750000.0,2990000000.0,2620000000.0,1.136,0.117,-199000000.0,569000000.0,569000000.0,4142000000.0,668000000.0,1.706,150.083,2973000000.0,2000000.0,2971000000.0,2973000000.0,0.0,127000000.0,0.0,0.011,0.42,968000000.0,1095000000.0,0.173,1095000000.0,968000000.0,811000000.0,2.02,1.98,2.02,36000000.0,-30750000.0,36000000.0,13841647110.0,14.0,12.641,532000000.0,1.73,1.0,2204000000.0,0.347,1308000000.0,157000000.0,4953000000.0,5004000000.0,1005000000.0,0.0,0.0,0.0,5403000000.0,1753000000.0,3650000000.0,11253647110.0,-572000000.0,-638000000.0,-365000000.0,-118000000.0,-131000000.0,-745000000.0,-783000000.0,84000000.0,731000000.0,18000000.0,620000000.0,620000000.0,620000000.0,-117000000.0,48000000.0,0.098,1225000000.0,979000000.0,1040000000.0,0.208,312.601,18.151,18.119,1211000000.0,0.0,36.6,1.773,1.773,1298000000.0,-154000000.0,6346000000.0,6346000000.0,0.0,0.111,-20.163,0.193,0.153,71000000.0,1225000000.0,1.0,307476697.0,307476697.0,,20.639,4302000000.0,0.0,191000000.0,0.0,13.991,1237000000.0
12,MAS,MRT,2018-06-30,2018-06-30,2018-06-30,2021-09-07,-118000000.0,5565000000.0,5553000000.0,2962000000.0,2603000000.0,1.15,-0.11,-180000000.0,384000000.0,384000000.0,4149000000.0,641000000.0,1.673,-159.971,2972000000.0,2000000.0,2970000000.0,2972000000.0,0.0,127000000.0,0.0,0.011,0.415,978000000.0,1105000000.0,0.173,1105000000.0,978000000.0,816000000.0,1.91,1.88,1.91,-34000000.0,-79500000.0,-34000000.0,14335566634.0,15.0,12.973,535000000.0,1.723,1.0,2238000000.0,0.35,1307000000.0,162000000.0,5076000000.0,4956500000.0,1017000000.0,0.0,0.0,0.0,5439000000.0,1770000000.0,3669000000.0,11618566634.0,-608000000.0,-635000000.0,-462000000.0,-119000000.0,-130000000.0,-839000000.0,-693000000.0,152000000.0,715000000.0,35000000.0,592000000.0,592000000.0,592000000.0,-107000000.0,49000000.0,0.093,1236000000.0,1002000000.0,1093000000.0,0.217,-341.723,19.626,19.592,1187000000.0,0.0,37.42,1.819,1.819,1444000000.0,-221000000.0,6387000000.0,6387000000.0,0.0,0.107,-7.447,0.197,0.153,71000000.0,1236000000.0,1.0,310490824.0,310490824.0,,20.571,4258000000.0,0.0,224000000.0,0.0,13.714,1192000000.0
13,MAS,MRT,2018-03-31,2018-03-31,2018-03-31,2021-09-07,-84000000.0,5630000000.0,5534000000.0,2993000000.0,2637000000.0,1.112,-0.23,-157000000.0,370000000.0,370000000.0,3922000000.0,593000000.0,1.691,-75.653,3087000000.0,116000000.0,2971000000.0,3087000000.0,0.0,127000000.0,0.0,0.01,0.41,1043000000.0,1170000000.0,0.19,1170000000.0,1043000000.0,766000000.0,1.73,1.71,1.73,-72000000.0,-103750000.0,-72000000.0,14564552260.0,14.0,12.448,558000000.0,1.781,1.0,2234000000.0,0.363,1320000000.0,277000000.0,5257000000.0,4921500000.0,1050000000.0,99000000.0,99000000.0,0.0,5447000000.0,1770000000.0,3677000000.0,12673552260.0,-319000000.0,-509000000.0,-394000000.0,-49000000.0,-130000000.0,-659000000.0,-573000000.0,118000000.0,715000000.0,68000000.0,544000000.0,544000000.0,544000000.0,-107000000.0,49000000.0,0.088,1218000000.0,1016000000.0,1008000000.0,0.237,-176.022,23.297,23.376,1183000000.0,0.0,40.44,2.059,2.059,1356000000.0,-296000000.0,6156000000.0,6156000000.0,0.0,0.098,-5.243,0.212,0.169,71000000.0,1218000000.0,1.0,313391500.0,313391500.0,,19.643,4310000000.0,0.0,222000000.0,0.0,13.753,1223000000.0
14,MAS,MRT,2017-12-31,2017-12-31,2017-12-31,2021-09-07,-65000000.0,5534000000.0,5411250000.0,3263000000.0,2271000000.0,1.111,-0.168,-149000000.0,1194000000.0,1194000000.0,3794000000.0,580000000.0,1.957,-100.962,3085000000.0,116000000.0,2969000000.0,3085000000.0,0.0,127000000.0,0.0,0.009,0.405,1057000000.0,1184000000.0,0.197,1184000000.0,1057000000.0,778000000.0,1.68,1.66,1.68,-53000000.0,-152750000.0,-53000000.0,15766998930.0,15.0,13.317,602000000.0,1.914,1.0,2220000000.0,0.369,1028000000.0,279000000.0,4730000000.0,4866250000.0,784000000.0,108000000.0,108000000.0,0.0,5351000000.0,1667000000.0,3684000000.0,13821998930.0,204000000.0,39000000.0,-331000000.0,-49000000.0,-129000000.0,-577000000.0,-25000000.0,119000000.0,751000000.0,55000000.0,533000000.0,533000000.0,533000000.0,-107000000.0,47000000.0,0.089,1191000000.0,1029000000.0,824000000.0,0.241,-260.792,25.932,26.155,1129000000.0,0.0,43.94,2.298,2.298,1066000000.0,-298000000.0,6014000000.0,6014000000.0,0.0,0.098,-3.489,0.217,0.176,71000000.0,1191000000.0,1.0,314565292.0,314565292.0,,19.118,4506000000.0,0.0,245000000.0,0.0,14.325,1596000000.0
15,MAS,MRT,2017-09-30,2017-09-30,2017-09-30,2021-09-07,-127000000.0,5483000000.0,5312000000.0,3308000000.0,2175000000.0,1.422,-0.499,-170000000.0,1141000000.0,1141000000.0,4965000000.0,596000000.0,1.937,-34.107,3086000000.0,117000000.0,2969000000.0,3086000000.0,0.0,134000000.0,0.0,0.01,0.4,1150000000.0,1284000000.0,0.17,1284000000.0,1150000000.0,868000000.0,1.73,1.73,1.73,-159000000.0,-214000000.0,-159000000.0,14520341485.0,13.0,11.309,698000000.0,2.191,1.0,2587000000.0,0.343,957000000.0,282000000.0,4763000000.0,4858250000.0,866000000.0,77000000.0,77000000.0,0.0,5423000000.0,1708000000.0,3715000000.0,12428341485.0,100000000.0,128000000.0,-529000000.0,-45000000.0,-129000000.0,-767000000.0,73000000.0,133000000.0,868000000.0,21000000.0,553000000.0,553000000.0,553000000.0,0.0,43000000.0,0.073,1400000000.0,1187000000.0,916000000.0,0.231,-78.166,22.474,22.549,1097000000.0,0.0,39.01,1.646,1.646,1128000000.0,-343000000.0,7552000000.0,7552000000.0,0.0,0.104,-2.584,0.237,0.152,69000000.0,1400000000.0,1.0,318593732.0,318593732.0,,23.704,4526000000.0,0.0,315000000.0,0.0,14.206,1600000000.0
16,MAS,MRT,2017-06-30,2017-06-30,2017-06-30,2021-09-07,-158000000.0,5489000000.0,5284500000.0,3306000000.0,2183000000.0,1.416,-0.41,-172000000.0,992000000.0,992000000.0,4940000000.0,578000000.0,1.954,-41.366,3084000000.0,117000000.0,2967000000.0,3084000000.0,0.0,134000000.0,0.0,0.01,0.395,1113000000.0,1247000000.0,0.167,1247000000.0,1113000000.0,831000000.0,1.66,1.65,1.66,-131000000.0,-198750000.0,-131000000.0,14512856333.0,13.0,11.638,719000000.0,2.251,1.0,2544000000.0,0.34,953000000.0,282000000.0,4936000000.0,4872750000.0,850000000.0,144000000.0,144000000.0,0.0,5419000000.0,1692000000.0,3727000000.0,12202856333.0,36000000.0,126000000.0,-425000000.0,-44000000.0,-129000000.0,-676000000.0,-45000000.0,20000000.0,891000000.0,3000000.0,535000000.0,535000000.0,535000000.0,0.0,43000000.0,0.071,1397000000.0,1147000000.0,960000000.0,0.238,-93.152,22.809,23.018,1080000000.0,0.0,38.21,1.631,1.631,1231000000.0,-288000000.0,7484000000.0,7484000000.0,0.0,0.101,-2.692,0.228,0.149,69000000.0,1397000000.0,1.0,319362898.0,319362898.0,,23.434,4536000000.0,0.0,296000000.0,0.0,14.203,1614000000.0
17,MAS,MRT,2017-03-31,2017-03-31,2017-03-31,2021-09-07,-214000000.0,5139000000.0,5243250000.0,2958000000.0,2181000000.0,1.415,-0.837,-174000000.0,689000000.0,689000000.0,4921000000.0,565000000.0,2.077,-19.396,2999000000.0,3000000.0,2996000000.0,2999000000.0,0.0,134000000.0,0.0,0.011,0.39,1038000000.0,1172000000.0,0.158,1172000000.0,1038000000.0,822000000.0,1.6,1.59,1.6,-268000000.0,-195250000.0,-268000000.0,12894686997.0,12.0,11.002,642000000.0,2.004,1.0,2498000000.0,0.337,989000000.0,216000000.0,5036000000.0,4822750000.0,826000000.0,194000000.0,194000000.0,0.0,5198000000.0,1424000000.0,3774000000.0,10887686997.0,-1486000000.0,0.0,-460000000.0,-1339000000.0,-128000000.0,-1993000000.0,-170000000.0,26000000.0,816000000.0,-33000000.0,522000000.0,522000000.0,522000000.0,0.0,43000000.0,0.07,1388000000.0,1110000000.0,903000000.0,0.244,-40.626,20.858,21.244,1074000000.0,0.0,33.99,1.468,1.468,1144000000.0,-370000000.0,7419000000.0,7419000000.0,0.0,0.1,-2.673,0.215,0.14,69000000.0,1388000000.0,1.0,320320300.0,320320300.0,,23.161,4150000000.0,0.0,300000000.0,0.0,12.956,1534000000.0
18,MAS,MRT,2016-12-31,2016-12-31,2016-12-31,2021-09-07,-235000000.0,5137000000.0,5597000000.0,2934000000.0,2203000000.0,1.315,-0.908,-180000000.0,990000000.0,990000000.0,4899000000.0,536000000.0,2.01,-17.584,2997000000.0,2000000.0,2995000000.0,2997000000.0,0.0,134000000.0,0.0,0.012,0.385,1018000000.0,1152000000.0,0.157,1152000000.0,1018000000.0,789000000.0,1.49,1.48,1.49,-298000000.0,-159750000.0,-298000000.0,12336072431.0,12.0,10.708,609000000.0,1.855,1.0,2462000000.0,0.334,986000000.0,229000000.0,4698000000.0,4784750000.0,712000000.0,201000000.0,201000000.0,0.0,5240000000.0,1460000000.0,3780000000.0,10381072431.0,-478000000.0,0.0,-458000000.0,-452000000.0,-128000000.0,-1109000000.0,-124000000.0,72000000.0,789000000.0,-34000000.0,493000000.0,493000000.0,493000000.0,0.0,43000000.0,0.067,1375000000.0,1087000000.0,800000000.0,0.258,-34.836,21.057,21.221,1060000000.0,0.0,31.62,1.41,1.41,917000000.0,-381000000.0,7361000000.0,7361000000.0,0.0,0.088,-3.086,0.213,0.138,69000000.0,1375000000.0,1.0,328307161.0,328307161.0,,22.421,4151000000.0,0.0,296000000.0,0.0,12.644,1474000000.0
19,MAS,MRT,2016-09-30,2016-09-30,2016-09-30,2021-09-07,-170000000.0,5373000000.0,5728750000.0,3122000000.0,2251000000.0,1.277,-0.297,-158000000.0,1041000000.0,1041000000.0,4898000000.0,513000000.0,2.066,-53.776,2996000000.0,3000000.0,2993000000.0,2996000000.0,0.0,133000000.0,0.0,0.011,0.38,1011000000.0,1144000000.0,0.156,1144000000.0,1011000000.0,771000000.0,1.41,1.39,1.41,-98000000.0,-119000000.0,-98000000.0,13369662514.0,13.0,11.687,741000000.0,2.244,1.0,2415000000.0,0.33,996000000.0,240000000.0,4821000000.0,4660500000.0,758000000.0,182000000.0,182000000.0,0.0,5270000000.0,1511000000.0,3759000000.0,11329662514.0,-238000000.0,0.0,-290000000.0,-452000000.0,-127000000.0,-1008000000.0,-85000000.0,89000000.0,899000000.0,-16000000.0,468000000.0,468000000.0,468000000.0,1000000.0,45000000.0,0.064,1365000000.0,1050000000.0,866000000.0,0.27,-115.609,24.209,24.333,1049000000.0,0.0,34.31,1.549,1.549,1054000000.0,-253000000.0,7313000000.0,7313000000.0,0.0,0.082,-3.933,0.217,0.138,77000000.0,1365000000.0,1.0,330214588.0,330214588.0,,22.146,4377000000.0,0.0,303000000.0,0.0,13.255,1611000000.0
20,MAS,MRT,2016-06-30,2016-06-30,2016-06-30,2021-09-07,-170000000.0,5324000000.0,5817250000.0,3057000000.0,2267000000.0,1.251,-0.352,-153000000.0,956000000.0,956000000.0,4885000000.0,488000000.0,1.873,-44.906,2996000000.0,3000000.0,2993000000.0,2996000000.0,0.0,133000000.0,0.0,0.012,0.375,995000000.0,1128000000.0,0.155,1128000000.0,995000000.0,744000000.0,1.33,1.31,1.33,-117000000.0,-134250000.0,-117000000.0,12416165448.0,12.0,11.007,735000000.0,2.209,1.0,2390000000.0,0.329,996000000.0,251000000.0,4736000000.0,4781750000.0,765000000.0,135000000.0,135000000.0,0.0,5254000000.0,1632000000.0,3622000000.0,10295165448.0,-341000000.0,1000000.0,-414000000.0,-453000000.0,-127000000.0,-1100000000.0,-84000000.0,89000000.0,888000000.0,-18000000.0,445000000.0,445000000.0,445000000.0,1000000.0,43000000.0,0.061,1351000000.0,1039000000.0,913000000.0,0.282,-87.993,23.135,23.263,1039000000.0,0.0,30.94,1.415,1.415,1113000000.0,-273000000.0,7275000000.0,7275000000.0,0.0,0.076,-3.315,0.208,0.137,77000000.0,1351000000.0,1.0,332746136.0,332746136.0,,21.864,4328000000.0,0.0,299000000.0,0.0,13.007,1425000000.0
21,MAS,MRT,2016-03-31,2016-03-31,2016-03-31,2021-09-07,-145000000.0,6554000000.0,5953500000.0,4248000000.0,2306000000.0,1.21,-0.377,-148000000.0,2175000000.0,2175000000.0,4876000000.0,440000000.0,1.523,-51.349,4296000000.0,1303000000.0,2993000000.0,4296000000.0,0.0,133000000.0,0.0,0.012,0.37,936000000.0,1069000000.0,0.148,1069000000.0,936000000.0,711000000.0,1.18,1.16,1.18,-126000000.0,-116750000.0,-126000000.0,12457148820.0,13.0,11.653,737000000.0,2.207,1.0,2327000000.0,0.323,1002000000.0,225000000.0,4884000000.0,4947250000.0,755000000.0,195000000.0,195000000.0,0.0,6470000000.0,2789000000.0,3681000000.0,10502148820.0,597000000.0,-15000000.0,-436000000.0,587000000.0,-126000000.0,-132000000.0,-180000000.0,15000000.0,885000000.0,17000000.0,400000000.0,400000000.0,400000000.0,5000000.0,40000000.0,0.056,1344000000.0,983000000.0,834000000.0,0.314,-83.35,26.255,26.653,1040000000.0,0.0,31.45,1.458,1.458,1036000000.0,-310000000.0,7203000000.0,7203000000.0,0.0,0.067,-3.426,0.189,0.13,77000000.0,1344000000.0,1.0,333931600.0,333931600.0,,21.57,5552000000.0,0.0,311000000.0,0.0,16.626,1459000000.0
22,MAS,MRT,2015-12-31,2015-12-31,2015-12-31,2021-09-07,-165000000.0,5664000000.0,6182000000.0,3328000000.0,2336000000.0,1.155,-0.401,-140000000.0,1468000000.0,1468000000.0,4889000000.0,394000000.0,1.385,-41.526,3407000000.0,1004000000.0,2403000000.0,3407000000.0,0.0,133000000.0,0.0,0.013,0.365,873000000.0,1006000000.0,0.141,1006000000.0,873000000.0,648000000.0,1.03,1.02,1.03,-135000000.0,107000000.0,-135000000.0,11667160854.0,13.0,11.598,670000000.0,1.991,1.0,2253000000.0,0.315,999000000.0,225000000.0,4201000000.0,5119000000.0,687000000.0,248000000.0,248000000.0,0.0,5606000000.0,2403000000.0,3203000000.0,9522160854.0,85000000.0,-41000000.0,-454000000.0,197000000.0,-126000000.0,-521000000.0,-189000000.0,36000000.0,810000000.0,-15000000.0,355000000.0,355000000.0,355000000.0,2000000.0,39000000.0,0.05,1339000000.0,914000000.0,749000000.0,0.354,-70.535,26.823,27.476,1027000000.0,0.0,28.3,1.333,1.333,853000000.0,-300000000.0,7142000000.0,7142000000.0,0.0,0.057,3.318,0.171,0.122,77000000.0,1339000000.0,1.0,336472115.0,336472115.0,,21.226,4665000000.0,0.0,293000000.0,0.0,13.864,925000000.0
23,MAS,MRT,2015-09-30,2015-09-30,2015-09-30,2021-09-07,-159000000.0,5727000000.0,6568000000.0,3540000000.0,2187000000.0,1.08,-0.462,-141000000.0,1279000000.0,1279000000.0,4891000000.0,418000000.0,2.269,-35.843,3424000000.0,6000000.0,3418000000.0,3424000000.0,0.0,167000000.0,0.0,0.014,0.36,842000000.0,1009000000.0,0.142,1009000000.0,842000000.0,615000000.0,1.09,1.08,1.09,-159000000.0,371750000.0,-159000000.0,10788669309.0,13.0,10.692,499000000.0,1.451,1.0,2202000000.0,0.31,1006000000.0,227000000.0,5306000000.0,5583750000.0,749000000.0,255000000.0,255000000.0,0.0,5699000000.0,1560000000.0,4139000000.0,8660669309.0,-3000000.0,-41000000.0,-524000000.0,196000000.0,-125000000.0,-510000000.0,-184000000.0,38000000.0,640000000.0,-27000000.0,380000000.0,380000000.0,380000000.0,-13000000.0,38000000.0,0.054,1334000000.0,868000000.0,827000000.0,0.33,-54.47,22.791,23.101,1025000000.0,0.0,25.18,1.221,1.221,1006000000.0,-332000000.0,7093000000.0,7093000000.0,0.0,0.058,1.022,0.151,0.119,47000000.0,1342000000.0,1.0,343950330.0,343950330.0,,20.622,4721000000.0,177000000.0,235000000.0,0.0,13.726,1980000000.0
24,MAS,MRT,2015-06-30,2015-06-30,2015-06-30,2021-09-07,-147000000.0,5869000000.0,6979500000.0,3590000000.0,2279000000.0,1.016,-0.135,-132000000.0,1297000000.0,1297000000.0,4953000000.0,853000000.0,2.258,-122.085,3425000000.0,6000000.0,3419000000.0,3425000000.0,0.0,167000000.0,0.0,0.01,0.27,785000000.0,952000000.0,0.134,952000000.0,785000000.0,555000000.0,2.28,2.27,2.28,-47000000.0,698250000.0,-47000000.0,11616363984.0,15.0,12.202,480000000.0,1.381,1.0,2135000000.0,0.301,1009000000.0,230000000.0,5398000000.0,5522750000.0,779000000.0,210000000.0,210000000.0,0.0,5738000000.0,1590000000.0,4148000000.0,9270363984.0,102000000.0,-42000000.0,-326000000.0,194000000.0,-125000000.0,-331000000.0,-200000000.0,16000000.0,612000000.0,-47000000.0,812000000.0,812000000.0,812000000.0,-23000000.0,41000000.0,0.115,1344000000.0,791000000.0,889000000.0,0.118,-197.242,11.417,11.697,1027000000.0,0.0,26.67,1.308,1.308,1105000000.0,-239000000.0,7088000000.0,7088000000.0,0.0,0.116,1.163,0.142,0.111,47000000.0,1352000000.0,1.0,347595200.0,347595200.0,,20.392,4860000000.0,127000000.0,-257000000.0,0.0,13.982,2000000000.0
25,MAS,MRT,2015-03-31,2015-03-31,2015-03-31,2021-09-07,-180000000.0,7468000000.0,7319000000.0,4179000000.0,3289000000.0,0.961,2.2,-120000000.0,1578000000.0,1578000000.0,4962000000.0,890000000.0,1.894,8.464,3924000000.0,506000000.0,3418000000.0,3924000000.0,0.0,167000000.0,0.0,0.013,0.345,746000000.0,913000000.0,0.13,913000000.0,746000000.0,521000000.0,2.37,2.36,2.37,769000000.0,881500000.0,769000000.0,11373840820.0,15.0,12.458,505000000.0,1.445,1.0,2073000000.0,0.295,2036000000.0,225000000.0,5571000000.0,5410000000.0,863000000.0,197000000.0,197000000.0,0.0,6509000000.0,2207000000.0,4302000000.0,9332840820.0,672000000.0,-26000000.0,-221000000.0,495000000.0,-122000000.0,131000000.0,-83000000.0,107000000.0,625000000.0,-70000000.0,846000000.0,846000000.0,846000000.0,-42000000.0,44000000.0,0.12,1340000000.0,733000000.0,1019000000.0,0.146,12.136,11.032,11.266,1106000000.0,0.0,26.7,1.327,1.327,1248000000.0,606000000.0,7035000000.0,7035000000.0,0.0,0.116,0.96,0.138,0.106,47000000.0,1348000000.0,1.0,349544600.0,349544600.0,,20.126,5432000000.0,219000000.0,-325000000.0,114000000.0,15.54,1972000000.0
26,MAS,MRT,2014-12-31,2014-12-31,2014-12-31,2021-09-07,-111000000.0,7208000000.0,7172000000.0,3620000000.0,3588000000.0,0.977,2.594,-112000000.0,1379000000.0,1379000000.0,4946000000.0,903000000.0,1.637,6.58,3424000000.0,505000000.0,2919000000.0,3424000000.0,0.0,167000000.0,0.0,0.013,0.33,720000000.0,887000000.0,0.127,887000000.0,720000000.0,495000000.0,2.4,2.38,2.4,924000000.0,829750000.0,924000000.0,11119757040.0,15.0,12.536,490000000.0,1.375,1.0,2060000000.0,0.294,982000000.0,225000000.0,6060000000.0,5424250000.0,712000000.0,306000000.0,306000000.0,0.0,6080000000.0,2211000000.0,3869000000.0,8977757040.0,160000000.0,-2000000.0,-157000000.0,-2000000.0,-117000000.0,-297000000.0,-100000000.0,43000000.0,602000000.0,-45000000.0,856000000.0,856000000.0,856000000.0,-35000000.0,47000000.0,0.122,1339000000.0,721000000.0,721000000.0,0.138,9.716,10.488,10.5,1046000000.0,0.0,25.2,1.281,1.281,820000000.0,690000000.0,7006000000.0,7006000000.0,0.0,0.119,1.032,0.133,0.103,47000000.0,1347000000.0,1.0,356260200.0,356260200.0,,19.665,6226000000.0,0.0,-361000000.0,0.0,17.476,1409000000.0
27,MAS,MRT,2014-09-30,2014-09-30,2014-09-30,2021-09-07,64000000.0,7373000000.0,7109250000.0,4001000000.0,3372000000.0,0.881,3.218,-105000000.0,1282000000.0,1282000000.0,4382000000.0,853000000.0,1.657,5.244,3424000000.0,505000000.0,2919000000.0,3424000000.0,0.0,186000000.0,0.0,0.013,0.315,649000000.0,835000000.0,0.133,835000000.0,649000000.0,423000000.0,2.25,2.24,2.25,1147000000.0,738500000.0,1147000000.0,10759331840.0,17.0,12.885,594000000.0,1.666,1.0,1879000000.0,0.3,2038000000.0,226000000.0,5062000000.0,5265000000.0,862000000.0,275000000.0,275000000.0,0.0,6015000000.0,2415000000.0,3600000000.0,8526331840.0,271000000.0,13000000.0,-38000000.0,-2000000.0,-112000000.0,-186000000.0,-116000000.0,2000000.0,699000000.0,-28000000.0,804000000.0,804000000.0,804000000.0,-68000000.0,49000000.0,0.128,1245000000.0,634000000.0,1020000000.0,0.14,7.434,10.605,10.631,1153000000.0,0.0,23.92,1.362,1.362,1229000000.0,716000000.0,6261000000.0,6261000000.0,0.0,0.113,1.089,0.123,0.104,54000000.0,1245000000.0,1.0,356452000.0,356452000.0,,17.565,5335000000.0,0.0,-381000000.0,681000000.0,14.967,1586000000.0
28,MAS,MRT,2014-06-30,2014-06-30,2014-06-30,2021-09-07,119000000.0,7227000000.0,7030750000.0,3783000000.0,3444000000.0,0.935,1.924,-93000000.0,1195000000.0,1195000000.0,4613000000.0,417000000.0,1.537,9.22,3428000000.0,507000000.0,2921000000.0,3428000000.0,0.0,186000000.0,0.0,0.018,0.39,669000000.0,855000000.0,0.13,855000000.0,669000000.0,442000000.0,1.04,1.03,1.04,686000000.0,570250000.0,686000000.0,10436312320.0,16.0,12.206,598000000.0,1.677,1.0,1964000000.0,0.299,2051000000.0,227000000.0,4947000000.0,5384000000.0,894000000.0,228000000.0,228000000.0,0.0,6325000000.0,2462000000.0,3863000000.0,7915312320.0,167000000.0,13000000.0,-38000000.0,-201000000.0,-107000000.0,-380000000.0,-99000000.0,-3000000.0,691000000.0,-1000000.0,370000000.0,370000000.0,370000000.0,-56000000.0,47000000.0,0.056,1299000000.0,665000000.0,1122000000.0,0.375,11.538,21.393,21.346,1216000000.0,0.0,22.2,1.203,1.203,1306000000.0,205000000.0,6577000000.0,6577000000.0,0.0,0.053,0.649,0.124,0.102,54000000.0,1299000000.0,1.0,356545600.0,356545600.0,,18.446,5176000000.0,0.0,72000000.0,942000000.0,14.517,1321000000.0
29,MAS,MRT,2014-03-31,2014-03-31,2014-03-31,2021-09-07,115000000.0,6880000000.0,6989500000.0,3418000000.0,3462000000.0,0.98,1.577,-94000000.0,906000000.0,906000000.0,4852000000.0,353000000.0,1.987,10.817,3427000000.0,6000000.0,3421000000.0,3427000000.0,0.0,186000000.0,0.0,0.014,0.3,617000000.0,803000000.0,0.117,803000000.0,617000000.0,386000000.0,0.87,0.86,0.87,562000000.0,487750000.0,562000000.0,10119737282.0,16.0,12.602,542000000.0,1.521,1.0,1998000000.0,0.292,2053000000.0,231000000.0,5628000000.0,5492750000.0,838000000.0,305000000.0,305000000.0,0.0,6079000000.0,1720000000.0,4359000000.0,7915737282.0,78000000.0,13000000.0,-39000000.0,-202000000.0,-108000000.0,-383000000.0,-153000000.0,-71000000.0,636000000.0,3000000.0,309000000.0,309000000.0,309000000.0,-36000000.0,44000000.0,0.045,1366000000.0,632000000.0,954000000.0,0.345,14.085,25.617,25.529,1232000000.0,0.0,22.21,1.156,1.156,1215000000.0,98000000.0,6850000000.0,6850000000.0,0.0,0.044,0.634,0.112,0.09,54000000.0,1366000000.0,1.0,356404200.0,356404200.0,,19.22,4827000000.0,0.0,77000000.0,938000000.0,13.544,1698000000.0
30,MAS,MRT,2013-12-31,2013-12-31,2013-12-31,2021-09-07,115000000.0,6957000000.0,6964250000.0,3468000000.0,3489000000.0,0.971,1.566,-99000000.0,1223000000.0,1223000000.0,4802000000.0,329000000.0,2.057,11.038,3427000000.0,6000000.0,3421000000.0,3427000000.0,0.0,186000000.0,0.0,0.013,0.3,609000000.0,795000000.0,0.118,795000000.0,609000000.0,374000000.0,0.8,0.8,0.8,559000000.0,417750000.0,559000000.0,10543600821.0,17.0,13.262,546000000.0,1.529,1.0,1959000000.0,0.29,2052000000.0,235000000.0,5423000000.0,5462500000.0,765000000.0,321000000.0,321000000.0,0.0,6170000000.0,1686000000.0,4484000000.0,8128600821.0,183000000.0,10000000.0,-35000000.0,-202000000.0,-107000000.0,-382000000.0,-77000000.0,17000000.0,645000000.0,-3000000.0,288000000.0,288000000.0,288000000.0,-29000000.0,41000000.0,0.043,1347000000.0,612000000.0,902000000.0,0.375,14.541,28.224,28.462,1252000000.0,0.0,22.77,1.202,1.202,1004000000.0,79000000.0,6761000000.0,6761000000.0,0.0,0.041,0.689,0.111,0.09,54000000.0,1347000000.0,1.0,356987300.0,356987300.0,,18.939,4905000000.0,73000000.0,86000000.0,397000000.0,13.74,1782000000.0
31,MAS,MRT,2013-09-30,2013-09-30,2013-09-30,2021-09-07,81000000.0,7059000000.0,6943750000.0,3493000000.0,3566000000.0,1.153,1.328,-61000000.0,1011000000.0,1011000000.0,5831000000.0,190000000.0,1.851,13.445,3426000000.0,5000000.0,3421000000.0,3426000000.0,0.0,214000000.0,0.0,0.014,0.3,519000000.0,733000000.0,0.092,733000000.0,519000000.0,281000000.0,0.43,0.42,0.43,474000000.0,358500000.0,474000000.0,10000685328.0,19.0,13.643,518000000.0,1.451,1.0,2175000000.0,0.272,2049000000.0,238000000.0,5538000000.0,5495750000.0,777000000.0,277000000.0,277000000.0,0.0,6373000000.0,1887000000.0,4486000000.0,7595685328.0,122000000.0,3000000.0,-35000000.0,-203000000.0,-108000000.0,-384000000.0,-33000000.0,33000000.0,579000000.0,-2000000.0,153000000.0,153000000.0,153000000.0,33000000.0,37000000.0,0.019,1612000000.0,563000000.0,986000000.0,0.698,16.025,49.645,49.488,1257000000.0,0.0,21.28,0.949,0.949,1211000000.0,36000000.0,8006000000.0,8006000000.0,0.0,0.022,0.427,0.094,0.065,61000000.0,1567000000.0,1.0,356940100.0,356940100.0,,22.43,5010000000.0,0.0,128000000.0,1065000000.0,14.036,1606000000.0
32,MAS,MRT,2013-06-30,2013-06-30,2013-06-30,2021-09-07,47000000.0,7062000000.0,6933000000.0,3479000000.0,3583000000.0,1.121,0.998,-76000000.0,1223000000.0,1223000000.0,5701000000.0,94000000.0,1.704,18.295,3628000000.0,207000000.0,3421000000.0,3628000000.0,0.0,214000000.0,0.0,0.015,0.3,407000000.0,621000000.0,0.08,621000000.0,407000000.0,165000000.0,0.16,0.16,0.16,356000000.0,356750000.0,356000000.0,9550333932.0,23.0,15.379,395000000.0,1.107,1.0,2068000000.0,0.266,2043000000.0,242000000.0,5382000000.0,5468250000.0,791000000.0,0.0,0.0,0.0,6513000000.0,2042000000.0,4471000000.0,6955333932.0,-522000000.0,4000000.0,-35000000.0,-745000000.0,-108000000.0,-926000000.0,48000000.0,134000000.0,471000000.0,12000000.0,59000000.0,59000000.0,59000000.0,42000000.0,35000000.0,0.008,1609000000.0,459000000.0,998000000.0,1.875,19.537,117.887,121.812,1276000000.0,0.0,19.49,0.895,0.895,1255000000.0,-40000000.0,7769000000.0,7769000000.0,0.0,0.009,0.165,0.074,0.052,61000000.0,1563000000.0,1.0,356866800.0,356866800.0,,21.77,5019000000.0,0.0,106000000.0,1050000000.0,14.064,1437000000.0
33,MAS,MRT,2013-03-31,2013-03-31,2013-03-31,2021-09-07,36000000.0,6779000000.0,7107250000.0,3174000000.0,3605000000.0,1.064,0.791,-62000000.0,1032000000.0,1032000000.0,5585000000.0,-61000000.0,1.738,22.284,3627000000.0,206000000.0,3421000000.0,3627000000.0,0.0,214000000.0,0.0,0.015,0.3,254000000.0,468000000.0,0.062,468000000.0,254000000.0,4000000.0,-0.28,-0.28,-0.28,282000000.0,375000000.0,282000000.0,9497487825.0,37.0,20.294,259000000.0,0.726,1.0,1980000000.0,0.262,2041000000.0,250000000.0,5507000000.0,5535000000.0,763000000.0,0.0,0.0,0.0,6284000000.0,1826000000.0,4458000000.0,7220487825.0,-657000000.0,4000000.0,-35000000.0,-745000000.0,-107000000.0,-931000000.0,43000000.0,121000000.0,321000000.0,-7000000.0,-94000000.0,-94000000.0,-94000000.0,61000000.0,33000000.0,-0.012,1655000000.0,325000000.0,863000000.0,-1.071,25.605,-76.814,-72.321,1294000000.0,0.0,20.25,0.954,0.954,1174000000.0,-103000000.0,7565000000.0,7565000000.0,0.0,-0.013,-0.251,0.046,0.034,61000000.0,1534000000.0,1.0,356567300.0,356567300.0,,21.216,4738000000.0,0.0,98000000.0,1037000000.0,13.288,1348000000.0
34,MAS,MRT,2012-12-31,2012-12-31,2012-12-31,2021-09-07,59000000.0,6875000000.0,7350000000.0,3217000000.0,3658000000.0,1.02,0.902,-52000000.0,1040000000.0,1040000000.0,5539000000.0,-79000000.0,1.728,19.693,3628000000.0,206000000.0,3422000000.0,3628000000.0,0.0,214000000.0,0.0,0.018,0.3,231000000.0,445000000.0,0.059,445000000.0,231000000.0,-23000000.0,-0.33,-0.33,-0.33,322000000.0,444250000.0,322000000.0,8412286000.0,36.0,18.904,229000000.0,0.641,1.0,1956000000.0,0.261,2045000000.0,254000000.0,5556000000.0,5625750000.0,726000000.0,311000000.0,311000000.0,0.0,6341000000.0,1862000000.0,4479000000.0,5949286000.0,-313000000.0,9000000.0,-8000000.0,-396000000.0,-107000000.0,-576000000.0,-29000000.0,38000000.0,281000000.0,11000000.0,-114000000.0,-114000000.0,-114000000.0,61000000.0,35000000.0,-0.015,1654000000.0,302000000.0,788000000.0,-0.909,18.476,-52.187,-50.485,1326000000.0,0.0,16.66,0.794,0.794,933000000.0,-102000000.0,7495000000.0,7495000000.0,0.0,-0.016,-0.257,0.041,0.031,61000000.0,1535000000.0,1.0,357100000.0,357100000.0,,20.989,4830000000.0,0.0,91000000.0,1053000000.0,13.526,1355000000.0
35,MAS,MRT,2012-09-30,2012-09-30,2012-09-30,2021-09-07,99000000.0,7016000000.0,7455500000.0,3255000000.0,3761000000.0,0.953,1.308,-95000000.0,1166000000.0,1166000000.0,5265000000.0,-567000000.0,1.655,13.58,3629000000.0,207000000.0,3422000000.0,3629000000.0,0.0,263000000.0,0.0,0.02,0.3,-383000000.0,-120000000.0,-0.017,-120000000.0,-383000000.0,-641000000.0,-1.74,-1.74,-1.74,467000000.0,495500000.0,467000000.0,7894355000.0,-21.0,-65.786,125000000.0,0.35,1.0,1840000000.0,0.259,2084000000.0,258000000.0,5428000000.0,5540750000.0,830000000.0,0.0,0.0,0.0,6342000000.0,1967000000.0,4375000000.0,5374355000.0,-431000000.0,-9000000.0,-8000000.0,-397000000.0,-107000000.0,-577000000.0,-92000000.0,44000000.0,220000000.0,4000000.0,-600000000.0,-600000000.0,-600000000.0,194000000.0,33000000.0,-0.084,2020000000.0,-180000000.0,866000000.0,-0.172,11.508,-8.957,-8.649,1484000000.0,0.0,15.05,0.756,0.756,1156000000.0,-15000000.0,7105000000.0,7105000000.0,0.0,-0.08,-1.211,-0.069,-0.054,61000000.0,1493000000.0,1.0,357100000.0,357100000.0,,19.896,4932000000.0,0.0,-41000000.0,953000000.0,13.811,1288000000.0
36,MAS,MRT,2012-06-30,2012-06-30,2012-06-30,2021-09-07,61000000.0,7759000000.0,7754500000.0,3990000000.0,3769000000.0,0.925,1.201,-98000000.0,1853000000.0,1853000000.0,5335000000.0,-542000000.0,1.564,16.643,4373000000.0,751000000.0,3622000000.0,4373000000.0,0.0,263000000.0,0.0,0.022,0.3,-373000000.0,-110000000.0,-0.015,-110000000.0,-373000000.0,-632000000.0,-1.68,-1.68,-1.68,429000000.0,695500000.0,429000000.0,7540977000.0,-20.0,-68.554,127000000.0,0.356,1.0,1835000000.0,0.256,2079000000.0,259000000.0,5649000000.0,5559750000.0,844000000.0,0.0,0.0,0.0,7140000000.0,2551000000.0,4589000000.0,4952977000.0,229000000.0,-10000000.0,-8000000.0,288000000.0,-106000000.0,109000000.0,-103000000.0,41000000.0,225000000.0,-43000000.0,-579000000.0,-579000000.0,-579000000.0,203000000.0,37000000.0,-0.081,2009000000.0,-174000000.0,941000000.0,-0.179,11.545,-8.554,-8.256,1489000000.0,0.0,13.87,0.691,0.691,1206000000.0,-30000000.0,7170000000.0,7170000000.0,0.0,-0.075,-0.832,-0.067,-0.052,61000000.0,1482000000.0,1.0,357100000.0,357100000.0,,20.078,5680000000.0,0.0,-53000000.0,967000000.0,15.906,1439000000.0
37,MAS,MRT,2012-03-31,2012-03-31,2012-03-31,2021-09-07,103000000.0,7750000000.0,7919250000.0,3901000000.0,3849000000.0,0.912,1.565,-116000000.0,1788000000.0,1788000000.0,5377000000.0,-455000000.0,1.64,12.447,4376000000.0,754000000.0,3622000000.0,4376000000.0,0.0,263000000.0,0.0,0.022,0.3,-287000000.0,-24000000.0,-0.003,-24000000.0,-287000000.0,-542000000.0,-1.44,-1.44,-1.44,559000000.0,917000000.0,559000000.0,7146024791.0,-25.0,-297.751,172000000.0,0.481,1.0,1846000000.0,0.256,2090000000.0,255000000.0,5870000000.0,5756000000.0,828000000.0,0.0,0.0,0.0,6958000000.0,2378000000.0,4580000000.0,4777024791.0,270000000.0,-10000000.0,-8000000.0,286000000.0,-106000000.0,129000000.0,-72000000.0,80000000.0,288000000.0,-19000000.0,-496000000.0,-496000000.0,-496000000.0,185000000.0,41000000.0,-0.069,1978000000.0,-132000000.0,904000000.0,-0.208,8.546,-9.631,-9.285,1545000000.0,0.0,13.37,0.661,0.661,1190000000.0,45000000.0,7223000000.0,7223000000.0,0.0,-0.063,-0.541,-0.05,-0.04,61000000.0,1521000000.0,1.0,357294300.0,357294300.0,,20.216,5660000000.0,0.0,-46000000.0,958000000.0,15.841,1523000000.0
38,MAS,MRT,2011-12-31,2011-12-31,2011-12-31,2021-09-07,76000000.0,7297000000.0,8043250000.0,3429000000.0,3868000000.0,0.891,1.473,-127000000.0,1656000000.0,1656000000.0,5383000000.0,-533000000.0,1.451,12.438,4025000000.0,803000000.0,3222000000.0,4025000000.0,0.0,263000000.0,0.0,0.029,0.3,-361000000.0,-98000000.0,-0.014,-98000000.0,-361000000.0,-615000000.0,-1.66,-1.66,-1.66,527000000.0,1108750000.0,527000000.0,6169744000.0,-17.0,-62.957,112000000.0,0.313,1.0,1787000000.0,0.249,2087000000.0,254000000.0,5216000000.0,5925500000.0,769000000.0,0.0,0.0,0.0,6555000000.0,2363000000.0,4192000000.0,3749744000.0,-72000000.0,-10000000.0,-30000000.0,-63000000.0,-107000000.0,-219000000.0,-84000000.0,71000000.0,239000000.0,-8000000.0,-575000000.0,-575000000.0,-575000000.0,181000000.0,42000000.0,-0.08,2002000000.0,-215000000.0,770000000.0,-0.181,7.115,-6.521,-6.313,1567000000.0,0.0,10.48,0.523,0.523,914000000.0,38000000.0,7170000000.0,7170000000.0,0.0,-0.071,-0.519,-0.061,-0.05,61000000.0,1543000000.0,1.0,357800000.0,357800000.0,,20.039,5210000000.0,0.0,-40000000.0,970000000.0,14.561,1066000000.0
39,MAS,MRT,2011-09-30,2011-09-30,2011-09-30,2021-09-07,231000000.0,8212000000.0,8254000000.0,3711000000.0,4501000000.0,0.891,3.54,-134000000.0,1610000000.0,1610000000.0,5605000000.0,-990000000.0,1.493,5.308,4030000000.0,806000000.0,3224000000.0,4030000000.0,0.0,279000000.0,0.0,0.042,0.3,-541000000.0,-262000000.0,-0.036,-262000000.0,-541000000.0,-794000000.0,-2.98,-2.98,-2.98,1267000000.0,1323000000.0,1267000000.0,5029248000.0,-9.0,-19.196,208000000.0,0.581,1.0,1753000000.0,0.238,2643000000.0,253000000.0,5504000000.0,6217500000.0,850000000.0,0.0,0.0,0.0,6725000000.0,2485000000.0,4240000000.0,2548248000.0,73000000.0,0.0,-30000000.0,-62000000.0,-107000000.0,-214000000.0,-31000000.0,116000000.0,342000000.0,-6000000.0,-1036000000.0,-1036000000.0,-1036000000.0,52000000.0,46000000.0,-0.141,2279000000.0,-526000000.0,866000000.0,-0.101,2.011,-2.46,-2.389,1656000000.0,0.0,7.12,0.346,0.346,1133000000.0,638000000.0,7358000000.0,7358000000.0,0.0,-0.126,-0.783,-0.087,-0.074,62000000.0,1575000000.0,1.0,357900000.0,357900000.0,,20.559,5569000000.0,0.0,242000000.0,1016000000.0,15.56,1226000000.0
40,MAS,MRT,2011-06-30,2011-06-30,2011-06-30,2021-09-07,302000000.0,8418000000.0,8514250000.0,3831000000.0,4587000000.0,0.862,3.672,-120000000.0,1611000000.0,1611000000.0,5585000000.0,-1032000000.0,2.128,5.233,4092000000.0,65000000.0,4027000000.0,4092000000.0,0.0,279000000.0,0.0,0.025,0.3,-555000000.0,-276000000.0,-0.038,-276000000.0,-555000000.0,-808000000.0,-3.1,-3.1,-3.1,1315000000.0,1632500000.0,1315000000.0,6898943000.0,-12.0,-24.996,256000000.0,0.715,1.0,1752000000.0,0.239,2665000000.0,253000000.0,6434000000.0,6561500000.0,901000000.0,0.0,0.0,0.0,6881000000.0,1800000000.0,5081000000.0,4307943000.0,227000000.0,0.0,-30000000.0,-4000000.0,-108000000.0,-157000000.0,-38000000.0,98000000.0,376000000.0,55000000.0,-1077000000.0,-1077000000.0,-1077000000.0,32000000.0,45000000.0,-0.147,2290000000.0,-538000000.0,921000000.0,-0.097,3.276,-4.0,-3.881,1698000000.0,0.0,12.03,0.587,0.587,1188000000.0,628000000.0,7337000000.0,7337000000.0,0.0,-0.126,-0.66,-0.085,-0.076,62000000.0,1587000000.0,1.0,358100000.0,358100000.0,,20.489,5753000000.0,0.0,269000000.0,1054000000.0,16.065,2031000000.0
41,MAS,MRT,2011-03-31,2011-03-30,2011-03-30,2021-09-07,310000000.0,8246000000.0,8707500000.0,3595000000.0,4651000000.0,0.848,3.703,-123000000.0,1505000000.0,1505000000.0,5621000000.0,-1040000000.0,2.211,5.05,4096000000.0,66000000.0,4030000000.0,4096000000.0,0.0,279000000.0,0.0,0.021,0.3,-591000000.0,-312000000.0,-0.042,-312000000.0,-591000000.0,-847000000.0,-3.11,-3.11,-3.11,1326000000.0,1915500000.0,1326000000.0,7418068780.0,-13.0,-23.776,291000000.0,0.813,1.0,1766000000.0,0.239,2663000000.0,256000000.0,6548000000.0,6686250000.0,839000000.0,0.0,0.0,0.0,6696000000.0,1626000000.0,5070000000.0,5035068780.0,127000000.0,0.0,-30000000.0,-62000000.0,-108000000.0,-221000000.0,-95000000.0,54000000.0,414000000.0,18000000.0,-1082000000.0,-1082000000.0,-1082000000.0,26000000.0,42000000.0,-0.146,2281000000.0,-515000000.0,787000000.0,-0.096,3.797,-4.653,-4.521,1719000000.0,0.0,14.06,0.682,0.682,1113000000.0,647000000.0,7387000000.0,7387000000.0,0.0,-0.124,-0.565,-0.088,-0.08,62000000.0,1583000000.0,1.0,358113000.0,358113000.0,,20.628,5583000000.0,0.0,235000000.0,1040000000.0,15.59,1969000000.0
42,MAS,MRT,2010-12-31,2010-12-31,2010-12-31,2021-09-07,273000000.0,8140000000.0,8967500000.0,3464000000.0,4676000000.0,0.835,3.861,-119000000.0,1715000000.0,1715000000.0,5653000000.0,-1002000000.0,2.33,4.738,4098000000.0,66000000.0,4032000000.0,4098000000.0,0.0,279000000.0,0.0,0.024,0.3,-552000000.0,-273000000.0,-0.036,-273000000.0,-552000000.0,-803000000.0,-3.0,-3.0,-3.0,1384000000.0,2213500000.0,1384000000.0,7103610000.0,-13.0,-26.021,346000000.0,0.965,1.0,1833000000.0,0.245,2652000000.0,251000000.0,6384000000.0,6843500000.0,732000000.0,0.0,0.0,0.0,6558000000.0,1487000000.0,5071000000.0,4538610000.0,302000000.0,0.0,-45000000.0,133000000.0,-108000000.0,-40000000.0,-109000000.0,42000000.0,465000000.0,-14000000.0,-1043000000.0,-1043000000.0,-1043000000.0,21000000.0,41000000.0,-0.139,2296000000.0,-463000000.0,602000000.0,-0.1,3.279,-4.351,-4.22,1737000000.0,0.0,12.66,0.606,0.606,888000000.0,720000000.0,7486000000.0,7486000000.0,0.0,-0.116,-0.471,-0.081,-0.074,62000000.0,1598000000.0,1.0,358500000.0,358500000.0,,20.881,5488000000.0,0.0,240000000.0,1039000000.0,15.308,1977000000.0
43,MAS,MRT,2010-09-30,2010-09-30,2010-09-30,2021-09-07,339000000.0,9253000000.0,9226250000.0,3733000000.0,5520000000.0,0.826,6.987,-124000000.0,1537000000.0,1537000000.0,5601000000.0,-151000000.0,2.396,2.616,4102000000.0,66000000.0,4036000000.0,4102000000.0,0.0,254000000.0,0.0,0.027,0.3,24000000.0,278000000.0,0.036,278000000.0,24000000.0,-220000000.0,-0.56,-0.56,-0.56,2505000000.0,2524750000.0,2505000000.0,6667085000.0,278.0,23.982,530000000.0,1.478,1.0,2019000000.0,0.265,3380000000.0,244000000.0,6880000000.0,6885250000.0,802000000.0,0.0,0.0,0.0,6553000000.0,1558000000.0,4995000000.0,3947085000.0,338000000.0,5000000.0,-45000000.0,131000000.0,-108000000.0,-39000000.0,-131000000.0,16000000.0,654000000.0,-18000000.0,-194000000.0,-194000000.0,-194000000.0,22000000.0,43000000.0,-0.025,1902000000.0,117000000.0,650000000.0,-0.536,1.576,-20.346,-19.661,1838000000.0,0.0,11.01,0.518,0.518,1106000000.0,1782000000.0,7620000000.0,7620000000.0,0.0,-0.021,-0.077,0.003,0.003,69000000.0,1648000000.0,1.0,358500000.0,358500000.0,,21.255,5873000000.0,0.0,-26000000.0,959000000.0,16.382,2175000000.0
44,MAS,MRT,2010-06-30,2010-06-30,2010-06-30,2021-09-07,262000000.0,9191000000.0,9303500000.0,3678000000.0,5513000000.0,0.833,6.822,-117000000.0,1384000000.0,1384000000.0,5655000000.0,-118000000.0,2.273,2.69,4104000000.0,66000000.0,4038000000.0,4104000000.0,0.0,254000000.0,0.0,0.028,0.3,45000000.0,299000000.0,0.039,299000000.0,45000000.0,-192000000.0,-0.46,-0.46,-0.46,2447000000.0,2620500000.0,2447000000.0,6647612000.0,148.0,22.233,583000000.0,1.625,1.0,2092000000.0,0.27,3360000000.0,237000000.0,6933000000.0,6865000000.0,840000000.0,0.0,0.0,0.0,6583000000.0,1618000000.0,4965000000.0,3859612000.0,458000000.0,8000000.0,-45000000.0,127000000.0,-108000000.0,-43000000.0,-124000000.0,8000000.0,700000000.0,-37000000.0,-161000000.0,-161000000.0,-161000000.0,45000000.0,43000000.0,-0.021,1939000000.0,153000000.0,729000000.0,-0.652,1.577,-23.973,-23.391,1851000000.0,0.0,10.76,0.498,0.498,1157000000.0,1814000000.0,7747000000.0,7747000000.0,0.0,-0.017,-0.061,0.007,0.006,69000000.0,1685000000.0,1.0,358700000.0,358700000.0,,21.597,5831000000.0,0.0,-31000000.0,927000000.0,16.256,2060000000.0
45,MAS,MRT,2010-03-31,2010-03-30,2010-03-30,2021-09-07,325000000.0,9286000000.0,9377500000.0,3640000000.0,5646000000.0,0.822,7.018,-98000000.0,1378000000.0,1378000000.0,5623000000.0,-67000000.0,2.401,2.614,4166000000.0,66000000.0,4100000000.0,4166000000.0,0.0,254000000.0,0.0,0.019,0.3,75000000.0,329000000.0,0.043,329000000.0,75000000.0,-152000000.0,-0.32,-0.32,-0.32,2518000000.0,2719250000.0,2518000000.0,8080181200.0,108.0,24.56,646000000.0,1.801,1.0,2089000000.0,0.271,3381000000.0,227000000.0,7177000000.0,6881500000.0,805000000.0,0.0,0.0,0.0,6583000000.0,1516000000.0,5067000000.0,5525181200.0,565000000.0,8000000.0,-45000000.0,186000000.0,-108000000.0,24000000.0,-108000000.0,6000000.0,744000000.0,16000000.0,-109000000.0,-109000000.0,-109000000.0,57000000.0,42000000.0,-0.014,1939000000.0,150000000.0,673000000.0,-0.938,2.194,-50.69,-48.125,1920000000.0,0.0,15.4,0.716,0.716,1147000000.0,1837000000.0,7712000000.0,7712000000.0,0.0,-0.012,-0.04,0.011,0.01,69000000.0,1685000000.0,1.0,358778000.0,358778000.0,,21.495,5905000000.0,0.0,-43000000.0,967000000.0,16.459,2124000000.0
46,MAS,MRT,2009-12-31,2009-12-31,2009-12-31,2021-09-07,366000000.0,9175000000.0,9373250000.0,3451000000.0,5724000000.0,0.817,7.321,-102000000.0,1413000000.0,1413000000.0,5647000000.0,-145000000.0,1.938,2.418,3968000000.0,364000000.0,3604000000.0,3968000000.0,0.0,254000000.0,0.0,0.033,0.46,-2000000.0,252000000.0,0.033,252000000.0,-2000000.0,-227000000.0,-0.53,-0.53,-0.53,2629000000.0,2767250000.0,2629000000.0,7735171000.0,-3868.0,30.695,603000000.0,1.679,1.0,2010000000.0,0.263,3398000000.0,225000000.0,6551000000.0,6833750000.0,743000000.0,0.0,0.0,0.0,6358000000.0,1781000000.0,4577000000.0,4959171000.0,385000000.0,0.0,-11000000.0,-11000000.0,-166000000.0,-197000000.0,-118000000.0,11000000.0,705000000.0,-5000000.0,-183000000.0,-183000000.0,-183000000.0,53000000.0,38000000.0,-0.024,1940000000.0,70000000.0,578000000.0,-0.868,1.886,-27.099,-26.057,1981000000.0,0.0,13.81,0.648,0.648,983000000.0,1871000000.0,7657000000.0,7657000000.0,0.0,-0.02,-0.066,0.0,0.0,69000000.0,1678000000.0,1.0,359100000.0,359100000.0,,21.323,5777000000.0,0.0,-44000000.0,973000000.0,16.087,1670000000.0
47,MAS,MRT,2009-09-30,2009-09-30,2009-09-30,2021-09-07,421000000.0,9562000000.0,9450250000.0,3515000000.0,6047000000.0,0.827,8.04,-112000000.0,1199000000.0,1199000000.0,5904000000.0,-475000000.0,1.891,2.248,3975000000.0,369000000.0,3606000000.0,3975000000.0,0.0,238000000.0,0.0,0.048,0.62,-319000000.0,-81000000.0,-0.01,-81000000.0,-319000000.0,-544000000.0,-1.44,-1.44,-1.44,2888000000.0,2815250000.0,2888000000.0,7694864000.0,-24.0,-94.998,541000000.0,1.506,1.0,1914000000.0,0.245,3680000000.0,225000000.0,6799000000.0,7002000000.0,798000000.0,0.0,0.0,0.0,6493000000.0,1859000000.0,4634000000.0,4640864000.0,169000000.0,-7000000.0,-11000000.0,-119000000.0,-224000000.0,-350000000.0,-144000000.0,12000000.0,653000000.0,-32000000.0,-506000000.0,-506000000.0,-506000000.0,41000000.0,31000000.0,-0.065,2142000000.0,-228000000.0,623000000.0,-0.431,1.607,-9.172,-8.972,2007000000.0,0.0,12.92,0.594,0.594,1193000000.0,2083000000.0,7818000000.0,7818000000.0,0.0,-0.054,-0.18,-0.046,-0.041,74000000.0,1667000000.0,1.0,359200000.0,359200000.0,,21.765,5882000000.0,0.0,-38000000.0,1028000000.0,16.375,1656000000.0
48,MAS,MRT,2009-06-30,2009-06-30,2009-06-30,2021-09-07,387000000.0,9487000000.0,9719000000.0,3394000000.0,6093000000.0,0.848,7.91,-160000000.0,926000000.0,926000000.0,6250000000.0,-471000000.0,1.816,2.281,3980000000.0,370000000.0,3610000000.0,3980000000.0,0.0,238000000.0,0.0,0.081,0.775,-245000000.0,-7000000.0,-0.001,-7000000.0,-245000000.0,-473000000.0,-1.43,-1.43,-1.43,2842000000.0,3030750000.0,2842000000.0,6609094000.0,-27.0,-944.156,469000000.0,1.305,1.0,1995000000.0,0.242,3673000000.0,228000000.0,6999000000.0,7197000000.0,886000000.0,0.0,0.0,0.0,6482000000.0,1869000000.0,4613000000.0,3442094000.0,73000000.0,16000000.0,-24000000.0,-123000000.0,-280000000.0,-423000000.0,-148000000.0,33000000.0,629000000.0,-84000000.0,-501000000.0,-501000000.0,-501000000.0,20000000.0,30000000.0,-0.061,2167000000.0,-172000000.0,637000000.0,-0.542,1.211,-6.87,-6.699,2066000000.0,0.0,9.58,0.417,0.417,1236000000.0,2082000000.0,8245000000.0,8245000000.0,0.0,-0.052,-0.165,-0.034,-0.03,74000000.0,1692000000.0,1.0,359300000.0,359300000.0,,22.947,5814000000.0,0.0,28000000.0,1003000000.0,16.181,1525000000.0
49,MAS,MRT,2009-03-31,2009-03-31,2009-03-31,2021-09-07,304000000.0,9269000000.0,10070500000.0,3178000000.0,6091000000.0,0.881,7.538,-185000000.0,813000000.0,813000000.0,6723000000.0,-440000000.0,1.772,2.363,3980000000.0,369000000.0,3611000000.0,3980000000.0,0.0,238000000.0,0.0,0.133,0.93,-135000000.0,103000000.0,0.012,103000000.0,-135000000.0,-363000000.0,-1.35,-1.35,-1.35,2710000000.0,3308750000.0,2710000000.0,5467310000.0,-40.0,53.081,475000000.0,1.321,1.0,2152000000.0,0.242,3657000000.0,228000000.0,6986000000.0,7425500000.0,901000000.0,0.0,0.0,0.0,6403000000.0,1793000000.0,4610000000.0,2509310000.0,175000000.0,150000000.0,-71000000.0,-130000000.0,-337000000.0,-540000000.0,-31000000.0,51000000.0,660000000.0,-111000000.0,-474000000.0,-474000000.0,-474000000.0,-2000000.0,34000000.0,-0.053,2225000000.0,-73000000.0,603000000.0,-0.689,0.926,-5.294,-5.17,2076000000.0,0.0,6.98,0.283,0.283,1138000000.0,2054000000.0,8875000000.0,8875000000.0,0.0,-0.047,-0.143,-0.018,-0.015,74000000.0,1750000000.0,1.0,359500000.0,359500000.0,,24.687,5612000000.0,0.0,111000000.0,999000000.0,15.611,1385000000.0
50,MAS,MRT,2008-12-31,2008-12-31,2008-12-31,2021-09-07,308000000.0,9483000000.0,10475500000.0,3300000000.0,6183000000.0,0.905,7.838,-199000000.0,1028000000.0,1028000000.0,7125000000.0,-352000000.0,2.133,2.305,3986000000.0,71000000.0,3915000000.0,3986000000.0,0.0,238000000.0,0.0,0.083,0.925,-29000000.0,209000000.0,0.022,209000000.0,-29000000.0,-257000000.0,-1.13,-1.13,-1.13,2821000000.0,3629250000.0,2821000000.0,7051687000.0,-243.0,33.74,598000000.0,1.662,1.0,2359000000.0,0.249,3670000000.0,228000000.0,7224000000.0,7740500000.0,941000000.0,0.0,0.0,0.0,6502000000.0,1547000000.0,4955000000.0,4005687000.0,106000000.0,158000000.0,-160000000.0,-133000000.0,-336000000.0,-631000000.0,-14000000.0,58000000.0,797000000.0,-46000000.0,-391000000.0,-391000000.0,-391000000.0,25000000.0,39000000.0,-0.041,2269000000.0,90000000.0,531000000.0,-0.819,1.42,-10.245,-9.85,2136000000.0,0.0,11.13,0.422,0.422,999000000.0,2162000000.0,9484000000.0,9484000000.0,0.0,-0.037,-0.108,-0.004,-0.003,74000000.0,1802000000.0,1.0,359900000.0,359900000.0,,26.352,5813000000.0,0.0,134000000.0,1040000000.0,16.152,1753000000.0
51,MAS,MRT,2008-09-30,2008-09-30,2008-09-30,2021-09-07,662000000.0,10637000000.0,10831500000.0,3836000000.0,6801000000.0,0.934,10.417,-207000000.0,1030000000.0,1030000000.0,7486000000.0,38000000.0,2.019,1.837,4076000000.0,115000000.0,3961000000.0,4076000000.0,0.0,248000000.0,0.0,0.051,0.92,441000000.0,689000000.0,0.068,689000000.0,441000000.0,208000000.0,-0.1,-0.09,-0.1,3750000000.0,3930250000.0,3750000000.0,9681400000.0,22.0,14.051,741000000.0,2.058,1.0,2634000000.0,0.26,4204000000.0,233000000.0,7579000000.0,7910500000.0,1080000000.0,0.0,0.0,0.0,6887000000.0,1900000000.0,4987000000.0,6458400000.0,336000000.0,185000000.0,-213000000.0,-42000000.0,-336000000.0,-595000000.0,-47000000.0,66000000.0,948000000.0,6000000.0,-34000000.0,-34000000.0,-34000000.0,136000000.0,72000000.0,-0.003,1994000000.0,640000000.0,717000000.0,-9.2,1.722,-189.953,-179.4,2194000000.0,0.0,17.94,0.638,0.638,1442000000.0,2737000000.0,10120000000.0,10120000000.0,0.0,-0.003,-0.009,0.056,0.044,94000000.0,1875000000.0,1.0,360000000.0,360000000.0,,28.111,6433000000.0,0.0,242000000.0,1026000000.0,17.869,1936000000.0
52,MAS,MRT,2008-06-30,2008-06-30,2008-06-30,2021-09-07,818000000.0,10893000000.0,11005250000.0,3947000000.0,6946000000.0,0.964,10.932,-195000000.0,853000000.0,853000000.0,7778000000.0,199000000.0,2.036,1.755,4076000000.0,116000000.0,3960000000.0,4076000000.0,0.0,248000000.0,0.0,0.058,0.92,636000000.0,884000000.0,0.083,884000000.0,636000000.0,397000000.0,0.37,0.38,0.37,3954000000.0,4043500000.0,3954000000.0,9172541000.0,14.0,10.376,922000000.0,2.549,1.0,2836000000.0,0.267,4264000000.0,239000000.0,7913000000.0,8070250000.0,1179000000.0,0.0,0.0,0.0,6939000000.0,1939000000.0,5000000000.0,5689541000.0,48000000.0,163000000.0,-362000000.0,-371000000.0,-340000000.0,-1090000000.0,6000000.0,113000000.0,1117000000.0,64000000.0,138000000.0,138000000.0,138000000.0,135000000.0,61000000.0,0.013,2019000000.0,817000000.0,808000000.0,2.486,1.439,41.229,42.514,2249000000.0,0.0,15.73,0.536,0.536,1567000000.0,2784000000.0,10614000000.0,10614000000.0,0.0,0.013,0.034,0.079,0.06,94000000.0,1900000000.0,1.0,361700000.0,361700000.0,,29.345,6629000000.0,0.0,259000000.0,1040000000.0,18.327,2008000000.0
53,MAS,MRT,2008-03-31,2008-03-31,2008-03-31,2021-09-07,829000000.0,10889000000.0,11195250000.0,3788000000.0,7101000000.0,0.988,10.946,-198000000.0,630000000.0,630000000.0,8033000000.0,294000000.0,2.033,1.728,4113000000.0,117000000.0,3996000000.0,4113000000.0,0.0,248000000.0,0.0,0.046,0.92,788000000.0,1036000000.0,0.094,1036000000.0,788000000.0,537000000.0,0.65,0.66,0.65,3992000000.0,4091500000.0,3992000000.0,10398001000.0,13.0,10.037,1060000000.0,2.906,1.0,3027000000.0,0.274,4263000000.0,251000000.0,8246000000.0,8161500000.0,1160000000.0,0.0,0.0,0.0,6897000000.0,1863000000.0,5034000000.0,7232001000.0,-477000000.0,-155000000.0,-635000000.0,-348000000.0,-344000000.0,-1322000000.0,-308000000.0,123000000.0,1258000000.0,79000000.0,245000000.0,245000000.0,245000000.0,138000000.0,49000000.0,0.022,2064000000.0,963000000.0,768000000.0,1.415,1.812,29.518,30.508,2261000000.0,0.0,19.83,0.654,0.654,1541000000.0,2808000000.0,11060000000.0,11060000000.0,0.0,0.022,0.06,0.097,0.071,94000000.0,1945000000.0,1.0,364700000.0,364700000.0,,30.326,6626000000.0,0.0,292000000.0,1038000000.0,18.168,1925000000.0
54,MAS,MRT,2007-12-31,2007-12-31,2007-12-31,2021-09-07,697000000.0,10907000000.0,11394250000.0,3808000000.0,7099000000.0,1.002,10.914,-203000000.0,922000000.0,922000000.0,8280000000.0,423000000.0,1.996,1.71,4088000000.0,122000000.0,3966000000.0,4088000000.0,0.0,248000000.0,0.0,0.042,0.91,981000000.0,1229000000.0,0.108,1229000000.0,981000000.0,723000000.0,1.02,1.02,1.02,4025000000.0,4158750000.0,4025000000.0,11346768000.0,12.0,9.233,1067000000.0,2.893,1.0,3133000000.0,0.275,4261000000.0,258000000.0,7904000000.0,8169750000.0,1126000000.0,0.0,0.0,0.0,6882000000.0,1908000000.0,4974000000.0,7969768000.0,-1036000000.0,-158000000.0,-797000000.0,-881000000.0,-347000000.0,-2020000000.0,-333000000.0,108000000.0,1270000000.0,47000000.0,386000000.0,386000000.0,386000000.0,116000000.0,37000000.0,0.034,2072000000.0,1061000000.0,714000000.0,0.892,1.98,20.647,21.186,2367000000.0,0.0,21.61,0.698,0.698,1405000000.0,2969000000.0,11413000000.0,11413000000.0,0.0,0.034,0.093,0.12,0.086,94000000.0,1953000000.0,1.0,368800000.0,368800000.0,,30.946,6646000000.0,0.0,337000000.0,1008000000.0,18.021,1900000000.0
55,MAS,MRT,2007-09-30,2007-09-30,2007-09-30,2021-09-07,626000000.0,11332000000.0,11748750000.0,3979000000.0,7353000000.0,0.988,11.223,-227000000.0,690000000.0,690000000.0,8455000000.0,350000000.0,1.978,1.696,4067000000.0,24000000.0,4043000000.0,4067000000.0,0.0,244000000.0,0.0,0.039,0.9,970000000.0,1214000000.0,0.105,1214000000.0,970000000.0,704000000.0,0.98,0.98,0.98,4203000000.0,4270250000.0,4203000000.0,12171165000.0,13.0,10.026,783000000.0,2.091,1.0,3154000000.0,0.272,4479000000.0,266000000.0,8218000000.0,8117250000.0,1207000000.0,0.0,0.0,0.0,7129000000.0,2012000000.0,5117000000.0,8677165000.0,-50000000.0,-181000000.0,-806000000.0,96000000.0,-349000000.0,-1064000000.0,-274000000.0,147000000.0,1010000000.0,38000000.0,350000000.0,350000000.0,350000000.0,-14000000.0,0.0,0.03,2249000000.0,905000000.0,839000000.0,0.918,2.065,24.792,23.643,2351000000.0,0.0,23.17,0.747,0.747,1762000000.0,3216000000.0,11609000000.0,11609000000.0,0.0,0.03,0.082,0.119,0.084,100000000.0,1942000000.0,1.0,374500000.0,374500000.0,,30.999,6853000000.0,0.0,354000000.0,1074000000.0,18.299,1967000000.0
56,MAS,MRT,2007-06-30,2007-06-30,2007-06-30,2021-09-07,553000000.0,11653000000.0,11867750000.0,4305000000.0,7348000000.0,1.001,10.977,-253000000.0,853000000.0,853000000.0,8660000000.0,397000000.0,1.788,1.811,4347000000.0,325000000.0,4022000000.0,4347000000.0,0.0,244000000.0,0.0,0.031,0.89,1020000000.0,1264000000.0,0.106,1264000000.0,1020000000.0,765000000.0,1.07,1.06,1.07,4146000000.0,4392500000.0,4146000000.0,13955119000.0,14.0,11.04,790000000.0,2.092,1.0,3223000000.0,0.271,4461000000.0,255000000.0,8278000000.0,7753000000.0,1269000000.0,0.0,0.0,0.0,7507000000.0,2408000000.0,5099000000.0,10753119000.0,293000000.0,-100000000.0,-815000000.0,433000000.0,-350000000.0,-724000000.0,-226000000.0,161000000.0,1043000000.0,23000000.0,397000000.0,397000000.0,397000000.0,-42000000.0,0.0,0.033,2290000000.0,933000000.0,943000000.0,0.832,2.594,27.086,26.607,2334000000.0,0.0,28.47,0.905,0.905,1866000000.0,3226000000.0,11883000000.0,11883000000.0,0.0,0.033,0.09,0.132,0.086,100000000.0,1983000000.0,1.0,377700000.0,377700000.0,,31.461,7192000000.0,0.0,368000000.0,1077000000.0,19.042,1897000000.0
57,MAS,MRT,2007-03-31,2007-03-31,2007-03-31,2021-09-07,521000000.0,11685000000.0,11896250000.0,4536000000.0,7149000000.0,1.021,10.881,-307000000.0,1165000000.0,1165000000.0,8840000000.0,427000000.0,1.939,1.742,4367000000.0,323000000.0,4044000000.0,4367000000.0,0.0,244000000.0,0.0,0.032,0.88,1045000000.0,1289000000.0,0.106,1289000000.0,1045000000.0,806000000.0,1.11,1.09,1.11,4261000000.0,4514000000.0,4261000000.0,13750840000.0,13.0,10.668,789000000.0,2.015,1.0,3308000000.0,0.272,4269000000.0,239000000.0,8279000000.0,7491000000.0,1279000000.0,0.0,0.0,0.0,7424000000.0,2339000000.0,5085000000.0,10729840000.0,527000000.0,129000000.0,-771000000.0,413000000.0,-352000000.0,-702000000.0,-55000000.0,153000000.0,1096000000.0,19000000.0,427000000.0,427000000.0,427000000.0,-39000000.0,0.0,0.035,2295000000.0,1013000000.0,890000000.0,0.793,2.518,25.128,24.685,2351000000.0,0.0,27.4,0.883,0.883,1779000000.0,3364000000.0,12148000000.0,12148000000.0,0.0,0.036,0.095,0.14,0.086,100000000.0,1978000000.0,1.0,391600000.0,391600000.0,,31.021,7416000000.0,0.0,379000000.0,1041000000.0,18.938,2197000000.0
58,MAS,MRT,2006-12-31,2006-12-31,2006-12-31,2021-09-07,512000000.0,12325000000.0,11913750000.0,5115000000.0,7210000000.0,1.049,11.342,-372000000.0,1958000000.0,1958000000.0,9056000000.0,488000000.0,1.509,1.757,4979000000.0,1446000000.0,3533000000.0,4979000000.0,0.0,244000000.0,0.0,0.029,0.86,1134000000.0,1378000000.0,0.11,1378000000.0,1134000000.0,894000000.0,1.24,1.22,1.24,4471000000.0,4619250000.0,4471000000.0,14970754000.0,13.0,10.864,836000000.0,2.121,1.0,3443000000.0,0.275,4263000000.0,240000000.0,7694000000.0,7214500000.0,1263000000.0,0.0,0.0,0.0,7854000000.0,3389000000.0,4465000000.0,11774754000.0,88000000.0,132000000.0,-826000000.0,151000000.0,-349000000.0,-1016000000.0,-122000000.0,165000000.0,1208000000.0,18000000.0,488000000.0,488000000.0,488000000.0,-33000000.0,0.0,0.039,2327000000.0,1116000000.0,815000000.0,0.694,2.634,24.129,24.089,2363000000.0,0.0,29.87,0.942,0.942,1613000000.0,3575000000.0,12499000000.0,12499000000.0,0.0,0.041,0.106,0.157,0.091,100000000.0,2010000000.0,1.0,394200000.0,394200000.0,,31.707,8062000000.0,0.0,406000000.0,932000000.0,20.452,1726000000.0
59,MAS,MRT,2006-09-30,2006-09-30,2006-09-30,2021-09-07,472000000.0,11808000000.0,11972250000.0,4301000000.0,7507000000.0,1.074,11.786,-332000000.0,772000000.0,772000000.0,9245000000.0,848000000.0,1.153,1.517,3968000000.0,1491000000.0,2477000000.0,3968000000.0,0.0,241000000.0,0.0,0.031,0.84,1568000000.0,1809000000.0,0.141,1809000000.0,1568000000.0,1331000000.0,2.13,2.1,2.13,4692000000.0,4713500000.0,4692000000.0,14303902000.0,9.0,7.907,1034000000.0,2.597,1.0,3614000000.0,0.281,4514000000.0,237000000.0,6761000000.0,7283500000.0,1308000000.0,0.0,0.0,0.0,7116000000.0,3729000000.0,3387000000.0,10915902000.0,-816000000.0,304000000.0,-977000000.0,-830000000.0,-347000000.0,-2154000000.0,-68000000.0,38000000.0,1366000000.0,2000000.0,848000000.0,848000000.0,848000000.0,-41000000.0,0.0,0.066,2078000000.0,1536000000.0,923000000.0,0.394,2.326,12.873,12.873,2318000000.0,0.0,27.42,0.849,0.849,1898000000.0,3834000000.0,12859000000.0,12859000000.0,0.0,0.071,0.18,0.215,0.122,71000000.0,2025000000.0,1.0,398100000.0,398100000.0,,32.301,7294000000.0,0.0,483000000.0,910000000.0,18.322,572000000.0
60,MAS,MRT,2006-06-30,2006-06-30,2006-06-30,2021-09-07,428000000.0,11767000000.0,12171250000.0,4261000000.0,7506000000.0,1.056,11.662,-326000000.0,606000000.0,606000000.0,9223000000.0,858000000.0,1.244,1.54,3994000000.0,1184000000.0,2810000000.0,3994000000.0,0.0,241000000.0,0.0,0.028,0.82,1601000000.0,1842000000.0,0.143,1842000000.0,1601000000.0,1354000000.0,2.1,2.07,2.1,4632000000.0,4789750000.0,4632000000.0,15050008000.0,9.0,8.17,1092000000.0,2.749,1.0,3635000000.0,0.283,4499000000.0,247000000.0,7230000000.0,7654000000.0,1313000000.0,0.0,0.0,0.0,7135000000.0,3426000000.0,3709000000.0,11773008000.0,-1026000000.0,200000000.0,-963000000.0,-857000000.0,-346000000.0,-2166000000.0,-178000000.0,11000000.0,1418000000.0,-6000000.0,858000000.0,858000000.0,858000000.0,-22000000.0,0.0,0.067,2043000000.0,1592000000.0,979000000.0,0.39,2.542,13.721,14.114,2284000000.0,0.0,29.64,0.916,0.916,2023000000.0,3812000000.0,12858000000.0,12858000000.0,0.0,0.07,0.179,0.209,0.125,71000000.0,1991000000.0,1.0,397200000.0,397200000.0,,32.372,7268000000.0,0.0,496000000.0,899000000.0,18.298,835000000.0
61,MAS,MRT,2006-03-31,2006-03-31,2006-03-31,2021-09-07,350000000.0,11755000000.0,12392250000.0,4219000000.0,7536000000.0,1.032,11.247,-298000000.0,682000000.0,682000000.0,9163000000.0,913000000.0,1.253,1.511,3959000000.0,1179000000.0,2780000000.0,3959000000.0,0.0,241000000.0,0.0,0.025,0.8,1692000000.0,1933000000.0,0.151,1933000000.0,1692000000.0,1440000000.0,2.2,2.17,2.2,4682000000.0,4876500000.0,4682000000.0,16308587000.0,10.0,8.437,1096000000.0,2.633,1.0,3627000000.0,0.284,4493000000.0,252000000.0,7173000000.0,7898500000.0,1256000000.0,0.0,0.0,0.0,7073000000.0,3366000000.0,3707000000.0,13525587000.0,-352000000.0,190000000.0,-815000000.0,-366000000.0,-343000000.0,-1524000000.0,-104000000.0,40000000.0,1394000000.0,-10000000.0,913000000.0,913000000.0,913000000.0,-25000000.0,0.0,0.071,2013000000.0,1614000000.0,945000000.0,0.364,2.889,14.814,14.768,2228000000.0,0.0,32.49,1.058,1.058,1965000000.0,3932000000.0,12790000000.0,12790000000.0,0.0,0.074,0.187,0.214,0.132,71000000.0,1974000000.0,1.0,416300000.0,416300000.0,,30.723,7262000000.0,0.0,527000000.0,927000000.0,17.444,853000000.0
62,MAS,MRT,2005-12-31,2005-12-31,2005-12-31,2021-09-07,328000000.0,12559000000.0,12487250000.0,5123000000.0,7436000000.0,1.001,11.439,-245000000.0,1964000000.0,1964000000.0,8932000000.0,940000000.0,1.77,1.591,4747000000.0,832000000.0,3915000000.0,4747000000.0,0.0,241000000.0,0.0,0.026,0.78,1701000000.0,1942000000.0,0.155,1942000000.0,1701000000.0,1454000000.0,2.23,2.19,2.23,4848000000.0,4958000000.0,4848000000.0,15958522000.0,9.0,8.218,1129000000.0,2.664,1.0,3568000000.0,0.285,4478000000.0,247000000.0,7970000000.0,8061000000.0,1127000000.0,0.0,0.0,0.0,7711000000.0,2894000000.0,4817000000.0,12794522000.0,576000000.0,291000000.0,-953000000.0,407000000.0,-339000000.0,-885000000.0,92000000.0,99000000.0,1374000000.0,-5000000.0,940000000.0,940000000.0,940000000.0,-51000000.0,0.0,0.075,1978000000.0,1590000000.0,837000000.0,0.35,2.639,13.611,13.538,2173000000.0,0.0,30.19,1.024,1.024,1716000000.0,4286000000.0,12500000000.0,12500000000.0,0.0,0.075,0.19,0.211,0.136,71000000.0,1941000000.0,1.0,423800000.0,423800000.0,,29.495,8081000000.0,0.0,514000000.0,902000000.0,19.068,2229000000.0
63,MAS,MRT,2005-09-30,2005-09-30,2005-09-30,2021-09-07,393000000.0,12604000000.0,12482750000.0,4999000000.0,7605000000.0,0.979,11.61,-276000000.0,1560000000.0,1560000000.0,8661000000.0,872000000.0,1.713,1.522,4724000000.0,824000000.0,3900000000.0,4724000000.0,0.0,237000000.0,0.0,0.025,0.76,1594000000.0,1831000000.0,0.15,1831000000.0,1594000000.0,1356000000.0,2.05,2.0,2.05,4997000000.0,5101750000.0,4997000000.0,16417672000.0,10.0,8.967,1099000000.0,2.553,1.0,3560000000.0,0.291,4607000000.0,238000000.0,8243000000.0,8236250000.0,1177000000.0,0.0,0.0,0.0,7607000000.0,2918000000.0,4689000000.0,13204672000.0,553000000.0,109000000.0,-843000000.0,428000000.0,-334000000.0,-749000000.0,44000000.0,296000000.0,1375000000.0,34000000.0,872000000.0,872000000.0,872000000.0,-24000000.0,0.0,0.071,2078000000.0,1482000000.0,911000000.0,0.371,2.643,15.143,14.966,2208000000.0,0.0,30.68,1.08,1.08,1982000000.0,4375000000.0,12221000000.0,12221000000.0,0.0,0.07,0.171,0.194,0.13,74000000.0,1972000000.0,1.0,430400000.0,430400000.0,,28.395,7997000000.0,0.0,484000000.0,789000000.0,18.58,2081000000.0
64,MAS,MRT,2005-06-30,2005-06-30,2005-06-30,2021-09-07,406000000.0,12651000000.0,12429000000.0,4987000000.0,7664000000.0,0.975,11.48,-275000000.0,1538000000.0,1538000000.0,8505000000.0,969000000.0,1.645,1.541,4751000000.0,875000000.0,3876000000.0,4751000000.0,0.0,237000000.0,0.0,0.023,0.72,1713000000.0,1950000000.0,0.161,1950000000.0,1713000000.0,1484000000.0,2.25,2.19,2.25,4979000000.0,5163000000.0,4979000000.0,17123312000.0,10.0,8.781,1123000000.0,2.589,1.0,3611000000.0,0.298,4624000000.0,229000000.0,8208000000.0,8393750000.0,1224000000.0,0.0,0.0,0.0,7672000000.0,3032000000.0,4640000000.0,13774312000.0,966000000.0,312000000.0,-771000000.0,313000000.0,-320000000.0,-778000000.0,308000000.0,367000000.0,1398000000.0,47000000.0,969000000.0,969000000.0,969000000.0,-86000000.0,0.0,0.08,2093000000.0,1518000000.0,951000000.0,0.32,2.766,14.215,14.116,2205000000.0,0.0,31.76,1.137,1.137,1956000000.0,4217000000.0,12116000000.0,12116000000.0,0.0,0.078,0.188,0.204,0.141,74000000.0,1988000000.0,1.0,433700000.0,433700000.0,,27.936,8027000000.0,0.0,515000000.0,764000000.0,18.508,1955000000.0
65,MAS,MRT,2005-03-31,2005-03-31,2005-03-31,2021-09-07,512000000.0,12135000000.0,12335500000.0,4302000000.0,7833000000.0,0.964,11.249,-276000000.0,940000000.0,940000000.0,8274000000.0,956000000.0,1.446,1.423,4289000000.0,882000000.0,3407000000.0,4289000000.0,0.0,237000000.0,0.0,0.02,0.68,1711000000.0,1948000000.0,0.164,1948000000.0,1711000000.0,1488000000.0,2.19,2.13,2.19,5008000000.0,5173250000.0,5008000000.0,18446084000.0,11.0,9.469,1226000000.0,2.754,1.0,3617000000.0,0.304,4685000000.0,223000000.0,7823000000.0,8680750000.0,1191000000.0,0.0,0.0,0.0,7127000000.0,2976000000.0,4151000000.0,15435084000.0,284000000.0,251000000.0,-928000000.0,-324000000.0,-306000000.0,-1558000000.0,329000000.0,446000000.0,1502000000.0,38000000.0,956000000.0,956000000.0,956000000.0,-46000000.0,0.0,0.08,2085000000.0,1532000000.0,892000000.0,0.311,3.082,16.145,15.831,2243000000.0,0.0,34.67,1.298,1.298,1902000000.0,4029000000.0,11891000000.0,11891000000.0,0.0,0.077,0.185,0.197,0.144,74000000.0,1984000000.0,1.0,445200000.0,445200000.0,,26.709,7450000000.0,0.0,532000000.0,744000000.0,16.734,1326000000.0
66,MAS,MRT,2004-12-31,2004-12-31,2004-12-31,2021-09-07,627000000.0,12541000000.0,12364000000.0,4402000000.0,8139000000.0,0.953,12.105,-273000000.0,1256000000.0,1256000000.0,8143000000.0,893000000.0,2.05,1.313,4267000000.0,80000000.0,4187000000.0,4267000000.0,0.0,237000000.0,0.0,0.018,0.66,1681000000.0,1918000000.0,0.163,1918000000.0,1681000000.0,1464000000.0,2.01,1.96,2.01,5423000000.0,5203000000.0,5423000000.0,19650440000.0,12.0,10.245,1181000000.0,2.636,1.0,3640000000.0,0.309,4734000000.0,217000000.0,8671000000.0,9043250000.0,1132000000.0,0.0,0.0,0.0,7118000000.0,2147000000.0,4971000000.0,16365440000.0,499000000.0,118000000.0,-885000000.0,-13000000.0,-302000000.0,-1145000000.0,161000000.0,330000000.0,1454000000.0,29000000.0,893000000.0,893000000.0,893000000.0,51000000.0,0.0,0.076,2056000000.0,1584000000.0,837000000.0,0.328,3.018,18.326,18.174,2272000000.0,0.0,36.53,1.389,1.389,1732000000.0,3880000000.0,11783000000.0,11783000000.0,0.0,0.072,0.172,0.186,0.143,74000000.0,1974000000.0,1.0,448000000.0,448000000.0,,26.301,7807000000.0,0.0,571000000.0,740000000.0,17.426,2255000000.0
67,MAS,MRT,2004-09-30,2004-09-30,2004-09-30,2021-09-07,409000000.0,12389000000.0,12272000000.0,4279000000.0,8110000000.0,0.946,12.098,-261000000.0,969000000.0,969000000.0,8002000000.0,880000000.0,2.112,1.363,4254000000.0,44000000.0,4210000000.0,4254000000.0,0.0,244000000.0,0.0,0.019,0.64,1681000000.0,1925000000.0,0.166,1925000000.0,1681000000.0,1462000000.0,1.98,1.94,1.98,5242000000.0,5211250000.0,5242000000.0,18867089340.0,11.0,9.801,1478000000.0,3.411,1.0,3611000000.0,0.311,4775000000.0,219000000.0,8873000000.0,9007500000.0,1126000000.0,0.0,0.0,0.0,7147000000.0,2026000000.0,5121000000.0,14961089340.0,99000000.0,97000000.0,-1036000000.0,-178000000.0,-299000000.0,-1410000000.0,16000000.0,141000000.0,1739000000.0,23000000.0,880000000.0,880000000.0,880000000.0,77000000.0,0.0,0.076,1955000000.0,1656000000.0,852000000.0,0.323,2.854,17.001,17.439,2165000000.0,0.0,34.53,1.288,1.288,1908000000.0,3856000000.0,11613000000.0,11613000000.0,0.0,0.072,0.169,0.187,0.145,0.0,1933000000.0,1.0,433278000.0,433278000.0,,26.803,7614000000.0,0.0,582000000.0,851000000.0,17.573,2253000000.0
68,MAS,MRT,2004-06-30,2004-06-30,2004-06-30,2021-09-07,381000000.0,12277000000.0,12224895000.0,3867000000.0,8410000000.0,0.921,11.46,-256000000.0,527000000.0,527000000.0,7769000000.0,840000000.0,1.886,1.446,4433000000.0,136000000.0,4297000000.0,4433000000.0,0.0,244000000.0,0.0,0.02,0.62,1639000000.0,1883000000.0,0.167,1883000000.0,1639000000.0,1408000000.0,1.83,1.79,1.83,5020000000.0,5251897500.0,5020000000.0,17543744220.0,11.0,9.317,1364000000.0,3.114,1.0,3494000000.0,0.31,4777000000.0,231000000.0,9356000000.0,8907510000.0,1134000000.0,0.0,0.0,0.0,7257000000.0,2050000000.0,5207000000.0,13657744220.0,-214000000.0,186000000.0,-1083000000.0,-365000000.0,-295000000.0,-1640000000.0,-13000000.0,-5000000.0,1620000000.0,13000000.0,840000000.0,840000000.0,840000000.0,86000000.0,0.0,0.075,1856000000.0,1638000000.0,869000000.0,0.339,2.721,16.259,17.038,2165000000.0,0.0,31.18,1.213,1.213,1929000000.0,3583000000.0,11263000000.0,11263000000.0,0.0,0.069,0.16,0.184,0.146,0.0,1890000000.0,1.0,438029000.0,438029000.0,,25.713,7500000000.0,0.0,568000000.0,812000000.0,17.122,1817000000.0
69,MAS,MRT,2004-03-31,2004-03-31,2004-03-31,2021-09-07,402000000.0,12249000000.0,12225640000.0,3747000000.0,8502000000.0,0.886,11.331,-248000000.0,624000000.0,624000000.0,7503000000.0,808000000.0,1.778,1.389,4510000000.0,313000000.0,4197000000.0,4510000000.0,0.0,244000000.0,0.0,0.02,0.6,1574000000.0,1818000000.0,0.168,1818000000.0,1574000000.0,1328000000.0,1.72,1.67,1.72,5127000000.0,5323800000.0,5127000000.0,17159882400.0,11.0,9.439,1183000000.0,2.615,1.0,3327000000.0,0.307,4755000000.0,246000000.0,9273000000.0,8725110000.0,1033000000.0,0.0,0.0,0.0,7122000000.0,2107000000.0,5015000000.0,13772882400.0,-93000000.0,65000000.0,-988000000.0,-231000000.0,-291000000.0,-1407000000.0,-133000000.0,25000000.0,1431000000.0,43000000.0,808000000.0,808000000.0,808000000.0,44000000.0,0.0,0.075,1792000000.0,1535000000.0,808000000.0,0.349,2.686,17.046,17.698,2153000000.0,0.0,30.44,1.272,1.272,1820000000.0,3394000000.0,10830000000.0,10830000000.0,0.0,0.066,0.152,0.18,0.145,0.0,1819000000.0,1.0,452460000.0,452460000.0,,23.936,7494000000.0,0.0,520000000.0,719000000.0,16.563,1640000000.0
70,MAS,MRT,2003-12-31,2003-12-31,2003-12-31,2021-09-07,421000000.0,12173000000.0,12155970000.0,3804000000.0,8369000000.0,0.854,11.78,-271000000.0,795000000.0,795000000.0,7192000000.0,806000000.0,1.731,1.231,4182000000.0,334000000.0,3848000000.0,4182000000.0,0.0,244000000.0,0.0,0.021,0.58,1531000000.0,1775000000.0,0.171,1775000000.0,1531000000.0,1271000000.0,1.68,1.64,1.68,5456000000.0,5341830000.0,5456000000.0,16123606320.0,11.0,9.084,1150000000.0,2.483,1.0,3184000000.0,0.307,4835000000.0,260000000.0,8528000000.0,8706827500.0,1019000000.0,0.0,0.0,0.0,6717000000.0,2197000000.0,4520000000.0,12694996320.0,-272000000.0,45000000.0,-790000000.0,-541000000.0,-286000000.0,-1617000000.0,-128000000.0,130000000.0,1421000000.0,52000000.0,806000000.0,806000000.0,806000000.0,-37000000.0,0.0,0.078,1735000000.0,1449000000.0,715000000.0,0.345,2.327,15.751,16.315,2339000000.0,0.0,27.41,1.223,1.223,1674000000.0,3299000000.0,10376000000.0,10376000000.0,0.0,0.066,0.151,0.176,0.148,0.0,1754000000.0,1.0,463152000.0,463152000.0,,22.403,7338000000.0,0.0,465000000.0,672000000.0,15.844,1607000000.0
71,MAS,MRT,2003-09-30,2003-09-30,2003-09-30,2021-09-07,179060000.0,12200580000.0,12125220000.0,4026720000.0,8173860000.0,0.817,11.499,-307550000.0,907710000.0,907710000.0,6881160000.0,909100000.0,1.749,1.257,4336320000.0,500040000.0,3836280000.0,4336320000.0,0.0,220000000.0,0.0,0.023,0.56,1622700000.0,1842700000.0,0.186,1842700000.0,1622700000.0,1356980000.0,1.89,1.8,1.89,5404590000.0,5301330000.0,5404590000.0,15345866560.0,9.0,8.328,905510000.0,1.927,1.0,3024610000.0,0.305,4853590000.0,265720000.0,8473040000.0,8834077500.0,1025900000.0,0.0,0.0,0.0,6795990000.0,2302560000.0,4493430000.0,11505526560.0,307900000.0,4360000.0,-641800000.0,-103910000.0,-280500000.0,-1073950000.0,-144970000.0,148830000.0,1213060000.0,68650000.0,909100000.0,909100000.0,909100000.0,-121000000.0,0.0,0.092,1546310000.0,1478300000.0,706320000.0,0.296,2.129,12.656,12.952,2295120000.0,0.0,24.48,1.161,1.161,1830360000.0,3282700000.0,9905770000.0,9905770000.0,0.0,0.075,0.171,0.184,0.164,0.0,1636310000.0,1.0,469997000.0,469997000.0,,21.076,7346990000.0,0.0,447880000.0,657150000.0,15.632,1724160000.0
72,MAS,MRT,2003-06-30,2003-06-30,2003-06-30,2021-09-07,175690000.0,12279980000.0,11933572500.0,3986380000.0,8293600000.0,0.799,11.137,-306740000.0,785440000.0,785440000.0,6598360000.0,712900000.0,1.511,1.314,4625780000.0,809050000.0,3816730000.0,4625780000.0,0.0,220000000.0,0.0,0.023,0.555,1320230000.0,1540230000.0,0.162,1540230000.0,1320230000.0,1060450000.0,1.47,1.39,1.47,5307610000.0,5284090000.0,5307610000.0,15241136900.0,12.0,9.895,909610000.0,1.909,1.0,2931110000.0,0.308,4855820000.0,259780000.0,8626400000.0,8898207500.0,1161850000.0,0.0,0.0,0.0,6972370000.0,2638100000.0,4334270000.0,11366766900.0,157240000.0,-726870000.0,-570340000.0,723300000.0,-279250000.0,-176290000.0,-1041700000.0,-23680000.0,1216350000.0,59980000.0,712900000.0,712900000.0,712900000.0,-60000000.0,0.0,0.075,1680160000.0,1250950000.0,676520000.0,0.378,2.142,15.944,16.224,2424600000.0,0.0,23.85,1.193,1.193,1775960000.0,3041310000.0,9529470000.0,9529470000.0,0.0,0.06,0.135,0.148,0.139,0.0,1546160000.0,1.0,476594000.0,476594000.0,,19.995,7424160000.0,0.0,347550000.0,517540000.0,15.578,1348280000.0
73,MAS,MRT,2003-03-31,2003-03-31,2003-03-31,2021-09-07,60000.0,11970320000.0,11468097500.0,3827940000.0,8142380000.0,0.804,10.648,-306330000.0,748450000.0,748450000.0,6327010000.0,698200000.0,1.966,1.302,4622820000.0,301050000.0,4321770000.0,4622820000.0,0.0,220000000.0,0.0,0.03,0.55,1284130000.0,1504130000.0,0.163,1504130000.0,1284130000.0,1037150000.0,1.44,1.36,1.44,5199120000.0,5227632500.0,5199120000.0,12662723260.0,10.0,8.419,929280000.0,1.903,1.0,2888460000.0,0.313,4698020000.0,246980000.0,9199870000.0,8817270000.0,1123200000.0,70110000.0,0.0,70110000.0,6771200000.0,1946800000.0,4824400000.0,9091643260.0,510830000.0,-772150000.0,218000000.0,659250000.0,-274690000.0,544940000.0,-1299650000.0,-242150000.0,1235610000.0,61800000.0,698200000.0,698200000.0,698200000.0,-51000000.0,0.0,0.076,1616410000.0,1272050000.0,657150000.0,0.382,1.749,13.022,12.931,2364930000.0,0.0,18.62,0.987,0.987,1683740000.0,2879780000.0,9215470000.0,9215470000.0,0.0,0.061,0.134,0.146,0.139,0.0,1482410000.0,1.0,488273000.0,488273000.0,,18.874,7272300000.0,0.0,338950000.0,502630000.0,14.894,1881140000.0
74,MAS,MRT,2002-12-31,2002-12-31,2002-12-31,2021-09-07,-22000000.0,12050000000.0,10811240000.0,3950000000.0,8100000000.0,0.817,10.76,-285000000.0,1067000000.0,1067000000.0,6040000000.0,590000000.0,2.045,1.276,4637000000.0,321000000.0,4316000000.0,4637000000.0,0.0,220000000.0,0.0,0.026,0.545,1152000000.0,1372000000.0,0.155,1372000000.0,1152000000.0,917000000.0,1.22,1.15,1.22,5294000000.0,4986060000.0,5294000000.0,14032500000.0,12.0,10.228,940000000.0,1.911,1.0,2791000000.0,0.316,4651000000.0,235000000.0,9037000000.0,8496302500.0,1056000000.0,0.0,0.0,0.0,6756000000.0,1932000000.0,4824000000.0,10356600000.0,755000000.0,-715000000.0,432000000.0,634000000.0,-268000000.0,767000000.0,-1296000000.0,-327000000.0,1225000000.0,59000000.0,590000000.0,590000000.0,590000000.0,-43000000.0,0.0,0.067,1540000000.0,1251000000.0,541000000.0,0.447,1.956,17.554,17.254,2315000000.0,0.0,21.05,1.173,1.173,1546000000.0,2784000000.0,8831000000.0,8831000000.0,0.0,0.055,0.118,0.136,0.13,0.0,1393000000.0,1.0,492000000.0,492000000.0,,17.949,7399000000.0,0.0,327000000.0,508000000.0,15.039,2018000000.0
75,MAS,MRT,2002-09-30,2002-09-30,2002-09-30,2021-09-07,-98410000.0,11433990000.0,10054032500.0,3497570000.0,7936420000.0,0.864,11.013,-248860000.0,600090000.0,600090000.0,5930790000.0,522900000.0,1.853,1.143,4275990000.0,311650000.0,3964340000.0,4275990000.0,0.0,269000000.0,0.0,0.028,0.54,1057230000.0,1326230000.0,0.153,1326230000.0,1057230000.0,827170000.0,1.09,1.06,1.09,5335630000.0,4651977500.0,5335630000.0,12613215000.0,12.0,9.511,840010000.0,1.734,1.0,2757910000.0,0.317,4493070000.0,230060000.0,8729560000.0,8158607500.0,994580000.0,95810000.0,0.0,95810000.0,6098360000.0,1887260000.0,4211100000.0,9471975000.0,454220000.0,-610230000.0,539980000.0,119590000.0,-260960000.0,348790000.0,-1018690000.0,-183080000.0,1088870000.0,19350000.0,522900000.0,522900000.0,522900000.0,4000000.0,0.0,0.06,1582410000.0,1175500000.0,565030000.0,0.495,1.775,18.114,17.936,2120600000.0,0.0,19.55,1.09,1.09,1715130000.0,2659460000.0,8688700000.0,8688700000.0,0.0,0.052,0.112,0.13,0.122,0.0,1393410000.0,1.0,484500000.0,484500000.0,,17.933,6940920000.0,0.0,304270000.0,246760000.0,14.326,1610310000.0
76,MAS,MRT,2002-06-30,2002-06-30,2002-06-30,2021-09-07,-41150000.0,10418080000.0,9498842500.0,3314610000.0,7103470000.0,0.892,11.033,-258450000.0,628750000.0,628750000.0,5812860000.0,217100000.0,2.168,1.05,3769990000.0,134510000.0,3635480000.0,3769990000.0,0.0,269000000.0,0.0,0.02,0.535,600500000.0,869500000.0,0.103,869500000.0,600500000.0,369900000.0,0.45,0.43,0.45,5081780000.0,4344745000.0,5081780000.0,15955420680.0,27.0,18.35,856210000.0,1.859,1.0,2656140000.0,0.314,3727910000.0,230600000.0,8302650000.0,8077127500.0,989130000.0,94360000.0,0.0,94360000.0,5336300000.0,1528760000.0,3807540000.0,12486540680.0,522700000.0,-303080000.0,565800000.0,-313360000.0,-253190000.0,-55800000.0,-593350000.0,-13240000.0,1114660000.0,29020000.0,217100000.0,217100000.0,217100000.0,4000000.0,0.0,0.026,1413360000.0,1242780000.0,469130000.0,1.189,2.457,57.515,60.244,2096200000.0,0.0,27.11,1.474,1.474,1520630000.0,2608140000.0,8469000000.0,8469000000.0,0.0,0.023,0.05,0.074,0.071,0.0,1366460000.0,1.0,460588000.0,460588000.0,,18.387,6690170000.0,0.0,152800000.0,172060000.0,14.525,1785850000.0
77,MAS,MRT,2002-03-31,2002-03-31,2002-03-31,2021-09-07,-190240000.0,9342890000.0,9100567500.0,2683590000.0,6659300000.0,0.903,9.207,-265410000.0,238160000.0,238160000.0,5698210000.0,141800000.0,2.039,1.207,3707040000.0,130690000.0,3576350000.0,3707040000.0,0.0,269000000.0,0.0,0.019,0.53,495000000.0,764000000.0,0.093,764000000.0,495000000.0,259200000.0,0.31,0.3,0.31,4232830000.0,4006430000.0,4232830000.0,16065664950.0,32.0,21.028,788680000.0,1.715,1.0,2520790000.0,0.307,3579820000.0,235800000.0,7916000000.0,8172292500.0,897250000.0,226350000.0,0.0,226350000.0,5110060000.0,1315950000.0,3794110000.0,12620164950.0,149170000.0,-271220000.0,-41810000.0,-114880000.0,-248520000.0,-452640000.0,-537350000.0,28570000.0,1054090000.0,4200000.0,141800000.0,141800000.0,141800000.0,4000000.0,0.0,0.017,1400590000.0,1120200000.0,402540000.0,1.71,2.981,89.0,88.548,2009720000.0,0.0,27.45,1.535,1.535,1377180000.0,2553960000.0,8219000000.0,8219000000.0,0.0,0.016,0.035,0.061,0.06,0.0,1330590000.0,1.0,459751000.0,459751000.0,,17.877,5763070000.0,0.0,117400000.0,217760000.0,12.535,1367640000.0
78,MAS,MRT,2001-12-31,2001-12-31,2001-12-31,2021-09-07,-188290000.0,9021170000.0,8908240000.0,2626920000.0,6394250000.0,0.9,8.624,-274000000.0,311990000.0,311990000.0,5586000000.0,199000000.0,2.124,1.279,3757490000.0,129860000.0,3627630000.0,3757490000.0,0.0,269000000.0,0.0,0.021,0.525,540000000.0,809000000.0,0.101,809000000.0,540000000.0,301000000.0,0.43,0.42,0.43,3957670000.0,3867067500.0,3957670000.0,15115195500.0,28.0,18.684,693000000.0,1.51,1.0,2429000000.0,0.303,3543890000.0,239000000.0,7686220000.0,8328235000.0,913100000.0,214840000.0,0.0,214840000.0,5063500000.0,1236560000.0,3826940000.0,11243515500.0,143000000.0,-357000000.0,-67000000.0,202000000.0,-244000000.0,-158000000.0,-667000000.0,-25000000.0,967000000.0,1000000.0,199000000.0,199000000.0,199000000.0,4000000.0,0.0,0.025,1387000000.0,1042000000.0,322280000.0,1.221,2.841,56.5,56.977,2016730000.0,0.0,24.5,1.403,1.403,1204210000.0,2468230000.0,8015000000.0,8015000000.0,0.0,0.022,0.051,0.065,0.067,0.0,1294000000.0,1.0,458919000.0,458919000.0,,17.465,5477280000.0,0.0,102000000.0,199310000.0,11.935,1390360000.0
79,MAS,MRT,2001-09-30,2001-09-30,2001-09-30,2021-09-07,-173020000.0,9213230000.0,8588947500.0,2616990000.0,6596240000.0,0.915,8.924,-335120000.0,146310000.0,146310000.0,5547370000.0,115900000.0,2.247,1.243,4017990000.0,194940000.0,3823050000.0,4017990000.0,0.0,215900000.0,0.0,0.025,0.52,368180000.0,584080000.0,0.074,584080000.0,368180000.0,134700000.0,0.27,0.26,0.27,4106700000.0,3734165000.0,4106700000.0,13194687560.0,36.0,22.591,531380000.0,1.155,1.0,2307630000.0,0.294,3516620000.0,233480000.0,8403640000.0,8290415000.0,1001550000.0,199130000.0,0.0,199130000.0,5106530000.0,1164650000.0,3941880000.0,9406467560.0,-34920000.0,-411620000.0,-211030000.0,477140000.0,-234740000.0,-790000.0,-818090000.0,-319770000.0,866500000.0,-10490000.0,115900000.0,115900000.0,115900000.0,0.0,0.0,0.015,1419760000.0,887870000.0,286450000.0,1.926,2.291,81.16,75.704,2006220000.0,0.0,20.44,1.198,1.198,1319470000.0,2469220000.0,7855000000.0,7855000000.0,0.0,0.013,0.031,0.044,0.047,0.0,1241360000.0,1.0,460199000.0,460199000.0,,17.069,5696610000.0,0.0,18800000.0,118830000.0,12.379,1452340000.0
80,MAS,MRT,2001-06-30,2001-06-30,2001-06-30,2021-09-07,-247030000.0,8824980000.0,8256905000.0,2616910000.0,6208070000.0,0.911,8.108,-351000000.0,106490000.0,106490000.0,5264800000.0,486300000.0,2.209,1.367,3894710000.0,208950000.0,3685760000.0,3894710000.0,0.0,215900000.0,0.0,0.02,0.51,936580000.0,1152480000.0,0.153,1152480000.0,936580000.0,714000000.0,1.08,1.06,1.08,3728520000.0,3586627500.0,3728520000.0,15209920800.0,16.0,13.198,399250000.0,0.868,1.0,2256200000.0,0.3,2745480000.0,222580000.0,8683310000.0,7905220000.0,1023170000.0,656460000.0,0.0,656460000.0,5096460000.0,1184410000.0,3912050000.0,11477980800.0,-16330000.0,-262740000.0,-98060000.0,380880000.0,-230980000.0,9640000.0,-761150000.0,-298100000.0,750250000.0,-10490000.0,486300000.0,486300000.0,486300000.0,0.0,0.0,0.065,1381060000.0,875140000.0,313340000.0,0.472,3.078,23.603,23.111,1949610000.0,0.0,24.96,1.526,1.526,1336820000.0,2652420000.0,7521000000.0,7521000000.0,0.0,0.059,0.136,0.118,0.125,0.0,1208860000.0,1.0,459855000.0,459855000.0,,16.355,6079500000.0,0.0,227700000.0,226290000.0,13.22,1432500000.0
81,MAS,MRT,2001-03-31,2001-03-31,2001-03-31,2021-09-07,-226040000.0,8573580000.0,7988292500.0,2508670000.0,6064910000.0,0.917,8.005,-367180000.0,89430000.0,89430000.0,5074000000.0,532700000.0,2.281,1.333,3821370000.0,216610000.0,3604760000.0,3821370000.0,0.0,215900000.0,0.0,0.021,0.5,1005280000.0,1221180000.0,0.167,1221180000.0,1005280000.0,794400000.0,1.19,1.17,1.19,3675380000.0,3502390000.0,3675380000.0,14143399600.0,14.0,11.582,339750000.0,0.74,1.0,2254000000.0,0.308,2666120000.0,210880000.0,8539770000.0,7462032500.0,988560000.0,639790000.0,0.0,639790000.0,4898200000.0,1099630000.0,3798570000.0,11083639600.0,15210000.0,-441910000.0,-88790000.0,704500000.0,-225120000.0,328670000.0,-986580000.0,-278440000.0,706930000.0,-10490000.0,532700000.0,532700000.0,532700000.0,0.0,0.0,0.073,1350080000.0,903920000.0,279330000.0,0.42,3.016,20.807,20.286,1924820000.0,0.0,24.14,1.513,1.513,1287650000.0,2573170000.0,7328000000.0,7328000000.0,0.0,0.067,0.152,0.135,0.137,0.0,1185080000.0,1.0,459140000.0,459140000.0,,15.96,5907460000.0,0.0,261700000.0,193810000.0,12.866,1409040000.0
82,MAS,MRT,2000-12-31,2000-12-31,2000-12-31,2021-09-07,-169750000.0,7744000000.0,7646782500.0,2308160000.0,5435840000.0,0.939,7.677,-388030000.0,169430000.0,169430000.0,4903360000.0,591700000.0,2.141,1.26,3229190000.0,210950000.0,3018240000.0,3229190000.0,0.0,215900000.0,0.0,0.019,0.49,1084780000.0,1300680000.0,0.181,1300680000.0,1084780000.0,893400000.0,1.34,1.31,1.34,3426060000.0,3413027500.0,3426060000.0,14449186130.0,13.0,11.109,345810000.0,0.775,1.0,2274640000.0,0.317,2190770000.0,191380000.0,7534940000.0,7032610000.0,912960000.0,621130000.0,0.0,621130000.0,4317940000.0,1078050000.0,3239890000.0,11464856130.0,-61350000.0,-531640000.0,-63600000.0,702010000.0,-218680000.0,379920000.0,-1164620000.0,-198020000.0,733840000.0,-10490000.0,591700000.0,591700000.0,591700000.0,0.0,0.0,0.082,1314620000.0,960020000.0,250460000.0,0.366,3.346,19.376,19.172,1906840000.0,0.0,25.69,1.597,1.597,1099150000.0,2519940000.0,7178000000.0,7178000000.0,0.0,0.077,0.173,0.154,0.151,0.0,1158420000.0,1.0,446277000.0,446277000.0,,16.084,5553230000.0,0.0,301700000.0,221650000.0,12.443,1230110000.0
83,MAS,MRT,2000-09-30,2000-09-30,2000-09-30,2021-09-07,-230620000.0,7885060000.0,7369512500.0,2406350000.0,5478710000.0,0.971,7.693,-357370000.0,181230000.0,181230000.0,4898670000.0,725500000.0,1.295,1.242,3165560000.0,888520000.0,2277040000.0,3165560000.0,0.0,163390000.0,0.0,0.026,0.48,1307720000.0,1471110000.0,0.206,1471110000.0,1307720000.0,1136600000.0,1.65,1.61,1.65,3516550000.0,3340637500.0,3516550000.0,11629755823.0,9.0,7.905,220280000.0,0.482,1.0,2256330000.0,0.315,2148510000.0,171120000.0,6862860000.0,6725962500.0,912460000.0,741270000.0,0.0,741270000.0,4368510000.0,1858020000.0,2510490000.0,8515625823.0,35710000.0,-514180000.0,-21350000.0,664880000.0,-216840000.0,486320000.0,-1145900000.0,11390000.0,577650000.0,0.0,725500000.0,725500000.0,725500000.0,0.0,0.0,0.101,1121420000.0,1134910000.0,254330000.0,0.291,2.422,11.738,11.291,1827260000.0,0.0,18.63,1.19,1.19,1182360000.0,2529160000.0,7155000000.0,7155000000.0,0.0,0.098,0.217,0.194,0.183,0.0,1059890000.0,1.0,457092100.0,457092100.0,,15.653,5736550000.0,0.0,411100000.0,233450000.0,12.55,548330000.0
84,MAS,MRT,2000-06-30,2000-06-30,2000-06-30,2021-09-07,-150380000.0,7750530000.0,7060177500.0,2368960000.0,5381570000.0,0.987,7.56,-363450000.0,122820000.0,122820000.0,4714970000.0,603000000.0,1.33,1.285,3236950000.0,890220000.0,2346730000.0,3236950000.0,0.0,163390000.0,0.0,0.026,0.47,1104420000.0,1267810000.0,0.182,1267810000.0,1104420000.0,952300000.0,1.38,1.35,1.38,3391570000.0,3222272500.0,3391570000.0,10823303582.0,10.0,8.537,136890000.0,0.305,1.0,2251030000.0,0.323,2172580000.0,152120000.0,6910560000.0,6601520000.0,938540000.0,730980000.0,0.0,730980000.0,4358960000.0,1781520000.0,2577440000.0,8102613582.0,29800000.0,-899540000.0,7160000.0,1158000000.0,-197790000.0,951460000.0,-1428320000.0,11390000.0,500340000.0,0.0,603000000.0,603000000.0,603000000.0,0.0,0.0,0.087,1271020000.0,980010000.0,269840000.0,0.341,2.389,13.437,13.087,1797970000.0,0.0,18.06,1.163,1.163,1192790000.0,2403250000.0,6966000000.0,6966000000.0,0.0,0.085,0.187,0.167,0.159,0.0,1214090000.0,1.0,448649700.0,448649700.0,,15.527,5577950000.0,0.0,349300000.0,230710000.0,12.433,587440000.0
85,MAS,MRT,2000-03-31,2000-03-31,2000-03-31,2021-09-07,-79670000.0,7207540000.0,6471530000.0,2238550000.0,4968990000.0,1.029,7.416,-364450000.0,74220000.0,74220000.0,4456970000.0,591700000.0,1.821,1.172,2794910000.0,363240000.0,2431670000.0,2794910000.0,0.0,163390000.0,0.0,0.017,0.35,1069420000.0,1232810000.0,0.185,1232810000.0,1069420000.0,936800000.0,1.36,1.33,1.36,3317930000.0,3065760000.0,3317930000.0,11434121000.0,11.0,9.275,126700000.0,0.283,1.0,2205030000.0,0.331,1876840000.0,132620000.0,6822080000.0,6077947500.0,884000000.0,715270000.0,0.0,715270000.0,3889610000.0,1229310000.0,2660300000.0,9171331000.0,-255070000.0,-902590000.0,-50830000.0,874380000.0,-181110000.0,646250000.0,-1367560000.0,11390000.0,491150000.0,0.0,591700000.0,591700000.0,591700000.0,0.0,0.0,0.089,1260320000.0,944710000.0,272440000.0,0.257,2.764,15.5,15.074,1750380000.0,0.0,20.5,1.377,1.377,1166870000.0,2271670000.0,6662000000.0,6662000000.0,0.0,0.091,0.193,0.176,0.161,0.0,1208990000.0,1.0,447382000.0,447382000.0,,14.891,5330700000.0,0.0,345100000.0,228630000.0,11.915,1009240000.0
86,MAS,MRT,1999-12-31,1999-12-31,1999-12-31,2021-09-07,-60520000.0,6634920000.0,5955802500.0,2109780000.0,4525140000.0,1.059,7.075,-350850000.0,230780000.0,230780000.0,4160170000.0,569600000.0,2.493,1.115,2493570000.0,62300000.0,2431270000.0,2493570000.0,0.0,163390000.0,0.0,0.018,0.45,1024520000.0,1187910000.0,0.188,1187910000.0,1024520000.0,904100000.0,1.31,1.28,1.31,3136500000.0,2922662500.0,3136500000.0,13674264580.0,13.0,11.511,139760000.0,0.315,1.0,2146830000.0,0.34,1742930000.0,120420000.0,6308350000.0,5497560000.0,769870000.0,684750000.0,0.0,684750000.0,3498420000.0,846430000.0,2651990000.0,11251994580.0,-322370000.0,-794950000.0,-99600000.0,578990000.0,-164990000.0,319050000.0,-1132030000.0,11390000.0,490610000.0,0.0,569600000.0,569600000.0,569600000.0,0.0,0.0,0.09,1235820000.0,911010000.0,243810000.0,0.344,3.587,19.754,19.374,1624360000.0,0.0,25.38,1.784,1.784,1002630000.0,2151520000.0,6307000000.0,6307000000.0,0.0,0.096,0.195,0.186,0.162,0.0,1190390000.0,1.0,443341000.0,443341000.0,,14.226,4891990000.0,0.0,334500000.0,220720000.0,11.034,1263350000.0
87,MAS,MRT,1999-09-30,1999-09-30,1999-09-30,2021-09-07,-33850000.0,6647720000.0,5701785000.0,2160320000.0,4487400000.0,1.05,9.011,-335280000.0,145520000.0,145520000.0,3941050000.0,528700000.0,2.226,1.185,2567790000.0,147380000.0,2420410000.0,2567790000.0,0.0,156670000.0,0.0,0.014,0.44,963600000.0,1120270000.0,0.187,1120270000.0,963600000.0,848000000.0,1.22,1.19,1.22,3043090000.0,2832047500.0,3043090000.0,12150093200.0,13.0,10.846,246030000.0,0.729,1.0,2047950000.0,0.342,1734580000.0,115600000.0,6365090000.0,5165767500.0,777610000.0,672920000.0,0.0,672920000.0,3604630000.0,970320000.0,2634310000.0,10468613200.0,-301950000.0,-878200000.0,-43330000.0,639940000.0,-103850000.0,352890000.0,-1221400000.0,0.0,581310000.0,0.0,528700000.0,528700000.0,528700000.0,0.0,0.0,0.088,1199950000.0,848000000.0,255430000.0,0.361,3.44,19.801,25.41,1579960000.0,0.0,31.0,1.748,1.748,1124870000.0,2038510000.0,5989000000.0,5989000000.0,0.0,0.093,0.187,0.187,0.161,0.0,1159850000.0,1.0,337697200.0,337697200.0,,17.735,4913140000.0,0.0,319300000.0,213900000.0,14.549,1190000000.0
88,MAS,MRT,1999-06-30,1999-06-30,1999-06-30,2021-09-07,-66540000.0,5395940000.0,5293905000.0,1621980000.0,3773960000.0,1.07,8.208,-326010000.0,78360000.0,78360000.0,3728650000.0,616600000.0,1.765,0.951,1759840000.0,253000000.0,1506840000.0,1759840000.0,0.0,156670000.0,0.0,0.015,0.44,1091600000.0,1248270000.0,0.22,1248270000.0,1091600000.0,976600000.0,1.42,1.38,1.42,2765520000.0,2737237500.0,2765520000.0,11010432936.0,10.0,8.821,340920000.0,1.012,1.0,1936350000.0,0.342,1342200000.0,115000000.0,4816270000.0,4644405000.0,626750000.0,686110000.0,0.0,686110000.0,2630420000.0,918950000.0,1711470000.0,9730962936.0,-332890000.0,-455870000.0,-150090000.0,234830000.0,-149230000.0,-155720000.0,-793790000.0,0.0,666930000.0,0.0,616600000.0,616600000.0,616600000.0,0.0,0.0,0.109,999950000.0,936400000.0,186600000.0,0.31,3.519,15.782,20.338,1253910000.0,0.0,28.88,1.718,1.718,845370000.0,2300480000.0,5665000000.0,5665000000.0,0.0,0.116,0.225,0.235,0.193,0.0,965450000.0,1.0,336944700.0,336944700.0,,16.813,4053740000.0,0.0,360000000.0,204630000.0,12.031,703030000.0
89,MAS,MRT,1999-03-31,1999-03-31,1999-03-31,2021-09-07,-41080000.0,5144630000.0,5136650000.0,1747570000.0,3397060000.0,1.009,8.093,-279460000.0,328170000.0,328170000.0,3433850000.0,559500000.0,2.038,0.874,1607640000.0,257420000.0,1350220000.0,1607640000.0,0.0,156670000.0,0.0,0.025,0.71,994000000.0,1150670000.0,0.222,1150670000.0,994000000.0,886500000.0,1.37,1.33,1.37,2745540000.0,2696455000.0,2745540000.0,10686994000.0,11.0,9.288,320840000.0,0.946,1.0,1749150000.0,0.337,1066090000.0,107500000.0,4500530000.0,4517452500.0,572200000.0,671040000.0,0.0,671040000.0,2399090000.0,857480000.0,1541610000.0,9583304000.0,145070000.0,-143160000.0,-92100000.0,328800000.0,-147780000.0,-2310000.0,-486420000.0,0.0,600300000.0,0.0,559500000.0,559500000.0,559500000.0,0.0,0.0,0.108,904950000.0,844200000.0,157510000.0,0.518,3.49,17.128,20.62,1183350000.0,0.0,28.25,1.849,1.849,786160000.0,2198910000.0,5183000000.0,5183000000.0,0.0,0.109,0.207,0.22,0.192,0.0,873950000.0,1.0,339232000.0,339232000.0,,15.279,4078540000.0,0.0,327000000.0,191390000.0,12.023,890090000.0
90,MAS,MRT,1998-12-31,1998-12-31,1998-12-31,2021-09-07,-16570000.0,5618850000.0,4945965000.0,2082000000.0,3536850000.0,1.068,8.178,-243380000.0,553150000.0,553150000.0,3483150000.0,565100000.0,2.132,1.026,1947610000.0,309320000.0,1638290000.0,1947610000.0,0.0,156670000.0,0.0,0.021,0.595,1019900000.0,1176570000.0,0.223,1176570000.0,1019900000.0,905500000.0,1.3,1.26,1.3,2774040000.0,2632250000.0,2774040000.0,10863958750.0,11.0,9.234,294290000.0,0.868,1.0,1796850000.0,0.34,1055790000.0,114400000.0,4981180000.0,4389477500.0,646930000.0,659490000.0,0.0,659490000.0,2844810000.0,976340000.0,1868470000.0,9752718750.0,102500000.0,-185240000.0,-43330000.0,315740000.0,-145290000.0,35890000.0,-471060000.0,0.0,537670000.0,0.0,565100000.0,565100000.0,565100000.0,0.0,0.0,0.107,930450000.0,866400000.0,196930000.0,0.458,3.516,17.258,22.115,1357830000.0,0.0,28.75,1.847,1.847,800280000.0,1762800000.0,5280000000.0,5280000000.0,0.0,0.114,0.215,0.232,0.193,0.0,901450000.0,1.0,339225000.0,339225000.0,,15.565,4563060000.0,0.0,340400000.0,230180000.0,13.451,1105660000.0
91,MAS,MRT,1998-09-30,1998-09-30,1998-09-30,2021-09-07,-22020000.0,5016200000.0,4624692500.0,1839580000.0,3176620000.0,1.133,7.831,-267320000.0,442880000.0,442880000.0,3294110000.0,547600000.0,2.107,0.883,1554120000.0,261130000.0,1292990000.0,1554120000.0,0.0,131510000.0,0.0,0.024,0.59,995580000.0,1127090000.0,0.215,1127090000.0,995580000.0,887200000.0,1.22,1.18,1.22,2663850000.0,2495995000.0,2663850000.0,9444704750.0,9.0,8.38,347690000.0,1.022,1.0,1947890000.0,0.372,974600000.0,108380000.0,4279640000.0,4127475000.0,550720000.0,642370000.0,0.0,642370000.0,2352350000.0,873200000.0,1479150000.0,8418984750.0,30590000.0,-145540000.0,0.0,500890000.0,-187820000.0,-30950000.0,-480470000.0,0.0,615010000.0,0.0,547600000.0,547600000.0,547600000.0,0.0,0.0,0.104,1100290000.0,847600000.0,155210000.0,0.484,3.16,15.374,20.287,1119580000.0,0.0,24.75,1.606,1.606,734660000.0,2026370000.0,5242000000.0,5242000000.0,0.0,0.118,0.219,0.241,0.19,0.0,1074170000.0,1.0,340161000.0,340161000.0,,15.41,4041600000.0,0.0,339600000.0,186160000.0,11.881,966380000.0
92,MAS,MRT,1998-06-30,1998-06-30,1998-06-30,2021-09-07,-30130000.0,4766920000.0,4426547500.0,1796010000.0,2970910000.0,1.099,7.655,-225040000.0,416590000.0,416590000.0,3058510000.0,496600000.0,3.174,0.832,1442310000.0,24450000.0,1417860000.0,1442310000.0,0.0,131510000.0,0.0,0.019,0.58,913380000.0,1044890000.0,0.215,1044890000.0,913380000.0,815300000.0,1.19,1.14,1.19,2602390000.0,2366065000.0,2602390000.0,11296981500.0,12.0,10.812,273580000.0,0.805,1.0,1806490000.0,0.371,918310000.0,98080000.0,4308460000.0,4026407500.0,560880000.0,622780000.0,0.0,622780000.0,2164530000.0,565870000.0,1598660000.0,10283971500.0,54900000.0,-233800000.0,0.0,482250000.0,-137710000.0,24820000.0,-438770000.0,0.0,498620000.0,0.0,496600000.0,496600000.0,496600000.0,0.0,0.0,0.102,1034090000.0,772400000.0,156800000.0,0.487,3.952,20.709,25.42,1073170000.0,0.0,30.25,2.114,2.114,674850000.0,1975460000.0,4865000000.0,4865000000.0,0.0,0.112,0.21,0.227,0.188,0.0,1010070000.0,1.0,339966000.0,339966000.0,,14.31,3848610000.0,0.0,318700000.0,180800000.0,11.321,1230140000.0
93,MAS,MRT,1998-03-31,1998-03-31,1998-03-31,2021-09-07,-24720000.0,4381890000.0,4183890000.0,1517460000.0,2864430000.0,1.122,7.336,-223420000.0,174900000.0,174900000.0,2945310000.0,471200000.0,2.76,0.761,1187910000.0,25790000.0,1162120000.0,1187910000.0,0.0,131510000.0,0.0,0.014,0.41,875180000.0,1006690000.0,0.215,1006690000.0,875180000.0,778900000.0,1.13,1.08,1.13,2488720000.0,2203425000.0,2488720000.0,11041837994.0,13.0,10.968,261420000.0,0.771,1.0,1747690000.0,0.372,856420000.0,96280000.0,3988630000.0,3871162500.0,543890000.0,610060000.0,0.0,610060000.0,1893170000.0,549850000.0,1343320000.0,10093237994.0,-181210000.0,-245300000.0,0.0,239080000.0,-134350000.0,-214990000.0,-386180000.0,0.0,484840000.0,0.0,471200000.0,471200000.0,471200000.0,0.0,0.0,0.1,1005290000.0,742400000.0,157370000.0,0.363,4.056,21.42,26.327,1073890000.0,0.0,29.75,2.151,2.151,679400000.0,1858550000.0,4693000000.0,4693000000.0,0.0,0.113,0.214,0.226,0.186,0.0,984270000.0,1.0,339268504.0,339268504.0,,13.833,3525470000.0,0.0,307700000.0,181200000.0,10.391,967610000.0
94,MAS,MRT,1997-12-31,1997-12-31,1997-12-31,2021-09-07,-25480000.0,4333760000.0,4009450000.0,1626720000.0,2707040000.0,1.124,6.747,-215190000.0,441330000.0,441330000.0,2825610000.0,444100000.0,2.624,0.944,1389930000.0,68460000.0,1321470000.0,1389930000.0,0.0,131510000.0,0.0,0.012,0.305,828080000.0,959590000.0,0.213,959590000.0,828080000.0,733800000.0,1.05,1.02,1.05,2229020000.0,2052892500.0,2229020000.0,9431245440.0,11.0,9.828,255030000.0,0.772,1.0,1682390000.0,0.373,729190000.0,94280000.0,3933170000.0,3780885000.0,515000000.0,621220000.0,0.0,621220000.0,2104740000.0,620000000.0,1484740000.0,8404765440.0,-60920000.0,-186920000.0,0.0,262270000.0,-131680000.0,-189130000.0,-342010000.0,0.0,470220000.0,0.0,444100000.0,444100000.0,444100000.0,0.0,0.0,0.099,976490000.0,705900000.0,166310000.0,0.29,3.771,18.925,24.229,1037320000.0,0.0,25.44,1.864,1.864,559050000.0,1784370000.0,4508000000.0,4508000000.0,0.0,0.111,0.216,0.219,0.184,0.0,957770000.0,1.0,330376000.0,330376000.0,,13.645,3604570000.0,0.0,289700000.0,163270000.0,10.911,1006720000.0
95,MAS,MRT,1997-09-30,1997-09-30,1997-09-30,2021-09-07,-18220000.0,4223620000.0,3851422500.0,1569010000.0,2654610000.0,0.938,6.533,-161110000.0,379040000.0,379040000.0,2300870000.0,360300000.0,2.446,0.97,1405520000.0,84270000.0,1321250000.0,1405520000.0,0.0,99680000.0,0.0,0.017,0.4,689180000.0,788860000.0,0.218,788860000.0,689180000.0,611200000.0,,,,2144130000.0,1955590000.0,2144130000.0,8475148920.0,12.0,10.744,274640000.0,0.837,1.0,1312130000.0,0.363,733140000.0,77980000.0,3875370000.0,3671602500.0,496920000.0,607820000.0,0.0,607820000.0,2079490000.0,641590000.0,1437900000.0,7568318920.0,182540000.0,-733970000.0,-14030000.0,154690000.0,-129030000.0,-8500000.0,-132860000.0,0.0,435750000.0,0.0,360300000.0,360300000.0,360300000.0,0.0,0.0,0.1,765830000.0,546300000.0,140920000.0,,3.53,21.006,,1004170000.0,0.0,22.94,2.095,2.084,584450000.0,1712930000.0,3613000000.0,3613000000.0,0.0,0.094,0.184,0.188,0.191,0.0,749390000.0,1.0,329918000.0,328200000.0,,11.009,3490480000.0,0.0,250900000.0,116650000.0,10.635,927420000.0
96,MAS,MRT,1997-06-30,1997-06-30,1997-06-30,2021-09-07,-14010000.0,3796290000.0,,1410800000.0,2385490000.0,,6.054,-152460000.0,333170000.0,333170000.0,2188870000.0,340300000.0,2.765,0.945,1240000000.0,11270000.0,1228730000.0,1240000000.0,0.0,99680000.0,0.0,0.019,0.395,655680000.0,755360000.0,0.219,755360000.0,655680000.0,577600000.0,,,,1951830000.0,,1951830000.0,7628202500.0,12.0,10.099,230310000.0,0.714,1.0,1264130000.0,0.366,505320000.0,78080000.0,3687480000.0,,448270000.0,489910000.0,0.0,489910000.0,1844460000.0,510320000.0,1334140000.0,6733022500.0,260140000.0,-45960000.0,-14030000.0,-423560000.0,-127100000.0,-564690000.0,527790000.0,0.0,382770000.0,0.0,340300000.0,340300000.0,340300000.0,0.0,0.0,0.099,739530000.0,524600000.0,129630000.0,,3.45,19.786,,949650000.0,0.0,20.875,1.95,1.949,688900000.0,1645930000.0,3453000000.0,3453000000.0,0.0,,,,0.19,0.0,725190000.0,1.0,322540000.0,322400000.0,,10.71,3290970000.0,0.0,237300000.0,105410000.0,10.208,900480000.0
97,MAS,MRT,1997-03-31,1997-03-31,1997-03-31,2021-09-07,-11640000.0,3684130000.0,,1362080000.0,2322050000.0,,5.859,-141540000.0,327590000.0,327590000.0,2248040000.0,361800000.0,2.84,0.953,1222770000.0,6600000.0,1216170000.0,1222770000.0,0.0,99680000.0,0.0,0.022,0.39,689080000.0,788760000.0,0.223,788760000.0,689080000.0,610000000.0,,,,1886590000.0,,1886590000.0,6458043365.0,9.0,8.188,265060000.0,0.823,1.0,1294960000.0,0.365,472100000.0,79080000.0,3627520000.0,,424700000.0,447630000.0,0.0,447630000.0,1797540000.0,479690000.0,1317850000.0,5687863365.0,281900000.0,-104530000.0,-14030000.0,-399840000.0,-125140000.0,-539010000.0,504700000.0,0.0,406600000.0,0.0,361800000.0,361800000.0,361800000.0,0.0,0.0,0.102,752090000.0,542870000.0,128860000.0,,3.015,15.721,,939060000.0,0.0,17.69,1.605,1.608,669800000.0,1586850000.0,3543000000.0,3543000000.0,0.0,,,,0.194,0.0,736660000.0,1.0,321529868.0,322000000.0,,11.003,3212030000.0,0.0,248200000.0,101680000.0,9.975,882390000.0
98,MAS,MRT,1996-12-31,1996-12-31,1996-12-31,2021-09-07,2520000.0,3701650000.0,3740140000.0,1429770000.0,2271880000.0,0.865,5.722,-138540000.0,473730000.0,473730000.0,2048070000.0,295200000.0,2.758,1.012,1243910000.0,7590000.0,1236320000.0,1243910000.0,0.0,99680000.0,0.0,0.027,0.485,577380000.0,677060000.0,0.209,677060000.0,577380000.0,502700000.0,0.94,0.91,0.94,1839810000.0,1747620000.0,1839810000.0,,,,201600000.0,0.627,1.0,1188930000.0,0.367,457350000.0,74680000.0,3496040000.0,4013815000.0,411940000.0,424170000.0,0.0,424170000.0,1861840000.0,518440000.0,1343400000.0,5787537624.0,413260000.0,-58110000.0,-14030000.0,-368160000.0,-123530000.0,-505720000.0,578840000.0,0.0,340140000.0,0.0,295200000.0,295200000.0,295200000.0,0.0,0.0,0.091,708430000.0,480500000.0,149500000.0,0.516,3.146,19.605,19.149,940590000.0,0.0,18.0,1.788,1.788,618280000.0,1536410000.0,3237000000.0,3237000000.0,0.0,0.079,0.169,0.144,0.178,0.0,696290000.0,1.0,321529868.0,321529868.0,,10.067,3244300000.0,0.0,207500000.0,107080000.0,10.09,911330000.0
99,MAS,MRT,1996-09-30,1996-09-30,1996-09-30,2021-09-07,,,,,,,,,,,,,,,,,,,,,,0.025,0.38,,,,,,,,,,,,,,,,,,1.0,,,,,,,,,,,,,,,,,,,,,,,,,,,,,,,,,,,,,,,,14.94,,,,,,,,,,,,,,1.0,,321000000.0,,,,,,,,
100,MAS,MRT,1996-06-30,1996-06-30,1996-06-30,2021-09-07,,,,,,,,,,,,,,,,,,,,,,0.025,0.375,,,,,,,,,,,,,,,,,,1.0,,,,,,,,,,,,,,,,,,,,,,,,,,,,,,,,,,,,,,,,15.062,,,,,,,,,,,,,,1.0,,324000000.0,,,,,,,,
101,MAS,MRT,1996-03-31,1996-03-31,1996-03-31,2021-09-07,,,,,,,,,,,,,,,,,,,,,,0.026,0.37,,,,,,,,,,,,,,,,,,1.0,,,,,,,,,,,,,,,,,,,,,,,,,,,,,,,,,,,,,,,,14.438,,,,,,,,,,,,,,1.0,,320800000.0,,,,,,,,
102,MAS,MRT,1995-12-31,1995-12-31,1995-12-31,2021-09-07,170000.0,3778630000.0,,964500000.0,2814130000.0,,,-165080000.0,60470000.0,60470000.0,1846330000.0,-441680000.0,2.163,1.283,1602790000.0,25690000.0,1577100000.0,1602790000.0,0.0,90090000.0,0.0,0.018,0.275,-216140000.0,-126050000.0,-0.043,-126050000.0,-216140000.0,-289940000.0,0.64,0.625,0.64,1655430000.0,,1655430000.0,,,,156200000.0,,1.0,1080670000.0,0.369,343510000.0,73800000.0,4531590000.0,,391760000.0,264950000.0,0.0,264950000.0,2123200000.0,445850000.0,1677350000.0,,23940000.0,74470000.0,0.0,-52180000.0,-116350000.0,-156050000.0,-141290000.0,0.0,321280000.0,0.0,-441680000.0,-441680000.0,-441680000.0,0.0,0.0,-0.151,678330000.0,402340000.0,125230000.0,0.43,,,24.516,856690000.0,0.0,15.69,,,439900000.0,1366330000.0,2927000000.0,2927000000.0,0.0,,,,-0.074,0.0,668310000.0,1.0,,,,,3435120000.0,0.0,151740000.0,100250000.0,,518650000.0
103,MAS,MRT,1994-12-31,1994-12-31,1994-12-31,2021-09-07,,,,,,,,-121790000.0,,,1574100000.0,193700000.0,,,,,,,,73830000.0,,0.038,0.435,375350000.0,449180000.0,0.174,449180000.0,375350000.0,313820000.0,0.61,,0.61,,,,,,,192850000.0,,1.0,1008900000.0,0.391,,61530000.0,,,,,,,,,,,-58610000.0,-126830000.0,-61730000.0,182470000.0,-108960000.0,-36470000.0,-336780000.0,0.0,314640000.0,0.0,193700000.0,193700000.0,193700000.0,0.0,0.0,0.075,578150000.0,430750000.0,,0.713,,,18.549,,0.0,11.315,,,,,2583000000.0,2583000000.0,0.0,,,,0.145,0.0,571480000.0,1.0,,,,,,,120120000.0,,,
