None,ticker,dimension,calendardate,datekey,reportperiod,lastupdated,accoci,assets,assetsavg,assetsc,assetsnc,assetturnover,bvps,capex,cashneq,cashnequsd,cor,consolinc,currentratio,de,debt,debtc,debtnc,debtusd,deferredrev,depamor,deposits,divyield,dps,ebit,ebitda,ebitdamargin,ebitdausd,ebitusd,ebt,eps,epsdil,epsusd,equity,equityavg,equityusd,ev,evebit,evebitda,fcf,fcfps,fxusd,gp,grossmargin,intangibles,intexp,invcap,invcapavg,inventory,investments,investmentsc,investmentsnc,liabilities,liabilitiesc,liabilitiesnc,marketcap,ncf,ncfbus,ncfcommon,ncfdebt,ncfdiv,ncff,ncfi,ncfinv,ncfo,ncfx,netinc,netinccmn,netinccmnusd,netincdis,netincnci,netmargin,opex,opinc,payables,payoutratio,pb,pe,pe1,ppnenet,prefdivis,price,ps,ps1,receivables,retearn,revenue,revenueusd,rnd,roa,roe,roic,ros,sbcomp,sgna,sharefactor,sharesbas,shareswa,shareswadil,sps,tangibles,taxassets,taxexp,taxliabilities,tbvps,workingcapital
0,LEHMQ,MRY,2007-12-31,2007-11-30,2007-11-30,2020-07-13,-310000000.0,691063000000.0,629605750000.0,,,0.031,42.431,-966000000.0,20029000000.0,20029000000.0,0.0,4192000000.0,,29.728,558864000000.0,,,558864000000.0,0.0,577000000.0,29363000000.0,0.01,0.62,5946000000.0,6523000000.0,0.339,6523000000.0,5946000000.0,5946000000.0,7.63,7.26,7.63,22490000000.0,21339250000.0,22490000000.0,559131356474.0,94.0,85.717,-46561000000.0,-87.844,1.0,19257000000.0,1.0,4127000000.0,0.0,1225771000000.0,1120622750000.0,0.0,614363000000.0,,,668573000000.0,,,33196356474.0,1299000000.0,-732000000.0,-2162000000.0,43428000000.0,-418000000.0,48592000000.0,-1698000000.0,0.0,-45595000000.0,0.0,4125000000.0,4125000000.0,4125000000.0,0.0,67000000.0,0.214,13244000000.0,6013000000.0,64307000000.0,0.081,1.476,8.048,8.208,3861000000.0,0.0,62.63,1.724,1.724,40627000000.0,19698000000.0,19257000000.0,19257000000.0,0.0,0.007,0.193,0.005,0.309,1791000000.0,12124000000.0,1.0,530039222.0,530039222,,36.331,686936000000.0,0.0,1821000000.0,0.0,1296.01,
1,LEHMQ,MRY,2006-12-31,2006-11-30,2006-11-30,2020-07-13,-15000000.0,503545000000.0,468320000000.0,,,0.038,36.205,-586000000.0,12078000000.0,12078000000.0,0.0,4007000000.0,,25.239,404333000000.0,,,404333000000.0,0.0,514000000.0,21412000000.0,0.007,0.51,5886000000.0,6400000000.0,0.364,6400000000.0,5886000000.0,5886000000.0,7.26,6.81,7.26,19191000000.0,18265500000.0,19191000000.0,407006354222.0,69.0,63.595,-36962000000.0,-69.732,1.0,17583000000.0,1.0,3362000000.0,0.0,892438000000.0,827903000000.0,0.0,451752000000.0,,,484354000000.0,,,39049354222.0,1087000000.0,-206000000.0,-2041000000.0,33298000000.0,-342000000.0,38255000000.0,-792000000.0,0.0,-36376000000.0,0.0,3941000000.0,3941000000.0,3941000000.0,0.0,66000000.0,0.224,11678000000.0,5905000000.0,43912000000.0,0.07,2.035,9.908,10.147,3269000000.0,0.0,73.67,2.221,2.221,25919000000.0,15857000000.0,17583000000.0,17583000000.0,0.0,0.008,0.216,0.007,0.335,1706000000.0,10847000000.0,1.0,530057747.0,530057747,,33.172,500183000000.0,0.0,1945000000.0,0.0,943.639,
2,LEHMQ,MRY,2005-12-31,2005-11-30,2005-11-30,2020-07-13,-16000000.0,410063000000.0,382161250000.0,,,0.038,31.343,-409000000.0,10644000000.0,10644000000.0,0.0,3260000000.0,,23.417,328252000000.0,,,328252000000.0,0.0,426000000.0,15067000000.0,0.007,0.42,4760000000.0,5186000000.0,0.354,5186000000.0,4760000000.0,4760000000.0,5.74,5.43,5.74,16794000000.0,16190000000.0,16794000000.0,332049526818.0,70.0,64.028,-12614000000.0,-23.542,1.0,14630000000.0,1.0,3256000000.0,0.0,724415000000.0,673461500000.0,0.0,367077000000.0,,,393269000000.0,,,33756526818.0,-540000000.0,-38000000.0,-1749000000.0,9556000000.0,-302000000.0,12112000000.0,-447000000.0,0.0,-12205000000.0,0.0,3191000000.0,3191000000.0,3191000000.0,0.0,69000000.0,0.218,9801000000.0,4829000000.0,34013000000.0,0.073,2.01,10.579,10.976,2885000000.0,0.0,63.0,2.307,2.307,20341000000.0,12198000000.0,14630000000.0,14630000000.0,0.0,0.008,0.197,0.007,0.325,2060000000.0,9053000000.0,1.0,535817886.0,535817886,,27.304,406807000000.0,0.0,1569000000.0,0.0,759.226,
3,LEHMQ,MRY,2004-12-31,2004-11-30,2004-11-30,2020-07-13,-19000000.0,357168000000.0,343155250000.0,,,0.034,27.689,-401000000.0,9525000000.0,9525000000.0,0.0,2369000000.0,,22.939,287359000000.0,,,287359000000.0,0.0,428000000.0,0.0,0.008,0.34,3422000000.0,3850000000.0,0.333,3850000000.0,3422000000.0,3422000000.0,4.18,3.95,4.18,14920000000.0,14280750000.0,14920000000.0,289346878411.0,85.0,75.155,-13971000000.0,-25.928,1.0,11576000000.0,1.0,3284000000.0,0.0,631718000000.0,609875250000.0,0.0,319046000000.0,,,342248000000.0,,,22571878411.0,-2482000000.0,-130000000.0,-1034000000.0,10191000000.0,-258000000.0,11619000000.0,-531000000.0,0.0,-13570000000.0,0.0,2297000000.0,2297000000.0,2297000000.0,0.0,72000000.0,0.198,8058000000.0,3518000000.0,39529000000.0,0.081,1.513,9.827,10.022,2988000000.0,0.0,41.89,1.95,1.95,16641000000.0,9240000000.0,11576000000.0,11576000000.0,0.0,0.007,0.161,0.006,0.296,1268000000.0,7378000000.0,1.0,538836916.0,538836916,,21.483,353884000000.0,0.0,1125000000.0,0.0,656.755,
4,LEHMQ,MRY,2003-12-31,2003-11-30,2003-11-30,2020-07-13,-16000000.0,312061000000.0,293600500000.0,,,0.029,27.638,-451000000.0,11022000000.0,11022000000.0,0.0,1699000000.0,,22.588,254172000000.0,,,254172000000.0,0.0,315000000.0,0.0,0.013,0.48,2414000000.0,2729000000.0,0.316,2729000000.0,2414000000.0,2414000000.0,3.355,3.175,3.355,13174000000.0,10560500000.0,13174000000.0,232381614477.0,96.0,85.153,1445000000.0,3.032,1.0,8647000000.0,1.0,3561000000.0,0.0,551650000000.0,522667500000.0,0.0,275852000000.0,,,297577000000.0,,,17209614477.0,4223000000.0,-657000000.0,-650000000.0,3208000000.0,-178000000.0,3435000000.0,-1108000000.0,0.0,1896000000.0,0.0,1649000000.0,1649000000.0,1649000000.0,0.0,50000000.0,0.191,6111000000.0,2536000000.0,30733000000.0,0.143,1.306,10.436,10.762,2806000000.0,0.0,36.105,1.99,1.99,13684000000.0,7129000000.0,8647000000.0,8647000000.0,0.0,0.006,0.156,0.005,0.279,1168000000.0,5542000000.0,1.0,476654604.0,476654604,,18.141,308500000000.0,0.0,765000000.0,0.0,647.219,
5,LEHMQ,MRY,2002-12-31,2002-11-30,2002-11-30,2020-07-13,-13000000.0,260336000000.0,263349250000.0,,,0.023,18.83,-504000000.0,6502000000.0,6502000000.0,0.0,975000000.0,,28.034,224787000000.0,,,224787000000.0,0.0,258000000.0,0.0,0.012,0.36,1274000000.0,1532000000.0,0.249,1532000000.0,1274000000.0,1274000000.0,1.845,1.735,1.845,8942000000.0,8851250000.0,8942000000.0,239868019971.0,188.0,156.572,5513000000.0,11.609,1.0,6155000000.0,1.0,213000000.0,0.0,478408000000.0,483516750000.0,0.0,234116000000.0,,,250684000000.0,,,14579019971.0,1138000000.0,-31000000.0,-1242000000.0,-2937000000.0,-165000000.0,-4344000000.0,-535000000.0,0.0,6017000000.0,0.0,906000000.0,906000000.0,906000000.0,0.0,69000000.0,0.147,4756000000.0,1399000000.0,19264000000.0,0.195,1.63,16.092,16.64,2075000000.0,0.0,30.7,2.369,2.369,12054000000.0,5608000000.0,6155000000.0,6155000000.0,0.0,0.003,0.102,0.003,0.207,917000000.0,4253000000.0,1.0,474886644.0,474886644,,12.961,260123000000.0,0.0,368000000.0,0.0,547.758,
6,LEHMQ,MRY,2001-12-31,2001-11-30,2001-11-30,2020-07-13,-10000000.0,247816000000.0,240844000000.0,,,0.028,17.748,-1341000000.0,5850000000.0,5850000000.0,0.0,1255000000.0,,28.212,216052000000.0,,,216052000000.0,0.0,174000000.0,0.0,0.002,0.07,1598000000.0,1772000000.0,0.263,1772000000.0,1598000000.0,1598000000.0,2.385,2.19,2.385,8459000000.0,8074000000.0,8459000000.0,210875934954.0,132.0,119.004,-1040000000.0,-2.182,1.0,6736000000.0,1.0,167000000.0,0.0,457851000000.0,436012250000.0,0.0,220634000000.0,,,238647000000.0,,,15763934954.0,-2599000000.0,0.0,-1553000000.0,257000000.0,-163000000.0,-1559000000.0,-1341000000.0,0.0,301000000.0,0.0,1161000000.0,1161000000.0,1161000000.0,0.0,94000000.0,0.172,4988000000.0,1748000000.0,16636000000.0,0.029,1.864,13.578,13.868,1495000000.0,0.0,33.075,2.34,2.34,15578000000.0,4798000000.0,6736000000.0,6736000000.0,0.0,0.005,0.144,0.004,0.237,1093000000.0,4471000000.0,1.0,476611790.0,476611790,,14.133,247649000000.0,0.0,437000000.0,0.0,519.603,
7,LEHMQ,MRY,2000-12-31,2000-11-30,2000-11-30,2020-07-13,-8000000.0,224720000000.0,224427500000.0,,,0.034,16.312,-289000000.0,7594000000.0,7594000000.0,0.0,1775000000.0,,27.77,185217000000.0,,,185217000000.0,0.0,102000000.0,0.0,0.0,0.0,2427000000.0,2529000000.0,0.328,2529000000.0,2427000000.0,2427000000.0,3.445,3.19,3.445,7781000000.0,7250750000.0,7781000000.0,189746817526.0,78.0,75.028,-13820000000.0,-28.972,1.0,7707000000.0,1.0,180000000.0,0.0,402163000000.0,402181750000.0,0.0,194484000000.0,,,216079000000.0,,,11820817526.0,-26000000.0,-41000000.0,-1104000000.0,14926000000.0,-149000000.0,13835000000.0,-330000000.0,0.0,-13531000000.0,0.0,1679000000.0,1679000000.0,1679000000.0,0.0,96000000.0,0.218,5128000000.0,2579000000.0,13559000000.0,0.0,1.519,7.04,7.193,671000000.0,0.0,24.781,1.534,1.534,9247000000.0,3713000000.0,7707000000.0,7707000000.0,0.0,0.007,0.232,0.006,0.315,893000000.0,4773000000.0,1.0,477006508.0,477006508,,16.157,224540000000.0,0.0,748000000.0,0.0,470.727,
8,LEHMQ,MRY,1999-12-31,1999-11-30,1999-11-30,2020-07-13,-2000000.0,192244000000.0,191310250000.0,,,0.028,13.088,-73000000.0,7175000000.0,7175000000.0,0.0,1132000000.0,,29.484,158846000000.0,,,158846000000.0,0.0,88000000.0,0.0,0.0,0.0,1494000000.0,1582000000.0,0.296,1582000000.0,1494000000.0,1494000000.0,2.135,2.04,2.135,6283000000.0,5903750000.0,6283000000.0,177758070472.0,119.0,112.363,6268000000.0,13.057,1.0,5340000000.0,1.0,138000000.0,0.0,343777000000.0,347998750000.0,0.0,160372000000.0,,,185251000000.0,,,9166070472.0,2131000000.0,0.0,-345000000.0,-2942000000.0,-139000000.0,-4137000000.0,-73000000.0,0.0,6341000000.0,0.0,1037000000.0,1037000000.0,1037000000.0,0.0,95000000.0,0.194,3709000000.0,1631000000.0,12155000000.0,0.0,1.459,8.839,8.943,485000000.0,0.0,19.094,1.716,1.716,11006000000.0,2094000000.0,5340000000.0,5340000000.0,0.0,0.005,0.176,0.004,0.28,453000000.0,3387000000.0,1.0,480056064.0,480056064,,11.124,192106000000.0,0.0,457000000.0,0.0,400.174,
9,LEHMQ,MRY,1998-12-31,1998-11-30,1998-11-30,2020-07-13,15000000.0,153890000000.0,174918500000.0,,,0.024,11.193,-119000000.0,4238000000.0,4238000000.0,0.0,736000000.0,,27.43,125632000000.0,,,125632000000.0,0.0,91000000.0,0.0,0.0,0.0,965000000.0,1056000000.0,0.257,1056000000.0,965000000.0,965000000.0,1.34,1.3,1.34,5413000000.0,5132250000.0,5413000000.0,156468001500.0,162.0,148.17,-10121000000.0,-20.928,1.0,4113000000.0,1.0,163000000.0,0.0,275121000000.0,312933750000.0,0.0,125839000000.0,,,148477000000.0,,,5799001500.0,1370000000.0,0.0,-408000000.0,11627000000.0,-122000000.0,11491000000.0,-119000000.0,0.0,-10002000000.0,0.0,649000000.0,649000000.0,649000000.0,0.0,87000000.0,0.158,3061000000.0,1052000000.0,10525000000.0,0.0,1.071,8.935,9.328,505000000.0,0.0,12.5,1.41,1.47,10056000000.0,1105000000.0,4113000000.0,4113000000.0,0.0,0.004,0.126,0.003,0.235,221000000.0,2733000000.0,1.0,463920120.0,483600000,500000000.0,8.505,153727000000.0,0.0,316000000.0,0.0,317.88,
10,LEHMQ,MRY,1997-12-31,1997-11-30,1997-11-30,2020-07-13,12000000.0,151705000000.0,140150500000.0,,,0.028,9.566,-74000000.0,2834000000.0,2834000000.0,0.0,647000000.0,,32.541,121842000000.0,,,121842000000.0,0.0,86000000.0,0.0,0.0,0.0,862000000.0,948000000.0,0.245,948000000.0,862000000.0,862000000.0,1.21,1.18,1.21,4523000000.0,4198500000.0,4523000000.0,,,,-338000000.0,-0.715,1.0,3873000000.0,1.0,164000000.0,0.0,270549000000.0,251111500000.0,0.0,126261000000.0,,,147182000000.0,,,6021848338.0,-464000000.0,0.0,-54000000.0,-14000000.0,-58000000.0,-126000000.0,-74000000.0,0.0,-264000000.0,0.0,572000000.0,572000000.0,572000000.0,0.0,75000000.0,0.148,2936000000.0,937000000.0,13857000000.0,0.0,1.331,10.528,10.447,468000000.0,0.0,12.641,1.555,1.543,11298000000.0,498000000.0,3873000000.0,3873000000.0,0.0,0.004,0.136,0.003,0.223,162000000.0,2592000000.0,1.0,476388308.0,472800000,484400000.0,8.192,151541000000.0,0.0,290000000.0,0.0,320.518,
11,LEHMQ,MRY,1996-12-31,1996-11-30,1996-11-30,2020-07-13,20000000.0,128596000000.0,,,,,8.4,-58000000.0,2837000000.0,2837000000.0,0.0,416000000.0,,32.195,106087000000.0,,,106087000000.0,0.0,91000000.0,0.0,0.0,0.0,599000000.0,690000000.0,0.2,690000000.0,599000000.0,599000000.0,0.818,0.81,0.818,3874000000.0,,3874000000.0,,,,-4433000000.0,-9.612,1.0,3444000000.0,1.0,172000000.0,0.0,231674000000.0,,0.0,107535000000.0,,,124722000000.0,,,,1275000000.0,0.0,-124000000.0,6087000000.0,-55000000.0,5708000000.0,-58000000.0,0.0,-4375000000.0,0.0,378000000.0,378000000.0,378000000.0,0.0,38000000.0,0.11,2807000000.0,637000000.0,8586000000.0,0.0,,,8.901,477000000.0,0.0,7.281,,0.975,8691000000.0,-43000000.0,3444000000.0,3444000000.0,0.0,,,,0.174,136000000.0,1999000000.0,1.0,,461200000,466800000.0,7.467,128424000000.0,0.0,221000000.0,0.0,278.456,
12,LEHMQ,MRY,1995-12-31,1995-11-30,1995-11-30,2020-07-13,,,,,,,,-52000000.0,,,0.0,242000000.0,,,,,,,,105000000.0,,0.0,0.0,327000000.0,432000000.0,0.141,432000000.0,327000000.0,327000000.0,0.44,0.44,0.44,,,,,,,1802000000.0,3.973,1.0,3071000000.0,1.0,,0.0,,,,,,,,,,,-90000000.0,0.0,0.0,-1828000000.0,-64000000.0,-1892000000.0,-52000000.0,0.0,1854000000.0,0.0,200000000.0,200000000.0,200000000.0,0.0,42000000.0,0.065,2702000000.0,369000000.0,,0.0,,,12.855,,0.0,5.656,,0.835,,,3071000000.0,3071000000.0,0.0,,,,0.106,0.0,1828000000.0,1.0,,453600000,453600000.0,6.77,,,127000000.0,,,
0,LEHMQ,MRQ,2008-06-30,2008-05-31,2008-05-31,2020-07-13,-359000000.0,639432000000.0,,,,,47.46,-248000000.0,19544000000.0,19544000000.0,0.0,-2774000000.0,,23.335,512913000000.0,,,512913000000.0,0.0,165000000.0,29355000000.0,0.018,0.17,-4186000000.0,-4021000000.0,6.019,-4021000000.0,-4186000000.0,-4186000000.0,-5.14,-5.14,-5.14,26276000000.0,,26276000000.0,632472711027.0,-552.0,-1200.138,-7509000000.0,-13.563,1.0,-668000000.0,1.0,4101000000.0,0.0,1128700000000.0,,0.0,563935000000.0,,,613156000000.0,,,20379711027.0,-1051000000.0,-9000000.0,32000000.0,2117000000.0,-204000000.0,6467000000.0,-257000000.0,0.0,-7261000000.0,0.0,-2873000000.0,-2873000000.0,-2873000000.0,0.0,99000000.0,4.301,3419000000.0,-4087000000.0,61086000000.0,-0.033,0.776,-30.509,-33.771,4278000000.0,0.0,36.81,1.766,1.766,37485000000.0,16901000000.0,-668000000.0,-668000000.0,0.0,,,,,444000000.0,3009000000.0,1.0,553646048.0,553646048,,-1.207,635331000000.0,0.0,-1313000000.0,0.0,1147.54,
1,LEHMQ,MRQ,2008-03-31,2008-02-29,2008-02-29,2020-07-13,-343000000.0,786035000000.0,,,,,46.801,-239000000.0,24133000000.0,24133000000.0,0.0,489000000.0,,30.654,636226000000.0,,,636226000000.0,0.0,160000000.0,28829000000.0,0.013,0.17,639000000.0,799000000.0,0.228,799000000.0,639000000.0,639000000.0,0.84,0.81,0.84,24832000000.0,,24832000000.0,565889692675.0,115.0,102.833,-10877000000.0,-20.5,1.0,3507000000.0,1.0,4112000000.0,0.0,1394016000000.0,,0.0,695339000000.0,,,761203000000.0,,,27054692675.0,278000000.0,-82000000.0,-587000000.0,10958000000.0,-130000000.0,11237000000.0,-321000000.0,0.0,-10638000000.0,0.0,465000000.0,465000000.0,465000000.0,0.0,24000000.0,0.133,2844000000.0,663000000.0,84552000000.0,0.202,1.09,7.817,7.992,4189000000.0,0.0,50.99,1.527,1.527,49213000000.0,19880000000.0,3507000000.0,3507000000.0,0.0,,,,,424000000.0,2515000000.0,1.0,530588207.0,530588207,,6.61,781923000000.0,0.0,174000000.0,0.0,1473.691,
2,LEHMQ,MRQ,2007-12-31,2007-11-30,2007-11-30,2020-07-13,-310000000.0,691063000000.0,,,,,42.431,-269000000.0,20029000000.0,20029000000.0,0.0,886000000.0,,29.728,558864000000.0,,,558864000000.0,0.0,150000000.0,29363000000.0,0.01,0.17,1214000000.0,1364000000.0,0.311,1364000000.0,1214000000.0,1214000000.0,1.6,1.55,1.6,22490000000.0,,22490000000.0,559131356474.0,94.0,85.717,-3472000000.0,-6.55,1.0,4390000000.0,1.0,4127000000.0,0.0,1225771000000.0,,0.0,614363000000.0,,,668573000000.0,,,33196356474.0,238000000.0,161000000.0,86000000.0,-904000000.0,-104000000.0,3549000000.0,-108000000.0,0.0,-3203000000.0,0.0,870000000.0,870000000.0,870000000.0,0.0,16000000.0,0.198,3160000000.0,1230000000.0,64307000000.0,0.106,1.476,8.048,8.208,3861000000.0,0.0,62.63,1.724,1.724,40627000000.0,19698000000.0,4390000000.0,4390000000.0,0.0,,,,,843000000.0,2871000000.0,1.0,530039222.0,530039222,,8.282,686936000000.0,0.0,344000000.0,0.0,1296.01,
3,LEHMQ,MRQ,2007-09-30,2007-08-31,2007-08-31,2020-07-13,-37000000.0,659216000000.0,,,,,40.945,-250000000.0,17627000000.0,17627000000.0,0.0,887000000.0,,29.332,543562000000.0,,,543562000000.0,0.0,143000000.0,24935000000.0,0.011,0.15,1188000000.0,1331000000.0,0.309,1331000000.0,1188000000.0,1188000000.0,1.61,1.54,1.61,21733000000.0,,21733000000.0,505730971597.0,82.0,74.757,-18827000000.0,-35.47,1.0,4308000000.0,1.0,4108000000.0,0.0,1181043000000.0,,0.0,589724000000.0,,,637483000000.0,,,29102971597.0,1755000000.0,-497000000.0,-477000000.0,18139000000.0,-103000000.0,21079000000.0,-747000000.0,0.0,-18577000000.0,0.0,870000000.0,870000000.0,870000000.0,0.0,17000000.0,0.202,3103000000.0,1205000000.0,51829000000.0,0.093,1.339,6.861,6.976,3677000000.0,0.0,54.83,1.5,1.5,35747000000.0,18915000000.0,4308000000.0,4308000000.0,0.0,,,,,317000000.0,2795000000.0,1.0,530785548.0,530785548,,8.116,655108000000.0,0.0,318000000.0,0.0,1234.224,
4,LEHMQ,MRQ,2007-06-30,2007-05-31,2007-05-31,2020-07-13,-5000000.0,605861000000.0,,,,,39.67,-229000000.0,12447000000.0,12447000000.0,0.0,1273000000.0,,27.674,489075000000.0,,,489075000000.0,0.0,147000000.0,21697000000.0,0.008,0.15,1862000000.0,2009000000.0,0.364,2009000000.0,1862000000.0,1862000000.0,2.33,2.21,2.33,21129000000.0,,21129000000.0,477171538632.0,75.0,69.015,-9976000000.0,-18.73,1.0,5512000000.0,1.0,3652000000.0,0.0,1078837000000.0,,0.0,543072000000.0,,,584732000000.0,,,39083538632.0,1177000000.0,-118000000.0,-427000000.0,13270000000.0,-105000000.0,11271000000.0,-347000000.0,0.0,-9747000000.0,0.0,1256000000.0,1256000000.0,1256000000.0,0.0,17000000.0,0.228,3633000000.0,1879000000.0,50471000000.0,0.064,1.85,9.151,9.277,3519000000.0,0.0,73.38,2.028,2.028,34289000000.0,18133000000.0,5512000000.0,5512000000.0,0.0,,,,,344000000.0,3377000000.0,1.0,532618406.0,532618406,,10.349,602209000000.0,0.0,606000000.0,0.0,1130.658,
5,LEHMQ,MRQ,2007-03-31,2007-02-28,2007-02-28,2020-07-13,-17000000.0,562283000000.0,,,,,38.026,-218000000.0,10409000000.0,10409000000.0,0.0,1146000000.0,,27.107,448497000000.0,,,448497000000.0,0.0,137000000.0,23374000000.0,0.007,0.15,1682000000.0,1819000000.0,0.36,1819000000.0,1682000000.0,1682000000.0,2.09,1.96,2.09,20005000000.0,,20005000000.0,424723518758.0,71.0,65.192,-14286000000.0,-27.155,1.0,5047000000.0,1.0,3531000000.0,0.0,996840000000.0,,0.0,508300000000.0,,,542278000000.0,,,38567518758.0,-1871000000.0,-278000000.0,-1344000000.0,12923000000.0,-106000000.0,12693000000.0,-496000000.0,0.0,-14068000000.0,0.0,1129000000.0,1129000000.0,1129000000.0,0.0,17000000.0,0.224,3348000000.0,1699000000.0,50733000000.0,0.072,1.928,9.639,9.92,3398000000.0,0.0,73.31,2.123,2.123,28725000000.0,16964000000.0,5047000000.0,5047000000.0,0.0,,,,,287000000.0,3082000000.0,1.0,526088102.0,526088102,,9.593,558752000000.0,0.0,553000000.0,0.0,1062.088,
6,LEHMQ,MRQ,2006-12-31,2006-11-30,2006-11-30,2020-07-13,-15000000.0,503545000000.0,,,,,36.205,-182000000.0,12078000000.0,12078000000.0,0.0,1004000000.0,,25.239,404333000000.0,,,404333000000.0,0.0,134000000.0,21412000000.0,0.007,0.15,1472000000.0,1606000000.0,0.354,1606000000.0,1472000000.0,1472000000.0,1.83,1.72,1.83,19191000000.0,,19191000000.0,407006354222.0,69.0,63.595,-7281000000.0,-13.736,1.0,4533000000.0,1.0,3362000000.0,0.0,892438000000.0,,0.0,451752000000.0,,,484354000000.0,,,39049354222.0,1820000000.0,0.0,-228000000.0,8745000000.0,-84000000.0,9101000000.0,-182000000.0,0.0,-7099000000.0,0.0,987000000.0,987000000.0,987000000.0,0.0,17000000.0,0.218,3044000000.0,1489000000.0,43912000000.0,0.082,2.035,9.908,10.147,3269000000.0,0.0,73.67,2.221,2.221,25919000000.0,15857000000.0,4533000000.0,4533000000.0,0.0,,,,,959000000.0,2836000000.0,1.0,530057747.0,530057747,,8.552,500183000000.0,0.0,485000000.0,0.0,943.639,
7,LEHMQ,MRQ,2006-09-30,2006-08-31,2006-08-31,2020-07-13,-17000000.0,473737000000.0,,,,,34.243,-171000000.0,9903000000.0,9903000000.0,0.0,916000000.0,,24.752,377860000000.0,,,377860000000.0,0.0,130000000.0,0.0,0.008,0.12,1350000000.0,1480000000.0,0.354,1480000000.0,1350000000.0,1350000000.0,1.66,1.57,1.66,18396000000.0,,18396000000.0,384648592223.0,68.0,63.016,-6599000000.0,-12.284,1.0,4178000000.0,1.0,3364000000.0,0.0,838330000000.0,,0.0,429705000000.0,,,455341000000.0,,,34279592223.0,-290000000.0,-100000000.0,-660000000.0,5679000000.0,-85000000.0,6409000000.0,-271000000.0,0.0,-6428000000.0,0.0,899000000.0,899000000.0,899000000.0,0.0,17000000.0,0.215,2811000000.0,1367000000.0,60589000000.0,0.072,1.863,9.112,9.248,3150000000.0,0.0,63.81,2.048,2.048,21307000000.0,14938000000.0,4178000000.0,4178000000.0,0.0,,,,,247000000.0,2602000000.0,1.0,537213481.0,537213481,,7.777,470373000000.0,0.0,451000000.0,0.0,875.579,
8,LEHMQ,MRQ,2006-06-30,2006-05-31,2006-05-31,2020-07-13,-16000000.0,456202000000.0,,,,,33.584,-110000000.0,11267000000.0,11267000000.0,0.0,1002000000.0,,24.37,361636000000.0,,,361636000000.0,0.0,128000000.0,0.0,0.007,0.12,1482000000.0,1610000000.0,0.365,1610000000.0,1482000000.0,1482000000.0,1.81,1.69,1.81,17982000000.0,,17982000000.0,376720865608.0,68.0,62.703,-16801000000.0,-31.379,1.0,4411000000.0,1.0,3297000000.0,0.0,803274000000.0,,0.0,402726000000.0,,,438220000000.0,,,35664865608.0,-2225000000.0,-16000000.0,-655000000.0,13986000000.0,-86000000.0,14592000000.0,-126000000.0,0.0,-16691000000.0,0.0,986000000.0,986000000.0,986000000.0,0.0,16000000.0,0.224,2913000000.0,1498000000.0,60596000000.0,0.066,1.983,9.569,9.81,3079000000.0,0.0,66.61,2.173,2.173,29885000000.0,14108000000.0,4411000000.0,4411000000.0,0.0,,,,,251000000.0,2709000000.0,1.0,535428098.0,535428098,,8.238,452905000000.0,0.0,496000000.0,0.0,845.875,
9,LEHMQ,MRQ,2006-03-31,2006-02-28,2006-02-28,2020-07-13,-16000000.0,439796000000.0,,,,,32.346,-123000000.0,12251000000.0,12251000000.0,0.0,1085000000.0,,24.141,353307000000.0,,,353307000000.0,0.0,122000000.0,0.0,0.006,0.12,1582000000.0,1704000000.0,0.382,1704000000.0,1582000000.0,1582000000.0,1.96,1.83,1.96,17493000000.0,,17493000000.0,357074120283.0,71.0,64.958,-6281000000.0,-11.614,1.0,4461000000.0,1.0,3282000000.0,0.0,777570000000.0,,0.0,395527000000.0,,,422303000000.0,,,39466120283.0,1782000000.0,-90000000.0,-498000000.0,4888000000.0,-87000000.0,8153000000.0,-213000000.0,0.0,-6158000000.0,0.0,1069000000.0,1069000000.0,1069000000.0,0.0,16000000.0,0.24,2910000000.0,1551000000.0,55737000000.0,0.061,2.256,11.591,11.827,2966000000.0,0.0,72.975,2.583,2.583,19903000000.0,13192000000.0,4461000000.0,4461000000.0,0.0,,,,,249000000.0,2700000000.0,1.0,540816996.0,540816996,,8.249,436514000000.0,0.0,513000000.0,0.0,807.138,
10,LEHMQ,MRQ,2005-12-31,2005-11-30,2005-11-30,2020-07-13,-16000000.0,410063000000.0,,,,,31.343,-115000000.0,10644000000.0,10644000000.0,0.0,823000000.0,,23.417,328252000000.0,,,328252000000.0,0.0,108000000.0,15067000000.0,0.007,0.12,1202000000.0,1310000000.0,0.355,1310000000.0,1202000000.0,1202000000.0,1.47,1.38,1.47,16794000000.0,,16794000000.0,332049526818.0,70.0,64.028,-3711000000.0,-6.926,1.0,3690000000.0,1.0,3256000000.0,0.0,724415000000.0,,0.0,367077000000.0,,,393269000000.0,,,33756526818.0,607000000.0,-38000000.0,-680000000.0,564000000.0,-73000000.0,4356000000.0,-153000000.0,0.0,-3596000000.0,0.0,808000000.0,808000000.0,808000000.0,0.0,15000000.0,0.219,2473000000.0,1217000000.0,34013000000.0,0.082,2.01,10.579,10.976,2885000000.0,0.0,63.0,2.307,2.307,20341000000.0,12198000000.0,3690000000.0,3690000000.0,0.0,,,,,1153000000.0,2289000000.0,1.0,535817886.0,535817886,,6.887,406807000000.0,0.0,394000000.0,0.0,759.226,
11,LEHMQ,MRQ,2005-09-30,2005-08-31,2005-08-31,2020-07-13,-15000000.0,384295000000.0,,,,,30.01,-96000000.0,8824000000.0,8824000000.0,0.0,879000000.0,,22.527,307117000000.0,,,307117000000.0,0.0,106000000.0,0.0,0.008,0.1,1278000000.0,1384000000.0,0.359,1384000000.0,1278000000.0,1278000000.0,1.55,1.47,1.55,16334000000.0,,16334000000.0,310980324657.0,70.0,64.186,-4493000000.0,-8.255,1.0,3852000000.0,1.0,3262000000.0,0.0,679326000000.0,,0.0,349056000000.0,,,367961000000.0,,,28754324657.0,-409000000.0,0.0,-504000000.0,4574000000.0,-74000000.0,4084000000.0,-96000000.0,0.0,-4397000000.0,0.0,864000000.0,864000000.0,864000000.0,0.0,15000000.0,0.224,2559000000.0,1293000000.0,45558000000.0,0.065,1.76,9.751,9.949,2893000000.0,0.0,52.83,2.08,2.08,15490000000.0,11448000000.0,3852000000.0,3852000000.0,0.0,,,,,276000000.0,2373000000.0,1.0,544280232.0,544280232,,7.077,381033000000.0,0.0,414000000.0,0.0,700.068,
12,LEHMQ,MRQ,2005-06-30,2005-05-31,2005-05-31,2020-07-13,-20000000.0,370595000000.0,,,,,28.703,-135000000.0,8637000000.0,8637000000.0,0.0,683000000.0,,22.34,290863000000.0,,,290863000000.0,0.0,105000000.0,0.0,0.008,0.1,994000000.0,1099000000.0,0.335,1099000000.0,994000000.0,994000000.0,1.19,1.13,1.19,15878000000.0,,15878000000.0,305654073383.0,79.0,71.548,-1343000000.0,-2.428,1.0,3278000000.0,1.0,3286000000.0,0.0,649535000000.0,,0.0,333735000000.0,,,354717000000.0,,,25502073383.0,-1229000000.0,0.0,-441000000.0,923000000.0,-79000000.0,114000000.0,-135000000.0,0.0,-1208000000.0,0.0,664000000.0,664000000.0,664000000.0,0.0,19000000.0,0.203,2265000000.0,1013000000.0,50245000000.0,0.084,1.606,9.915,9.903,2914000000.0,0.0,46.1,2.025,2.025,16538000000.0,10643000000.0,3278000000.0,3278000000.0,0.0,,,,,298000000.0,2071000000.0,1.0,553190312.0,553190312,,5.926,367309000000.0,0.0,330000000.0,0.0,663.983,
13,LEHMQ,MRQ,2005-03-31,2005-02-28,2005-02-28,2020-07-13,-13000000.0,363692000000.0,,,,,28.519,-63000000.0,10209000000.0,10209000000.0,0.0,875000000.0,,22.086,290361000000.0,,,290361000000.0,0.0,107000000.0,0.0,0.008,0.1,1287000000.0,1394000000.0,0.366,1394000000.0,1287000000.0,1287000000.0,1.535,1.455,1.535,15754000000.0,,15754000000.0,303018156350.0,82.0,73.14,-3067000000.0,-5.552,1.0,3810000000.0,1.0,3274000000.0,0.0,640570000000.0,,0.0,325716000000.0,,,347938000000.0,,,25184156351.0,491000000.0,0.0,-124000000.0,3495000000.0,-76000000.0,3558000000.0,-63000000.0,0.0,-3004000000.0,0.0,856000000.0,856000000.0,856000000.0,0.0,19000000.0,0.225,2504000000.0,1306000000.0,44733000000.0,0.065,1.599,10.074,10.053,2969000000.0,0.0,45.59,2.057,2.057,15832000000.0,10039000000.0,3810000000.0,3810000000.0,0.0,,,,,333000000.0,2320000000.0,1.0,552405272.0,552405272,,6.897,360418000000.0,0.0,431000000.0,0.0,652.452,
14,LEHMQ,MRQ,2004-12-31,2004-11-30,2004-11-30,2020-07-13,-19000000.0,357168000000.0,,,,,27.689,-139000000.0,9525000000.0,9525000000.0,0.0,585000000.0,,22.939,287359000000.0,,,287359000000.0,0.0,109000000.0,0.0,0.008,0.1,859000000.0,968000000.0,0.336,968000000.0,859000000.0,859000000.0,1.035,0.98,1.035,14920000000.0,,14920000000.0,289346878411.0,85.0,75.155,-4964000000.0,-9.212,1.0,2883000000.0,1.0,3284000000.0,0.0,631718000000.0,,0.0,319046000000.0,,,342248000000.0,,,22571878411.0,2608000000.0,-24000000.0,262000000.0,5218000000.0,-65000000.0,7596000000.0,-163000000.0,0.0,-4825000000.0,0.0,565000000.0,565000000.0,565000000.0,0.0,20000000.0,0.196,2004000000.0,879000000.0,39529000000.0,0.097,1.513,9.827,10.022,2988000000.0,0.0,41.89,1.95,1.95,16641000000.0,9240000000.0,2883000000.0,2883000000.0,0.0,,,,,614000000.0,1840000000.0,1.0,538836916.0,538836916,,5.35,353884000000.0,0.0,294000000.0,0.0,656.755,
15,LEHMQ,MRQ,2004-09-30,2004-08-31,2004-08-31,2020-07-13,-16000000.0,340890000000.0,,,,,26.574,-17000000.0,7632000000.0,7632000000.0,0.0,505000000.0,,22.638,274407000000.0,,,274407000000.0,0.0,106000000.0,0.0,0.01,0.08,705000000.0,811000000.0,0.309,811000000.0,705000000.0,705000000.0,0.895,0.855,0.895,14421000000.0,,14421000000.0,293039933840.0,90.0,80.022,1492000000.0,2.749,1.0,2623000000.0,1.0,3658000000.0,0.0,604007000000.0,,0.0,307625000000.0,,,326469000000.0,,,20048933840.0,-1841000000.0,38000000.0,-397000000.0,-3176000000.0,-64000000.0,-3371000000.0,21000000.0,0.0,1509000000.0,0.0,487000000.0,487000000.0,487000000.0,0.0,18000000.0,0.186,1900000000.0,723000000.0,38943000000.0,0.089,1.39,9.13,9.089,2931000000.0,0.0,36.945,1.824,1.824,13557000000.0,8720000000.0,2623000000.0,2623000000.0,0.0,,,,,196000000.0,1738000000.0,1.0,542669748.0,542669748,,4.834,337232000000.0,0.0,218000000.0,0.0,621.431,
16,LEHMQ,MRQ,2004-06-30,2004-05-31,2004-05-31,2020-07-13,-19000000.0,346499000000.0,,,,,25.291,-51000000.0,9279000000.0,9279000000.0,0.0,609000000.0,,23.739,282270000000.0,,,282270000000.0,0.0,103000000.0,0.0,0.011,0.08,867000000.0,970000000.0,0.332,970000000.0,867000000.0,867000000.0,1.07,1.005,1.07,14006000000.0,,14006000000.0,284403651354.0,87.0,78.219,-3158000000.0,-5.702,1.0,2926000000.0,1.0,3624000000.0,0.0,615866000000.0,,0.0,305636000000.0,,,332493000000.0,,,20947651354.0,-1349000000.0,-10000000.0,-505000000.0,2275000000.0,-64000000.0,1819000000.0,-61000000.0,0.0,-3107000000.0,0.0,592000000.0,592000000.0,592000000.0,0.0,17000000.0,0.202,2042000000.0,884000000.0,41098000000.0,0.075,1.496,9.618,9.159,2990000000.0,0.0,37.825,1.955,1.955,19517000000.0,8279000000.0,2926000000.0,2926000000.0,0.0,,,,,189000000.0,1871000000.0,1.0,553804398.0,553804398,,5.283,342875000000.0,0.0,275000000.0,0.0,619.127,
17,LEHMQ,MRQ,2004-03-31,2004-02-29,2004-02-29,2020-07-13,-17000000.0,328064000000.0,,,,,24.843,-194000000.0,9655000000.0,9655000000.0,0.0,670000000.0,,22.814,273111000000.0,,,273111000000.0,0.0,110000000.0,0.0,0.01,0.08,991000000.0,1101000000.0,0.35,1101000000.0,991000000.0,991000000.0,1.185,1.105,1.185,13776000000.0,,13776000000.0,270596922127.0,90.0,81.017,-7341000000.0,-13.239,1.0,3144000000.0,1.0,3610000000.0,0.0,587910000000.0,,0.0,290909000000.0,,,314288000000.0,,,24040922127.0,-1900000000.0,-134000000.0,-394000000.0,5874000000.0,-65000000.0,5575000000.0,-328000000.0,0.0,-7147000000.0,0.0,653000000.0,653000000.0,653000000.0,0.0,17000000.0,0.208,2112000000.0,1032000000.0,32555000000.0,0.068,1.745,11.949,11.004,3047000000.0,0.0,43.355,2.385,2.385,15637000000.0,7734000000.0,3144000000.0,3144000000.0,0.0,,,,,269000000.0,1929000000.0,1.0,554513254.0,554513254,,5.67,324454000000.0,0.0,338000000.0,0.0,585.115,
18,LEHMQ,MRQ,2003-12-31,2003-11-30,2003-11-30,2020-07-13,-16000000.0,312061000000.0,,,,,27.638,-171000000.0,11022000000.0,11022000000.0,0.0,481000000.0,,22.588,254172000000.0,,,254172000000.0,0.0,96000000.0,0.0,0.013,0.12,684000000.0,780000000.0,0.339,780000000.0,684000000.0,684000000.0,0.915,0.86,0.915,13174000000.0,,13174000000.0,232381614477.0,96.0,85.153,-4065000000.0,-8.528,1.0,2298000000.0,1.0,3561000000.0,0.0,551650000000.0,,0.0,275852000000.0,,,297577000000.0,,,17209614477.0,-3979000000.0,-603000000.0,-41000000.0,72000000.0,-52000000.0,689000000.0,-774000000.0,0.0,-3894000000.0,0.0,464000000.0,464000000.0,464000000.0,0.0,17000000.0,0.202,1576000000.0,722000000.0,30733000000.0,0.131,1.306,10.436,10.762,2806000000.0,0.0,36.105,1.99,1.99,13684000000.0,7129000000.0,2298000000.0,2298000000.0,0.0,,,,,662000000.0,1446000000.0,1.0,476654604.0,476654604,,4.821,308500000000.0,0.0,220000000.0,0.0,647.219,
19,LEHMQ,MRQ,2003-09-30,2003-08-31,2003-08-31,2020-07-13,-15000000.0,291638000000.0,,,,,21.239,-45000000.0,16374000000.0,16374000000.0,0.0,480000000.0,,27.282,231546000000.0,,,231546000000.0,0.0,66000000.0,0.0,0.014,0.12,719000000.0,785000000.0,0.334,785000000.0,719000000.0,719000000.0,0.96,0.905,0.96,10276000000.0,,10276000000.0,258192800565.0,132.0,114.803,7168000000.0,14.815,1.0,2347000000.0,1.0,246000000.0,0.0,506564000000.0,,0.0,247333000000.0,,,280352000000.0,,,15900800565.0,6903000000.0,-28000000.0,-253000000.0,-283000000.0,-46000000.0,-237000000.0,-73000000.0,0.0,7213000000.0,0.0,469000000.0,469000000.0,469000000.0,0.0,11000000.0,0.2,1598000000.0,749000000.0,41589000000.0,0.125,1.547,11.683,11.738,2167000000.0,0.0,32.865,2.016,2.016,20558000000.0,6700000000.0,2347000000.0,2347000000.0,0.0,,,,,121000000.0,1471000000.0,1.0,483821712.0,483821712,,4.851,291392000000.0,0.0,250000000.0,0.0,602.271,
20,LEHMQ,MRQ,2003-06-30,2003-05-31,2003-05-31,2020-07-13,-2000000.0,302410000000.0,,,,,19.861,-104000000.0,8690000000.0,8690000000.0,0.0,437000000.0,,30.282,250982000000.0,,,250982000000.0,0.0,75000000.0,0.0,0.012,0.12,599000000.0,674000000.0,0.294,674000000.0,599000000.0,599000000.0,0.88,0.835,0.88,9635000000.0,,9635000000.0,237306602670.0,160.0,133.619,1072000000.0,2.21,1.0,2291000000.0,1.0,235000000.0,0.0,544467000000.0,,0.0,267617000000.0,,,291765000000.0,,,17374602670.0,1907000000.0,-2000000.0,-124000000.0,1001000000.0,-40000000.0,837000000.0,-106000000.0,0.0,1176000000.0,0.0,426000000.0,426000000.0,426000000.0,0.0,11000000.0,0.186,1663000000.0,628000000.0,33848000000.0,0.136,1.803,16.162,16.206,2190000000.0,0.0,35.815,2.522,2.522,18548000000.0,6262000000.0,2291000000.0,2291000000.0,0.0,,,,,189000000.0,1466000000.0,1.0,485120834.0,485120834,,4.723,302175000000.0,0.0,173000000.0,0.0,622.886,
21,LEHMQ,MRQ,2003-03-31,2003-02-28,2003-02-28,2020-07-13,-18000000.0,268293000000.0,,,,,18.879,-131000000.0,6064000000.0,6064000000.0,0.0,301000000.0,,28.222,225996000000.0,,,225996000000.0,0.0,78000000.0,0.0,0.014,0.12,412000000.0,490000000.0,0.286,490000000.0,412000000.0,412000000.0,0.6,0.575,0.6,9157000000.0,,9157000000.0,231713281626.0,179.0,146.654,-2730000000.0,-5.628,1.0,1711000000.0,1.0,236000000.0,0.0,487989000000.0,,0.0,241031000000.0,,,258426000000.0,,,13428281626.0,-608000000.0,-24000000.0,-232000000.0,2418000000.0,-40000000.0,2146000000.0,-155000000.0,0.0,-2599000000.0,0.0,290000000.0,290000000.0,290000000.0,0.0,11000000.0,0.169,1274000000.0,437000000.0,26707000000.0,0.2,1.466,14.377,14.495,2128000000.0,0.0,27.685,2.145,2.145,13923000000.0,5909000000.0,1711000000.0,1711000000.0,0.0,,,,,196000000.0,1159000000.0,1.0,485038166.0,485038166,,3.528,268057000000.0,0.0,122000000.0,0.0,552.651,
22,LEHMQ,MRQ,2002-12-31,2002-11-30,2002-11-30,2020-07-13,-13000000.0,260336000000.0,,,,,18.83,-81000000.0,6502000000.0,6502000000.0,0.0,187000000.0,,28.034,224787000000.0,,,224787000000.0,0.0,71000000.0,0.0,0.012,0.09,229000000.0,300000000.0,0.195,300000000.0,229000000.0,229000000.0,0.36,0.35,0.36,8942000000.0,,8942000000.0,239868019971.0,188.0,156.572,2378000000.0,5.008,1.0,1539000000.0,1.0,213000000.0,0.0,478408000000.0,,0.0,234116000000.0,,,250684000000.0,,,14579019971.0,1652000000.0,0.0,-520000000.0,-167000000.0,-39000000.0,-726000000.0,-81000000.0,0.0,2459000000.0,0.0,176000000.0,176000000.0,176000000.0,0.0,11000000.0,0.114,1285000000.0,254000000.0,19264000000.0,0.25,1.63,16.092,16.64,2075000000.0,0.0,30.7,2.369,2.369,12054000000.0,5608000000.0,1539000000.0,1539000000.0,0.0,,,,,396000000.0,1081000000.0,1.0,474886644.0,474886644,,3.241,260123000000.0,0.0,53000000.0,0.0,547.758,
23,LEHMQ,MRQ,2002-09-30,2002-08-31,2002-08-31,2020-07-13,-17000000.0,265213000000.0,,,,,18.292,-112000000.0,4411000000.0,4411000000.0,0.0,194000000.0,,28.689,229700000000.0,,,229700000000.0,0.0,68000000.0,0.0,0.012,0.09,244000000.0,312000000.0,0.232,312000000.0,244000000.0,244000000.0,0.37,0.35,0.37,8909000000.0,,8909000000.0,241026162083.0,212.0,178.01,1386000000.0,2.846,1.0,1347000000.0,1.0,196000000.0,0.0,490306000000.0,,0.0,245576000000.0,,,255594000000.0,,,13883162083.0,-123000000.0,0.0,-327000000.0,-1147000000.0,-35000000.0,-1509000000.0,-112000000.0,0.0,1498000000.0,0.0,183000000.0,183000000.0,183000000.0,0.0,11000000.0,0.136,1078000000.0,269000000.0,15876000000.0,0.243,1.558,16.333,16.477,1973000000.0,0.0,28.505,2.386,2.386,8698000000.0,5458000000.0,1347000000.0,1347000000.0,0.0,,,,,169000000.0,973000000.0,1.0,487043048.0,487043048,,2.766,265017000000.0,0.0,61000000.0,0.0,544.135,
24,LEHMQ,MRQ,2002-06-30,2002-05-31,2002-05-31,2020-07-13,-19000000.0,267787000000.0,,,,,18.247,-132000000.0,4106000000.0,4106000000.0,0.0,296000000.0,,28.988,231249000000.0,,,231249000000.0,0.0,67000000.0,0.0,0.008,0.09,411000000.0,478000000.0,0.287,478000000.0,411000000.0,411000000.0,0.58,0.54,0.58,8906000000.0,,8906000000.0,225626573346.0,173.0,148.928,-2080000000.0,-4.262,1.0,1663000000.0,1.0,196000000.0,0.0,494734000000.0,,0.0,248508000000.0,,,258171000000.0,,,14886573346.0,-353000000.0,-15000000.0,-142000000.0,1917000000.0,-33000000.0,1742000000.0,-147000000.0,0.0,-1948000000.0,0.0,285000000.0,285000000.0,285000000.0,0.0,11000000.0,0.171,1227000000.0,436000000.0,16280000000.0,0.155,1.672,15.427,15.404,1722000000.0,0.0,30.5,2.44,2.44,9065000000.0,5299000000.0,1663000000.0,1663000000.0,0.0,,,,,180000000.0,1135000000.0,1.0,488084372.0,488084372,,3.407,267591000000.0,0.0,126000000.0,0.0,548.247,
25,LEHMQ,MRQ,2002-03-31,2002-02-28,2002-02-28,2020-07-13,-11000000.0,260061000000.0,,,,,18.245,-179000000.0,5845000000.0,5845000000.0,0.0,298000000.0,,28.99,216585000000.0,,,216585000000.0,0.0,52000000.0,0.0,0.006,0.09,390000000.0,442000000.0,0.275,442000000.0,390000000.0,390000000.0,0.535,0.495,0.535,8648000000.0,,8648000000.0,209332481807.0,145.0,128.504,3829000000.0,8.078,1.0,1606000000.0,1.0,182000000.0,0.0,470619000000.0,,0.0,223584000000.0,,,250703000000.0,,,13390481807.0,-38000000.0,-16000000.0,-253000000.0,-3540000000.0,-58000000.0,-3851000000.0,-195000000.0,0.0,4008000000.0,0.0,262000000.0,262000000.0,262000000.0,0.0,36000000.0,0.163,1166000000.0,440000000.0,13441000000.0,0.168,1.548,12.765,13.079,1636000000.0,0.0,28.25,2.073,2.073,13666000000.0,5039000000.0,1606000000.0,1606000000.0,0.0,,,,,172000000.0,1064000000.0,1.0,473999356.0,473999356,,3.388,259879000000.0,0.0,128000000.0,0.0,548.269,
26,LEHMQ,MRQ,2001-12-31,2001-11-30,2001-11-30,2020-07-13,-10000000.0,247816000000.0,,,,,17.748,-1075000000.0,5850000000.0,5850000000.0,0.0,130000000.0,,28.212,216052000000.0,,,216052000000.0,0.0,31000000.0,0.0,0.002,0.07,91000000.0,122000000.0,0.101,122000000.0,91000000.0,91000000.0,0.245,0.235,0.245,8459000000.0,,8459000000.0,210875934954.0,132.0,119.004,-11650000000.0,-24.443,1.0,1203000000.0,1.0,167000000.0,0.0,457851000000.0,,0.0,220634000000.0,,,238647000000.0,,,15763934954.0,-927000000.0,0.0,-163000000.0,10912000000.0,-26000000.0,10723000000.0,-1075000000.0,0.0,-10575000000.0,0.0,120000000.0,120000000.0,120000000.0,0.0,10000000.0,0.1,1088000000.0,115000000.0,16636000000.0,0.286,1.864,13.578,13.868,1495000000.0,0.0,33.075,2.34,2.34,15578000000.0,4798000000.0,1203000000.0,1203000000.0,0.0,,,,,408000000.0,862000000.0,1.0,476611790.0,476611790,,2.524,247649000000.0,0.0,-29000000.0,0.0,519.603,
27,LEHMQ,MRQ,2001-09-30,2001-08-31,2001-08-31,2020-07-13,-9000000.0,243337000000.0,,,,,16.832,-76000000.0,6019000000.0,6019000000.0,0.0,309000000.0,,28.913,201131000000.0,,,201131000000.0,0.0,63000000.0,0.0,0.0,0.0,410000000.0,473000000.0,0.291,473000000.0,410000000.0,410000000.0,0.62,0.57,0.62,8111000000.0,,8111000000.0,205480469474.0,101.0,93.104,8115000000.0,16.841,1.0,1628000000.0,1.0,171000000.0,0.0,438278000000.0,,0.0,210882000000.0,,,234516000000.0,,,15817469474.0,1061000000.0,0.0,-525000000.0,-6438000000.0,-91000000.0,-7054000000.0,-76000000.0,0.0,8191000000.0,0.0,298000000.0,298000000.0,298000000.0,0.0,11000000.0,0.183,1193000000.0,435000000.0,12385000000.0,0.0,1.95,11.077,11.127,893000000.0,0.0,32.825,2.187,2.187,9098000000.0,4698000000.0,1628000000.0,1628000000.0,0.0,,,,,377000000.0,1095000000.0,1.0,481872642.0,481872642,,3.378,243166000000.0,0.0,112000000.0,0.0,504.627,
28,LEHMQ,MRQ,2001-06-30,2001-05-31,2001-05-31,2020-07-13,-11000000.0,235936000000.0,,,,,16.185,-62000000.0,5270000000.0,5270000000.0,0.0,430000000.0,,28.481,194933000000.0,,,194933000000.0,0.0,42000000.0,0.0,0.0,0.0,550000000.0,592000000.0,0.293,592000000.0,550000000.0,550000000.0,0.76,0.69,0.76,7979000000.0,,7979000000.0,204036268632.0,90.0,84.838,1031000000.0,2.091,1.0,2022000000.0,1.0,174000000.0,0.0,425425000000.0,,0.0,205331000000.0,,,227247000000.0,,,17651268632.0,-108000000.0,0.0,-212000000.0,-911000000.0,-16000000.0,-1139000000.0,-62000000.0,0.0,1093000000.0,0.0,369000000.0,369000000.0,369000000.0,0.0,61000000.0,0.182,1397000000.0,625000000.0,12826000000.0,0.0,2.212,11.207,11.034,843000000.0,0.0,35.805,2.306,2.306,10268000000.0,4419000000.0,2022000000.0,2022000000.0,0.0,,,,,116000000.0,1304000000.0,1.0,492983344.0,492983344,,4.102,235762000000.0,0.0,181000000.0,0.0,478.235,
29,LEHMQ,MRQ,2001-03-31,2001-02-28,2001-02-28,2020-07-13,-10000000.0,236287000000.0,,,,,15.483,-128000000.0,5823000000.0,5823000000.0,0.0,387000000.0,,29.409,192208000000.0,,,192208000000.0,0.0,38000000.0,0.0,0.0,0.0,547000000.0,585000000.0,0.311,585000000.0,547000000.0,547000000.0,0.76,0.695,0.76,7747000000.0,,7747000000.0,194797186770.0,86.0,82.228,1464000000.0,2.926,1.0,1883000000.0,1.0,177000000.0,0.0,422495000000.0,,0.0,201584000000.0,,,227830000000.0,,,17174186770.0,-2625000000.0,0.0,-653000000.0,-3306000000.0,-30000000.0,-4089000000.0,-128000000.0,0.0,1592000000.0,0.0,375000000.0,375000000.0,375000000.0,0.0,12000000.0,0.199,1310000000.0,573000000.0,16363000000.0,0.0,2.217,10.925,10.643,755000000.0,0.0,34.325,2.325,2.325,12605000000.0,4069000000.0,1883000000.0,1883000000.0,0.0,,,,,192000000.0,1210000000.0,1.0,500340474.0,500340474,,3.763,236110000000.0,0.0,172000000.0,0.0,471.899,
30,LEHMQ,MRQ,2000-12-31,2000-11-30,2000-11-30,2020-07-13,-8000000.0,224720000000.0,,,,,16.312,-141000000.0,7594000000.0,7594000000.0,0.0,399000000.0,,27.77,185217000000.0,,,185217000000.0,0.0,30000000.0,0.0,0.0,0.0,527000000.0,557000000.0,0.328,557000000.0,527000000.0,527000000.0,0.81,0.735,0.81,7781000000.0,,7781000000.0,189746817526.0,78.0,75.028,-2609000000.0,-5.47,1.0,1698000000.0,1.0,180000000.0,0.0,402163000000.0,,0.0,194484000000.0,,,216079000000.0,,,11820817526.0,193000000.0,-41000000.0,-702000000.0,3572000000.0,-27000000.0,2843000000.0,-182000000.0,0.0,-2468000000.0,0.0,386000000.0,386000000.0,386000000.0,0.0,13000000.0,0.227,1144000000.0,554000000.0,13559000000.0,0.0,1.519,7.04,7.193,671000000.0,0.0,24.781,1.534,1.534,9247000000.0,3713000000.0,1698000000.0,1698000000.0,0.0,,,,,690000000.0,1048000000.0,1.0,477006508.0,477006508,,3.56,224540000000.0,0.0,141000000.0,0.0,470.727,
31,LEHMQ,MRQ,2000-09-30,2000-08-31,2000-08-31,2020-07-13,-8000000.0,225668000000.0,,,,,15.527,-94000000.0,8026000000.0,8026000000.0,0.0,457000000.0,,28.835,185952000000.0,,,185952000000.0,0.0,24000000.0,0.0,0.0,0.0,647000000.0,671000000.0,0.327,671000000.0,647000000.0,647000000.0,0.915,0.84,0.915,7540000000.0,,7540000000.0,203728675925.0,88.0,84.746,-6091000000.0,-12.543,1.0,2052000000.0,1.0,133000000.0,0.0,403461000000.0,,0.0,192117000000.0,,,217418000000.0,,,17602675925.0,999000000.0,0.0,-22000000.0,7137000000.0,-25000000.0,7090000000.0,-94000000.0,0.0,-5997000000.0,0.0,445000000.0,445000000.0,445000000.0,0.0,12000000.0,0.217,1379000000.0,673000000.0,14410000000.0,0.0,2.335,11.106,11.188,561000000.0,0.0,36.25,2.372,2.372,11057000000.0,3346000000.0,2052000000.0,2052000000.0,0.0,,,,,52000000.0,1287000000.0,1.0,485591060.0,485591060,,4.226,225535000000.0,0.0,202000000.0,0.0,464.455,
32,LEHMQ,MRQ,2000-06-30,2000-05-31,2000-05-31,2020-07-13,-10000000.0,233433000000.0,,,,,14.68,-37000000.0,6731000000.0,6731000000.0,0.0,378000000.0,,31.796,192857000000.0,,,192857000000.0,0.0,24000000.0,0.0,0.0,0.0,532000000.0,556000000.0,0.317,556000000.0,532000000.0,532000000.0,0.74,0.695,0.74,7096000000.0,,7096000000.0,179245026710.0,87.0,83.486,-12102000000.0,-25.037,1.0,1755000000.0,1.0,134000000.0,0.0,419425000000.0,,0.0,198609000000.0,,,225627000000.0,,,9320026710.0,1179000000.0,0.0,-268000000.0,13323000000.0,-24000000.0,13281000000.0,-37000000.0,0.0,-12065000000.0,0.0,366000000.0,366000000.0,366000000.0,0.0,12000000.0,0.209,1197000000.0,558000000.0,17056000000.0,0.0,1.313,6.568,6.649,491000000.0,0.0,19.281,1.386,1.386,12831000000.0,2916000000.0,1755000000.0,1755000000.0,0.0,,,,,74000000.0,1112000000.0,1.0,483372536.0,483372536,,3.631,233299000000.0,0.0,166000000.0,0.0,482.648,
33,LEHMQ,MRQ,2000-03-31,2000-02-29,2000-02-29,2020-07-13,-13000000.0,213889000000.0,,,,,13.63,-17000000.0,5966000000.0,5966000000.0,0.0,541000000.0,,31.369,175891000000.0,,,175891000000.0,0.0,24000000.0,0.0,0.0,0.0,721000000.0,745000000.0,0.338,745000000.0,721000000.0,721000000.0,0.98,0.92,0.98,6586000000.0,,6586000000.0,160428875735.0,84.0,79.855,6982000000.0,14.45,1.0,2202000000.0,1.0,136000000.0,0.0,383678000000.0,,0.0,179408000000.0,,,206593000000.0,,,8757875735.0,-2397000000.0,0.0,-112000000.0,-9106000000.0,-73000000.0,-9379000000.0,-17000000.0,0.0,6999000000.0,0.0,482000000.0,482000000.0,482000000.0,0.0,59000000.0,0.219,1408000000.0,794000000.0,14435000000.0,0.0,1.33,6.63,6.688,479000000.0,0.0,18.125,1.363,1.363,11345000000.0,2563000000.0,2202000000.0,2202000000.0,0.0,,,,,77000000.0,1326000000.0,1.0,483193144.0,483193144,,4.557,213753000000.0,0.0,239000000.0,0.0,442.376,
34,LEHMQ,MRQ,1999-12-31,1999-11-30,1999-11-30,2020-07-13,-2000000.0,192244000000.0,,,,,13.088,-19000000.0,7175000000.0,7175000000.0,0.0,302000000.0,,29.484,158846000000.0,,,158846000000.0,0.0,17000000.0,0.0,0.0,0.0,415000000.0,432000000.0,0.306,432000000.0,415000000.0,415000000.0,0.605,0.575,0.605,6283000000.0,,6283000000.0,177758070472.0,119.0,112.363,6780000000.0,14.123,1.0,1411000000.0,1.0,138000000.0,0.0,343777000000.0,,0.0,160372000000.0,,,185251000000.0,,,9166070472.0,398000000.0,0.0,-150000000.0,-4959000000.0,-22000000.0,-6382000000.0,-19000000.0,0.0,6799000000.0,0.0,292000000.0,292000000.0,292000000.0,0.0,10000000.0,0.207,972000000.0,439000000.0,12155000000.0,0.0,1.459,8.839,8.943,485000000.0,0.0,19.094,1.716,1.716,11006000000.0,2094000000.0,1411000000.0,1411000000.0,0.0,,,,,302000000.0,895000000.0,1.0,480056064.0,480056064,,2.939,192106000000.0,0.0,123000000.0,0.0,400.174,
35,LEHMQ,MRQ,1999-09-30,1999-08-31,1999-08-31,2020-07-13,5000000.0,202149000000.0,,,,,12.41,-18000000.0,5997000000.0,5997000000.0,0.0,290000000.0,,32.855,174589000000.0,,,174589000000.0,0.0,23000000.0,0.0,0.0,0.0,391000000.0,414000000.0,0.305,414000000.0,391000000.0,391000000.0,0.575,0.55,0.575,5950000000.0,,5950000000.0,166791622705.0,144.0,132.796,3463000000.0,7.223,1.0,1356000000.0,1.0,140000000.0,0.0,370601000000.0,,0.0,172656000000.0,,,195489000000.0,,,6442622705.0,783000000.0,0.0,-58000000.0,-2551000000.0,-21000000.0,-2680000000.0,-18000000.0,0.0,3481000000.0,0.0,279000000.0,279000000.0,279000000.0,0.0,11000000.0,0.206,939000000.0,417000000.0,9085000000.0,0.0,1.083,7.983,8.119,489000000.0,0.0,13.438,1.402,1.402,11643000000.0,1817000000.0,1356000000.0,1356000000.0,0.0,,,,,53000000.0,860000000.0,1.0,479450992.0,479450992,,2.828,202009000000.0,0.0,112000000.0,0.0,421.334,
36,LEHMQ,MRQ,1999-06-30,1999-05-31,1999-05-31,2020-07-13,13000000.0,191543000000.0,,,,,12.086,-16000000.0,4920000000.0,4920000000.0,0.0,329000000.0,,32.229,165269000000.0,,,165269000000.0,0.0,24000000.0,0.0,0.0,0.0,394000000.0,418000000.0,0.287,418000000.0,394000000.0,394000000.0,0.55,0.522,0.55,5743000000.0,,5743000000.0,153201902494.0,159.0,144.53,-2328000000.0,-4.899,1.0,1455000000.0,1.0,133000000.0,0.0,351759000000.0,,0.0,162955000000.0,,,185090000000.0,,,6488902494.0,335000000.0,0.0,-104000000.0,2518000000.0,-25000000.0,2663000000.0,-16000000.0,0.0,-2312000000.0,0.0,268000000.0,268000000.0,268000000.0,0.0,61000000.0,0.184,989000000.0,466000000.0,8193000000.0,0.0,1.13,9.728,9.983,493000000.0,0.0,13.656,1.557,1.557,11444000000.0,1550000000.0,1455000000.0,1455000000.0,0.0,,,,,51000000.0,905000000.0,1.0,475159908.0,475159908,,3.062,191410000000.0,0.0,126000000.0,0.0,402.833,
37,LEHMQ,MRQ,1999-03-31,1999-02-28,1999-02-28,2020-07-13,10000000.0,179305000000.0,,,,,11.565,-20000000.0,4942000000.0,4942000000.0,0.0,211000000.0,,30.74,151655000000.0,,,151655000000.0,0.0,24000000.0,0.0,0.0,0.0,294000000.0,318000000.0,0.284,318000000.0,294000000.0,294000000.0,0.405,0.393,0.405,5639000000.0,,5639000000.0,127722791533.0,129.0,117.825,-1647000000.0,-3.378,1.0,1118000000.0,1.0,160000000.0,0.0,325858000000.0,,0.0,152744000000.0,,,173341000000.0,,,6328791533.0,615000000.0,0.0,-33000000.0,2050000000.0,-71000000.0,2262000000.0,-20000000.0,0.0,-1627000000.0,0.0,198000000.0,198000000.0,198000000.0,0.0,13000000.0,0.177,809000000.0,309000000.0,10265000000.0,0.0,1.122,9.488,9.65,501000000.0,0.0,13.25,1.512,1.543,9213000000.0,1299000000.0,1118000000.0,1118000000.0,0.0,,,,,47000000.0,727000000.0,1.0,477644644.0,487600000,503200000.0,2.293,179145000000.0,0.0,96000000.0,0.0,367.402,
38,LEHMQ,MRQ,1998-12-31,1998-11-30,1998-11-30,2020-07-13,15000000.0,153890000000.0,,,,,11.193,-43000000.0,4238000000.0,4238000000.0,0.0,74000000.0,,27.43,125632000000.0,,,125632000000.0,0.0,24000000.0,0.0,0.0,0.0,82000000.0,106000000.0,0.159,106000000.0,82000000.0,82000000.0,0.125,0.133,0.125,5413000000.0,,5413000000.0,156468001500.0,162.0,148.17,7580000000.0,15.674,1.0,665000000.0,1.0,163000000.0,0.0,275121000000.0,,0.0,125839000000.0,,,148477000000.0,,,5799001500.0,-1677000000.0,0.0,-150000000.0,-9034000000.0,-23000000.0,-9257000000.0,-43000000.0,0.0,7623000000.0,0.0,62000000.0,62000000.0,62000000.0,0.0,12000000.0,0.093,571000000.0,94000000.0,10525000000.0,0.0,1.071,8.935,9.328,505000000.0,0.0,12.5,1.41,1.47,10056000000.0,1105000000.0,665000000.0,665000000.0,0.0,,,,,120000000.0,497000000.0,1.0,463920120.0,483600000,490400000.0,1.375,153727000000.0,0.0,20000000.0,0.0,317.88,
39,LEHMQ,MRQ,1998-09-30,1998-08-31,1998-08-31,2020-07-13,5000000.0,191074000000.0,,,,,11.006,-39000000.0,6337000000.0,6337000000.0,0.0,151000000.0,,34.721,157006000000.0,,,157006000000.0,0.0,23000000.0,0.0,0.0,0.0,195000000.0,218000000.0,0.234,218000000.0,195000000.0,195000000.0,0.288,0.275,0.288,5349000000.0,,5349000000.0,142979829518.0,127.0,118.068,-8886000000.0,-18.284,1.0,930000000.0,1.0,165000000.0,0.0,341578000000.0,,0.0,159099000000.0,,,185725000000.0,,,4657829518.0,-493000000.0,0.0,-92000000.0,8312000000.0,-21000000.0,8393000000.0,-39000000.0,0.0,-8847000000.0,0.0,139000000.0,139000000.0,139000000.0,0.0,12000000.0,0.149,723000000.0,207000000.0,16041000000.0,0.0,0.871,6.235,6.343,483000000.0,0.0,9.844,1.042,1.07,11757000000.0,1053000000.0,930000000.0,930000000.0,0.0,,,,,23000000.0,639000000.0,1.0,473176332.0,486000000,504800000.0,1.914,190909000000.0,0.0,56000000.0,0.0,392.817,
40,LEHMQ,MRQ,1998-06-30,1998-05-31,1998-05-31,2020-07-13,-11000000.0,179067000000.0,,,,,10.539,-22000000.0,6520000000.0,6520000000.0,0.0,324000000.0,,34.222,144842000000.0,,,144842000000.0,0.0,22000000.0,0.0,0.0,0.0,420000000.0,442000000.0,0.3,442000000.0,420000000.0,420000000.0,0.555,0.532,0.555,5084000000.0,,5084000000.0,150734547153.0,129.0,119.726,-2875000000.0,-5.96,1.0,1473000000.0,1.0,160000000.0,0.0,317229000000.0,,0.0,150215000000.0,,,173983000000.0,,,8408547153.0,2088000000.0,0.0,-125000000.0,4851000000.0,-13000000.0,4963000000.0,-22000000.0,0.0,-2853000000.0,0.0,268000000.0,268000000.0,268000000.0,0.0,56000000.0,0.182,997000000.0,476000000.0,15630000000.0,0.0,1.654,10.949,11.084,465000000.0,0.0,17.734,1.823,1.855,10014000000.0,928000000.0,1473000000.0,1473000000.0,0.0,,,,,40000000.0,908000000.0,1.0,474138208.0,482400000,505600000.0,3.053,178907000000.0,0.0,152000000.0,0.0,370.869,
41,LEHMQ,MRQ,1998-03-31,1998-02-28,1998-02-28,2020-07-13,0.0,175643000000.0,,,,,9.708,-15000000.0,4281000000.0,4281000000.0,0.0,187000000.0,,36.507,146607000000.0,,,146607000000.0,0.0,22000000.0,0.0,0.0,0.0,268000000.0,290000000.0,0.278,290000000.0,268000000.0,268000000.0,0.372,0.36,0.372,4683000000.0,,4683000000.0,126540890120.0,138.0,126.162,-5940000000.0,-12.313,1.0,1045000000.0,1.0,162000000.0,0.0,317807000000.0,,0.0,148893000000.0,,,170960000000.0,,,7532890120.0,1452000000.0,0.0,-41000000.0,7498000000.0,-65000000.0,7392000000.0,-15000000.0,0.0,-5925000000.0,0.0,180000000.0,180000000.0,180000000.0,0.0,7000000.0,0.172,770000000.0,275000000.0,13806000000.0,0.0,1.609,12.269,12.286,463000000.0,0.0,15.813,1.887,1.91,10772000000.0,668000000.0,1045000000.0,1045000000.0,0.0,,,,,38000000.0,689000000.0,1.0,476388308.0,482400000,499200000.0,2.166,175481000000.0,0.0,88000000.0,0.0,363.767,
42,LEHMQ,MRQ,1997-12-31,1997-11-30,1997-11-30,2020-07-13,12000000.0,151705000000.0,,,,,9.494,-21000000.0,2834000000.0,2834000000.0,0.0,185000000.0,,32.541,121842000000.0,,,121842000000.0,0.0,21000000.0,0.0,0.0,0.0,240000000.0,261000000.0,0.255,261000000.0,240000000.0,240000000.0,0.337,0.327,0.337,4523000000.0,,4523000000.0,,,,4167000000.0,8.747,1.0,1023000000.0,1.0,164000000.0,0.0,270549000000.0,,0.0,126261000000.0,,,147182000000.0,,,6021848338.0,385000000.0,0.0,-74000000.0,-3695000000.0,-13000000.0,-3782000000.0,-21000000.0,0.0,4188000000.0,0.0,160000000.0,160000000.0,160000000.0,0.0,25000000.0,0.156,758000000.0,265000000.0,13857000000.0,0.0,1.331,10.528,10.447,468000000.0,0.0,12.641,1.555,1.543,11298000000.0,498000000.0,1023000000.0,1023000000.0,0.0,,,,,162000000.0,967000000.0,1.0,476388308.0,476400000,490400000.0,2.147,151541000000.0,0.0,80000000.0,0.0,318.096,
43,LEHMQ,MRQ,1997-09-30,1997-08-31,1997-08-31,2020-07-13,,,,,,,,-19000000.0,,,0.0,197000000.0,,,,,,,,22000000.0,,0.0,0.0,244000000.0,266000000.0,0.248,266000000.0,244000000.0,244000000.0,0.335,0.325,0.335,,,,,,,609000000.0,1.283,1.0,1071000000.0,1.0,,0.0,,,,,,,,,,,-820000000.0,0.0,2000000.0,-1411000000.0,-20000000.0,-1429000000.0,-19000000.0,0.0,628000000.0,0.0,160000000.0,160000000.0,160000000.0,0.0,37000000.0,0.149,790000000.0,281000000.0,,0.0,,,,,0.0,10.938,,,,,1071000000.0,1071000000.0,0.0,,,,,0.0,603000000.0,1.0,,474800000,488800000.0,2.256,,,84000000.0,,,
44,LEHMQ,MRQ,1997-06-30,1997-05-31,1997-05-31,2020-07-13,,,,,,,,-16000000.0,,,0.0,121000000.0,,,,,,,,21000000.0,,0.0,0.0,165000000.0,186000000.0,0.218,186000000.0,165000000.0,165000000.0,0.242,0.237,0.242,,,,,,,-3876000000.0,-8.212,1.0,854000000.0,1.0,,0.0,,,,,,,,,,,-372000000.0,0.0,5000000.0,3512000000.0,-13000000.0,3504000000.0,-16000000.0,0.0,-3860000000.0,0.0,114000000.0,114000000.0,114000000.0,0.0,7000000.0,0.133,682000000.0,172000000.0,,0.0,,,,,0.0,10.25,,,,,854000000.0,854000000.0,0.0,,,,,0.0,493000000.0,1.0,,472000000,482000000.0,1.809,,,51000000.0,,,
45,LEHMQ,MRQ,1997-03-31,1997-02-28,1997-02-28,2020-07-13,,,,,,,,-18000000.0,,,0.0,144000000.0,,,,,,,,22000000.0,,0.0,0.0,213000000.0,235000000.0,0.254,235000000.0,213000000.0,213000000.0,0.295,0.29,0.295,,,,,,,-1238000000.0,-2.645,1.0,925000000.0,1.0,,0.0,,,,,,,,,,,343000000.0,0.0,13000000.0,1580000000.0,-12000000.0,1581000000.0,-18000000.0,0.0,-1220000000.0,0.0,138000000.0,138000000.0,138000000.0,0.0,6000000.0,0.149,706000000.0,219000000.0,,0.0,,,,,0.0,8.406,,,,,925000000.0,925000000.0,0.0,,,,,0.0,529000000.0,1.0,,468000000,476400000.0,1.976,,,75000000.0,,,
46,LEHMQ,MRQ,1996-12-31,1996-11-30,1996-11-30,2020-07-13,20000000.0,128596000000.0,,,,,8.4,,2837000000.0,2837000000.0,,,,32.195,106087000000.0,,,106087000000.0,0.0,,0.0,0.0,0.0,,,,,,,,,,3874000000.0,,3874000000.0,,,,,,1.0,,,172000000.0,,231674000000.0,,0.0,107535000000.0,,,124722000000.0,,,,,,,,,,,,,,,,,,,,,,8586000000.0,,,,8.901,477000000.0,,7.281,,0.975,8691000000.0,-43000000.0,,,,,,,,,,1.0,,461200000,,,128424000000.0,0.0,,0.0,278.456,
0,LEHMQ,MRT,2008-06-30,2008-05-31,2008-05-31,2020-07-13,-359000000.0,639432000000.0,693936500000.0,,,0.017,47.46,-1006000000.0,19544000000.0,19544000000.0,0.0,-512000000.0,,23.335,512913000000.0,,,512913000000.0,0.0,618000000.0,29355000000.0,0.018,0.66,-1145000000.0,-527000000.0,-0.046,-527000000.0,-1145000000.0,-1145000000.0,-1.09,-1.24,-1.09,26276000000.0,23832750000.0,26276000000.0,632472711027.0,-552.0,-1200.138,-40685000000.0,-73.486,1.0,11537000000.0,1.0,4101000000.0,0.0,1128700000000.0,1232382500000.0,0.0,563935000000.0,,,613156000000.0,,,20379711027.0,1220000000.0,-427000000.0,-946000000.0,30310000000.0,-541000000.0,42332000000.0,-1433000000.0,0.0,-39679000000.0,0.0,-668000000.0,-668000000.0,-668000000.0,0.0,156000000.0,-0.058,12526000000.0,-989000000.0,61086000000.0,-0.606,0.776,-30.509,-33.771,4278000000.0,0.0,36.81,1.766,1.766,37485000000.0,16901000000.0,11537000000.0,11537000000.0,0.0,-0.001,-0.028,-0.001,-0.099,2028000000.0,11190000000.0,1.0,553646048.0,553646048,,20.838,635331000000.0,0.0,-477000000.0,0.0,1147.54,
1,LEHMQ,MRT,2008-03-31,2008-02-29,2008-02-29,2020-07-13,-343000000.0,786035000000.0,685543750000.0,,,0.026,46.801,-987000000.0,24133000000.0,24133000000.0,0.0,3535000000.0,,30.654,636226000000.0,,,636226000000.0,0.0,600000000.0,28829000000.0,0.013,0.64,4903000000.0,5503000000.0,0.311,5503000000.0,4903000000.0,4903000000.0,6.38,6.11,6.38,24832000000.0,22546000000.0,24832000000.0,565889692675.0,115.0,102.833,-43152000000.0,-81.329,1.0,17717000000.0,1.0,4112000000.0,0.0,1394016000000.0,1219916750000.0,0.0,695339000000.0,,,761203000000.0,,,27054692675.0,3448000000.0,-536000000.0,-1405000000.0,41463000000.0,-442000000.0,47136000000.0,-1523000000.0,0.0,-42165000000.0,0.0,3461000000.0,3461000000.0,3461000000.0,0.0,74000000.0,0.195,12740000000.0,4977000000.0,84552000000.0,0.1,1.09,7.817,7.992,4189000000.0,0.0,50.99,1.527,1.527,49213000000.0,19880000000.0,17717000000.0,17717000000.0,0.0,0.005,0.154,0.004,0.277,1928000000.0,11558000000.0,1.0,530588207.0,530588207,,33.391,781923000000.0,0.0,1442000000.0,0.0,1473.691,
2,LEHMQ,MRT,2007-12-31,2007-11-30,2007-11-30,2020-07-13,-310000000.0,691063000000.0,629605750000.0,,,0.031,42.431,-966000000.0,20029000000.0,20029000000.0,0.0,4192000000.0,,29.728,558864000000.0,,,558864000000.0,0.0,577000000.0,29363000000.0,0.01,0.62,5946000000.0,6523000000.0,0.339,6523000000.0,5946000000.0,5946000000.0,7.63,7.26,7.63,22490000000.0,21339250000.0,22490000000.0,559131356474.0,94.0,85.717,-46561000000.0,-87.844,1.0,19257000000.0,1.0,4127000000.0,0.0,1225771000000.0,1120622750000.0,0.0,614363000000.0,,,668573000000.0,,,33196356474.0,1299000000.0,-732000000.0,-2162000000.0,43428000000.0,-418000000.0,48592000000.0,-1698000000.0,0.0,-45595000000.0,0.0,4125000000.0,4125000000.0,4125000000.0,0.0,67000000.0,0.214,13244000000.0,6013000000.0,64307000000.0,0.081,1.476,8.048,8.208,3861000000.0,0.0,62.63,1.724,1.724,40627000000.0,19698000000.0,19257000000.0,19257000000.0,0.0,0.007,0.193,0.005,0.309,1791000000.0,12124000000.0,1.0,530039222.0,530039222,,36.331,686936000000.0,0.0,1821000000.0,0.0,1296.01,
3,LEHMQ,MRT,2007-09-30,2007-08-31,2007-08-31,2020-07-13,-37000000.0,659216000000.0,582726250000.0,,,0.033,40.945,-879000000.0,17627000000.0,17627000000.0,0.0,4310000000.0,,29.332,543562000000.0,,,543562000000.0,0.0,561000000.0,24935000000.0,0.011,0.6,6204000000.0,6765000000.0,0.349,6765000000.0,6204000000.0,6204000000.0,7.86,7.43,7.86,21733000000.0,20514500000.0,21733000000.0,505730971597.0,82.0,74.757,-50370000000.0,-94.897,1.0,19400000000.0,1.0,4108000000.0,0.0,1181043000000.0,1037289500000.0,0.0,589724000000.0,,,637483000000.0,,,29102971597.0,2881000000.0,-893000000.0,-2476000000.0,53077000000.0,-398000000.0,54144000000.0,-1772000000.0,0.0,-49491000000.0,0.0,4242000000.0,4242000000.0,4242000000.0,0.0,68000000.0,0.219,13128000000.0,6272000000.0,51829000000.0,0.076,1.339,6.861,6.976,3677000000.0,0.0,54.83,1.5,1.5,35747000000.0,18915000000.0,19400000000.0,19400000000.0,0.0,0.007,0.207,0.006,0.32,1907000000.0,12090000000.0,1.0,530785548.0,530785548,,36.55,655108000000.0,0.0,1962000000.0,0.0,1234.224,
4,LEHMQ,MRT,2007-06-30,2007-05-31,2007-05-31,2020-07-13,-5000000.0,605861000000.0,536356500000.0,,,0.036,39.67,-800000000.0,12447000000.0,12447000000.0,0.0,4339000000.0,,27.674,489075000000.0,,,489075000000.0,0.0,548000000.0,21697000000.0,0.008,0.57,6366000000.0,6914000000.0,0.359,6914000000.0,6366000000.0,6366000000.0,7.91,7.46,7.91,21129000000.0,19680250000.0,21129000000.0,477171538632.0,75.0,69.015,-38142000000.0,-71.612,1.0,19270000000.0,1.0,3652000000.0,0.0,1078837000000.0,951611250000.0,0.0,543072000000.0,,,584732000000.0,,,39083538632.0,836000000.0,-496000000.0,-2659000000.0,40617000000.0,-380000000.0,39474000000.0,-1296000000.0,0.0,-37342000000.0,0.0,4271000000.0,4271000000.0,4271000000.0,0.0,68000000.0,0.222,12836000000.0,6434000000.0,50471000000.0,0.072,1.85,9.151,9.277,3519000000.0,0.0,73.38,2.028,2.028,34289000000.0,18133000000.0,19270000000.0,19270000000.0,0.0,0.008,0.217,0.007,0.33,1837000000.0,11897000000.0,1.0,532618406.0,532618406,,36.18,602209000000.0,0.0,2095000000.0,0.0,1130.658,
5,LEHMQ,MRT,2007-03-31,2007-02-28,2007-02-28,2020-07-13,-17000000.0,562283000000.0,498941750000.0,,,0.036,38.026,-681000000.0,10409000000.0,10409000000.0,0.0,4068000000.0,,27.107,448497000000.0,,,448497000000.0,0.0,529000000.0,23374000000.0,0.007,0.54,5986000000.0,6515000000.0,0.359,6515000000.0,5986000000.0,5986000000.0,7.39,6.94,7.39,20005000000.0,18893500000.0,20005000000.0,424723518758.0,71.0,65.192,-44967000000.0,-85.474,1.0,18169000000.0,1.0,3531000000.0,0.0,996840000000.0,882720500000.0,0.0,508300000000.0,,,542278000000.0,,,38567518758.0,-2566000000.0,-394000000.0,-2887000000.0,41333000000.0,-361000000.0,42795000000.0,-1075000000.0,0.0,-44286000000.0,0.0,4001000000.0,4001000000.0,4001000000.0,0.0,67000000.0,0.22,12116000000.0,6053000000.0,50733000000.0,0.073,1.928,9.639,9.92,3398000000.0,0.0,73.31,2.123,2.123,28725000000.0,16964000000.0,18169000000.0,18169000000.0,0.0,0.008,0.212,0.007,0.329,1744000000.0,11229000000.0,1.0,526088102.0,526088102,,34.536,558752000000.0,0.0,1985000000.0,0.0,1062.088,
6,LEHMQ,MRT,2006-12-31,2006-11-30,2006-11-30,2020-07-13,-15000000.0,503545000000.0,468320000000.0,,,0.038,36.205,-586000000.0,12078000000.0,12078000000.0,0.0,4007000000.0,,25.239,404333000000.0,,,404333000000.0,0.0,514000000.0,21412000000.0,0.007,0.51,5886000000.0,6400000000.0,0.364,6400000000.0,5886000000.0,5886000000.0,7.26,6.81,7.26,19191000000.0,18265500000.0,19191000000.0,407006354222.0,69.0,63.595,-36962000000.0,-69.732,1.0,17583000000.0,1.0,3362000000.0,0.0,892438000000.0,827903000000.0,0.0,451752000000.0,,,484354000000.0,,,39049354222.0,1087000000.0,-206000000.0,-2041000000.0,33298000000.0,-342000000.0,38255000000.0,-792000000.0,0.0,-36376000000.0,0.0,3941000000.0,3941000000.0,3941000000.0,0.0,66000000.0,0.224,11678000000.0,5905000000.0,43912000000.0,0.07,2.035,9.908,10.147,3269000000.0,0.0,73.67,2.221,2.221,25919000000.0,15857000000.0,17583000000.0,17583000000.0,0.0,0.008,0.216,0.007,0.335,1706000000.0,10847000000.0,1.0,530057747.0,530057747,,33.172,500183000000.0,0.0,1945000000.0,0.0,943.639,
7,LEHMQ,MRT,2006-09-30,2006-08-31,2006-08-31,2020-07-13,-17000000.0,473737000000.0,444949500000.0,,,0.038,34.243,-519000000.0,9903000000.0,9903000000.0,0.0,3826000000.0,,24.752,377860000000.0,,,377860000000.0,0.0,488000000.0,0.0,0.008,0.48,5616000000.0,6104000000.0,0.365,6104000000.0,5616000000.0,5616000000.0,6.9,6.47,6.9,18396000000.0,17666250000.0,18396000000.0,384648592223.0,68.0,63.016,-33392000000.0,-62.158,1.0,16740000000.0,1.0,3364000000.0,0.0,838330000000.0,785897250000.0,0.0,429705000000.0,,,455341000000.0,,,34279592223.0,-126000000.0,-244000000.0,-2493000000.0,25117000000.0,-331000000.0,33510000000.0,-763000000.0,0.0,-32873000000.0,0.0,3762000000.0,3762000000.0,3762000000.0,0.0,64000000.0,0.225,11107000000.0,5633000000.0,60589000000.0,0.07,1.863,9.112,9.248,3150000000.0,0.0,63.81,2.048,2.048,21307000000.0,14938000000.0,16740000000.0,16740000000.0,0.0,0.008,0.213,0.007,0.335,1900000000.0,10300000000.0,1.0,537213481.0,537213481,,31.161,470373000000.0,0.0,1854000000.0,0.0,875.579,
8,LEHMQ,MRT,2006-06-30,2006-05-31,2006-05-31,2020-07-13,-16000000.0,456202000000.0,422589000000.0,,,0.039,33.584,-444000000.0,11267000000.0,11267000000.0,0.0,3789000000.0,,24.37,361636000000.0,,,361636000000.0,0.0,464000000.0,0.0,0.007,0.46,5544000000.0,6008000000.0,0.366,6008000000.0,5544000000.0,5544000000.0,6.79,6.37,6.79,17982000000.0,17150750000.0,17982000000.0,376720865608.0,68.0,62.703,-31286000000.0,-58.432,1.0,16414000000.0,1.0,3297000000.0,0.0,803274000000.0,746146250000.0,0.0,402726000000.0,,,438220000000.0,,,35664865608.0,-245000000.0,-144000000.0,-2337000000.0,24012000000.0,-320000000.0,31185000000.0,-588000000.0,0.0,-30842000000.0,0.0,3727000000.0,3727000000.0,3727000000.0,0.0,62000000.0,0.227,10855000000.0,5559000000.0,60596000000.0,0.068,1.983,9.569,9.81,3079000000.0,0.0,66.61,2.173,2.173,29885000000.0,14108000000.0,16414000000.0,16414000000.0,0.0,0.009,0.217,0.007,0.338,1929000000.0,10071000000.0,1.0,535428098.0,535428098,,30.656,452905000000.0,0.0,1817000000.0,0.0,845.875,
9,LEHMQ,MRT,2006-03-31,2006-02-28,2006-02-28,2020-07-13,-16000000.0,439796000000.0,401187250000.0,,,0.038,32.346,-469000000.0,12251000000.0,12251000000.0,0.0,3470000000.0,,24.141,353307000000.0,,,353307000000.0,0.0,441000000.0,0.0,0.006,0.44,5056000000.0,5497000000.0,0.36,5497000000.0,5056000000.0,5056000000.0,6.17,5.81,6.17,17493000000.0,16624750000.0,17493000000.0,357074120283.0,71.0,64.958,-15828000000.0,-29.267,1.0,15281000000.0,1.0,3282000000.0,0.0,777570000000.0,707711500000.0,0.0,395527000000.0,,,422303000000.0,,,39466120283.0,751000000.0,-128000000.0,-2123000000.0,10949000000.0,-313000000.0,16707000000.0,-597000000.0,0.0,-15359000000.0,0.0,3405000000.0,3405000000.0,3405000000.0,0.0,65000000.0,0.223,10207000000.0,5074000000.0,55737000000.0,0.071,2.256,11.591,11.827,2966000000.0,0.0,72.975,2.583,2.583,19903000000.0,13192000000.0,15281000000.0,15281000000.0,0.0,0.008,0.205,0.007,0.331,1976000000.0,9433000000.0,1.0,540816996.0,540816996,,28.255,436514000000.0,0.0,1651000000.0,0.0,807.138,
10,LEHMQ,MRT,2005-12-31,2005-11-30,2005-11-30,2020-07-13,-16000000.0,410063000000.0,382161250000.0,,,0.038,31.343,-409000000.0,10644000000.0,10644000000.0,0.0,3260000000.0,,23.417,328252000000.0,,,328252000000.0,0.0,426000000.0,15067000000.0,0.007,0.42,4760000000.0,5186000000.0,0.354,5186000000.0,4760000000.0,4760000000.0,5.74,5.43,5.74,16794000000.0,16190000000.0,16794000000.0,332049526818.0,70.0,64.028,-12614000000.0,-23.542,1.0,14630000000.0,1.0,3256000000.0,0.0,724415000000.0,673461500000.0,0.0,367077000000.0,,,393269000000.0,,,33756526818.0,-540000000.0,-38000000.0,-1749000000.0,9556000000.0,-302000000.0,12112000000.0,-447000000.0,0.0,-12205000000.0,0.0,3191000000.0,3191000000.0,3191000000.0,0.0,69000000.0,0.218,9801000000.0,4829000000.0,34013000000.0,0.073,2.01,10.579,10.976,2885000000.0,0.0,63.0,2.307,2.307,20341000000.0,12198000000.0,14630000000.0,14630000000.0,0.0,0.008,0.197,0.007,0.325,2060000000.0,9053000000.0,1.0,535817886.0,535817886,,27.304,406807000000.0,0.0,1569000000.0,0.0,759.226,
11,LEHMQ,MRT,2005-09-30,2005-08-31,2005-08-31,2020-07-13,-15000000.0,384295000000.0,368937500000.0,,,0.037,30.01,-433000000.0,8824000000.0,8824000000.0,0.0,3022000000.0,,22.527,307117000000.0,,,307117000000.0,0.0,427000000.0,0.0,0.008,0.4,4418000000.0,4845000000.0,0.351,4845000000.0,4418000000.0,4418000000.0,5.31,5.035,5.31,16334000000.0,15721500000.0,16334000000.0,310980324657.0,70.0,64.186,-13867000000.0,-25.478,1.0,13823000000.0,1.0,3262000000.0,0.0,679326000000.0,650287250000.0,0.0,349056000000.0,,,367961000000.0,,,28754324657.0,1461000000.0,-24000000.0,-807000000.0,14210000000.0,-294000000.0,15352000000.0,-457000000.0,0.0,-13434000000.0,0.0,2949000000.0,2949000000.0,2949000000.0,0.0,73000000.0,0.213,9332000000.0,4491000000.0,45558000000.0,0.075,1.76,9.751,9.949,2893000000.0,0.0,52.83,2.08,2.08,15490000000.0,11448000000.0,13823000000.0,13823000000.0,0.0,0.008,0.188,0.007,0.32,1521000000.0,8604000000.0,1.0,544280232.0,544280232,,25.397,381033000000.0,0.0,1469000000.0,0.0,700.068,
12,LEHMQ,MRT,2005-06-30,2005-05-31,2005-05-31,2020-07-13,-20000000.0,370595000000.0,358086250000.0,,,0.035,28.703,-354000000.0,8637000000.0,8637000000.0,0.0,2648000000.0,,22.34,290863000000.0,,,290863000000.0,0.0,427000000.0,0.0,0.008,0.38,3845000000.0,4272000000.0,0.339,4272000000.0,3845000000.0,3845000000.0,4.655,4.42,4.655,15878000000.0,15243250000.0,15878000000.0,305654073383.0,79.0,71.548,-7882000000.0,-14.248,1.0,12594000000.0,1.0,3286000000.0,0.0,649535000000.0,631457500000.0,0.0,333735000000.0,,,354717000000.0,,,25502073383.0,29000000.0,14000000.0,-700000000.0,6460000000.0,-284000000.0,7897000000.0,-340000000.0,0.0,-7528000000.0,0.0,2572000000.0,2572000000.0,2572000000.0,0.0,76000000.0,0.204,8673000000.0,3921000000.0,50245000000.0,0.082,1.606,9.915,9.903,2914000000.0,0.0,46.1,2.025,2.025,16538000000.0,10643000000.0,12594000000.0,12594000000.0,0.0,0.007,0.169,0.006,0.305,1441000000.0,7969000000.0,1.0,553190312.0,553190312,,22.766,367309000000.0,0.0,1273000000.0,0.0,663.983,
13,LEHMQ,MRT,2005-03-31,2005-02-28,2005-02-28,2020-07-13,-13000000.0,363692000000.0,352062250000.0,,,0.035,28.519,-270000000.0,10209000000.0,10209000000.0,0.0,2574000000.0,,22.086,290361000000.0,,,290361000000.0,0.0,425000000.0,0.0,0.008,0.36,3718000000.0,4143000000.0,0.338,4143000000.0,3718000000.0,3718000000.0,4.535,4.295,4.535,15754000000.0,14775250000.0,15754000000.0,303018156350.0,82.0,73.14,-9697000000.0,-17.554,1.0,12242000000.0,1.0,3274000000.0,0.0,640570000000.0,623040250000.0,0.0,325716000000.0,,,347938000000.0,,,25184156351.0,-91000000.0,4000000.0,-764000000.0,7812000000.0,-269000000.0,9602000000.0,-266000000.0,0.0,-9427000000.0,0.0,2500000000.0,2500000000.0,2500000000.0,0.0,74000000.0,0.204,8450000000.0,3792000000.0,44733000000.0,0.079,1.599,10.074,10.053,2969000000.0,0.0,45.59,2.057,2.057,15832000000.0,10039000000.0,12242000000.0,12242000000.0,0.0,0.007,0.169,0.006,0.304,1332000000.0,7769000000.0,1.0,552405272.0,552405272,,22.161,360418000000.0,0.0,1218000000.0,0.0,652.452,
14,LEHMQ,MRT,2004-12-31,2004-11-30,2004-11-30,2020-07-13,-19000000.0,357168000000.0,343155250000.0,,,0.034,27.689,-401000000.0,9525000000.0,9525000000.0,0.0,2369000000.0,,22.939,287359000000.0,,,287359000000.0,0.0,428000000.0,0.0,0.008,0.34,3422000000.0,3850000000.0,0.333,3850000000.0,3422000000.0,3422000000.0,4.18,3.95,4.18,14920000000.0,14280750000.0,14920000000.0,289346878411.0,85.0,75.155,-13971000000.0,-25.928,1.0,11576000000.0,1.0,3284000000.0,0.0,631718000000.0,609875250000.0,0.0,319046000000.0,,,342248000000.0,,,22571878411.0,-2482000000.0,-130000000.0,-1034000000.0,10191000000.0,-258000000.0,11619000000.0,-531000000.0,0.0,-13570000000.0,0.0,2297000000.0,2297000000.0,2297000000.0,0.0,72000000.0,0.198,8058000000.0,3518000000.0,39529000000.0,0.081,1.513,9.827,10.022,2988000000.0,0.0,41.89,1.95,1.95,16641000000.0,9240000000.0,11576000000.0,11576000000.0,0.0,0.007,0.161,0.006,0.296,1268000000.0,7378000000.0,1.0,538836916.0,538836916,,21.483,353884000000.0,0.0,1125000000.0,0.0,656.755,
15,LEHMQ,MRT,2004-09-30,2004-08-31,2004-08-31,2020-07-13,-16000000.0,340890000000.0,331878500000.0,,,0.033,26.574,-433000000.0,7632000000.0,7632000000.0,0.0,2265000000.0,,22.638,274407000000.0,,,274407000000.0,0.0,415000000.0,0.0,0.01,0.36,3247000000.0,3662000000.0,0.333,3662000000.0,3247000000.0,3247000000.0,4.065,3.825,4.065,14421000000.0,13844250000.0,14421000000.0,293039933840.0,90.0,80.022,-13072000000.0,-24.088,1.0,10991000000.0,1.0,3658000000.0,0.0,604007000000.0,589858250000.0,0.0,307625000000.0,,,326469000000.0,,,20048933840.0,-9069000000.0,-709000000.0,-1337000000.0,5045000000.0,-245000000.0,4712000000.0,-1142000000.0,0.0,-12639000000.0,0.0,2196000000.0,2196000000.0,2196000000.0,0.0,69000000.0,0.2,7630000000.0,3361000000.0,38943000000.0,0.089,1.39,9.13,9.089,2931000000.0,0.0,36.945,1.824,1.824,13557000000.0,8720000000.0,10991000000.0,10991000000.0,0.0,0.007,0.159,0.006,0.295,1316000000.0,6984000000.0,1.0,542669748.0,542669748,,20.254,337232000000.0,0.0,1051000000.0,0.0,621.431,
16,LEHMQ,MRT,2004-06-30,2004-05-31,2004-05-31,2020-07-13,-19000000.0,346499000000.0,319565500000.0,,,0.034,25.291,-461000000.0,9279000000.0,9279000000.0,0.0,2240000000.0,,23.739,282270000000.0,,,282270000000.0,0.0,375000000.0,0.0,0.011,0.4,3261000000.0,3636000000.0,0.339,3636000000.0,3261000000.0,3261000000.0,4.13,3.875,4.13,14006000000.0,12808000000.0,14006000000.0,284403651354.0,87.0,78.219,-7396000000.0,-13.355,1.0,10715000000.0,1.0,3624000000.0,0.0,615866000000.0,565497500000.0,0.0,305636000000.0,,,332493000000.0,,,20947651354.0,-325000000.0,-775000000.0,-1193000000.0,7938000000.0,-227000000.0,7846000000.0,-1236000000.0,0.0,-6935000000.0,0.0,2178000000.0,2178000000.0,2178000000.0,0.0,62000000.0,0.203,7328000000.0,3387000000.0,41098000000.0,0.097,1.496,9.618,9.159,2990000000.0,0.0,37.825,1.955,1.955,19517000000.0,8279000000.0,10715000000.0,10715000000.0,0.0,0.007,0.17,0.006,0.304,1241000000.0,6717000000.0,1.0,553804398.0,553804398,,19.348,342875000000.0,0.0,1083000000.0,0.0,619.127,
17,LEHMQ,MRT,2004-03-31,2004-02-29,2004-02-29,2020-07-13,-17000000.0,328064000000.0,308543250000.0,,,0.033,24.843,-514000000.0,9655000000.0,9655000000.0,0.0,2068000000.0,,22.814,273111000000.0,,,273111000000.0,0.0,347000000.0,0.0,0.01,0.44,2993000000.0,3340000000.0,0.331,3340000000.0,2993000000.0,2993000000.0,3.94,3.705,3.94,13776000000.0,11715250000.0,13776000000.0,270596922127.0,90.0,81.017,-3166000000.0,-5.71,1.0,10080000000.0,1.0,3610000000.0,0.0,587910000000.0,547647750000.0,0.0,290909000000.0,,,314288000000.0,,,24040922127.0,2931000000.0,-767000000.0,-812000000.0,6664000000.0,-203000000.0,6864000000.0,-1281000000.0,0.0,-2652000000.0,0.0,2012000000.0,2012000000.0,2012000000.0,0.0,56000000.0,0.2,6949000000.0,3131000000.0,32555000000.0,0.112,1.745,11.949,11.004,3047000000.0,0.0,43.355,2.385,2.385,15637000000.0,7734000000.0,10080000000.0,10080000000.0,0.0,0.007,0.172,0.005,0.297,1241000000.0,6312000000.0,1.0,554513254.0,554513254,,18.178,324454000000.0,0.0,981000000.0,0.0,585.115,
18,LEHMQ,MRT,2003-12-31,2003-11-30,2003-11-30,2020-07-13,-16000000.0,312061000000.0,293600500000.0,,,0.029,27.638,-451000000.0,11022000000.0,11022000000.0,0.0,1699000000.0,,22.588,254172000000.0,,,254172000000.0,0.0,315000000.0,0.0,0.013,0.48,2414000000.0,2729000000.0,0.316,2729000000.0,2414000000.0,2414000000.0,3.355,3.175,3.355,13174000000.0,10560500000.0,13174000000.0,232381614477.0,96.0,85.153,1445000000.0,3.032,1.0,8647000000.0,1.0,3561000000.0,0.0,551650000000.0,522667500000.0,0.0,275852000000.0,,,297577000000.0,,,17209614477.0,4223000000.0,-657000000.0,-650000000.0,3208000000.0,-178000000.0,3435000000.0,-1108000000.0,0.0,1896000000.0,0.0,1649000000.0,1649000000.0,1649000000.0,0.0,50000000.0,0.191,6111000000.0,2536000000.0,30733000000.0,0.143,1.306,10.436,10.762,2806000000.0,0.0,36.105,1.99,1.99,13684000000.0,7129000000.0,8647000000.0,8647000000.0,0.0,0.006,0.156,0.005,0.279,1168000000.0,5542000000.0,1.0,476654604.0,476654604,,18.141,308500000000.0,0.0,765000000.0,0.0,647.219,
19,LEHMQ,MRT,2003-09-30,2003-08-31,2003-08-31,2020-07-13,-15000000.0,291638000000.0,280669250000.0,,,0.028,21.239,-361000000.0,16374000000.0,16374000000.0,0.0,1405000000.0,,27.282,231546000000.0,,,231546000000.0,0.0,290000000.0,0.0,0.014,0.45,1959000000.0,2249000000.0,0.285,2249000000.0,1959000000.0,1959000000.0,2.8,2.665,2.8,10276000000.0,9502500000.0,10276000000.0,258192800565.0,132.0,114.803,7888000000.0,16.304,1.0,7888000000.0,1.0,246000000.0,0.0,506564000000.0,504357000000.0,0.0,247333000000.0,,,280352000000.0,,,15900800565.0,9854000000.0,-54000000.0,-1129000000.0,2969000000.0,-165000000.0,2020000000.0,-415000000.0,0.0,8249000000.0,0.0,1361000000.0,1361000000.0,1361000000.0,0.0,44000000.0,0.173,5820000000.0,2068000000.0,41589000000.0,0.161,1.547,11.683,11.738,2167000000.0,0.0,32.865,2.016,2.016,20558000000.0,6700000000.0,7888000000.0,7888000000.0,0.0,0.005,0.143,0.004,0.248,902000000.0,5177000000.0,1.0,483821712.0,483821712,,16.304,291392000000.0,0.0,598000000.0,0.0,602.271,
20,LEHMQ,MRT,2003-06-30,2003-05-31,2003-05-31,2020-07-13,-2000000.0,302410000000.0,274063000000.0,,,0.025,19.861,-428000000.0,8690000000.0,8690000000.0,0.0,1119000000.0,,30.282,250982000000.0,,,250982000000.0,0.0,292000000.0,0.0,0.012,0.42,1484000000.0,1776000000.0,0.258,1776000000.0,1484000000.0,1484000000.0,2.21,2.11,2.21,9635000000.0,9160750000.0,9635000000.0,237306602670.0,160.0,133.619,2106000000.0,4.341,1.0,6888000000.0,1.0,235000000.0,0.0,544467000000.0,500292500000.0,0.0,267617000000.0,,,291765000000.0,,,17374602670.0,2828000000.0,-26000000.0,-1203000000.0,2105000000.0,-154000000.0,748000000.0,-454000000.0,0.0,2534000000.0,0.0,1075000000.0,1075000000.0,1075000000.0,0.0,44000000.0,0.156,5300000000.0,1588000000.0,33848000000.0,0.19,1.803,16.162,16.206,2190000000.0,0.0,35.815,2.522,2.522,18548000000.0,6262000000.0,6888000000.0,6888000000.0,0.0,0.004,0.117,0.003,0.215,950000000.0,4679000000.0,1.0,485120834.0,485120834,,14.199,302175000000.0,0.0,409000000.0,0.0,622.886,
21,LEHMQ,MRT,2003-03-31,2003-02-28,2003-02-28,2020-07-13,-18000000.0,268293000000.0,265407250000.0,,,0.024,18.879,-456000000.0,6064000000.0,6064000000.0,0.0,978000000.0,,28.222,225996000000.0,,,225996000000.0,0.0,284000000.0,0.0,0.014,0.39,1296000000.0,1580000000.0,0.252,1580000000.0,1296000000.0,1296000000.0,1.91,1.815,1.91,9157000000.0,8978500000.0,9157000000.0,231713281626.0,179.0,146.654,-1046000000.0,-2.157,1.0,6260000000.0,1.0,236000000.0,0.0,487989000000.0,487859250000.0,0.0,241031000000.0,,,258426000000.0,,,13428281626.0,568000000.0,-39000000.0,-1221000000.0,3021000000.0,-147000000.0,1653000000.0,-495000000.0,0.0,-590000000.0,0.0,934000000.0,934000000.0,934000000.0,0.0,44000000.0,0.149,4864000000.0,1396000000.0,26707000000.0,0.204,1.466,14.377,14.495,2128000000.0,0.0,27.685,2.145,2.145,13923000000.0,5909000000.0,6260000000.0,6260000000.0,0.0,0.004,0.104,0.003,0.207,941000000.0,4348000000.0,1.0,485038166.0,485038166,,12.906,268057000000.0,0.0,362000000.0,0.0,552.651,
22,LEHMQ,MRT,2002-12-31,2002-11-30,2002-11-30,2020-07-13,-13000000.0,260336000000.0,263349250000.0,,,0.023,18.83,-504000000.0,6502000000.0,6502000000.0,0.0,975000000.0,,28.034,224787000000.0,,,224787000000.0,0.0,258000000.0,0.0,0.012,0.36,1274000000.0,1532000000.0,0.249,1532000000.0,1274000000.0,1274000000.0,1.845,1.735,1.845,8942000000.0,8851250000.0,8942000000.0,239868019971.0,188.0,156.572,5513000000.0,11.609,1.0,6155000000.0,1.0,213000000.0,0.0,478408000000.0,483516750000.0,0.0,234116000000.0,,,250684000000.0,,,14579019971.0,1138000000.0,-31000000.0,-1242000000.0,-2937000000.0,-165000000.0,-4344000000.0,-535000000.0,0.0,6017000000.0,0.0,906000000.0,906000000.0,906000000.0,0.0,69000000.0,0.147,4756000000.0,1399000000.0,19264000000.0,0.195,1.63,16.092,16.64,2075000000.0,0.0,30.7,2.369,2.369,12054000000.0,5608000000.0,6155000000.0,6155000000.0,0.0,0.003,0.102,0.003,0.207,917000000.0,4253000000.0,1.0,474886644.0,474886644,,12.961,260123000000.0,0.0,368000000.0,0.0,547.758,
23,LEHMQ,MRT,2002-09-30,2002-08-31,2002-08-31,2020-07-13,-17000000.0,265213000000.0,260219250000.0,,,0.022,18.292,-1498000000.0,4411000000.0,4411000000.0,0.0,918000000.0,,28.689,229700000000.0,,,229700000000.0,0.0,218000000.0,0.0,0.012,0.34,1136000000.0,1354000000.0,0.233,1354000000.0,1136000000.0,1136000000.0,1.73,1.62,1.73,8909000000.0,8730500000.0,8909000000.0,241026162083.0,212.0,178.01,-8515000000.0,-17.483,1.0,5819000000.0,1.0,196000000.0,0.0,490306000000.0,478377500000.0,0.0,245576000000.0,,,255594000000.0,,,13883162083.0,-1441000000.0,-31000000.0,-885000000.0,8142000000.0,-152000000.0,7105000000.0,-1529000000.0,0.0,-7017000000.0,0.0,850000000.0,850000000.0,850000000.0,0.0,68000000.0,0.146,4559000000.0,1260000000.0,15876000000.0,0.197,1.558,16.333,16.477,1973000000.0,0.0,28.505,2.386,2.386,8698000000.0,5458000000.0,5819000000.0,5819000000.0,0.0,0.003,0.097,0.002,0.195,929000000.0,4034000000.0,1.0,487043048.0,487043048,,11.948,265017000000.0,0.0,286000000.0,0.0,544.135,
24,LEHMQ,MRT,2002-06-30,2002-05-31,2002-05-31,2020-07-13,-19000000.0,267787000000.0,254750250000.0,,,0.024,18.247,-1462000000.0,4106000000.0,4106000000.0,0.0,1033000000.0,,28.988,231249000000.0,,,231249000000.0,0.0,213000000.0,0.0,0.008,0.25,1302000000.0,1515000000.0,0.248,1515000000.0,1302000000.0,1302000000.0,1.98,1.84,1.98,8906000000.0,8531000000.0,8906000000.0,225626573346.0,173.0,148.928,-1786000000.0,-3.659,1.0,6100000000.0,1.0,196000000.0,0.0,494734000000.0,465370500000.0,0.0,248508000000.0,,,258171000000.0,,,14886573346.0,-257000000.0,-31000000.0,-1083000000.0,2851000000.0,-208000000.0,1560000000.0,-1493000000.0,0.0,-324000000.0,0.0,965000000.0,965000000.0,965000000.0,0.0,68000000.0,0.158,4674000000.0,1426000000.0,16280000000.0,0.126,1.672,15.427,15.404,1722000000.0,0.0,30.5,2.44,2.44,9065000000.0,5299000000.0,6100000000.0,6100000000.0,0.0,0.004,0.113,0.003,0.213,1137000000.0,4156000000.0,1.0,488084372.0,488084372,,12.498,267591000000.0,0.0,337000000.0,0.0,548.247,
25,LEHMQ,MRT,2002-03-31,2002-02-28,2002-02-28,2020-07-13,-11000000.0,260061000000.0,246787500000.0,,,0.026,18.245,-1392000000.0,5845000000.0,5845000000.0,0.0,1167000000.0,,28.99,216585000000.0,,,216585000000.0,0.0,188000000.0,0.0,0.006,0.16,1441000000.0,1629000000.0,0.252,1629000000.0,1441000000.0,1441000000.0,2.16,1.99,2.16,8648000000.0,8299250000.0,8648000000.0,209332481807.0,145.0,128.504,1325000000.0,2.795,1.0,6459000000.0,1.0,182000000.0,0.0,470619000000.0,448043250000.0,0.0,223584000000.0,,,250703000000.0,,,13390481807.0,-12000000.0,-16000000.0,-1153000000.0,23000000.0,-191000000.0,-1321000000.0,-1408000000.0,0.0,2717000000.0,0.0,1049000000.0,1049000000.0,1049000000.0,0.0,118000000.0,0.162,4844000000.0,1615000000.0,13441000000.0,0.074,1.548,12.765,13.079,1636000000.0,0.0,28.25,2.073,2.073,13666000000.0,5039000000.0,6459000000.0,6459000000.0,0.0,0.004,0.126,0.003,0.223,1073000000.0,4325000000.0,1.0,473999356.0,473999356,,13.627,259879000000.0,0.0,392000000.0,0.0,548.269,
26,LEHMQ,MRT,2001-12-31,2001-11-30,2001-11-30,2020-07-13,-10000000.0,247816000000.0,240844000000.0,,,0.028,17.748,-1341000000.0,5850000000.0,5850000000.0,0.0,1255000000.0,,28.212,216052000000.0,,,216052000000.0,0.0,174000000.0,0.0,0.002,0.07,1598000000.0,1772000000.0,0.263,1772000000.0,1598000000.0,1598000000.0,2.385,2.19,2.385,8459000000.0,8074000000.0,8459000000.0,210875934954.0,132.0,119.004,-1040000000.0,-2.182,1.0,6736000000.0,1.0,167000000.0,0.0,457851000000.0,436012250000.0,0.0,220634000000.0,,,238647000000.0,,,15763934954.0,-2599000000.0,0.0,-1553000000.0,257000000.0,-163000000.0,-1559000000.0,-1341000000.0,0.0,301000000.0,0.0,1161000000.0,1161000000.0,1161000000.0,0.0,94000000.0,0.172,4988000000.0,1748000000.0,16636000000.0,0.029,1.864,13.578,13.868,1495000000.0,0.0,33.075,2.34,2.34,15578000000.0,4798000000.0,6736000000.0,6736000000.0,0.0,0.005,0.144,0.004,0.237,1093000000.0,4471000000.0,1.0,476611790.0,476611790,,14.133,247649000000.0,0.0,437000000.0,0.0,519.603,
27,LEHMQ,MRT,2001-09-30,2001-08-31,2001-08-31,2020-07-13,-9000000.0,243337000000.0,235070000000.0,,,0.031,16.832,-407000000.0,6019000000.0,6019000000.0,0.0,1525000000.0,,28.913,201131000000.0,,,201131000000.0,0.0,173000000.0,0.0,0.0,0.0,2034000000.0,2207000000.0,0.305,2207000000.0,2034000000.0,2034000000.0,2.95,2.69,2.95,8111000000.0,7904500000.0,8111000000.0,205480469474.0,101.0,93.104,8001000000.0,16.604,1.0,7231000000.0,1.0,171000000.0,0.0,438278000000.0,422090250000.0,0.0,210882000000.0,,,234516000000.0,,,15817469474.0,-1479000000.0,-41000000.0,-2092000000.0,-7083000000.0,-164000000.0,-9439000000.0,-448000000.0,0.0,8408000000.0,0.0,1428000000.0,1428000000.0,1428000000.0,0.0,97000000.0,0.197,5044000000.0,2187000000.0,12385000000.0,0.0,1.95,11.077,11.127,893000000.0,0.0,32.825,2.187,2.187,9098000000.0,4698000000.0,7231000000.0,7231000000.0,0.0,0.006,0.181,0.005,0.281,1375000000.0,4657000000.0,1.0,481872642.0,481872642,,15.006,243166000000.0,0.0,606000000.0,0.0,504.627,
28,LEHMQ,MRT,2001-06-30,2001-05-31,2001-05-31,2020-07-13,-11000000.0,235936000000.0,230652750000.0,,,0.033,16.185,-425000000.0,5270000000.0,5270000000.0,0.0,1673000000.0,,28.481,194933000000.0,,,194933000000.0,0.0,134000000.0,0.0,0.0,0.0,2271000000.0,2405000000.0,0.314,2405000000.0,2271000000.0,2271000000.0,3.245,2.96,3.245,7979000000.0,7761750000.0,7979000000.0,204036268632.0,90.0,84.838,-6205000000.0,-12.587,1.0,7655000000.0,1.0,174000000.0,0.0,425425000000.0,413386000000.0,0.0,205331000000.0,,,227247000000.0,,,17651268632.0,-1541000000.0,-41000000.0,-1589000000.0,6492000000.0,-98000000.0,4705000000.0,-466000000.0,0.0,-5780000000.0,0.0,1575000000.0,1575000000.0,1575000000.0,0.0,98000000.0,0.206,5230000000.0,2425000000.0,12826000000.0,0.0,2.212,11.207,11.034,843000000.0,0.0,35.805,2.306,2.306,10268000000.0,4419000000.0,7655000000.0,7655000000.0,0.0,0.007,0.203,0.005,0.297,1050000000.0,4849000000.0,1.0,492983344.0,492983344,,15.528,235762000000.0,0.0,696000000.0,0.0,478.235,
29,LEHMQ,MRT,2001-03-31,2001-02-28,2001-02-28,2020-07-13,-10000000.0,236287000000.0,230027000000.0,,,0.032,15.483,-400000000.0,5823000000.0,5823000000.0,0.0,1621000000.0,,29.409,192208000000.0,,,192208000000.0,0.0,116000000.0,0.0,0.0,0.0,2253000000.0,2369000000.0,0.321,2369000000.0,2253000000.0,2253000000.0,3.225,2.965,3.225,7747000000.0,7541000000.0,7747000000.0,194797186770.0,86.0,82.228,-19338000000.0,-38.65,1.0,7388000000.0,1.0,177000000.0,0.0,422495000000.0,411886000000.0,0.0,201584000000.0,,,227830000000.0,,,17174186770.0,-254000000.0,-41000000.0,-1645000000.0,20726000000.0,-106000000.0,19125000000.0,-441000000.0,0.0,-18938000000.0,0.0,1572000000.0,1572000000.0,1572000000.0,0.0,49000000.0,0.213,5030000000.0,2358000000.0,16363000000.0,0.0,2.217,10.925,10.643,755000000.0,0.0,34.325,2.325,2.325,12605000000.0,4069000000.0,7388000000.0,7388000000.0,0.0,0.007,0.208,0.005,0.305,1008000000.0,4657000000.0,1.0,500340474.0,500340474,,14.766,236110000000.0,0.0,681000000.0,0.0,471.899,
30,LEHMQ,MRT,2000-12-31,2000-11-30,2000-11-30,2020-07-13,-8000000.0,224720000000.0,224427500000.0,,,0.034,16.312,-289000000.0,7594000000.0,7594000000.0,0.0,1775000000.0,,27.77,185217000000.0,,,185217000000.0,0.0,102000000.0,0.0,0.0,0.0,2427000000.0,2529000000.0,0.328,2529000000.0,2427000000.0,2427000000.0,3.445,3.19,3.445,7781000000.0,7250750000.0,7781000000.0,189746817526.0,78.0,75.028,-13820000000.0,-28.972,1.0,7707000000.0,1.0,180000000.0,0.0,402163000000.0,402181750000.0,0.0,194484000000.0,,,216079000000.0,,,11820817526.0,-26000000.0,-41000000.0,-1104000000.0,14926000000.0,-149000000.0,13835000000.0,-330000000.0,0.0,-13531000000.0,0.0,1679000000.0,1679000000.0,1679000000.0,0.0,96000000.0,0.218,5128000000.0,2579000000.0,13559000000.0,0.0,1.519,7.04,7.193,671000000.0,0.0,24.781,1.534,1.534,9247000000.0,3713000000.0,7707000000.0,7707000000.0,0.0,0.007,0.232,0.006,0.315,893000000.0,4773000000.0,1.0,477006508.0,477006508,,16.157,224540000000.0,0.0,748000000.0,0.0,470.727,
31,LEHMQ,MRT,2000-09-30,2000-08-31,2000-08-31,2020-07-13,-8000000.0,225668000000.0,216308500000.0,,,0.034,15.527,-167000000.0,8026000000.0,8026000000.0,0.0,1678000000.0,,28.835,185952000000.0,,,185952000000.0,0.0,89000000.0,0.0,0.0,0.0,2315000000.0,2404000000.0,0.324,2404000000.0,2315000000.0,2315000000.0,3.24,3.03,3.24,7540000000.0,6876250000.0,7540000000.0,203728675925.0,88.0,84.746,-4431000000.0,-9.125,1.0,7420000000.0,1.0,133000000.0,0.0,403461000000.0,387585250000.0,0.0,192117000000.0,,,217418000000.0,,,17602675925.0,179000000.0,0.0,-552000000.0,6395000000.0,-144000000.0,4610000000.0,-167000000.0,0.0,-4264000000.0,0.0,1585000000.0,1585000000.0,1585000000.0,0.0,93000000.0,0.214,4956000000.0,2464000000.0,14410000000.0,0.0,2.335,11.106,11.188,561000000.0,0.0,36.25,2.372,2.372,11057000000.0,3346000000.0,7420000000.0,7420000000.0,0.0,0.007,0.231,0.006,0.312,505000000.0,4620000000.0,1.0,485591060.0,485591060,,15.28,225535000000.0,0.0,730000000.0,0.0,464.455,
32,LEHMQ,MRT,2000-06-30,2000-05-31,2000-05-31,2020-07-13,-10000000.0,233433000000.0,210428750000.0,,,0.032,14.68,-91000000.0,6731000000.0,6731000000.0,0.0,1511000000.0,,31.796,192857000000.0,,,192857000000.0,0.0,88000000.0,0.0,0.0,0.0,2059000000.0,2147000000.0,0.319,2147000000.0,2059000000.0,2059000000.0,2.9,2.74,2.9,7096000000.0,6478750000.0,7096000000.0,179245026710.0,87.0,83.486,5123000000.0,10.598,1.0,6724000000.0,1.0,134000000.0,0.0,419425000000.0,379370250000.0,0.0,198609000000.0,,,225627000000.0,,,9320026710.0,-37000000.0,0.0,-588000000.0,-3293000000.0,-140000000.0,-5160000000.0,-91000000.0,0.0,5214000000.0,0.0,1419000000.0,1419000000.0,1419000000.0,0.0,92000000.0,0.211,4516000000.0,2208000000.0,17056000000.0,0.0,1.313,6.568,6.649,491000000.0,0.0,19.281,1.386,1.386,12831000000.0,2916000000.0,6724000000.0,6724000000.0,0.0,0.007,0.219,0.005,0.306,506000000.0,4193000000.0,1.0,483372536.0,483372536,,13.911,233299000000.0,0.0,640000000.0,0.0,482.648,
33,LEHMQ,MRT,2000-03-31,2000-02-29,2000-02-29,2020-07-13,-13000000.0,213889000000.0,199956250000.0,,,0.032,13.63,-70000000.0,5966000000.0,5966000000.0,0.0,1462000000.0,,31.369,175891000000.0,,,175891000000.0,0.0,88000000.0,0.0,0.0,0.0,1921000000.0,2009000000.0,0.313,2009000000.0,1921000000.0,1921000000.0,2.71,2.567,2.71,6586000000.0,6140500000.0,6586000000.0,160428875735.0,84.0,79.855,14897000000.0,30.83,1.0,6424000000.0,1.0,136000000.0,0.0,383678000000.0,362453750000.0,0.0,179408000000.0,,,206593000000.0,,,8757875735.0,-881000000.0,0.0,-424000000.0,-14098000000.0,-141000000.0,-15778000000.0,-70000000.0,0.0,14967000000.0,0.0,1321000000.0,1321000000.0,1321000000.0,0.0,141000000.0,0.206,4308000000.0,2116000000.0,14435000000.0,0.0,1.33,6.63,6.688,479000000.0,0.0,18.125,1.363,1.363,11345000000.0,2563000000.0,6424000000.0,6424000000.0,0.0,0.007,0.215,0.005,0.299,483000000.0,3986000000.0,1.0,483193144.0,483193144,,13.295,213753000000.0,0.0,600000000.0,0.0,442.376,
34,LEHMQ,MRT,1999-12-31,1999-11-30,1999-11-30,2020-07-13,-2000000.0,192244000000.0,191310250000.0,,,0.028,13.088,-73000000.0,7175000000.0,7175000000.0,0.0,1132000000.0,,29.484,158846000000.0,,,158846000000.0,0.0,88000000.0,0.0,0.0,0.0,1494000000.0,1582000000.0,0.296,1582000000.0,1494000000.0,1494000000.0,2.135,2.04,2.135,6283000000.0,5903750000.0,6283000000.0,177758070472.0,119.0,112.363,6268000000.0,13.057,1.0,5340000000.0,1.0,138000000.0,0.0,343777000000.0,347998750000.0,0.0,160372000000.0,,,185251000000.0,,,9166070472.0,2131000000.0,0.0,-345000000.0,-2942000000.0,-139000000.0,-4137000000.0,-73000000.0,0.0,6341000000.0,0.0,1037000000.0,1037000000.0,1037000000.0,0.0,95000000.0,0.194,3709000000.0,1631000000.0,12155000000.0,0.0,1.459,8.839,8.943,485000000.0,0.0,19.094,1.716,1.716,11006000000.0,2094000000.0,5340000000.0,5340000000.0,0.0,0.005,0.176,0.004,0.28,453000000.0,3387000000.0,1.0,480056064.0,480056064,,11.124,192106000000.0,0.0,457000000.0,0.0,400.174,
35,LEHMQ,MRT,1999-09-30,1999-08-31,1999-08-31,2020-07-13,5000000.0,202149000000.0,181721750000.0,,,0.025,12.41,-97000000.0,5997000000.0,5997000000.0,0.0,904000000.0,,32.855,174589000000.0,,,174589000000.0,0.0,95000000.0,0.0,0.0,0.0,1161000000.0,1256000000.0,0.273,1256000000.0,1161000000.0,1161000000.0,1.655,1.598,1.655,5950000000.0,5686250000.0,5950000000.0,166791622705.0,144.0,132.796,7068000000.0,14.742,1.0,4594000000.0,1.0,140000000.0,0.0,370601000000.0,330834750000.0,0.0,172656000000.0,,,195489000000.0,,,6442622705.0,56000000.0,0.0,-345000000.0,-7017000000.0,-140000000.0,-7012000000.0,-97000000.0,0.0,7165000000.0,0.0,807000000.0,807000000.0,807000000.0,0.0,97000000.0,0.176,3308000000.0,1286000000.0,9085000000.0,0.0,1.083,7.983,8.119,489000000.0,0.0,13.438,1.402,1.402,11643000000.0,1817000000.0,4594000000.0,4594000000.0,0.0,0.004,0.142,0.004,0.253,271000000.0,2989000000.0,1.0,479450992.0,479450992,,9.582,202009000000.0,0.0,354000000.0,0.0,421.334,
36,LEHMQ,MRT,1999-06-30,1999-05-31,1999-05-31,2020-07-13,13000000.0,191543000000.0,178953000000.0,,,0.023,12.086,-118000000.0,4920000000.0,4920000000.0,0.0,765000000.0,,32.229,165269000000.0,,,165269000000.0,0.0,95000000.0,0.0,0.0,0.0,965000000.0,1060000000.0,0.254,1060000000.0,965000000.0,965000000.0,1.368,1.323,1.368,5743000000.0,5536000000.0,5743000000.0,153201902494.0,159.0,144.53,-5281000000.0,-11.114,1.0,4168000000.0,1.0,133000000.0,0.0,351759000000.0,323579000000.0,0.0,162955000000.0,,,185090000000.0,,,6488902494.0,-1220000000.0,0.0,-379000000.0,3846000000.0,-140000000.0,4061000000.0,-118000000.0,0.0,-5163000000.0,0.0,667000000.0,667000000.0,667000000.0,0.0,98000000.0,0.16,3092000000.0,1076000000.0,8193000000.0,0.0,1.13,9.728,9.983,493000000.0,0.0,13.656,1.557,1.557,11444000000.0,1550000000.0,4168000000.0,4168000000.0,0.0,0.004,0.12,0.003,0.232,241000000.0,2768000000.0,1.0,475159908.0,475159908,,8.772,191410000000.0,0.0,298000000.0,0.0,402.833,
37,LEHMQ,MRT,1999-03-31,1999-02-28,1999-02-28,2020-07-13,10000000.0,179305000000.0,175834000000.0,,,0.024,11.565,-124000000.0,4942000000.0,4942000000.0,0.0,760000000.0,,30.74,151655000000.0,,,151655000000.0,0.0,93000000.0,0.0,0.0,0.0,991000000.0,1084000000.0,0.259,1084000000.0,991000000.0,991000000.0,1.373,1.333,1.373,5639000000.0,5371250000.0,5639000000.0,127722791533.0,129.0,117.825,-5828000000.0,-11.952,1.0,4186000000.0,1.0,160000000.0,0.0,325858000000.0,314946500000.0,0.0,152744000000.0,,,173341000000.0,,,6328791533.0,533000000.0,0.0,-400000000.0,6179000000.0,-128000000.0,6361000000.0,-124000000.0,0.0,-5704000000.0,0.0,667000000.0,667000000.0,667000000.0,0.0,93000000.0,0.159,3100000000.0,1086000000.0,10265000000.0,0.0,1.122,9.488,9.65,501000000.0,0.0,13.25,1.512,1.543,9213000000.0,1299000000.0,4186000000.0,4186000000.0,0.0,0.004,0.124,0.003,0.237,230000000.0,2771000000.0,1.0,477644644.0,487600000,503200000.0,8.585,179145000000.0,0.0,324000000.0,0.0,367.402,
38,LEHMQ,MRT,1998-12-31,1998-11-30,1998-11-30,2020-07-13,15000000.0,153890000000.0,174918500000.0,,,0.024,11.193,-119000000.0,4238000000.0,4238000000.0,0.0,736000000.0,,27.43,125632000000.0,,,125632000000.0,0.0,91000000.0,0.0,0.0,0.0,965000000.0,1056000000.0,0.257,1056000000.0,965000000.0,965000000.0,1.34,1.3,1.34,5413000000.0,5132250000.0,5413000000.0,156468001500.0,162.0,148.17,-10121000000.0,-20.928,1.0,4113000000.0,1.0,163000000.0,0.0,275121000000.0,312933750000.0,0.0,125839000000.0,,,148477000000.0,,,5799001500.0,1370000000.0,0.0,-408000000.0,11627000000.0,-122000000.0,11491000000.0,-119000000.0,0.0,-10002000000.0,0.0,649000000.0,649000000.0,649000000.0,0.0,87000000.0,0.158,3061000000.0,1052000000.0,10525000000.0,0.0,1.071,8.935,9.328,505000000.0,0.0,12.5,1.41,1.47,10056000000.0,1105000000.0,4113000000.0,4113000000.0,0.0,0.004,0.126,0.003,0.235,221000000.0,2733000000.0,1.0,463920120.0,483600000,500000000.0,8.505,153727000000.0,0.0,316000000.0,0.0,317.88,
39,LEHMQ,MRT,1998-09-30,1998-08-31,1998-08-31,2020-07-13,5000000.0,191074000000.0,174372250000.0,,,0.026,11.006,-97000000.0,6337000000.0,6337000000.0,0.0,847000000.0,,34.721,157006000000.0,,,157006000000.0,0.0,88000000.0,0.0,0.0,0.0,1123000000.0,1211000000.0,0.271,1211000000.0,1123000000.0,1123000000.0,1.552,1.495,1.552,5349000000.0,4909750000.0,5349000000.0,142979829518.0,127.0,118.068,-13534000000.0,-27.848,1.0,4471000000.0,1.0,165000000.0,0.0,341578000000.0,311790750000.0,0.0,159099000000.0,,,185725000000.0,,,4657829518.0,3432000000.0,0.0,-332000000.0,16966000000.0,-112000000.0,16966000000.0,-97000000.0,0.0,-13437000000.0,0.0,747000000.0,747000000.0,747000000.0,0.0,100000000.0,0.167,3248000000.0,1223000000.0,16041000000.0,0.0,0.871,6.235,6.343,483000000.0,0.0,9.844,1.042,1.07,11757000000.0,1053000000.0,4471000000.0,4471000000.0,0.0,0.004,0.152,0.004,0.251,263000000.0,3203000000.0,1.0,473176332.0,486000000,504800000.0,9.2,190909000000.0,0.0,376000000.0,0.0,392.817,
40,LEHMQ,MRT,1998-06-30,1998-05-31,1998-05-31,2020-07-13,-11000000.0,179067000000.0,,,,,10.539,-77000000.0,6520000000.0,6520000000.0,0.0,893000000.0,,34.222,144842000000.0,,,144842000000.0,0.0,87000000.0,0.0,0.0,0.0,1172000000.0,1259000000.0,0.273,1259000000.0,1172000000.0,1172000000.0,1.6,1.545,1.6,5084000000.0,,5084000000.0,150734547153.0,129.0,119.726,-4039000000.0,-8.373,1.0,4612000000.0,1.0,160000000.0,0.0,317229000000.0,,0.0,150215000000.0,,,173983000000.0,,,8408547153.0,3105000000.0,0.0,-238000000.0,7243000000.0,-111000000.0,7144000000.0,-77000000.0,0.0,-3962000000.0,0.0,768000000.0,768000000.0,768000000.0,0.0,125000000.0,0.167,3315000000.0,1297000000.0,15630000000.0,0.0,1.654,10.949,11.084,465000000.0,0.0,17.734,1.823,1.855,10014000000.0,928000000.0,4612000000.0,4612000000.0,0.0,,,,0.254,240000000.0,3167000000.0,1.0,474138208.0,482400000,505600000.0,9.561,178907000000.0,0.0,404000000.0,0.0,370.869,
41,LEHMQ,MRT,1998-03-31,1998-02-28,1998-02-28,2020-07-13,0.0,175643000000.0,,,,,9.708,-71000000.0,4281000000.0,4281000000.0,0.0,690000000.0,,36.507,146607000000.0,,,146607000000.0,0.0,86000000.0,0.0,0.0,0.0,917000000.0,1003000000.0,0.251,1003000000.0,917000000.0,917000000.0,1.287,1.25,1.287,4683000000.0,,4683000000.0,126540890120.0,138.0,126.162,-5040000000.0,-10.448,1.0,3993000000.0,1.0,162000000.0,0.0,317807000000.0,,0.0,148893000000.0,,,170960000000.0,,,7532890120.0,645000000.0,0.0,-108000000.0,5904000000.0,-111000000.0,5685000000.0,-71000000.0,0.0,-4969000000.0,0.0,614000000.0,614000000.0,614000000.0,0.0,76000000.0,0.154,3000000000.0,993000000.0,13806000000.0,0.0,1.609,12.269,12.286,463000000.0,0.0,15.813,1.887,1.91,10772000000.0,668000000.0,3993000000.0,3993000000.0,0.0,,,,0.23,200000000.0,2752000000.0,1.0,476388308.0,482400000,499200000.0,8.277,175481000000.0,0.0,303000000.0,0.0,363.767,
42,LEHMQ,MRT,1997-12-31,1997-11-30,1997-11-30,2020-07-13,12000000.0,151705000000.0,140150500000.0,,,0.028,9.566,-74000000.0,2834000000.0,2834000000.0,0.0,647000000.0,,32.541,121842000000.0,,,121842000000.0,0.0,86000000.0,0.0,0.0,0.0,862000000.0,948000000.0,0.245,948000000.0,862000000.0,862000000.0,1.21,1.18,1.21,4523000000.0,4198500000.0,4523000000.0,,,,-338000000.0,-0.715,1.0,3873000000.0,1.0,164000000.0,0.0,270549000000.0,251111500000.0,0.0,126261000000.0,,,147182000000.0,,,6021848338.0,-464000000.0,0.0,-54000000.0,-14000000.0,-58000000.0,-126000000.0,-74000000.0,0.0,-264000000.0,0.0,572000000.0,572000000.0,572000000.0,0.0,75000000.0,0.148,2936000000.0,937000000.0,13857000000.0,0.0,1.331,10.528,10.447,468000000.0,0.0,12.641,1.555,1.543,11298000000.0,498000000.0,3873000000.0,3873000000.0,0.0,0.004,0.136,0.003,0.223,162000000.0,2592000000.0,1.0,476388308.0,472800000,484400000.0,8.192,151541000000.0,0.0,290000000.0,0.0,320.518,
43,LEHMQ,MRT,1997-09-30,1997-08-31,1997-08-31,2020-07-13,,,,,,,,,,,,,,,,,,,,,,0.0,0.0,,,,,,,,,,,,,,,,,,1.0,,,,,,,,,,,,,,,,,,,,,,,,,,,,,,,,,,,,,,,,10.938,,,,,,,,,,,,,,1.0,,474800000,,,,,,,,
44,LEHMQ,MRT,1997-06-30,1997-05-31,1997-05-31,2020-07-13,,,,,,,,,,,,,,,,,,,,,,0.0,0.0,,,,,,,,,,,,,,,,,,1.0,,,,,,,,,,,,,,,,,,,,,,,,,,,,,,,,,,,,,,,,10.25,,,,,,,,,,,,,,1.0,,472000000,,,,,,,,
45,LEHMQ,MRT,1997-03-31,1997-02-28,1997-02-28,2020-07-13,,,,,,,,,,,,,,,,,,,,,,0.0,0.0,,,,,,,,,,,,,,,,,,1.0,,,,,,,,,,,,,,,,,,,,,,,,,,,,,,,,,,,,,,,,8.406,,,,,,,,,,,,,,1.0,,468000000,,,,,,,,
46,LEHMQ,MRT,1996-12-31,1996-11-30,1996-11-30,2020-07-13,20000000.0,128596000000.0,,,,,8.4,-58000000.0,2837000000.0,2837000000.0,0.0,416000000.0,,32.195,106087000000.0,,,106087000000.0,0.0,91000000.0,0.0,0.0,0.0,599000000.0,690000000.0,0.2,690000000.0,599000000.0,599000000.0,0.818,0.81,0.818,3874000000.0,,3874000000.0,,,,-4433000000.0,-9.612,1.0,3444000000.0,1.0,172000000.0,0.0,231674000000.0,,0.0,107535000000.0,,,124722000000.0,,,,1275000000.0,0.0,-124000000.0,6087000000.0,-55000000.0,5708000000.0,-58000000.0,0.0,-4375000000.0,0.0,378000000.0,378000000.0,378000000.0,0.0,38000000.0,0.11,2807000000.0,637000000.0,8586000000.0,0.0,,,8.901,477000000.0,0.0,7.281,,0.975,8691000000.0,-43000000.0,3444000000.0,3444000000.0,0.0,,,,0.174,136000000.0,1999000000.0,1.0,,461200000,466800000.0,7.467,128424000000.0,0.0,221000000.0,0.0,278.456,
47,LEHMQ,MRT,1995-12-31,1995-11-30,1995-11-30,2020-07-13,,,,,,,,-52000000.0,,,0.0,242000000.0,,,,,,,,105000000.0,,0.0,0.0,327000000.0,432000000.0,0.141,432000000.0,327000000.0,327000000.0,0.44,0.44,0.44,,,,,,,1802000000.0,3.973,1.0,3071000000.0,1.0,,0.0,,,,,,,,,,,-90000000.0,0.0,0.0,-1828000000.0,-64000000.0,-1892000000.0,-52000000.0,0.0,1854000000.0,0.0,200000000.0,200000000.0,200000000.0,0.0,42000000.0,0.065,2702000000.0,369000000.0,,0.0,,,12.855,,0.0,5.656,,0.835,,,3071000000.0,3071000000.0,0.0,,,,0.106,0.0,1828000000.0,1.0,,453600000,453600000.0,6.77,,,127000000.0,,,
