None,ticker,dimension,calendardate,datekey,reportperiod,lastupdated,accoci,assets,assetsavg,assetsc,assetsnc,assetturnover,bvps,capex,cashneq,cashnequsd,cor,consolinc,currentratio,de,debt,debtc,debtnc,debtusd,deferredrev,depamor,deposits,divyield,dps,ebit,ebitda,ebitdamargin,ebitdausd,ebitusd,ebt,eps,epsdil,epsusd,equity,equityavg,equityusd,ev,evebit,evebitda,fcf,fcfps,fxusd,gp,grossmargin,intangibles,intexp,invcap,invcapavg,inventory,investments,investmentsc,investmentsnc,liabilities,liabilitiesc,liabilitiesnc,marketcap,ncf,ncfbus,ncfcommon,ncfdebt,ncfdiv,ncff,ncfi,ncfinv,ncfo,ncfx,netinc,netinccmn,netinccmnusd,netincdis,netincnci,netmargin,opex,opinc,payables,payoutratio,pb,pe,pe1,ppnenet,prefdivis,price,ps,ps1,receivables,retearn,revenue,revenueusd,rnd,roa,roe,roic,ros,sbcomp,sgna,sharefactor,sharesbas,shareswa,shareswadil,sps,tangibles,taxassets,taxexp,taxliabilities,tbvps,workingcapital
0,LEHMQ,ARY,2007-12-31,2008-01-29,2007-11-30,2020-07-13,-310000000,691063000000,629605750000.0,,,0.031,42.387,-966000000.0,20029000000,20029000000,0.0,4192000000.0,,29.728,558864000000,,,558864000000,0,577000000.0,29363000000,0.01,0.62,5946000000.0,6523000000.0,0.339,6523000000.0,5946000000.0,5946000000.0,7.63,7.26,7.63,22490000000,21339250000.0,22490000000,572012680584,96.0,87.692,-46561000000.0,-87.754,1.0,19257000000.0,1.0,4127000000,0.0,1225771000000,1120622750000.0,0,614363000000,,,668573000000,,,33177680584,1299000000.0,-732000000.0,-2162000000.0,43428000000.0,-418000000.0,48592000000.0,-1698000000.0,0.0,-45595000000.0,0.0,4125000000.0,4125000000.0,4125000000.0,0.0,67000000.0,0.214,13244000000.0,6013000000.0,64307000000,0.081,1.475,8.043,8.195,3861000000,0.0,62.53,1.723,1.723,40627000000,19698000000,19257000000.0,19257000000.0,0.0,0.007,0.193,0.005,0.309,1791000000.0,12124000000.0,1.0,530588207,530588207,,36.294,686936000000,0,1821000000.0,0,1294.669,
1,LEHMQ,ARY,2006-12-31,2007-02-13,2006-11-30,2020-07-13,-15000000,503545000000,468320000000.0,,,0.038,36.479,-586000000.0,12078000000,12078000000,0.0,4007000000.0,,25.239,398234000000,,,398234000000,0,514000000.0,21412000000,0.006,0.51,5886000000.0,6400000000.0,0.364,6400000000.0,5886000000.0,5886000000.0,7.26,6.81,7.26,19191000000,18265500000.0,19191000000,429731877489,73.0,67.146,-36962000000.0,-70.258,1.0,17583000000.0,1.0,3362000000,0.0,886339000000,826378250000.0,0,451752000000,,,484354000000,,,43575877489,1087000000.0,-206000000.0,-2041000000.0,33298000000.0,-342000000.0,38255000000.0,-792000000.0,0.0,-36376000000.0,0.0,3941000000.0,3941000000.0,3941000000.0,0.0,66000000.0,0.224,11678000000.0,5905000000.0,43912000000,0.07,2.271,11.057,11.409,3269000000,0.0,82.83,2.478,2.478,25919000000,15857000000,17583000000.0,17583000000.0,0.0,0.008,0.216,0.007,0.335,1706000000.0,10847000000.0,1.0,526088102,526088102,,33.422,500183000000,0,1945000000.0,0,950.759,
2,LEHMQ,ARY,2005-12-31,2006-02-13,2005-11-30,2020-07-13,-16000000,410063000000,382161250000.0,,,0.038,31.053,-409000000.0,10644000000,10644000000,0.0,3260000000.0,,23.417,328252000000,,,328252000000,0,426000000.0,0,0.006,0.42,4760000000.0,5186000000.0,0.354,5186000000.0,4760000000.0,4760000000.0,5.735,5.435,5.735,16794000000,16190000000.0,16794000000,354872995109,75.0,68.429,-7897000000.0,-14.602,1.0,14630000000.0,1.0,3256000000,0.0,724415000000,673461500000.0,0,367077000000,,,393269000000,,,37264995109,-540000000.0,-38000000.0,-1749000000.0,9556000000.0,-302000000.0,7395000000.0,-447000000.0,0.0,-7488000000.0,0.0,3191000000.0,3191000000.0,3191000000.0,0.0,69000000.0,0.218,9801000000.0,4829000000.0,49080000000,0.073,2.219,11.678,12.015,2885000000,0.0,68.905,2.547,2.547,20341000000,12198000000,14630000000.0,14630000000.0,0.0,0.008,0.197,0.007,0.325,2060000000.0,9053000000.0,1.0,540816996,540816996,,27.052,406807000000,0,1569000000.0,0,752.208,
3,LEHMQ,ARY,2004-12-31,2005-02-14,2004-11-30,2020-07-13,-19000000,357168000000,343155250000.0,,,0.034,27.009,-401000000.0,9525000000,9525000000,0.0,2369000000.0,,22.939,287359000000,,,287359000000,0,428000000.0,0,0.007,0.34,3422000000.0,3850000000.0,0.333,3850000000.0,3422000000.0,3422000000.0,4.18,3.95,4.18,14920000000,14280750000.0,14920000000,303758379415,89.0,78.898,-11311000000.0,-20.476,1.0,11576000000.0,1.0,3284000000,0.0,631718000000,609875250000.0,0,319046000000,,,342248000000,,,25924379415,-2482000000.0,-130000000.0,-1608000000.0,10191000000.0,-258000000.0,8959000000.0,-531000000.0,0.0,-10910000000.0,0.0,2297000000.0,2297000000.0,2297000000.0,0.0,72000000.0,0.198,8058000000.0,3518000000.0,39529000000,0.081,1.738,11.286,11.227,2988000000,0.0,46.93,2.239,2.239,16641000000,9240000000,11576000000.0,11576000000.0,0.0,0.007,0.161,0.006,0.296,1268000000.0,7378000000.0,1.0,552405272,552405272,,20.956,353884000000,0,1125000000.0,0,640.624,
4,LEHMQ,ARY,2003-12-31,2004-02-26,2003-11-30,2020-07-13,-16000000,312061000000,293600500000.0,,,0.029,23.758,-451000000.0,11022000000,11022000000,0.0,1699000000.0,,22.588,257578000000,,,257578000000,0,315000000.0,0,0.011,0.36,2414000000.0,2729000000.0,0.316,2729000000.0,2414000000.0,2414000000.0,3.355,3.175,3.355,13174000000,10560500000.0,13174000000,270535925669,112.0,99.134,2096000000.0,3.78,1.0,8647000000.0,1.0,3561000000,0.0,555056000000,523519000000.0,0,275852000000,,,297577000000,,,23979925669,4223000000.0,-657000000.0,-1191000000.0,3208000000.0,-178000000.0,2784000000.0,-1108000000.0,0.0,2547000000.0,0.0,1649000000.0,1649000000.0,1649000000.0,0.0,50000000.0,0.191,6111000000.0,2536000000.0,30733000000,0.143,1.82,14.542,12.89,2806000000,0.0,43.245,2.773,2.773,13684000000,7129000000,8647000000.0,8647000000.0,0.0,0.006,0.156,0.005,0.279,1168000000.0,5542000000.0,1.0,554513254,554513254,,15.594,308500000000,0,765000000.0,0,556.344,
5,LEHMQ,ARY,2002-12-31,2003-02-28,2002-11-30,2020-07-13,-13000000,260336000000,263349250000.0,,,0.023,18.436,-504000000.0,6502000000,6502000000,0.0,975000000.0,,28.034,224787000000,,,224787000000,0,258000000.0,0,0.014,0.39,1274000000.0,1532000000.0,0.249,1532000000.0,1274000000.0,1274000000.0,1.845,1.735,1.845,8942000000,8851250000.0,8942000000,231713281626,182.0,151.249,23955000000.0,49.388,1.0,6155000000.0,1.0,213000000,0.0,478408000000,483516750000.0,0,234116000000,,,250684000000,,,13428281626,1138000000.0,-31000000.0,-1242000000.0,-21379000000.0,-165000000.0,-22786000000.0,-535000000.0,0.0,24459000000.0,0.0,906000000.0,906000000.0,906000000.0,0.0,69000000.0,0.147,4756000000.0,1399000000.0,19264000000,0.211,1.502,14.822,15.005,2075000000,0.0,27.685,2.182,2.182,12054000000,5608000000,6155000000.0,6155000000.0,0.0,0.003,0.102,0.003,0.207,917000000.0,4253000000.0,1.0,485038166,485038166,,12.69,260123000000,0,368000000.0,0,536.294,
6,LEHMQ,ARY,2001-12-31,2002-02-28,2001-11-30,2020-07-13,-10000000,247816000000,240844000000.0,,,0.028,17.846,-1341000000.0,5850000000,5850000000,0.0,1255000000.0,,28.212,201792000000,,,201792000000,0,174000000.0,0,0.006,0.16,1598000000.0,1772000000.0,0.263,1772000000.0,1598000000.0,1598000000.0,2.385,2.19,2.385,8459000000,8074000000.0,8459000000,209332481807,131.0,118.133,5338000000.0,11.262,1.0,6736000000.0,1.0,167000000,0.0,443591000000,432447250000.0,0,209079000000,,,238647000000,,,13390481807,-2599000000.0,0.0,-1622000000.0,-4793000000.0,-163000000.0,-7937000000.0,-1341000000.0,0.0,6679000000.0,0.0,1161000000.0,1161000000.0,1161000000.0,0.0,94000000.0,0.172,4988000000.0,1748000000.0,16636000000,0.067,1.583,11.534,11.845,1495000000,0.0,28.25,1.988,1.988,15578000000,4798000000,6736000000.0,6736000000.0,0.0,0.005,0.144,0.004,0.237,1093000000.0,4471000000.0,1.0,473999356,473999356,,14.211,247649000000,0,437000000.0,0,522.467,
7,LEHMQ,ARY,2000-12-31,2001-02-28,2000-11-30,2020-07-13,-8000000,224720000000,224427500000.0,,,0.034,15.551,-287000000.0,7594000000,7594000000,0.0,1775000000.0,,27.77,185217000000,,,185217000000,0,102000000.0,0,0.0,0.0,2427000000.0,2529000000.0,0.328,2529000000.0,2427000000.0,2427000000.0,3.445,3.19,3.445,7781000000,7250750000.0,7781000000,194797186770,80.0,77.025,-15020000000.0,-30.02,1.0,7707000000.0,1.0,180000000,0.0,402163000000,402181750000.0,0,194484000000,,,216079000000,,,17174186770,-26000000.0,-41000000.0,-1104000000.0,16126000000.0,-149000000.0,15035000000.0,-328000000.0,0.0,-14733000000.0,0.0,1679000000.0,1679000000.0,1679000000.0,0.0,96000000.0,0.218,5128000000.0,2579000000.0,13559000000,0.0,2.207,10.229,9.964,671000000,0.0,34.325,2.228,2.228,9247000000,3713000000,7707000000.0,7707000000.0,0.0,0.007,0.232,0.006,0.315,520000000.0,4773000000.0,1.0,500340474,500340474,,15.404,224540000000,0,748000000.0,0,448.774,
8,LEHMQ,ARY,1999-12-31,2000-02-28,1999-11-30,2020-07-13,-2000000,192244000000,191310250000.0,,,0.028,13.003,-73000000.0,7175000000,7175000000,0.0,1132000000.0,,29.484,158846000000,,,158846000000,0,88000000.0,0,0.0,0.0,1494000000.0,1582000000.0,0.296,1582000000.0,1494000000.0,1494000000.0,2.132,2.038,2.132,6283000000,5903750000.0,6283000000,159862636185,107.0,101.051,6171000000.0,12.771,1.0,5340000000.0,1.0,138000000,0.0,343777000000,347998750000.0,0,160372000000,,,185251000000,,,8191636185,2131000000.0,0.0,-248000000.0,-4123000000.0,-139000000.0,-4040000000.0,-73000000.0,0.0,6244000000.0,0.0,1037000000.0,1037000000.0,1037000000.0,0.0,95000000.0,0.194,3709000000.0,1631000000.0,12155000000,0.0,1.304,7.899,7.952,485000000,0.0,16.953,1.534,1.534,11006000000,2094000000,5340000000.0,5340000000.0,0.0,0.005,0.176,0.004,0.28,363000000.0,3387000000.0,1.0,483193144,483193144,,11.051,192106000000,0,457000000.0,0,397.576,
9,LEHMQ,ARY,1998-12-31,1999-02-26,1998-11-30,2020-07-13,15000000,153890000000,174918500000.0,,,0.024,11.193,-119000000.0,4238000000,4238000000,0.0,736000000.0,,27.43,125632000000,,,125632000000,0,91000000.0,0,0.0,0.0,965000000.0,1056000000.0,0.257,1056000000.0,965000000.0,965000000.0,1.343,1.298,1.343,5413000000,5132250000.0,5413000000,127722791533,132.0,120.95,-10179000000.0,-21.048,1.0,4113000000.0,1.0,163000000,0.0,275121000000,312933750000.0,0,125839000000,,,148477000000,,,6328791533,1370000000.0,0.0,-350000000.0,11627000000.0,-122000000.0,11549000000.0,-119000000.0,0.0,-10060000000.0,0.0,649000000.0,649000000.0,649000000.0,0.0,87000000.0,0.158,3061000000.0,1052000000.0,10525000000,0.0,1.169,9.752,9.866,505000000,0.0,13.25,1.539,1.558,10056000000,1105000000,4113000000.0,4113000000.0,0.0,0.004,0.126,0.003,0.235,221000000.0,2339000000.0,1.0,477644644,483600000,500000000.0,8.505,153727000000,0,316000000.0,0,317.88,
10,LEHMQ,ARY,1997-12-31,1998-02-27,1997-11-30,2020-07-13,12000000,151705000000,,,,,9.337,-74000000.0,2834000000,2834000000,0.0,647000000.0,,32.541,121842000000,,,121842000000,0,86000000.0,0,0.0,0.0,862000000.0,948000000.0,0.245,948000000.0,862000000.0,862000000.0,1.18,1.18,1.18,4523000000,,4523000000,126540890120,147.0,133.482,-4519000000.0,-9.329,1.0,3873000000.0,1.0,164000000,0.0,270549000000,,0,126261000000,,,147182000000,,,7532890120,-464000000.0,0.0,-54000000.0,4167000000.0,-58000000.0,4055000000.0,-74000000.0,0.0,-4445000000.0,0.0,572000000.0,572000000.0,572000000.0,0.0,75000000.0,0.148,2936000000.0,937000000.0,13857000000,0.0,1.665,13.169,13.4,468000000,0.0,15.813,1.945,1.978,11298000000,498000000,3873000000.0,3873000000.0,0.0,,,,0.223,0.0,2208000000.0,1.0,476388308,484400000,484400000.0,7.995,151541000000,0,290000000.0,0,312.843,
0,LEHMQ,ARQ,2008-06-30,2008-07-10,2008-05-31,2020-07-13,-359000000,639432000000,,,,,37.84,-248000000.0,19544000000,19544000000,0.0,-2774000000.0,,23.335,512913000000,,,512913000000,0,165000000.0,29355000000,0.038,0.17,-4186000000.0,-4021000000.0,6.019,-4021000000.0,-4186000000.0,-4186000000.0,-5.14,-5.14,-5.14,26276000000,,26276000000,505382153320,-441.0,-958.979,-7509000000.0,-10.814,1.0,-668000000.0,1.0,4101000000,0.0,1128700000000,,0,563935000000,,,613156000000,,,12013153320,-1051000000.0,-9000000.0,32000000.0,2117000000.0,-204000000.0,6467000000.0,-257000000.0,0.0,-7261000000.0,0.0,-2873000000.0,-2873000000.0,-2873000000.0,0.0,99000000.0,4.301,3419000000.0,-4087000000.0,61086000000,-0.033,0.457,-17.984,-15.872,4278000000,0.0,17.3,1.041,1.041,37485000000,16901000000,-668000000.0,-668000000.0,0.0,,,,,444000000.0,3009000000.0,1.0,694401926,694401926,,-0.962,635331000000,0,-1313000000.0,0,914.933,
1,LEHMQ,ARQ,2008-03-31,2008-04-09,2008-02-29,2020-07-13,-343000000,786035000000,,,,,44.852,-239000000.0,24133000000,24133000000,0.0,489000000.0,,30.654,636226000000,,,636226000000,0,160000000.0,28829000000,0.016,0.17,639000000.0,799000000.0,0.228,799000000.0,639000000.0,639000000.0,0.84,0.81,0.84,24832000000,,24832000000,634537810786,129.0,115.308,-10877000000.0,-19.646,1.0,3507000000.0,1.0,4112000000,0.0,1394016000000,,0,695339000000,,,761203000000,,,22444810786,278000000.0,-82000000.0,-587000000.0,10958000000.0,-130000000.0,11237000000.0,-321000000.0,0.0,-10638000000.0,0.0,465000000.0,465000000.0,465000000.0,0.0,24000000.0,0.133,2844000000.0,663000000.0,84552000000,0.202,0.904,6.485,6.354,4189000000,0.0,40.54,1.267,1.267,49213000000,19880000000,3507000000.0,3507000000.0,0.0,,,,,424000000.0,2515000000.0,1.0,553646048,553646048,,6.334,781923000000,0,174000000.0,0,1412.316,
2,LEHMQ,ARQ,2007-12-31,2008-01-29,2007-11-30,2020-07-13,-310000000,691063000000,,,,,42.387,-269000000.0,20029000000,20029000000,0.0,886000000.0,,29.728,558864000000,,,558864000000,0,150000000.0,29363000000,0.01,0.17,1214000000.0,1364000000.0,0.311,1364000000.0,1214000000.0,1214000000.0,1.6,1.55,1.6,22490000000,,22490000000,572012680584,96.0,87.692,-3472000000.0,-6.544,1.0,4390000000.0,1.0,4127000000,0.0,1225771000000,,0,614363000000,,,668573000000,,,33177680584,238000000.0,161000000.0,86000000.0,-904000000.0,-104000000.0,3549000000.0,-108000000.0,0.0,-3203000000.0,0.0,870000000.0,870000000.0,870000000.0,0.0,16000000.0,0.198,3160000000.0,1230000000.0,64307000000,0.106,1.475,8.043,8.195,3861000000,0.0,62.53,1.723,1.723,40627000000,19698000000,4390000000.0,4390000000.0,0.0,,,,,843000000.0,2871000000.0,1.0,530588207,530588207,,8.274,686936000000,0,344000000.0,0,1294.669,
3,LEHMQ,ARQ,2007-09-30,2007-10-10,2007-08-31,2020-07-13,-37000000,659216000000,,,,,41.003,-250000000.0,17627000000,17627000000,0.0,887000000.0,,29.332,543562000000,,,543562000000,0,143000000.0,24935000000,0.009,0.15,1188000000.0,1331000000.0,0.309,1331000000.0,1188000000.0,1188000000.0,1.61,1.54,1.61,21733000000,,21733000000,560117229427,90.0,82.796,-18827000000.0,-35.52,1.0,4308000000.0,1.0,4108000000,0.0,1181043000000,,0,589724000000,,,637483000000,,,34182229427,1755000000.0,-497000000.0,-477000000.0,18139000000.0,-103000000.0,21079000000.0,-747000000.0,0.0,-18577000000.0,0.0,870000000.0,870000000.0,870000000.0,0.0,17000000.0,0.202,3103000000.0,1205000000.0,51829000000,0.093,1.573,8.058,8.205,3677000000,0.0,64.49,1.762,1.762,35747000000,18915000000,4308000000.0,4308000000.0,0.0,,,,,317000000.0,2795000000.0,1.0,530039222,530039222,,8.128,655108000000,0,318000000.0,0,1235.961,
4,LEHMQ,ARQ,2007-06-30,2007-07-10,2007-05-31,2020-07-13,-5000000,605861000000,,,,,39.807,-229000000.0,12447000000,12447000000,0.0,1273000000.0,,27.674,489075000000,,,489075000000,0,147000000.0,21697000000,0.008,0.15,1862000000.0,2009000000.0,0.364,2009000000.0,1862000000.0,1862000000.0,2.33,2.21,2.33,21129000000,,21129000000,514366852463,81.0,74.395,-9976000000.0,-18.795,1.0,5512000000.0,1.0,3652000000,0.0,1078837000000,,0,543072000000,,,584732000000,,,37738852463,1177000000.0,-118000000.0,-427000000.0,13270000000.0,-105000000.0,11271000000.0,-347000000.0,0.0,-9747000000.0,0.0,1256000000.0,1256000000.0,1256000000.0,0.0,17000000.0,0.228,3633000000.0,1879000000.0,50471000000,0.064,1.786,8.836,8.989,3519000000,0.0,71.1,1.958,1.958,34289000000,18133000000,5512000000.0,5512000000.0,0.0,,,,,344000000.0,3377000000.0,1.0,530785548,530785548,,10.385,602209000000,0,606000000.0,0,1134.562,
5,LEHMQ,ARQ,2007-03-31,2007-04-09,2007-02-28,2020-07-13,-17000000,562283000000,,,,,37.56,-218000000.0,10409000000,10409000000,0.0,1146000000.0,,27.107,448497000000,,,448497000000,0,137000000.0,23374000000,0.007,0.15,1682000000.0,1819000000.0,0.36,1819000000.0,1682000000.0,1682000000.0,2.09,1.96,2.09,20005000000,,20005000000,476590984570,80.0,73.153,-14286000000.0,-26.822,1.0,5047000000.0,1.0,3531000000,0.0,996840000000,,0,508300000000,,,542278000000,,,38502984570,-1871000000.0,-278000000.0,-1344000000.0,12923000000.0,-106000000.0,12693000000.0,-496000000.0,0.0,-14068000000.0,0.0,1129000000.0,1129000000.0,1129000000.0,0.0,17000000.0,0.224,3348000000.0,1699000000.0,50733000000,0.072,1.925,9.623,9.782,3398000000,0.0,72.29,2.119,2.119,28725000000,16964000000,5047000000.0,5047000000.0,0.0,,,,,287000000.0,3082000000.0,1.0,532618406,532618406,,9.476,558752000000,0,553000000.0,0,1049.066,
6,LEHMQ,ARQ,2006-12-31,2007-02-13,2006-11-30,2020-07-13,-15000000,503545000000,,,,,36.479,-182000000.0,12078000000,12078000000,0.0,1004000000.0,,25.239,398234000000,,,398234000000,0,134000000.0,21412000000,0.006,0.15,1472000000.0,1606000000.0,0.354,1606000000.0,1472000000.0,1472000000.0,1.83,1.72,1.83,19191000000,,19191000000,429731877489,73.0,67.146,-13377000000.0,-25.427,1.0,4533000000.0,1.0,3362000000,0.0,886339000000,,0,451752000000,,,484354000000,,,43575877489,1820000000.0,0.0,-228000000.0,8745000000.0,-84000000.0,15197000000.0,-182000000.0,0.0,-13195000000.0,0.0,987000000.0,987000000.0,987000000.0,0.0,17000000.0,0.218,3044000000.0,1489000000.0,43912000000,0.082,2.271,11.057,11.409,3269000000,0.0,82.83,2.478,2.478,25919000000,15857000000,4533000000.0,4533000000.0,0.0,,,,,959000000.0,2836000000.0,1.0,526088102,526088102,,8.616,500183000000,0,485000000.0,0,950.759,
7,LEHMQ,ARQ,2006-09-30,2006-10-10,2006-08-31,2020-07-13,-17000000,473737000000,,,,,34.706,-171000000.0,9903000000,9903000000,0.0,916000000.0,,24.752,377860000000,,,377860000000,0,130000000.0,0,0.006,0.12,1350000000.0,1480000000.0,0.354,1480000000.0,1350000000.0,1350000000.0,1.66,1.57,1.66,18396000000,,18396000000,408002862786,73.0,66.842,-5222000000.0,-9.852,1.0,4178000000.0,1.0,3364000000,0.0,838330000000,,0,429705000000,,,455341000000,,,40045862786,-290000000.0,-100000000.0,-660000000.0,5679000000.0,-85000000.0,5032000000.0,-271000000.0,0.0,-5051000000.0,0.0,899000000.0,899000000.0,899000000.0,0.0,17000000.0,0.215,2811000000.0,1367000000.0,60589000000,0.072,2.177,10.645,10.957,3150000000,0.0,75.55,2.392,2.392,21307000000,14938000000,4178000000.0,4178000000.0,0.0,,,,,247000000.0,2602000000.0,1.0,530057747,530057747,,7.882,470373000000,0,451000000.0,0,887.4,
8,LEHMQ,ARQ,2006-06-30,2006-07-10,2006-05-31,2020-07-13,-16000000,456202000000,,,,,33.473,-110000000.0,11267000000,11267000000,0.0,1002000000.0,,24.37,361636000000,,,361636000000,0,128000000.0,0,0.007,0.12,1482000000.0,1610000000.0,0.365,1610000000.0,1482000000.0,1482000000.0,1.81,1.69,1.81,17982000000,,17982000000,385019269524,69.0,64.084,-15696000000.0,-29.217,1.0,4411000000.0,1.0,3297000000,0.0,803274000000,,0,402726000000,,,438220000000,,,34650269525,-2225000000.0,-16000000.0,-655000000.0,13986000000.0,-86000000.0,13487000000.0,-126000000.0,0.0,-15586000000.0,0.0,986000000.0,986000000.0,986000000.0,0.0,16000000.0,0.224,2913000000.0,1498000000.0,60596000000,0.066,1.927,9.297,9.506,3079000000,0.0,64.5,2.111,2.111,29885000000,14108000000,4411000000.0,4411000000.0,0.0,,,,,251000000.0,2709000000.0,1.0,537213481,537213481,,8.211,452905000000,0,496000000.0,0,843.063,
9,LEHMQ,ARQ,2006-03-31,2006-04-10,2006-02-28,2020-07-13,-16000000,439796000000,,,,,32.671,-123000000.0,12251000000,12251000000,0.0,1085000000.0,,24.141,353307000000,,,353307000000,0,122000000.0,0,0.006,0.12,1582000000.0,1704000000.0,0.382,1704000000.0,1582000000.0,1582000000.0,1.96,1.83,1.96,17493000000,,17493000000,381293421565,75.0,69.364,-2667000000.0,-4.981,1.0,4461000000.0,1.0,3282000000,0.0,777570000000,,0,395527000000,,,422303000000,,,40237421565,1782000000.0,-90000000.0,-498000000.0,4888000000.0,-87000000.0,4539000000.0,-213000000.0,0.0,-2544000000.0,0.0,1069000000.0,1069000000.0,1069000000.0,0.0,16000000.0,0.24,2910000000.0,1551000000.0,55737000000,0.061,2.3,11.817,12.2,2966000000,0.0,75.15,2.633,2.633,19903000000,13192000000,4461000000.0,4461000000.0,0.0,,,,,249000000.0,2700000000.0,1.0,535428098,535428098,,8.332,436514000000,0,513000000.0,0,815.262,
10,LEHMQ,ARQ,2005-12-31,2006-02-13,2005-11-30,2020-07-13,-16000000,410063000000,,,,,31.053,-115000000.0,10644000000,10644000000,0.0,823000000.0,,23.417,328252000000,,,328252000000,0,108000000.0,0,0.006,0.12,1202000000.0,1310000000.0,0.355,1310000000.0,1202000000.0,1202000000.0,1.465,1.38,1.465,16794000000,,16794000000,354872995109,75.0,68.429,609000000.0,1.126,1.0,3690000000.0,1.0,3256000000,0.0,724415000000,,0,367077000000,,,393269000000,,,37264995109,607000000.0,-38000000.0,-283000000.0,564000000.0,-73000000.0,36000000.0,-153000000.0,0.0,724000000.0,0.0,808000000.0,808000000.0,808000000.0,0.0,15000000.0,0.219,2473000000.0,1217000000.0,49080000000,0.082,2.219,11.678,12.015,2885000000,0.0,68.905,2.547,2.547,20341000000,12198000000,3690000000.0,3690000000.0,0.0,,,,,1153000000.0,2289000000.0,1.0,540816996,540816996,,6.823,406807000000,0,394000000.0,0,752.208,
11,LEHMQ,ARQ,2005-09-30,2005-10-11,2005-08-31,2020-07-13,-15000000,384295000000,,,,,30.484,-96000000.0,8824000000,8824000000,0.0,879000000.0,,22.527,307117000000,,,307117000000,0,106000000.0,0,0.007,0.1,1278000000.0,1384000000.0,0.359,1384000000.0,1278000000.0,1278000000.0,1.55,1.47,1.55,16334000000,,16334000000,327709401941,74.0,67.639,-4364000000.0,-8.145,1.0,3852000000.0,1.0,3262000000,0.0,679326000000,,0,349056000000,,,367961000000,,,29416401941,-409000000.0,0.0,-633000000.0,4574000000.0,-74000000.0,3955000000.0,-96000000.0,0.0,-4268000000.0,0.0,864000000.0,864000000.0,864000000.0,0.0,15000000.0,0.224,2559000000.0,1293000000.0,45558000000,0.065,1.801,9.975,10.349,2893000000,0.0,54.9,2.128,2.128,15490000000,11448000000,3852000000.0,3852000000.0,0.0,,,,,276000000.0,2373000000.0,1.0,535817886,535817886,,7.189,381033000000,0,414000000.0,0,711.124,
12,LEHMQ,ARQ,2005-06-30,2005-07-11,2005-05-31,2020-07-13,-20000000,370595000000,,,,,29.172,-135000000.0,8637000000,8637000000,0.0,683000000.0,,22.34,290863000000,,,290863000000,0,105000000.0,0,0.007,0.1,994000000.0,1099000000.0,0.335,1099000000.0,994000000.0,994000000.0,1.185,1.13,1.185,15878000000,,15878000000,310025112849,81.0,72.571,-1257000000.0,-2.309,1.0,3278000000.0,1.0,3286000000,0.0,649535000000,,0,333735000000,,,354717000000,,,27799112849,-1229000000.0,0.0,-527000000.0,923000000.0,-79000000.0,28000000.0,-135000000.0,0.0,-1122000000.0,0.0,664000000.0,664000000.0,664000000.0,0.0,19000000.0,0.203,2265000000.0,1013000000.0,50245000000,0.084,1.751,10.808,10.984,2914000000,0.0,51.075,2.207,2.207,16538000000,10643000000,3278000000.0,3278000000.0,0.0,,,,,298000000.0,2071000000.0,1.0,544280232,544280232,,6.023,367309000000,0,330000000.0,0,674.853,
13,LEHMQ,ARQ,2005-03-31,2005-04-11,2005-02-28,2020-07-13,-13000000,363692000000,,,,,28.478,-63000000.0,10209000000,10209000000,0.0,875000000.0,,22.086,290361000000,,,290361000000,0,107000000.0,0,0.008,0.1,1287000000.0,1394000000.0,0.366,1394000000.0,1287000000.0,1287000000.0,1.535,1.455,1.535,15754000000,,15754000000,306514284318,82.0,73.984,-2885000000.0,-5.215,1.0,3810000000.0,1.0,3274000000,0.0,640570000000,,0,325716000000,,,347938000000,,,26362284318,491000000.0,0.0,-306000000.0,3495000000.0,-76000000.0,3376000000.0,-63000000.0,0.0,-2822000000.0,0.0,856000000.0,856000000.0,856000000.0,0.0,19000000.0,0.225,2504000000.0,1306000000.0,44733000000,0.065,1.673,10.545,10.508,2969000000,0.0,47.655,2.153,2.153,15832000000,10039000000,3810000000.0,3810000000.0,0.0,,,,,333000000.0,2320000000.0,1.0,553190312,553190312,,6.887,360418000000,0,431000000.0,0,651.526,
14,LEHMQ,ARQ,2004-12-31,2005-02-14,2004-11-30,2020-07-13,-19000000,357168000000,,,,,27.009,-139000000.0,9525000000,9525000000,0.0,585000000.0,,22.939,287359000000,,,287359000000,0,109000000.0,0,0.007,0.1,859000000.0,968000000.0,0.336,968000000.0,859000000.0,859000000.0,1.035,0.98,1.035,14920000000,,14920000000,303758379415,89.0,78.898,-2543000000.0,-4.604,1.0,2883000000.0,1.0,3284000000,0.0,631718000000,,0,319046000000,,,342248000000,,,25924379415,2608000000.0,-24000000.0,-312000000.0,5218000000.0,-65000000.0,5175000000.0,-163000000.0,0.0,-2404000000.0,0.0,565000000.0,565000000.0,565000000.0,0.0,20000000.0,0.196,2004000000.0,879000000.0,39529000000,0.097,1.738,11.286,11.227,2988000000,0.0,46.93,2.239,2.239,16641000000,9240000000,2883000000.0,2883000000.0,0.0,,,,,614000000.0,1840000000.0,1.0,552405272,552405272,,5.219,353884000000,0,294000000.0,0,640.624,
15,LEHMQ,ARQ,2004-09-30,2004-10-15,2004-08-31,2020-07-13,-16000000,340890000000,,,,,26.763,-17000000.0,7632000000,7632000000,0.0,505000000.0,,22.638,274407000000,,,274407000000,0,106000000.0,0,0.009,0.08,705000000.0,811000000.0,0.309,811000000.0,705000000.0,705000000.0,0.895,0.855,0.895,14421000000,,14421000000,288323088271,89.0,78.734,1588000000.0,2.947,1.0,2623000000.0,1.0,3658000000,0.0,604007000000,,0,307625000000,,,326469000000,,,21548088271,-1841000000.0,38000000.0,-397000000.0,-3176000000.0,-64000000.0,-3467000000.0,21000000.0,0.0,1605000000.0,0.0,487000000.0,487000000.0,487000000.0,0.0,18000000.0,0.186,1900000000.0,723000000.0,38943000000,0.089,1.494,9.812,9.838,2931000000,0.0,39.99,1.961,1.961,13557000000,8720000000,2623000000.0,2623000000.0,0.0,,,,,196000000.0,1738000000.0,1.0,538836916,538836916,,4.868,337232000000,0,218000000.0,0,625.852,
16,LEHMQ,ARQ,2004-06-30,2004-07-14,2004-05-31,2020-07-13,-19000000,346499000000,,,,,25.809,-51000000.0,9279000000,9279000000,0.0,609000000.0,,23.739,282270000000,,,282270000000,0,103000000.0,0,0.011,0.08,867000000.0,970000000.0,0.332,970000000.0,867000000.0,867000000.0,1.07,1.005,1.07,14006000000,,14006000000,292046848201,90.0,80.321,-3045000000.0,-5.611,1.0,2926000000.0,1.0,3624000000,0.0,615866000000,,0,305636000000,,,332493000000,,,19055848201,-1349000000.0,-10000000.0,-505000000.0,2275000000.0,-64000000.0,1706000000.0,-61000000.0,0.0,-2994000000.0,0.0,592000000.0,592000000.0,592000000.0,0.0,17000000.0,0.202,2042000000.0,884000000.0,41098000000,0.075,1.361,8.749,8.502,2990000000,0.0,35.115,1.778,1.778,19517000000,8279000000,2926000000.0,2926000000.0,0.0,,,,,189000000.0,1871000000.0,1.0,542669748,542669748,,5.392,342875000000,0,275000000.0,0,631.83,
17,LEHMQ,ARQ,2004-03-31,2004-04-14,2004-02-29,2020-07-13,-17000000,328064000000,,,,,24.875,-194000000.0,9655000000,9655000000,0.0,670000000.0,,22.814,273111000000,,,273111000000,0,110000000.0,0,0.012,0.08,991000000.0,1101000000.0,0.35,1101000000.0,991000000.0,991000000.0,1.185,1.105,1.185,13776000000,,13776000000,284622404092,95.0,85.216,-7311000000.0,-13.201,1.0,3144000000.0,1.0,3610000000,0.0,587910000000,,0,290909000000,,,314288000000,,,21166404092,-1900000000.0,-134000000.0,-394000000.0,5874000000.0,-65000000.0,5545000000.0,-328000000.0,0.0,-7117000000.0,0.0,653000000.0,653000000.0,653000000.0,0.0,17000000.0,0.208,2112000000.0,1032000000.0,32555000000,0.068,1.536,10.52,9.701,3047000000,0.0,38.22,2.1,2.1,15637000000,7734000000,3144000000.0,3144000000.0,0.0,,,,,269000000.0,1929000000.0,1.0,553804398,553804398,,5.677,324454000000,0,338000000.0,0,585.864,
18,LEHMQ,ARQ,2003-12-31,2004-02-26,2003-11-30,2020-07-13,-16000000,312061000000,,,,,23.758,-171000000.0,11022000000,11022000000,0.0,481000000.0,,22.588,257578000000,,,257578000000,0,96000000.0,0,0.011,0.0,684000000.0,780000000.0,0.339,780000000.0,684000000.0,684000000.0,0.915,0.86,0.915,13174000000,,13174000000,270535925669,112.0,99.134,-3414000000.0,-6.157,1.0,2298000000.0,1.0,3561000000,0.0,555056000000,,0,275852000000,,,297577000000,,,23979925669,-3979000000.0,-603000000.0,-582000000.0,72000000.0,-52000000.0,38000000.0,-774000000.0,0.0,-3243000000.0,0.0,464000000.0,464000000.0,464000000.0,0.0,17000000.0,0.202,1576000000.0,722000000.0,30733000000,0.0,1.82,14.542,12.89,2806000000,0.0,43.245,2.773,2.773,13684000000,7129000000,2298000000.0,2298000000.0,0.0,,,,,662000000.0,1446000000.0,1.0,554513254,554513254,,4.144,308500000000,0,220000000.0,0,556.344,
19,LEHMQ,ARQ,2003-09-30,2003-10-15,2003-08-31,2020-07-13,-15000000,291638000000,,,,,21.559,-45000000.0,16374000000,16374000000,0.0,480000000.0,,27.282,231546000000,,,231546000000,0,66000000.0,0,0.013,0.12,719000000.0,785000000.0,0.334,785000000.0,719000000.0,719000000.0,0.96,0.905,0.96,10276000000,,10276000000,232100388261,118.0,103.202,6418000000.0,13.465,1.0,2347000000.0,1.0,246000000,0.0,506564000000,,0,247333000000,,,280352000000,,,16928388261,6903000000.0,-28000000.0,-253000000.0,467000000.0,-46000000.0,513000000.0,-73000000.0,0.0,6463000000.0,0.0,469000000.0,469000000.0,469000000.0,0.0,11000000.0,0.2,1598000000.0,749000000.0,41589000000,0.125,1.647,12.438,12.684,2167000000,0.0,35.515,2.146,2.146,20558000000,6700000000,2347000000.0,2347000000.0,0.0,,,,,121000000.0,1471000000.0,1.0,476654604,476654604,,4.924,291392000000,0,250000000.0,0,611.327,
20,LEHMQ,ARQ,2003-06-30,2003-07-15,2003-05-31,2020-07-13,-2000000,302410000000,,,,,19.914,-104000000.0,8690000000,8690000000,0.0,437000000.0,,30.282,250982000000,,,250982000000,0,75000000.0,0,0.013,0.12,599000000.0,674000000.0,0.294,674000000.0,599000000.0,599000000.0,0.88,0.835,0.88,9635000000,,9635000000,258379071924,174.0,145.484,2106000000.0,4.353,1.0,2291000000.0,1.0,235000000,0.0,544467000000,,0,267617000000,,,291765000000,,,16087071924,1907000000.0,-2000000.0,-124000000.0,-33000000.0,-40000000.0,-197000000.0,-106000000.0,0.0,2210000000.0,0.0,426000000.0,426000000.0,426000000.0,0.0,11000000.0,0.186,1663000000.0,628000000.0,33848000000,0.136,1.67,14.965,15.045,2190000000,0.0,33.25,2.336,2.336,18548000000,6262000000,2291000000.0,2291000000.0,0.0,,,,,189000000.0,1466000000.0,1.0,483821712,483821712,,4.735,302175000000,0,173000000.0,0,624.559,
21,LEHMQ,ARQ,2003-03-31,2003-04-14,2003-02-28,2020-07-13,-18000000,268293000000,,,,,18.876,-131000000.0,6064000000,6064000000,0.0,301000000.0,,28.222,225996000000,,,225996000000,0,78000000.0,0,0.013,0.12,412000000.0,490000000.0,0.286,490000000.0,412000000.0,412000000.0,0.6,0.575,0.6,9157000000,,9157000000,234978022666,181.0,148.72,-3014000000.0,-6.213,1.0,1711000000.0,1.0,236000000,0.0,487989000000,,0,241031000000,,,258426000000,,,15046022667,-608000000.0,-24000000.0,-232000000.0,2702000000.0,-40000000.0,2430000000.0,-155000000.0,0.0,-2883000000.0,0.0,290000000.0,290000000.0,290000000.0,0.0,11000000.0,0.169,1274000000.0,437000000.0,26707000000,0.2,1.643,16.109,16.238,2128000000,0.0,31.015,2.404,2.404,13923000000,5909000000,1711000000.0,1711000000.0,0.0,,,,,196000000.0,1159000000.0,1.0,485120834,485120834,,3.527,268057000000,0,122000000.0,0,552.557,
22,LEHMQ,ARQ,2002-12-31,2003-02-28,2002-11-30,2020-07-13,-13000000,260336000000,,,,,18.436,-81000000.0,6502000000,6502000000,0.0,187000000.0,,28.034,224787000000,,,224787000000,0,71000000.0,0,0.014,0.12,229000000.0,300000000.0,0.195,300000000.0,229000000.0,229000000.0,0.36,0.35,0.36,8942000000,,8942000000,231713281626,182.0,151.249,3839000000.0,7.915,1.0,1539000000.0,1.0,213000000,0.0,478408000000,,0,234116000000,,,250684000000,,,13428281626,1652000000.0,0.0,-520000000.0,-1628000000.0,-39000000.0,-2187000000.0,-81000000.0,0.0,3920000000.0,0.0,176000000.0,176000000.0,176000000.0,0.0,11000000.0,0.114,1285000000.0,254000000.0,19264000000,0.333,1.502,14.822,15.005,2075000000,0.0,27.685,2.182,2.182,12054000000,5608000000,1539000000.0,1539000000.0,0.0,,,,,396000000.0,1081000000.0,1.0,485038166,485038166,,3.173,260123000000,0,53000000.0,0,536.294,
23,LEHMQ,ARQ,2002-09-30,2002-10-15,2002-08-31,2020-07-13,-17000000,265213000000,,,,,18.76,-112000000.0,4411000000,4411000000,0.0,194000000.0,,28.689,229700000000,,,229700000000,0,68000000.0,0,0.013,0.09,244000000.0,312000000.0,0.232,312000000.0,244000000.0,244000000.0,0.37,0.35,0.37,8909000000,,8909000000,238056327424,210.0,175.817,16307000000.0,34.339,1.0,1347000000.0,1.0,196000000,0.0,490306000000,,0,245576000000,,,255594000000,,,12767327424,-123000000.0,0.0,-327000000.0,-16068000000.0,-35000000.0,-16430000000.0,-112000000.0,0.0,16419000000.0,0.0,183000000.0,183000000.0,183000000.0,0.0,11000000.0,0.136,1078000000.0,269000000.0,15876000000,0.243,1.433,15.02,15.54,1973000000,0.0,26.885,2.194,2.194,8698000000,5458000000,1347000000.0,1347000000.0,0.0,,,,,169000000.0,973000000.0,1.0,474886644,474886644,,2.836,265017000000,0,61000000.0,0,558.064,
24,LEHMQ,ARQ,2002-06-30,2002-07-15,2002-05-31,2020-07-13,-19000000,267787000000,,,,,18.286,-132000000.0,4106000000,4106000000,0.0,296000000.0,,28.988,231249000000,,,231249000000,0,67000000.0,0,0.009,0.09,411000000.0,478000000.0,0.287,478000000.0,411000000.0,411000000.0,0.58,0.54,0.58,8906000000,,8906000000,241228284948,185.0,159.227,-283000000.0,-0.581,1.0,1663000000.0,1.0,196000000,0.0,494734000000,,0,248508000000,,,258171000000,,,14085284948,-353000000.0,-15000000.0,-142000000.0,120000000.0,-33000000.0,-55000000.0,-147000000.0,0.0,-151000000.0,0.0,285000000.0,285000000.0,285000000.0,0.0,11000000.0,0.171,1227000000.0,436000000.0,16280000000,0.155,1.582,14.611,14.606,1722000000,0.0,28.92,2.309,2.309,9065000000,5299000000,1663000000.0,1663000000.0,0.0,,,,,180000000.0,1135000000.0,1.0,487043048,487043048,,3.414,267591000000,0,126000000.0,0,549.42,
25,LEHMQ,ARQ,2002-03-31,2002-04-15,2002-02-28,2020-07-13,-11000000,260061000000,,,,,17.718,-179000000.0,5845000000,5845000000,0.0,298000000.0,,28.99,216585000000,,,216585000000,0,52000000.0,0,0.005,0.09,390000000.0,442000000.0,0.275,442000000.0,390000000.0,390000000.0,0.535,0.495,0.535,8648000000,,8648000000,225580205331,157.0,138.478,4092000000.0,8.384,1.0,1606000000.0,1.0,182000000,0.0,470619000000,,0,223584000000,,,250703000000,,,14840205331,-38000000.0,-16000000.0,-253000000.0,-3803000000.0,-58000000.0,-4114000000.0,-195000000.0,0.0,4271000000.0,0.0,262000000.0,262000000.0,262000000.0,0.0,36000000.0,0.163,1166000000.0,440000000.0,13441000000,0.168,1.716,14.161,14.076,1636000000,0.0,30.405,2.298,2.298,13666000000,5039000000,1606000000.0,1606000000.0,0.0,,,,,172000000.0,1064000000.0,1.0,488084372,488084372,,3.29,259879000000,0,128000000.0,0,532.447,
26,LEHMQ,ARQ,2001-12-31,2002-02-28,2001-11-30,2020-07-13,-10000000,247816000000,,,,,17.846,-1075000000.0,5850000000,5850000000,0.0,130000000.0,,28.212,201792000000,,,201792000000,0,31000000.0,0,0.006,0.09,91000000.0,122000000.0,0.101,122000000.0,91000000.0,91000000.0,0.245,0.235,0.245,8459000000,,8459000000,209332481807,131.0,118.133,-5326000000.0,-11.236,1.0,1203000000.0,1.0,167000000,0.0,443591000000,,0,209079000000,,,238647000000,,,13390481807,-927000000.0,0.0,-178000000.0,5862000000.0,-26000000.0,4399000000.0,-1075000000.0,0.0,-4251000000.0,0.0,120000000.0,120000000.0,120000000.0,0.0,10000000.0,0.1,1088000000.0,115000000.0,16636000000,0.367,1.583,11.534,11.845,1495000000,0.0,28.25,1.988,1.988,15578000000,4798000000,1203000000.0,1203000000.0,0.0,,,,,793000000.0,862000000.0,1.0,473999356,473999356,,2.538,247649000000,0,-29000000.0,0,522.467,
27,LEHMQ,ARQ,2001-09-30,2001-10-15,2001-08-31,2020-07-13,-9000000,243337000000,,,,,17.018,-76000000.0,6019000000,6019000000,0.0,308000000.0,,28.913,201131000000,,,201131000000,0,63000000.0,0,0.0,0.0,410000000.0,473000000.0,0.291,473000000.0,410000000.0,410000000.0,0.62,0.57,0.62,8111000000,,8111000000,209839304311,103.0,95.079,8132000000.0,17.062,1.0,1628000000.0,1.0,171000000,0.0,438278000000,,0,210882000000,,,234516000000,,,14727304311,1061000000.0,0.0,-542000000.0,-6438000000.0,-91000000.0,-7071000000.0,-76000000.0,0.0,8208000000.0,0.0,297000000.0,297000000.0,297000000.0,0.0,11000000.0,0.182,1193000000.0,435000000.0,12385000000,0.0,1.816,10.32,10.475,893000000,0.0,30.9,2.037,2.037,9098000000,4698000000,1628000000.0,1628000000.0,0.0,,,,,91000000.0,1095000000.0,1.0,476611790,476611790,,3.416,243166000000,0,113000000.0,0,510.197,
28,LEHMQ,ARQ,2001-06-30,2001-07-16,2001-05-31,2020-07-13,-11000000,235936000000,,,,,16.558,-62000000.0,5270000000,5270000000,0.0,430000000.0,,28.481,194933000000,,,194933000000,0,42000000.0,0,0.0,0.0,550000000.0,592000000.0,0.293,592000000.0,550000000.0,550000000.0,0.76,0.69,0.76,7979000000,,7979000000,207432053674,91.0,86.25,1068000000.0,2.216,1.0,2022000000.0,1.0,174000000,0.0,425425000000,,0,205331000000,,,227247000000,,,17769053674,-108000000.0,0.0,-249000000.0,-911000000.0,-16000000.0,-1176000000.0,-62000000.0,0.0,1130000000.0,0.0,369000000.0,369000000.0,369000000.0,0.0,61000000.0,0.182,1397000000.0,625000000.0,12826000000,0.0,2.227,11.282,11.364,843000000,0.0,36.875,2.321,2.321,10268000000,4419000000,2022000000.0,2022000000.0,0.0,,,,,82000000.0,1304000000.0,1.0,481872642,481872642,,4.196,235762000000,0,181000000.0,0,489.262,
29,LEHMQ,ARQ,2001-03-31,2001-04-16,2001-02-28,2020-07-13,-10000000,236287000000,,,,,15.715,-128000000.0,5823000000,5823000000,0.0,387000000.0,,29.409,192208000000,,,192208000000,0,38000000.0,0,0.0,0.0,547000000.0,585000000.0,0.311,585000000.0,547000000.0,547000000.0,0.76,0.695,0.76,7747000000,,7747000000,202710143437,90.0,85.568,1464000000.0,2.97,1.0,1883000000.0,1.0,177000000,0.0,422495000000,,0,201584000000,,,227830000000,,,16325143437,-2625000000.0,0.0,-653000000.0,-3306000000.0,-30000000.0,-4089000000.0,-128000000.0,0.0,1592000000.0,0.0,375000000.0,375000000.0,375000000.0,0.0,12000000.0,0.199,1310000000.0,573000000.0,16363000000,0.0,2.107,10.385,10.268,755000000,0.0,33.115,2.21,2.21,12605000000,4069000000,1883000000.0,1883000000.0,0.0,,,,,127000000.0,1210000000.0,1.0,492983344,492983344,,3.82,236110000000,0,172000000.0,0,478.941,
30,LEHMQ,ARQ,2000-12-31,2001-02-28,2000-11-30,2020-07-13,-8000000,224720000000,,,,,15.551,-139000000.0,7594000000,7594000000,0.0,399000000.0,,27.77,185217000000,,,185217000000,0,30000000.0,0,0.0,0.0,527000000.0,557000000.0,0.328,557000000.0,527000000.0,527000000.0,0.81,0.737,0.81,7781000000,,7781000000,194797186770,80.0,77.025,-3809000000.0,-7.613,1.0,1698000000.0,1.0,180000000,0.0,402163000000,,0,194484000000,,,216079000000,,,17174186770,193000000.0,-41000000.0,-702000000.0,4772000000.0,-27000000.0,4043000000.0,-180000000.0,0.0,-3670000000.0,0.0,386000000.0,386000000.0,386000000.0,0.0,13000000.0,0.227,1144000000.0,554000000.0,13559000000,0.0,2.207,10.229,9.964,671000000,0.0,34.325,2.228,2.228,9247000000,3713000000,1698000000.0,1698000000.0,0.0,,,,,317000000.0,1045000000.0,1.0,500340474,500340474,,3.394,224540000000,0,141000000.0,0,448.774,
31,LEHMQ,ARQ,2000-09-30,2000-10-16,2000-08-31,2020-07-13,-8000000,225668000000,,,,,15.807,-94000000.0,8026000000,8026000000,0.0,457000000.0,,28.835,185952000000,,,185952000000,0,24000000.0,0,0.0,0.0,647000000.0,671000000.0,0.327,671000000.0,647000000.0,647000000.0,0.915,0.838,0.915,7540000000,,7540000000,192541717908,83.0,80.092,-6091000000.0,-12.769,1.0,2052000000.0,1.0,133000000,0.0,403461000000,,0,192117000000,,,217418000000,,,14615717908,-1437000000.0,0.0,-22000000.0,7137000000.0,-25000000.0,7090000000.0,-94000000.0,0.0,-5997000000.0,0.0,445000000.0,445000000.0,445000000.0,0.0,12000000.0,0.217,1379000000.0,673000000.0,14410000000,0.0,1.938,9.221,9.466,561000000,0.0,30.64,1.97,1.97,11057000000,3346000000,2052000000.0,2052000000.0,0.0,,,,,52000000.0,1288000000.0,1.0,477006508,477006508,,4.302,225535000000,0,202000000.0,0,472.813,
32,LEHMQ,ARQ,2000-06-30,2000-07-17,2000-05-31,2020-07-13,-10000000,233433000000,,,,,14.613,-37000000.0,6731000000,6731000000,0.0,378000000.0,,31.796,192857000000,,,192857000000,0,24000000.0,0,0.0,0.0,532000000.0,556000000.0,0.317,556000000.0,532000000.0,532000000.0,0.74,0.693,0.74,7096000000,,7096000000,199631501356,97.0,92.982,-12102000000.0,-24.922,1.0,1755000000.0,1.0,134000000,0.0,419425000000,,0,198609000000,,,225627000000,,,13505501356,3615000000.0,0.0,-268000000.0,13323000000.0,-24000000.0,13281000000.0,-37000000.0,0.0,-12065000000.0,0.0,366000000.0,366000000.0,366000000.0,0.0,12000000.0,0.209,1197000000.0,558000000.0,17056000000,0.0,1.903,9.518,9.6,491000000,0.0,27.813,2.009,2.009,12831000000,2916000000,1755000000.0,1755000000.0,0.0,,,,,83000000.0,1114000000.0,1.0,485591060,485591060,,3.614,233299000000,0,166000000.0,0,480.443,
33,LEHMQ,ARQ,2000-03-31,2000-04-14,2000-02-29,2020-07-13,-13000000,213889000000,,,,,13.625,-17000000.0,5966000000,5966000000,0.0,541000000.0,,31.369,175891000000,,,175891000000,0,24000000.0,0,0.0,0.0,721000000.0,745000000.0,0.338,745000000.0,721000000.0,721000000.0,0.98,0.922,0.98,6586000000,,6586000000,179063762009,93.0,89.131,6982000000.0,14.444,1.0,2202000000.0,1.0,136000000,0.0,383678000000,,0,179408000000,,,206593000000,,,9138762009,-2397000000.0,0.0,-112000000.0,-9106000000.0,-73000000.0,-9379000000.0,-17000000.0,0.0,6999000000.0,0.0,482000000.0,482000000.0,482000000.0,0.0,59000000.0,0.219,1408000000.0,794000000.0,14435000000,0.0,1.388,6.918,6.984,479000000,0.0,18.906,1.423,1.423,11345000000,2563000000,2202000000.0,2202000000.0,0.0,,,,,68000000.0,1326000000.0,1.0,483372536,483372536,,4.555,213753000000,0,239000000.0,0,442.212,
34,LEHMQ,ARQ,1999-12-31,2000-02-28,1999-11-30,2020-07-13,-2000000,192244000000,,,,,13.003,-19000000.0,7175000000,7175000000,0.0,302000000.0,,29.484,158846000000,,,158846000000,0,17000000.0,0,0.0,0.0,415000000.0,432000000.0,0.306,432000000.0,415000000.0,415000000.0,0.602,0.573,0.602,6283000000,,6283000000,159862636185,107.0,101.051,6683000000.0,13.831,1.0,1411000000.0,1.0,138000000,0.0,343777000000,,0,160372000000,,,185251000000,,,8191636185,398000000.0,0.0,-53000000.0,-6140000000.0,-22000000.0,-6285000000.0,-19000000.0,0.0,6702000000.0,0.0,292000000.0,292000000.0,292000000.0,0.0,10000000.0,0.207,972000000.0,439000000.0,12155000000,0.0,1.304,7.899,7.952,485000000,0.0,16.953,1.534,1.534,11006000000,2094000000,1411000000.0,1411000000.0,0.0,,,,,212000000.0,895000000.0,1.0,483193144,483193144,,2.92,192106000000,0,123000000.0,0,397.576,
35,LEHMQ,ARQ,1999-09-30,1999-10-14,1999-08-31,2020-07-13,5000000,202149000000,,,,,12.394,-18000000.0,5997000000,5997000000,0.0,290000000.0,,32.855,174589000000,,,174589000000,0,23000000.0,0,0.0,0.0,391000000.0,414000000.0,0.305,414000000.0,391000000.0,391000000.0,0.575,0.55,0.575,5950000000,,5950000000,175942858480,152.0,140.082,3463000000.0,7.214,1.0,1356000000.0,1.0,140000000,0.0,370601000000,,0,172656000000,,,195489000000,,,7350858480,783000000.0,0.0,-58000000.0,-2551000000.0,-21000000.0,-2680000000.0,-18000000.0,0.0,3481000000.0,0.0,279000000.0,279000000.0,279000000.0,0.0,11000000.0,0.206,939000000.0,417000000.0,9085000000,0.0,1.235,9.109,9.241,489000000,0.0,15.313,1.6,1.6,11643000000,1817000000,1356000000.0,1356000000.0,0.0,,,,,53000000.0,860000000.0,1.0,480056064,480056064,,2.825,202009000000,0,112000000.0,0,420.803,
36,LEHMQ,ARQ,1999-06-30,1999-07-15,1999-05-31,2020-07-13,13000000,191543000000,,,,,11.978,-16000000.0,4920000000,4920000000,0.0,329000000.0,,32.229,165269000000,,,165269000000,0,24000000.0,0,0.0,0.0,394000000.0,418000000.0,0.287,418000000.0,394000000.0,394000000.0,0.55,0.522,0.55,5743000000,,5743000000,167540764880,174.0,158.057,-2328000000.0,-4.856,1.0,1455000000.0,1.0,133000000,0.0,351759000000,,0,162955000000,,,185090000000,,,7191764880,335000000.0,0.0,-104000000.0,2518000000.0,-25000000.0,2663000000.0,-16000000.0,0.0,-2312000000.0,0.0,268000000.0,268000000.0,268000000.0,0.0,61000000.0,0.184,989000000.0,466000000.0,8193000000,0.0,1.252,10.782,10.949,493000000,0.0,15.0,1.725,1.725,11444000000,1550000000,1455000000.0,1455000000.0,0.0,,,,,51000000.0,905000000.0,1.0,479450992,479450992,,3.035,191410000000,0,126000000.0,0,399.227,
37,LEHMQ,ARQ,1999-03-31,1999-04-14,1999-02-28,2020-07-13,10000000,179305000000,,,,,11.565,-20000000.0,4942000000,4942000000,0.0,211000000.0,,30.74,151655000000,,,151655000000,0,24000000.0,0,0.0,0.0,294000000.0,318000000.0,0.284,318000000.0,294000000.0,294000000.0,0.405,0.393,0.405,5639000000,,5639000000,154256163540,156.0,142.303,-1647000000.0,-3.378,1.0,1118000000.0,1.0,160000000,0.0,325858000000,,0,152744000000,,,173341000000,,,7543163540,615000000.0,0.0,-33000000.0,2050000000.0,-71000000.0,2262000000.0,-20000000.0,0.0,-1627000000.0,0.0,198000000.0,198000000.0,198000000.0,0.0,13000000.0,0.177,809000000.0,309000000.0,10265000000,0.0,1.338,11.309,11.545,501000000,0.0,15.875,1.802,1.849,9213000000,1299000000,1118000000.0,1118000000.0,0.0,,,,,47000000.0,727000000.0,1.0,475159908,487600000,503200000.0,2.293,179145000000,0,96000000.0,0,367.402,
38,LEHMQ,ARQ,1998-12-31,1999-02-26,1998-11-30,2020-07-13,15000000,153890000000,,,,,11.193,-43000000.0,4238000000,4238000000,0.0,74000000.0,,27.43,125632000000,,,125632000000,0,24000000.0,0,0.0,0.0,82000000.0,106000000.0,0.159,106000000.0,82000000.0,82000000.0,0.127,0.13,0.127,5413000000,,5413000000,127722791533,132.0,120.95,-33000000.0,-0.068,1.0,665000000.0,1.0,163000000,0.0,275121000000,,0,125839000000,,,148477000000,,,6328791533,-1677000000.0,0.0,-92000000.0,-1429000000.0,-73000000.0,-1644000000.0,-43000000.0,0.0,10000000.0,0.0,62000000.0,62000000.0,62000000.0,0.0,12000000.0,0.093,571000000.0,94000000.0,10525000000,0.0,1.169,9.752,9.866,505000000,0.0,13.25,1.539,1.558,10056000000,1105000000,665000000.0,665000000.0,0.0,,,,,221000000.0,404000000.0,1.0,477644644,483600000,490400000.0,1.375,153727000000,0,20000000.0,0,317.88,
39,LEHMQ,ARQ,1998-09-30,1998-10-15,1998-08-31,2020-07-13,5000000,191074000000,,,,,11.006,-39000000.0,6337000000,6337000000,0.0,151000000.0,,34.721,157006000000,,,157006000000,0,23000000.0,0,0.0,0.0,195000000.0,218000000.0,0.234,218000000.0,195000000.0,195000000.0,0.288,0.275,0.288,5349000000,,5349000000,154525335998,,,-3670000000.0,-7.551,1.0,930000000.0,1.0,165000000,0.0,341578000000,,0,159099000000,,,185725000000,,,3856335998,-493000000.0,0.0,-92000000.0,3094000000.0,-21000000.0,3177000000.0,-39000000.0,0.0,-3631000000.0,0.0,139000000.0,139000000.0,139000000.0,0.0,12000000.0,0.149,723000000.0,207000000.0,16041000000,0.0,0.721,,,483000000,0.0,8.313,,,11757000000,1053000000,930000000.0,930000000.0,0.0,,,,,0.0,535000000.0,1.0,463920120,486000000,504800000.0,1.914,190909000000,0,56000000.0,0,392.817,
40,LEHMQ,ARQ,1998-06-30,1998-07-15,1998-05-31,2020-07-13,-11000000,179067000000,,,,,10.539,-22000000.0,6520000000,6520000000,0.0,324000000.0,,34.222,144842000000,,,144842000000,0,22000000.0,0,0.0,0.0,420000000.0,442000000.0,0.3,442000000.0,420000000.0,420000000.0,0.555,0.532,0.555,5084000000,,5084000000,147800313400,,,-588000000.0,-1.219,1.0,1473000000.0,1.0,160000000,0.0,317229000000,,0,150215000000,,,173983000000,,,9478313400,2088000000.0,0.0,-125000000.0,2566000000.0,-13000000.0,2676000000.0,-22000000.0,0.0,-566000000.0,0.0,268000000.0,268000000.0,268000000.0,0.0,56000000.0,0.182,997000000.0,476000000.0,15630000000,0.0,1.864,,,465000000,0.0,20.031,,,10014000000,928000000,1473000000.0,1473000000.0,0.0,,,,,0.0,808000000.0,1.0,473176332,482400000,505600000.0,3.053,178907000000,0,152000000.0,0,370.869,
41,LEHMQ,ARQ,1998-03-31,1998-04-14,1998-02-28,2020-07-13,0,175643000000,,,,,9.708,-15000000.0,4281000000,4281000000,0.0,187000000.0,,36.507,146607000000,,,146607000000,0,22000000.0,0,0.0,0.0,268000000.0,290000000.0,0.278,290000000.0,268000000.0,268000000.0,0.372,0.36,0.372,4683000000,,4683000000,152216229053,,,-5888000000.0,-12.206,1.0,1045000000.0,1.0,162000000,0.0,317807000000,,0,148893000000,,,170960000000,,,9890229053,1452000000.0,0.0,-41000000.0,7396000000.0,-15000000.0,7340000000.0,-15000000.0,0.0,-5873000000.0,0.0,180000000.0,180000000.0,180000000.0,0.0,7000000.0,0.172,770000000.0,275000000.0,13806000000,0.0,2.112,,,463000000,0.0,20.859,,,10772000000,668000000,1045000000.0,1045000000.0,0.0,,,,,0.0,592000000.0,1.0,474138208,482400000,499200000.0,2.166,175481000000,0,88000000.0,0,363.767,
42,LEHMQ,ARQ,1997-12-31,1998-02-27,1997-11-30,2020-07-13,12000000,151705000000,,,,,9.337,,2834000000,2834000000,,,,32.541,121842000000,,,121842000000,0,,0,0.0,0.0,,,,,,,,,,4523000000,,4523000000,126540890120,147.0,133.482,,,1.0,,,164000000,,270549000000,,0,126261000000,,,147182000000,,,7532890120,,,,,,,,,,,,,,,,,,,13857000000,,1.665,13.169,13.4,468000000,,15.813,1.945,1.978,11298000000,498000000,,,,,,,,,,1.0,476388308,484400000,,,151541000000,0,,0,312.843,
0,LEHMQ,ART,2008-06-30,2008-07-10,2008-05-31,2020-07-13,-359000000,639432000000,693936500000.0,,,0.017,37.84,-1006000000.0,19544000000,19544000000,0.0,-512000000.0,,23.335,512913000000,,,512913000000,0,618000000.0,29355000000,0.038,0.66,-1145000000.0,-527000000.0,-0.046,-527000000.0,-1145000000.0,-1145000000.0,-1.09,-1.24,-1.09,26276000000,23832750000.0,26276000000,505382153320,-441.0,-958.979,-40685000000.0,-58.59,1.0,11537000000.0,1.0,4101000000,0.0,1128700000000,1232382500000.0,0,563935000000,,,613156000000,,,12013153320,1220000000.0,-427000000.0,-946000000.0,30310000000.0,-541000000.0,42332000000.0,-1433000000.0,0.0,-39679000000.0,0.0,-668000000.0,-668000000.0,-668000000.0,0.0,156000000.0,-0.058,12526000000.0,-989000000.0,61086000000,-0.606,0.457,-17.984,-15.872,4278000000,0.0,17.3,1.041,1.041,37485000000,16901000000,11537000000.0,11537000000.0,0.0,-0.001,-0.028,-0.001,-0.099,2028000000.0,11190000000.0,1.0,694401926,694401926,,16.614,635331000000,0,-477000000.0,0,914.933,
1,LEHMQ,ART,2008-03-31,2008-04-09,2008-02-29,2020-07-13,-343000000,786035000000,685543750000.0,,,0.026,44.852,-987000000.0,24133000000,24133000000,0.0,3535000000.0,,30.654,636226000000,,,636226000000,0,600000000.0,28829000000,0.016,0.64,4903000000.0,5503000000.0,0.311,5503000000.0,4903000000.0,4903000000.0,6.38,6.11,6.38,24832000000,22546000000.0,24832000000,634537810786,129.0,115.308,-43152000000.0,-77.941,1.0,17717000000.0,1.0,4112000000,0.0,1394016000000,1219916750000.0,0,695339000000,,,761203000000,,,22444810786,3448000000.0,-536000000.0,-1405000000.0,41463000000.0,-442000000.0,47136000000.0,-1523000000.0,0.0,-42165000000.0,0.0,3461000000.0,3461000000.0,3461000000.0,0.0,74000000.0,0.195,12740000000.0,4977000000.0,84552000000,0.1,0.904,6.485,6.354,4189000000,0.0,40.54,1.267,1.267,49213000000,19880000000,17717000000.0,17717000000.0,0.0,0.005,0.154,0.004,0.277,1928000000.0,11558000000.0,1.0,553646048,553646048,,32.001,781923000000,0,1442000000.0,0,1412.316,
2,LEHMQ,ART,2007-12-31,2008-01-29,2007-11-30,2020-07-13,-310000000,691063000000,629605750000.0,,,0.031,42.387,-966000000.0,20029000000,20029000000,0.0,4192000000.0,,29.728,558864000000,,,558864000000,0,577000000.0,29363000000,0.01,0.62,5946000000.0,6523000000.0,0.339,6523000000.0,5946000000.0,5946000000.0,7.63,7.26,7.63,22490000000,21339250000.0,22490000000,572012680584,96.0,87.692,-46561000000.0,-87.754,1.0,19257000000.0,1.0,4127000000,0.0,1225771000000,1120622750000.0,0,614363000000,,,668573000000,,,33177680584,1299000000.0,-732000000.0,-2162000000.0,43428000000.0,-418000000.0,48592000000.0,-1698000000.0,0.0,-45595000000.0,0.0,4125000000.0,4125000000.0,4125000000.0,0.0,67000000.0,0.214,13244000000.0,6013000000.0,64307000000,0.081,1.475,8.043,8.195,3861000000,0.0,62.53,1.723,1.723,40627000000,19698000000,19257000000.0,19257000000.0,0.0,0.007,0.193,0.005,0.309,1791000000.0,12124000000.0,1.0,530588207,530588207,,36.294,686936000000,0,1821000000.0,0,1294.669,
3,LEHMQ,ART,2007-09-30,2007-10-10,2007-08-31,2020-07-13,-37000000,659216000000,582726250000.0,,,0.033,41.003,-879000000.0,17627000000,17627000000,0.0,4310000000.0,,29.332,543562000000,,,543562000000,0,561000000.0,24935000000,0.009,0.6,6204000000.0,6765000000.0,0.349,6765000000.0,6204000000.0,6204000000.0,7.86,7.43,7.86,21733000000,20514500000.0,21733000000,560117229427,90.0,82.796,-56466000000.0,-106.532,1.0,19400000000.0,1.0,4108000000,0.0,1181043000000,1035764750000.0,0,589724000000,,,637483000000,,,34182229427,2881000000.0,-893000000.0,-2476000000.0,53077000000.0,-398000000.0,60240000000.0,-1772000000.0,0.0,-55587000000.0,0.0,4242000000.0,4242000000.0,4242000000.0,0.0,68000000.0,0.219,13128000000.0,6272000000.0,51829000000,0.076,1.573,8.058,8.205,3677000000,0.0,64.49,1.762,1.762,35747000000,18915000000,19400000000.0,19400000000.0,0.0,0.007,0.207,0.006,0.32,1907000000.0,12090000000.0,1.0,530039222,530039222,,36.601,655108000000,0,1962000000.0,0,1235.961,
4,LEHMQ,ART,2007-06-30,2007-07-10,2007-05-31,2020-07-13,-5000000,605861000000,536356500000.0,,,0.036,39.807,-800000000.0,12447000000,12447000000,0.0,4339000000.0,,27.674,489075000000,,,489075000000,0,548000000.0,21697000000,0.008,0.57,6366000000.0,6914000000.0,0.359,6914000000.0,6366000000.0,6366000000.0,7.91,7.46,7.91,21129000000,19680250000.0,21129000000,514366852463,81.0,74.395,-42861000000.0,-80.75,1.0,19270000000.0,1.0,3652000000,0.0,1078837000000,950086500000.0,0,543072000000,,,584732000000,,,37738852463,836000000.0,-496000000.0,-2659000000.0,40617000000.0,-380000000.0,44193000000.0,-1296000000.0,0.0,-42061000000.0,0.0,4271000000.0,4271000000.0,4271000000.0,0.0,68000000.0,0.222,12836000000.0,6434000000.0,50471000000,0.072,1.786,8.836,8.989,3519000000,0.0,71.1,1.958,1.958,34289000000,18133000000,19270000000.0,19270000000.0,0.0,0.008,0.217,0.007,0.33,1837000000.0,11897000000.0,1.0,530785548,530785548,,36.305,602209000000,0,2095000000.0,0,1134.562,
5,LEHMQ,ART,2007-03-31,2007-04-09,2007-02-28,2020-07-13,-17000000,562283000000,498941750000.0,,,0.036,37.56,-681000000.0,10409000000,10409000000,0.0,4068000000.0,,27.107,448497000000,,,448497000000,0,529000000.0,23374000000,0.007,0.54,5986000000.0,6515000000.0,0.359,6515000000.0,5986000000.0,5986000000.0,7.39,6.94,7.39,20005000000,18893500000.0,20005000000,476590984570,80.0,73.153,-48581000000.0,-91.212,1.0,18169000000.0,1.0,3531000000,0.0,996840000000,881195750000.0,0,508300000000,,,542278000000,,,38502984570,-2566000000.0,-394000000.0,-2887000000.0,41333000000.0,-361000000.0,46409000000.0,-1075000000.0,0.0,-47900000000.0,0.0,4001000000.0,4001000000.0,4001000000.0,0.0,67000000.0,0.22,12116000000.0,6053000000.0,50733000000,0.073,1.925,9.623,9.782,3398000000,0.0,72.29,2.119,2.119,28725000000,16964000000,18169000000.0,18169000000.0,0.0,0.008,0.212,0.007,0.329,1744000000.0,11229000000.0,1.0,532618406,532618406,,34.113,558752000000,0,1985000000.0,0,1049.066,
6,LEHMQ,ART,2006-12-31,2007-02-13,2006-11-30,2020-07-13,-15000000,503545000000,468320000000.0,,,0.038,36.479,-586000000.0,12078000000,12078000000,0.0,4007000000.0,,25.239,398234000000,,,398234000000,0,514000000.0,21412000000,0.006,0.51,5886000000.0,6400000000.0,0.364,6400000000.0,5886000000.0,5886000000.0,7.26,6.81,7.26,19191000000,18265500000.0,19191000000,429731877489,73.0,67.146,-36962000000.0,-70.258,1.0,17583000000.0,1.0,3362000000,0.0,886339000000,826378250000.0,0,451752000000,,,484354000000,,,43575877489,1087000000.0,-206000000.0,-2041000000.0,33298000000.0,-342000000.0,38255000000.0,-792000000.0,0.0,-36376000000.0,0.0,3941000000.0,3941000000.0,3941000000.0,0.0,66000000.0,0.224,11678000000.0,5905000000.0,43912000000,0.07,2.271,11.057,11.409,3269000000,0.0,82.83,2.478,2.478,25919000000,15857000000,17583000000.0,17583000000.0,0.0,0.008,0.216,0.007,0.335,1706000000.0,10847000000.0,1.0,526088102,526088102,,33.422,500183000000,0,1945000000.0,0,950.759,
7,LEHMQ,ART,2006-09-30,2006-10-10,2006-08-31,2020-07-13,-17000000,473737000000,444949500000.0,,,0.038,34.706,-519000000.0,9903000000,9903000000,0.0,3826000000.0,,24.752,377860000000,,,377860000000,0,488000000.0,0,0.006,0.48,5616000000.0,6104000000.0,0.365,6104000000.0,5616000000.0,5616000000.0,6.895,6.47,6.895,18396000000,17666250000.0,18396000000,408002862786,73.0,66.842,-22976000000.0,-43.346,1.0,16740000000.0,1.0,3364000000,0.0,838330000000,785897250000.0,0,429705000000,,,455341000000,,,40045862786,-126000000.0,-244000000.0,-2096000000.0,25117000000.0,-331000000.0,23094000000.0,-763000000.0,0.0,-22457000000.0,0.0,3762000000.0,3762000000.0,3762000000.0,0.0,64000000.0,0.225,11107000000.0,5633000000.0,60589000000,0.07,2.177,10.645,10.957,3150000000,0.0,75.55,2.392,2.392,21307000000,14938000000,16740000000.0,16740000000.0,0.0,0.008,0.213,0.007,0.335,1900000000.0,10300000000.0,1.0,530057747,530057747,,31.581,470373000000,0,1854000000.0,0,887.4,
8,LEHMQ,ART,2006-06-30,2006-07-10,2006-05-31,2020-07-13,-16000000,456202000000,422589000000.0,,,0.039,33.473,-444000000.0,11267000000,11267000000,0.0,3789000000.0,,24.37,361636000000,,,361636000000,0,464000000.0,0,0.007,0.46,5544000000.0,6008000000.0,0.366,6008000000.0,5544000000.0,5544000000.0,6.785,6.37,6.785,17982000000,17150750000.0,17982000000,385019269524,69.0,64.084,-22118000000.0,-41.172,1.0,16414000000.0,1.0,3297000000,0.0,803274000000,746146250000.0,0,402726000000,,,438220000000,,,34650269525,-245000000.0,-144000000.0,-2069000000.0,24012000000.0,-320000000.0,22017000000.0,-588000000.0,0.0,-21674000000.0,0.0,3727000000.0,3727000000.0,3727000000.0,0.0,62000000.0,0.227,10855000000.0,5559000000.0,60596000000,0.068,1.927,9.297,9.506,3079000000,0.0,64.5,2.111,2.111,29885000000,14108000000,16414000000.0,16414000000.0,0.0,0.009,0.217,0.007,0.338,1929000000.0,10071000000.0,1.0,537213481,537213481,,30.554,452905000000,0,1817000000.0,0,843.063,
9,LEHMQ,ART,2006-03-31,2006-04-10,2006-02-28,2020-07-13,-16000000,439796000000,401187250000.0,,,0.038,32.671,-469000000.0,12251000000,12251000000,0.0,3470000000.0,,24.141,353307000000,,,353307000000,0,441000000.0,0,0.006,0.44,5056000000.0,5497000000.0,0.36,5497000000.0,5056000000.0,5056000000.0,6.16,5.81,6.16,17493000000,16624750000.0,17493000000,381293421565,75.0,69.364,-7679000000.0,-14.342,1.0,15281000000.0,1.0,3282000000,0.0,777570000000,707711500000.0,0,395527000000,,,422303000000,,,40237421565,751000000.0,-128000000.0,-1941000000.0,10949000000.0,-313000000.0,8558000000.0,-597000000.0,0.0,-7210000000.0,0.0,3405000000.0,3405000000.0,3405000000.0,0.0,65000000.0,0.223,10207000000.0,5074000000.0,55737000000,0.071,2.3,11.817,12.2,2966000000,0.0,75.15,2.633,2.633,19903000000,13192000000,15281000000.0,15281000000.0,0.0,0.008,0.205,0.007,0.331,1976000000.0,9433000000.0,1.0,535428098,535428098,,28.54,436514000000,0,1651000000.0,0,815.262,
10,LEHMQ,ART,2005-12-31,2006-02-13,2005-11-30,2020-07-13,-16000000,410063000000,382161250000.0,,,0.038,31.053,-409000000.0,10644000000,10644000000,0.0,3260000000.0,,23.417,328252000000,,,328252000000,0,426000000.0,0,0.006,0.42,4760000000.0,5186000000.0,0.354,5186000000.0,4760000000.0,4760000000.0,5.735,5.435,5.735,16794000000,16190000000.0,16794000000,354872995109,75.0,68.429,-7897000000.0,-14.602,1.0,14630000000.0,1.0,3256000000,0.0,724415000000,673461500000.0,0,367077000000,,,393269000000,,,37264995109,-540000000.0,-38000000.0,-1749000000.0,9556000000.0,-302000000.0,7395000000.0,-447000000.0,0.0,-7488000000.0,0.0,3191000000.0,3191000000.0,3191000000.0,0.0,69000000.0,0.218,9801000000.0,4829000000.0,49080000000,0.073,2.219,11.678,12.015,2885000000,0.0,68.905,2.547,2.547,20341000000,12198000000,14630000000.0,14630000000.0,0.0,0.008,0.197,0.007,0.325,2060000000.0,9053000000.0,1.0,540816996,540816996,,27.052,406807000000,0,1569000000.0,0,752.208,
11,LEHMQ,ART,2005-09-30,2005-10-11,2005-08-31,2020-07-13,-15000000,384295000000,368937500000.0,,,0.037,30.484,-433000000.0,8824000000,8824000000,0.0,3022000000.0,,22.527,307117000000,,,307117000000,0,427000000.0,0,0.007,0.4,4418000000.0,4845000000.0,0.351,4845000000.0,4418000000.0,4418000000.0,5.305,5.035,5.305,16334000000,15721500000.0,16334000000,327709401941,74.0,67.639,-11049000000.0,-20.621,1.0,13823000000.0,1.0,3262000000,0.0,679326000000,650287250000.0,0,349056000000,,,367961000000,,,29416401941,1461000000.0,-24000000.0,-1778000000.0,14210000000.0,-294000000.0,12534000000.0,-457000000.0,0.0,-10616000000.0,0.0,2949000000.0,2949000000.0,2949000000.0,0.0,73000000.0,0.213,9332000000.0,4491000000.0,45558000000,0.075,1.801,9.975,10.349,2893000000,0.0,54.9,2.128,2.128,15490000000,11448000000,13823000000.0,13823000000.0,0.0,0.008,0.188,0.007,0.32,1521000000.0,8604000000.0,1.0,535817886,535817886,,25.798,381033000000,0,1469000000.0,0,711.124,
12,LEHMQ,ART,2005-06-30,2005-07-11,2005-05-31,2020-07-13,-20000000,370595000000,358086250000.0,,,0.035,29.172,-354000000.0,8637000000,8637000000,0.0,2648000000.0,,22.34,290863000000,,,290863000000,0,427000000.0,0,0.007,0.38,3845000000.0,4272000000.0,0.339,4272000000.0,3845000000.0,3845000000.0,4.65,4.42,4.65,15878000000,15243250000.0,15878000000,310025112849,81.0,72.571,-5097000000.0,-9.365,1.0,12594000000.0,1.0,3286000000,0.0,649535000000,631457500000.0,0,333735000000,,,354717000000,,,27799112849,29000000.0,14000000.0,-1542000000.0,6460000000.0,-284000000.0,5112000000.0,-340000000.0,0.0,-4743000000.0,0.0,2572000000.0,2572000000.0,2572000000.0,0.0,76000000.0,0.204,8673000000.0,3921000000.0,50245000000,0.082,1.751,10.808,10.984,2914000000,0.0,51.075,2.207,2.207,16538000000,10643000000,12594000000.0,12594000000.0,0.0,0.007,0.169,0.006,0.305,1441000000.0,7969000000.0,1.0,544280232,544280232,,23.139,367309000000,0,1273000000.0,0,674.853,
13,LEHMQ,ART,2005-03-31,2005-04-11,2005-02-28,2020-07-13,-13000000,363692000000,352062250000.0,,,0.035,28.478,-270000000.0,10209000000,10209000000,0.0,2574000000.0,,22.086,290361000000,,,290361000000,0,425000000.0,0,0.008,0.36,3718000000.0,4143000000.0,0.338,4143000000.0,3718000000.0,3718000000.0,4.535,4.295,4.535,15754000000,14775250000.0,15754000000,306514284318,82.0,73.984,-6885000000.0,-12.446,1.0,12242000000.0,1.0,3274000000,0.0,640570000000,623040250000.0,0,325716000000,,,347938000000,,,26362284318,-91000000.0,4000000.0,-1520000000.0,7812000000.0,-269000000.0,6790000000.0,-266000000.0,0.0,-6615000000.0,0.0,2500000000.0,2500000000.0,2500000000.0,0.0,74000000.0,0.204,8450000000.0,3792000000.0,44733000000,0.079,1.673,10.545,10.508,2969000000,0.0,47.655,2.153,2.153,15832000000,10039000000,12242000000.0,12242000000.0,0.0,0.007,0.169,0.006,0.304,1332000000.0,7769000000.0,1.0,553190312,553190312,,22.13,360418000000,0,1218000000.0,0,651.526,
14,LEHMQ,ART,2004-12-31,2005-02-14,2004-11-30,2020-07-13,-19000000,357168000000,343155250000.0,,,0.034,27.009,-401000000.0,9525000000,9525000000,0.0,2369000000.0,,22.939,287359000000,,,287359000000,0,428000000.0,0,0.007,0.34,3422000000.0,3850000000.0,0.333,3850000000.0,3422000000.0,3422000000.0,4.18,3.95,4.18,14920000000,14280750000.0,14920000000,303758379415,89.0,78.898,-11311000000.0,-20.476,1.0,11576000000.0,1.0,3284000000,0.0,631718000000,609875250000.0,0,319046000000,,,342248000000,,,25924379415,-2482000000.0,-130000000.0,-1608000000.0,10191000000.0,-258000000.0,8959000000.0,-531000000.0,0.0,-10910000000.0,0.0,2297000000.0,2297000000.0,2297000000.0,0.0,72000000.0,0.198,8058000000.0,3518000000.0,39529000000,0.081,1.738,11.286,11.227,2988000000,0.0,46.93,2.239,2.239,16641000000,9240000000,11576000000.0,11576000000.0,0.0,0.007,0.161,0.006,0.296,1268000000.0,7378000000.0,1.0,552405272,552405272,,20.956,353884000000,0,1125000000.0,0,640.624,
15,LEHMQ,ART,2004-09-30,2004-10-15,2004-08-31,2020-07-13,-16000000,340890000000,331878500000.0,,,0.033,26.763,-433000000.0,7632000000,7632000000,0.0,2265000000.0,,22.638,274407000000,,,274407000000,0,415000000.0,0,0.009,0.36,3247000000.0,3662000000.0,0.333,3662000000.0,3247000000.0,3247000000.0,4.065,3.825,4.065,14421000000,13844250000.0,14421000000,288323088271,89.0,78.734,-12182000000.0,-22.608,1.0,10991000000.0,1.0,3658000000,0.0,604007000000,590709750000.0,0,307625000000,,,326469000000,,,21548088271,-9069000000.0,-709000000.0,-1878000000.0,5045000000.0,-245000000.0,3822000000.0,-1142000000.0,0.0,-11749000000.0,0.0,2196000000.0,2196000000.0,2196000000.0,0.0,69000000.0,0.2,7630000000.0,3361000000.0,38943000000,0.089,1.494,9.812,9.838,2931000000,0.0,39.99,1.961,1.961,13557000000,8720000000,10991000000.0,10991000000.0,0.0,0.007,0.159,0.005,0.295,1316000000.0,6984000000.0,1.0,538836916,538836916,,20.398,337232000000,0,1051000000.0,0,625.852,
16,LEHMQ,ART,2004-06-30,2004-07-14,2004-05-31,2020-07-13,-19000000,346499000000,319565500000.0,,,0.034,25.809,-461000000.0,9279000000,9279000000,0.0,2240000000.0,,23.739,282270000000,,,282270000000,0,375000000.0,0,0.011,0.4,3261000000.0,3636000000.0,0.339,3636000000.0,3261000000.0,3261000000.0,4.13,3.875,4.13,14006000000,12808000000.0,14006000000,292046848201,90.0,80.321,-7352000000.0,-13.548,1.0,10715000000.0,1.0,3624000000,0.0,615866000000,566349000000.0,0,305636000000,,,332493000000,,,19055848201,-325000000.0,-775000000.0,-1734000000.0,8688000000.0,-227000000.0,7802000000.0,-1236000000.0,0.0,-6891000000.0,0.0,2178000000.0,2178000000.0,2178000000.0,0.0,62000000.0,0.203,7328000000.0,3387000000.0,41098000000,0.097,1.361,8.749,8.502,2990000000,0.0,35.115,1.778,1.778,19517000000,8279000000,10715000000.0,10715000000.0,0.0,0.007,0.17,0.006,0.304,1241000000.0,6717000000.0,1.0,542669748,542669748,,19.745,342875000000,0,1083000000.0,0,631.83,
17,LEHMQ,ART,2004-03-31,2004-04-14,2004-02-29,2020-07-13,-17000000,328064000000,308543250000.0,,,0.033,24.875,-514000000.0,9655000000,9655000000,0.0,2068000000.0,,22.814,273111000000,,,273111000000,0,347000000.0,0,0.012,0.44,2993000000.0,3340000000.0,0.331,3340000000.0,2993000000.0,2993000000.0,3.94,3.705,3.94,13776000000,11715250000.0,13776000000,284622404092,95.0,85.216,-2201000000.0,-3.974,1.0,10080000000.0,1.0,3610000000,0.0,587910000000,548499250000.0,0,290909000000,,,314288000000,,,21166404092,2931000000.0,-767000000.0,-1353000000.0,6380000000.0,-203000000.0,5899000000.0,-1281000000.0,0.0,-1687000000.0,0.0,2012000000.0,2012000000.0,2012000000.0,0.0,56000000.0,0.2,6949000000.0,3131000000.0,32555000000,0.112,1.536,10.52,9.701,3047000000,0.0,38.22,2.1,2.1,15637000000,7734000000,10080000000.0,10080000000.0,0.0,0.007,0.172,0.005,0.297,1241000000.0,6312000000.0,1.0,553804398,553804398,,18.201,324454000000,0,981000000.0,0,585.864,
18,LEHMQ,ART,2003-12-31,2004-02-26,2003-11-30,2020-07-13,-16000000,312061000000,293600500000.0,,,0.029,23.758,-451000000.0,11022000000,11022000000,0.0,1699000000.0,,22.588,257578000000,,,257578000000,0,315000000.0,0,0.011,0.48,2414000000.0,2729000000.0,0.316,2729000000.0,2414000000.0,2414000000.0,3.355,3.175,3.355,13174000000,10560500000.0,13174000000,270535925669,112.0,99.134,2096000000.0,3.78,1.0,8647000000.0,1.0,3561000000,0.0,555056000000,523519000000.0,0,275852000000,,,297577000000,,,23979925669,4223000000.0,-657000000.0,-1191000000.0,3208000000.0,-178000000.0,2784000000.0,-1108000000.0,0.0,2547000000.0,0.0,1649000000.0,1649000000.0,1649000000.0,0.0,50000000.0,0.191,6111000000.0,2536000000.0,30733000000,0.143,1.82,14.542,12.89,2806000000,0.0,43.245,2.773,2.773,13684000000,7129000000,8647000000.0,8647000000.0,0.0,0.006,0.156,0.005,0.279,1168000000.0,5542000000.0,1.0,554513254,554513254,,15.594,308500000000,0,765000000.0,0,556.344,
19,LEHMQ,ART,2003-09-30,2003-10-15,2003-08-31,2020-07-13,-15000000,291638000000,280669250000.0,,,0.028,21.559,-361000000.0,16374000000,16374000000,0.0,1405000000.0,,27.282,231546000000,,,231546000000,0,290000000.0,0,0.013,0.45,1959000000.0,2249000000.0,0.285,2249000000.0,1959000000.0,1959000000.0,2.8,2.665,2.8,10276000000,9502500000.0,10276000000,232100388261,118.0,103.202,9349000000.0,19.614,1.0,7888000000.0,1.0,246000000,0.0,506564000000,504357000000.0,0,247333000000,,,280352000000,,,16928388261,9854000000.0,-54000000.0,-1129000000.0,1508000000.0,-165000000.0,559000000.0,-415000000.0,0.0,9710000000.0,0.0,1361000000.0,1361000000.0,1361000000.0,0.0,44000000.0,0.173,5820000000.0,2068000000.0,41589000000,0.161,1.647,12.438,12.684,2167000000,0.0,35.515,2.146,2.146,20558000000,6700000000,7888000000.0,7888000000.0,0.0,0.005,0.143,0.004,0.248,902000000.0,5177000000.0,1.0,476654604,476654604,,16.549,291392000000,0,598000000.0,0,611.327,
20,LEHMQ,ART,2003-06-30,2003-07-15,2003-05-31,2020-07-13,-2000000,302410000000,274063000000.0,,,0.025,19.914,-428000000.0,8690000000,8690000000,0.0,1119000000.0,,30.282,250982000000,,,250982000000,0,292000000.0,0,0.013,0.42,1484000000.0,1776000000.0,0.258,1776000000.0,1484000000.0,1484000000.0,2.21,2.11,2.21,9635000000,9160750000.0,9635000000,258379071924,174.0,145.484,19238000000.0,39.763,1.0,6888000000.0,1.0,235000000,0.0,544467000000,500292500000.0,0,267617000000,,,291765000000,,,16087071924,2828000000.0,-26000000.0,-1203000000.0,-15027000000.0,-154000000.0,-16384000000.0,-454000000.0,0.0,19666000000.0,0.0,1075000000.0,1075000000.0,1075000000.0,0.0,44000000.0,0.156,5300000000.0,1588000000.0,33848000000,0.19,1.67,14.965,15.045,2190000000,0.0,33.25,2.336,2.336,18548000000,6262000000,6888000000.0,6888000000.0,0.0,0.004,0.117,0.003,0.215,950000000.0,4679000000.0,1.0,483821712,483821712,,14.237,302175000000,0,409000000.0,0,624.559,
21,LEHMQ,ART,2003-03-31,2003-04-14,2003-02-28,2020-07-13,-18000000,268293000000,265407250000.0,,,0.024,18.876,-456000000.0,6064000000,6064000000,0.0,978000000.0,,28.222,225996000000,,,225996000000,0,284000000.0,0,0.013,0.39,1296000000.0,1580000000.0,0.252,1580000000.0,1296000000.0,1296000000.0,1.91,1.815,1.91,9157000000,8978500000.0,9157000000,234978022666,181.0,148.72,16849000000.0,34.732,1.0,6260000000.0,1.0,236000000,0.0,487989000000,487859250000.0,0,241031000000,,,258426000000,,,15046022667,568000000.0,-39000000.0,-1221000000.0,-14874000000.0,-147000000.0,-16242000000.0,-495000000.0,0.0,17305000000.0,0.0,934000000.0,934000000.0,934000000.0,0.0,44000000.0,0.149,4864000000.0,1396000000.0,26707000000,0.204,1.643,16.109,16.238,2128000000,0.0,31.015,2.404,2.404,13923000000,5909000000,6260000000.0,6260000000.0,0.0,0.004,0.104,0.003,0.207,941000000.0,4348000000.0,1.0,485120834,485120834,,12.904,268057000000,0,362000000.0,0,552.557,
22,LEHMQ,ART,2002-12-31,2003-02-28,2002-11-30,2020-07-13,-13000000,260336000000,263349250000.0,,,0.023,18.436,-504000000.0,6502000000,6502000000,0.0,975000000.0,,28.034,224787000000,,,224787000000,0,258000000.0,0,0.014,0.39,1274000000.0,1532000000.0,0.249,1532000000.0,1274000000.0,1274000000.0,1.845,1.735,1.845,8942000000,8851250000.0,8942000000,231713281626,182.0,151.249,23955000000.0,49.388,1.0,6155000000.0,1.0,213000000,0.0,478408000000,483516750000.0,0,234116000000,,,250684000000,,,13428281626,1138000000.0,-31000000.0,-1242000000.0,-21379000000.0,-165000000.0,-22786000000.0,-535000000.0,0.0,24459000000.0,0.0,906000000.0,906000000.0,906000000.0,0.0,69000000.0,0.147,4756000000.0,1399000000.0,19264000000,0.211,1.502,14.822,15.005,2075000000,0.0,27.685,2.182,2.182,12054000000,5608000000,6155000000.0,6155000000.0,0.0,0.003,0.102,0.003,0.207,917000000.0,4253000000.0,1.0,485038166,485038166,,12.69,260123000000,0,368000000.0,0,536.294,
23,LEHMQ,ART,2002-09-30,2002-10-15,2002-08-31,2020-07-13,-17000000,265213000000,260219250000.0,,,0.022,18.76,-1498000000.0,4411000000,4411000000,0.0,918000000.0,,28.689,229700000000,,,229700000000,0,218000000.0,0,0.013,0.34,1136000000.0,1354000000.0,0.233,1354000000.0,1136000000.0,1136000000.0,1.73,1.62,1.73,8909000000,8730500000.0,8909000000,238056327424,210.0,175.817,14790000000.0,31.144,1.0,5819000000.0,1.0,196000000,0.0,490306000000,474812500000.0,0,245576000000,,,255594000000,,,12767327424,-1441000000.0,-31000000.0,-900000000.0,-13889000000.0,-152000000.0,-16200000000.0,-1529000000.0,0.0,16288000000.0,0.0,850000000.0,850000000.0,850000000.0,0.0,68000000.0,0.146,4559000000.0,1260000000.0,15876000000,0.197,1.433,15.02,15.54,1973000000,0.0,26.885,2.194,2.194,8698000000,5458000000,5819000000.0,5819000000.0,0.0,0.003,0.097,0.002,0.195,1314000000.0,4034000000.0,1.0,474886644,474886644,,12.253,265017000000,0,286000000.0,0,558.064,
24,LEHMQ,ART,2002-06-30,2002-07-15,2002-05-31,2020-07-13,-19000000,267787000000,254750250000.0,,,0.024,18.286,-1462000000.0,4106000000,4106000000,0.0,1032000000.0,,28.988,231249000000,,,231249000000,0,213000000.0,0,0.009,0.25,1302000000.0,1515000000.0,0.248,1515000000.0,1302000000.0,1302000000.0,1.98,1.84,1.98,8906000000,8531000000.0,8906000000,241228284948,185.0,159.227,6615000000.0,13.582,1.0,6100000000.0,1.0,196000000,0.0,494734000000,461805500000.0,0,248508000000,,,258171000000,,,14085284948,-257000000.0,-31000000.0,-1115000000.0,-4259000000.0,-208000000.0,-6841000000.0,-1493000000.0,0.0,8077000000.0,0.0,964000000.0,964000000.0,964000000.0,0.0,68000000.0,0.158,4674000000.0,1426000000.0,16280000000,0.126,1.582,14.611,14.606,1722000000,0.0,28.92,2.309,2.309,9065000000,5299000000,6100000000.0,6100000000.0,0.0,0.004,0.113,0.003,0.213,1236000000.0,4156000000.0,1.0,487043048,487043048,,12.525,267591000000,0,338000000.0,0,549.42,
25,LEHMQ,ART,2002-03-31,2002-04-15,2002-02-28,2020-07-13,-11000000,260061000000,246787500000.0,,,0.026,17.718,-1392000000.0,5845000000,5845000000,0.0,1166000000.0,,28.99,216585000000,,,216585000000,0,188000000.0,0,0.005,0.16,1441000000.0,1629000000.0,0.252,1629000000.0,1441000000.0,1441000000.0,2.16,1.99,2.16,8648000000,8299250000.0,8648000000,225580205331,157.0,138.478,7966000000.0,16.321,1.0,6459000000.0,1.0,182000000,0.0,470619000000,444478250000.0,0,223584000000,,,250703000000,,,14840205331,-12000000.0,-16000000.0,-1222000000.0,-5290000000.0,-191000000.0,-7962000000.0,-1408000000.0,0.0,9358000000.0,0.0,1048000000.0,1048000000.0,1048000000.0,0.0,118000000.0,0.162,4844000000.0,1615000000.0,13441000000,0.074,1.716,14.161,14.076,1636000000,0.0,30.405,2.298,2.298,13666000000,5039000000,6459000000.0,6459000000.0,0.0,0.004,0.126,0.003,0.223,1138000000.0,4325000000.0,1.0,488084372,488084372,,13.233,259879000000,0,393000000.0,0,532.447,
26,LEHMQ,ART,2001-12-31,2002-02-28,2001-11-30,2020-07-13,-10000000,247816000000,240844000000.0,,,0.028,17.846,-1341000000.0,5850000000,5850000000,0.0,1255000000.0,,28.212,201792000000,,,201792000000,0,174000000.0,0,0.006,0.16,1598000000.0,1772000000.0,0.263,1772000000.0,1598000000.0,1598000000.0,2.385,2.19,2.385,8459000000,8074000000.0,8459000000,209332481807,131.0,118.133,5338000000.0,11.262,1.0,6736000000.0,1.0,167000000,0.0,443591000000,432447250000.0,0,209079000000,,,238647000000,,,13390481807,-2599000000.0,0.0,-1622000000.0,-4793000000.0,-163000000.0,-7937000000.0,-1341000000.0,0.0,6679000000.0,0.0,1161000000.0,1161000000.0,1161000000.0,0.0,94000000.0,0.172,4988000000.0,1748000000.0,16636000000,0.067,1.583,11.534,11.845,1495000000,0.0,28.25,1.988,1.988,15578000000,4798000000,6736000000.0,6736000000.0,0.0,0.005,0.144,0.004,0.237,1093000000.0,4471000000.0,1.0,473999356,473999356,,14.211,247649000000,0,437000000.0,0,522.467,
27,LEHMQ,ART,2001-09-30,2001-10-15,2001-08-31,2020-07-13,-9000000,243337000000,235070000000.0,,,0.031,17.018,-405000000.0,6019000000,6019000000,0.0,1524000000.0,,28.913,201131000000,,,201131000000,0,173000000.0,0,0.0,0.0,2034000000.0,2207000000.0,0.305,2207000000.0,2034000000.0,2034000000.0,2.95,2.692,2.95,8111000000,7904500000.0,8111000000,209839304311,103.0,95.079,6855000000.0,14.383,1.0,7231000000.0,1.0,171000000,0.0,438278000000,422090250000.0,0,210882000000,,,234516000000,,,14727304311,-1479000000.0,-41000000.0,-2146000000.0,-5883000000.0,-164000000.0,-8293000000.0,-446000000.0,0.0,7260000000.0,0.0,1427000000.0,1427000000.0,1427000000.0,0.0,97000000.0,0.197,5044000000.0,2187000000.0,12385000000,0.0,1.816,10.32,10.475,893000000,0.0,30.9,2.037,2.037,9098000000,4698000000,7231000000.0,7231000000.0,0.0,0.006,0.181,0.005,0.281,617000000.0,4654000000.0,1.0,476611790,476611790,,15.172,243166000000,0,607000000.0,0,510.197,
28,LEHMQ,ART,2001-06-30,2001-07-16,2001-05-31,2020-07-13,-11000000,235936000000,230652750000.0,,,0.033,16.558,-423000000.0,5270000000,5270000000,0.0,1673000000.0,,28.481,194933000000,,,194933000000,0,134000000.0,0,0.0,0.0,2271000000.0,2405000000.0,0.314,2405000000.0,2271000000.0,2271000000.0,3.245,2.96,3.245,7979000000,7761750000.0,7979000000,207432053674,91.0,86.25,-7368000000.0,-15.29,1.0,7655000000.0,1.0,174000000,0.0,425425000000,413386000000.0,0,205331000000,,,227247000000,,,17769053674,-3977000000.0,-41000000.0,-1626000000.0,7692000000.0,-98000000.0,5868000000.0,-464000000.0,0.0,-6945000000.0,0.0,1575000000.0,1575000000.0,1575000000.0,0.0,98000000.0,0.206,5230000000.0,2425000000.0,12826000000,0.0,2.227,11.282,11.364,843000000,0.0,36.875,2.321,2.321,10268000000,4419000000,7655000000.0,7655000000.0,0.0,0.007,0.203,0.005,0.297,578000000.0,4847000000.0,1.0,481872642,481872642,,15.886,235762000000,0,696000000.0,0,489.262,
29,LEHMQ,ART,2001-03-31,2001-04-16,2001-02-28,2020-07-13,-10000000,236287000000,230027000000.0,,,0.032,15.715,-398000000.0,5823000000,5823000000,0.0,1621000000.0,,29.409,192208000000,,,192208000000,0,116000000.0,0,0.0,0.0,2253000000.0,2369000000.0,0.321,2369000000.0,2253000000.0,2253000000.0,3.225,2.962,3.225,7747000000,7541000000.0,7747000000,202710143437,90.0,85.568,-20538000000.0,-41.661,1.0,7388000000.0,1.0,177000000,0.0,422495000000,411886000000.0,0,201584000000,,,227830000000,,,16325143437,-254000000.0,-41000000.0,-1645000000.0,21926000000.0,-106000000.0,20325000000.0,-439000000.0,0.0,-20140000000.0,0.0,1572000000.0,1572000000.0,1572000000.0,0.0,49000000.0,0.213,5030000000.0,2358000000.0,16363000000,0.0,2.107,10.385,10.268,755000000,0.0,33.115,2.21,2.21,12605000000,4069000000,7388000000.0,7388000000.0,0.0,0.007,0.208,0.005,0.305,579000000.0,4657000000.0,1.0,492983344,492983344,,14.986,236110000000,0,681000000.0,0,478.941,
30,LEHMQ,ART,2000-12-31,2001-02-28,2000-11-30,2020-07-13,-8000000,224720000000,224427500000.0,,,0.034,15.551,-287000000.0,7594000000,7594000000,0.0,1775000000.0,,27.77,185217000000,,,185217000000,0,102000000.0,0,0.0,0.0,2427000000.0,2529000000.0,0.328,2529000000.0,2427000000.0,2427000000.0,3.445,3.19,3.445,7781000000,7250750000.0,7781000000,194797186770,80.0,77.025,-15020000000.0,-30.02,1.0,7707000000.0,1.0,180000000,0.0,402163000000,402181750000.0,0,194484000000,,,216079000000,,,17174186770,-26000000.0,-41000000.0,-1104000000.0,16126000000.0,-149000000.0,15035000000.0,-328000000.0,0.0,-14733000000.0,0.0,1679000000.0,1679000000.0,1679000000.0,0.0,96000000.0,0.218,5128000000.0,2579000000.0,13559000000,0.0,2.207,10.229,9.964,671000000,0.0,34.325,2.228,2.228,9247000000,3713000000,7707000000.0,7707000000.0,0.0,0.007,0.232,0.006,0.315,520000000.0,4773000000.0,1.0,500340474,500340474,,15.404,224540000000,0,748000000.0,0,448.774,
31,LEHMQ,ART,2000-09-30,2000-10-16,2000-08-31,2020-07-13,-8000000,225668000000,216308500000.0,,,0.034,15.807,-167000000.0,8026000000,8026000000,0.0,1678000000.0,,28.835,185952000000,,,185952000000,0,89000000.0,0,0.0,0.0,2315000000.0,2404000000.0,0.324,2404000000.0,2315000000.0,2315000000.0,3.237,3.025,3.237,7540000000,6876250000.0,7540000000,192541717908,83.0,80.092,-4528000000.0,-9.493,1.0,7420000000.0,1.0,133000000,0.0,403461000000,387585250000.0,0,192117000000,,,217418000000,,,14615717908,179000000.0,0.0,-455000000.0,5214000000.0,-144000000.0,4707000000.0,-167000000.0,0.0,-4361000000.0,0.0,1585000000.0,1585000000.0,1585000000.0,0.0,93000000.0,0.214,4956000000.0,2464000000.0,14410000000,0.0,1.938,9.221,9.466,561000000,0.0,30.64,1.97,1.97,11057000000,3346000000,7420000000.0,7420000000.0,0.0,0.007,0.231,0.006,0.312,415000000.0,4623000000.0,1.0,477006508,477006508,,15.555,225535000000,0,730000000.0,0,472.813,
32,LEHMQ,ART,2000-06-30,2000-07-17,2000-05-31,2020-07-13,-10000000,233433000000,210428750000.0,,,0.032,14.613,-91000000.0,6731000000,6731000000,0.0,1511000000.0,,31.796,192857000000,,,192857000000,0,88000000.0,0,0.0,0.0,2059000000.0,2147000000.0,0.319,2147000000.0,2059000000.0,2059000000.0,2.897,2.737,2.897,7096000000,6478750000.0,7096000000,199631501356,97.0,92.982,5026000000.0,10.35,1.0,6724000000.0,1.0,134000000,0.0,419425000000,379370250000.0,0,198609000000,,,225627000000,,,13505501356,2399000000.0,0.0,-491000000.0,-4474000000.0,-140000000.0,-5063000000.0,-91000000.0,0.0,5117000000.0,0.0,1419000000.0,1419000000.0,1419000000.0,0.0,92000000.0,0.211,4516000000.0,2208000000.0,17056000000,0.0,1.903,9.518,9.6,491000000,0.0,27.813,2.009,2.009,12831000000,2916000000,6724000000.0,6724000000.0,0.0,0.007,0.219,0.005,0.306,416000000.0,4195000000.0,1.0,485591060,485591060,,13.847,233299000000,0,640000000.0,0,480.443,
33,LEHMQ,ART,2000-03-31,2000-04-14,2000-02-29,2020-07-13,-13000000,213889000000,199956250000.0,,,0.032,13.625,-70000000.0,5966000000,5966000000,0.0,1462000000.0,,31.369,175891000000,,,175891000000,0,88000000.0,0,0.0,0.0,1921000000.0,2009000000.0,0.313,2009000000.0,1921000000.0,1921000000.0,2.707,2.567,2.707,6586000000,6140500000.0,6586000000,179063762009,93.0,89.131,14800000000.0,30.618,1.0,6424000000.0,1.0,136000000,0.0,383678000000,362453750000.0,0,179408000000,,,206593000000,,,9138762009,-881000000.0,0.0,-327000000.0,-15279000000.0,-141000000.0,-15681000000.0,-70000000.0,0.0,14870000000.0,0.0,1321000000.0,1321000000.0,1321000000.0,0.0,141000000.0,0.206,4308000000.0,2116000000.0,14435000000,0.0,1.388,6.918,6.984,479000000,0.0,18.906,1.423,1.423,11345000000,2563000000,6424000000.0,6424000000.0,0.0,0.007,0.215,0.005,0.299,384000000.0,3986000000.0,1.0,483372536,483372536,,13.29,213753000000,0,600000000.0,0,442.212,
34,LEHMQ,ART,1999-12-31,2000-02-28,1999-11-30,2020-07-13,-2000000,192244000000,191310250000.0,,,0.028,13.003,-73000000.0,7175000000,7175000000,0.0,1132000000.0,,29.484,158846000000,,,158846000000,0,88000000.0,0,0.0,0.0,1494000000.0,1582000000.0,0.296,1582000000.0,1494000000.0,1494000000.0,2.132,2.038,2.132,6283000000,5903750000.0,6283000000,159862636185,107.0,101.051,6171000000.0,12.771,1.0,5340000000.0,1.0,138000000,0.0,343777000000,347998750000.0,0,160372000000,,,185251000000,,,8191636185,2131000000.0,0.0,-248000000.0,-4123000000.0,-139000000.0,-4040000000.0,-73000000.0,0.0,6244000000.0,0.0,1037000000.0,1037000000.0,1037000000.0,0.0,95000000.0,0.194,3709000000.0,1631000000.0,12155000000,0.0,1.304,7.899,7.952,485000000,0.0,16.953,1.534,1.534,11006000000,2094000000,5340000000.0,5340000000.0,0.0,0.005,0.176,0.004,0.28,363000000.0,3387000000.0,1.0,483193144,483193144,,11.051,192106000000,0,457000000.0,0,397.576,
35,LEHMQ,ART,1999-09-30,1999-10-14,1999-08-31,2020-07-13,5000000,202149000000,181721750000.0,,,0.025,12.394,-97000000.0,5997000000,5997000000,0.0,904000000.0,,32.855,174589000000,,,174589000000,0,95000000.0,0,0.0,0.0,1161000000.0,1256000000.0,0.273,1256000000.0,1161000000.0,1161000000.0,1.657,1.595,1.657,5950000000,5686250000.0,5950000000,175942858480,152.0,140.082,-545000000.0,-1.135,1.0,4594000000.0,1.0,140000000,0.0,370601000000,330834750000.0,0,172656000000,,,195489000000,,,7350858480,56000000.0,0.0,-287000000.0,588000000.0,-190000000.0,601000000.0,-97000000.0,0.0,-448000000.0,0.0,807000000.0,807000000.0,807000000.0,0.0,97000000.0,0.176,3308000000.0,1286000000.0,9085000000,0.0,1.235,9.109,9.241,489000000,0.0,15.313,1.6,1.6,11643000000,1817000000,4594000000.0,4594000000.0,0.0,0.004,0.142,0.004,0.253,372000000.0,2896000000.0,1.0,480056064,480056064,,9.57,202009000000,0,354000000.0,0,420.803,
36,LEHMQ,ART,1999-06-30,1999-07-15,1999-05-31,2020-07-13,13000000,191543000000,178953000000.0,,,0.023,11.978,-118000000.0,4920000000,4920000000,0.0,765000000.0,,32.229,165269000000,,,165269000000,0,95000000.0,0,0.0,0.0,965000000.0,1060000000.0,0.254,1060000000.0,965000000.0,965000000.0,1.37,1.32,1.37,5743000000,5536000000.0,5743000000,167540764880,174.0,158.057,-7678000000.0,-16.014,1.0,4168000000.0,1.0,133000000,0.0,351759000000,323579000000.0,0,162955000000,,,185090000000,,,7191764880,-1220000000.0,0.0,-321000000.0,6233000000.0,-190000000.0,6458000000.0,-118000000.0,0.0,-7560000000.0,0.0,667000000.0,667000000.0,667000000.0,0.0,98000000.0,0.16,3092000000.0,1076000000.0,8193000000,0.0,1.252,10.782,10.949,493000000,0.0,15.0,1.725,1.725,11444000000,1550000000,4168000000.0,4168000000.0,0.0,0.004,0.12,0.003,0.232,319000000.0,2571000000.0,1.0,479450992,479450992,,8.693,191410000000,0,298000000.0,0,399.227,
37,LEHMQ,ART,1999-03-31,1999-04-14,1999-02-28,2020-07-13,10000000,179305000000,175834000000.0,,,0.024,11.565,-124000000.0,4942000000,4942000000,0.0,760000000.0,,30.74,151655000000,,,151655000000,0,93000000.0,0,0.0,0.0,991000000.0,1084000000.0,0.259,1084000000.0,991000000.0,991000000.0,1.375,1.33,1.375,5639000000,5371250000.0,5639000000,154256163540,156.0,142.303,-5938000000.0,-12.178,1.0,4186000000.0,1.0,160000000,0.0,325858000000,314946500000.0,0,152744000000,,,173341000000,,,7543163540,533000000.0,0.0,-342000000.0,6281000000.0,-178000000.0,6471000000.0,-124000000.0,0.0,-5814000000.0,0.0,667000000.0,667000000.0,667000000.0,0.0,93000000.0,0.159,3100000000.0,1086000000.0,10265000000,0.0,1.338,11.309,11.545,501000000,0.0,15.875,1.802,1.849,9213000000,1299000000,4186000000.0,4186000000.0,0.0,0.004,0.124,0.003,0.237,268000000.0,2474000000.0,1.0,475159908,487600000,503200000.0,8.585,179145000000,0,324000000.0,0,367.402,
38,LEHMQ,ART,1998-12-31,1999-02-26,1998-11-30,2020-07-13,15000000,153890000000,174918500000.0,,,0.024,11.193,-119000000.0,4238000000,4238000000,0.0,736000000.0,,27.43,125632000000,,,125632000000,0,91000000.0,0,0.0,0.0,965000000.0,1056000000.0,0.257,1056000000.0,965000000.0,965000000.0,1.343,1.298,1.343,5413000000,5132250000.0,5413000000,127722791533,132.0,120.95,-10179000000.0,-21.048,1.0,4113000000.0,1.0,163000000,0.0,275121000000,312933750000.0,0,125839000000,,,148477000000,,,6328791533,1370000000.0,0.0,-350000000.0,11627000000.0,-122000000.0,11549000000.0,-119000000.0,0.0,-10060000000.0,0.0,649000000.0,649000000.0,649000000.0,0.0,87000000.0,0.158,3061000000.0,1052000000.0,10525000000,0.0,1.169,9.752,9.866,505000000,0.0,13.25,1.539,1.558,10056000000,1105000000,4113000000.0,4113000000.0,0.0,0.004,0.126,0.003,0.235,221000000.0,2339000000.0,1.0,477644644,483600000,500000000.0,8.505,153727000000,0,316000000.0,0,317.88,
39,LEHMQ,ART,1998-09-30,1998-10-15,1998-08-31,2020-07-13,5000000,191074000000,174372250000.0,,,,11.006,,6337000000,6337000000,,,,34.721,157006000000,,,157006000000,0,,0,0.0,0.0,,,,,,,,,,5349000000,4909750000.0,5349000000,154525335998,,,,,1.0,,,165000000,,341578000000,311790750000.0,0,159099000000,,,185725000000,,,3856335998,,,,,,,,,,,,,,,,,,,16041000000,,0.721,,,483000000,,8.313,,,11757000000,1053000000,,,,,,,,,,1.0,463920120,486000000,,,190909000000,0,,0,392.817,
40,LEHMQ,ART,1998-06-30,1998-07-15,1998-05-31,2020-07-13,-11000000,179067000000,,,,,10.539,,6520000000,6520000000,,,,34.222,144842000000,,,144842000000,0,,0,0.0,0.0,,,,,,,,,,5084000000,,5084000000,147800313400,,,,,1.0,,,160000000,,317229000000,,0,150215000000,,,173983000000,,,9478313400,,,,,,,,,,,,,,,,,,,15630000000,,1.864,,,465000000,,20.031,,,10014000000,928000000,,,,,,,,,,1.0,473176332,482400000,,,178907000000,0,,0,370.869,
41,LEHMQ,ART,1998-03-31,1998-04-14,1998-02-28,2020-07-13,0,175643000000,,,,,9.708,,4281000000,4281000000,,,,36.507,146607000000,,,146607000000,0,,0,0.0,0.0,,,,,,,,,,4683000000,,4683000000,152216229053,,,,,1.0,,,162000000,,317807000000,,0,148893000000,,,170960000000,,,9890229053,,,,,,,,,,,,,,,,,,,13806000000,,2.112,,,463000000,,20.859,,,10772000000,668000000,,,,,,,,,,1.0,474138208,482400000,,,175481000000,0,,0,363.767,
42,LEHMQ,ART,1997-12-31,1998-02-27,1997-11-30,2020-07-13,12000000,151705000000,,,,,9.337,-74000000.0,2834000000,2834000000,0.0,647000000.0,,32.541,121842000000,,,121842000000,0,86000000.0,0,0.0,0.0,862000000.0,948000000.0,0.245,948000000.0,862000000.0,862000000.0,1.18,1.18,1.18,4523000000,,4523000000,126540890120,147.0,133.482,-4519000000.0,-9.329,1.0,3873000000.0,1.0,164000000,0.0,270549000000,,0,126261000000,,,147182000000,,,7532890120,-464000000.0,0.0,-54000000.0,4167000000.0,-58000000.0,4055000000.0,-74000000.0,0.0,-4445000000.0,0.0,572000000.0,572000000.0,572000000.0,0.0,75000000.0,0.148,2936000000.0,937000000.0,13857000000,0.0,1.665,13.169,13.4,468000000,0.0,15.813,1.945,1.978,11298000000,498000000,3873000000.0,3873000000.0,0.0,,,,0.223,0.0,2208000000.0,1.0,476388308,484400000,484400000.0,7.995,151541000000,0,290000000.0,0,312.843,
