None,ticker,dimension,calendardate,datekey,reportperiod,lastupdated,accoci,assets,assetsavg,assetsc,assetsnc,assetturnover,bvps,capex,cashneq,cashnequsd,cor,consolinc,currentratio,de,debt,debtc,debtnc,debtusd,deferredrev,depamor,deposits,divyield,dps,ebit,ebitda,ebitdamargin,ebitdausd,ebitusd,ebt,eps,epsdil,epsusd,equity,equityavg,equityusd,ev,evebit,evebitda,fcf,fcfps,fxusd,gp,grossmargin,intangibles,intexp,invcap,invcapavg,inventory,investments,investmentsc,investmentsnc,liabilities,liabilitiesc,liabilitiesnc,marketcap,ncf,ncfbus,ncfcommon,ncfdebt,ncfdiv,ncff,ncfi,ncfinv,ncfo,ncfx,netinc,netinccmn,netinccmnusd,netincdis,netincnci,netmargin,opex,opinc,payables,payoutratio,pb,pe,pe1,ppnenet,prefdivis,price,ps,ps1,receivables,retearn,revenue,revenueusd,rnd,roa,roe,roic,ros,sbcomp,sgna,sharefactor,sharesbas,shareswa,shareswadil,sps,tangibles,taxassets,taxexp,taxliabilities,tbvps,workingcapital
0,CPRI,MRY,2021-12-31,2021-03-27,2021-03-27,2021-08-02,56000000.0,7481000000.0,7645500000.0,1546000000.0,5935000000.0,0.531,14.343,-111000000.0,232000000.0,232000000.0,1463000000.0,-63000000.0,0.954,2.467,3446000000.0,570000000.0,2876000000.0,3446000000.0,0.0,212000000.0,0.0,0.0,0.0,47000000.0,259000000.0,0.064,259000000.0,47000000.0,4000000.0,-0.41,-0.41,-0.41,2158000000.0,2179750000.0,2158000000.0,10934396752.0,233.0,42.218,513000000.0,3.41,1.0,2597000000.0,0.64,3490000000.0,43000000.0,5584000000.0,6006500000.0,736000000.0,0.0,0.0,0.0,5324000000.0,1621000000.0,3703000000.0,7579396752.0,-358000000.0,-13000000.0,2000000.0,-872000000.0,0.0,-870000000.0,-124000000.0,0.0,624000000.0,12000000.0,-62000000.0,-62000000.0,-62000000.0,0.0,-1000000.0,-0.015,2578000000.0,19000000.0,512000000.0,0.0,3.512,-122.248,-122.39,1989000000.0,0.0,50.18,1.867,1.86,373000000.0,4270000000.0,4060000000.0,4060000000.0,0.0,-0.008,-0.028,0.008,0.012,75000000.0,2018000000.0,1.0,151044176.0,150453568,150453568.0,26.985,3991000000.0,278000000.0,66000000.0,523000000.0,26.526,-75000000.0
1,CPRI,MRY,2020-12-31,2020-03-28,2020-03-28,2021-08-02,75000000.0,7946000000.0,8243000000.0,1894000000.0,6052000000.0,0.673,14.378,-223000000.0,592000000.0,592000000.0,2280000000.0,-225000000.0,1.352,2.666,4367000000.0,597000000.0,3770000000.0,4367000000.0,0.0,249000000.0,0.0,0.0,0.0,-195000000.0,54000000.0,0.01,54000000.0,-195000000.0,-213000000.0,-1.48,-1.48,-1.48,2167000000.0,2375500000.0,2167000000.0,5779094183.0,-30.0,107.02,636000000.0,4.22,1.0,3271000000.0,0.589,3474000000.0,18000000.0,6846000000.0,6838250000.0,827000000.0,0.0,0.0,0.0,5778000000.0,1401000000.0,4377000000.0,1743094183.0,420000000.0,-13000000.0,-102000000.0,-395000000.0,0.0,-497000000.0,62000000.0,298000000.0,859000000.0,-4000000.0,-223000000.0,-223000000.0,-223000000.0,0.0,-2000000.0,-0.04,3463000000.0,-192000000.0,428000000.0,0.0,0.804,-7.817,-7.885,2186000000.0,0.0,11.67,0.314,0.317,308000000.0,4332000000.0,5551000000.0,5551000000.0,0.0,-0.027,-0.094,-0.029,-0.035,72000000.0,2464000000.0,1.0,149365397.0,150714598,150714598.0,36.831,4472000000.0,225000000.0,10000000.0,507000000.0,29.672,493000000.0
2,CPRI,MRY,2019-12-31,2019-03-30,2019-03-30,2021-08-02,-66000000.0,6650000000.0,5186625000.0,1729000000.0,4921000000.0,1.01,16.219,-181000000.0,172000000.0,172000000.0,2058000000.0,542000000.0,1.121,1.735,2566000000.0,630000000.0,1936000000.0,2566000000.0,0.0,225000000.0,0.0,0.0,0.0,660000000.0,885000000.0,0.169,885000000.0,660000000.0,622000000.0,3.62,3.58,3.62,2429000000.0,2227575000.0,2429000000.0,9164514470.0,14.0,10.355,513000000.0,3.425,1.0,3180000000.0,0.607,3952000000.0,38000000.0,3550000000.0,2997000000.0,953000000.0,0.0,0.0,0.0,4214000000.0,1542000000.0,2672000000.0,6894914470.0,9000000.0,-1952000000.0,-178000000.0,1629000000.0,0.0,1451000000.0,-2125000000.0,11000000.0,694000000.0,-11000000.0,543000000.0,543000000.0,543000000.0,0.0,-1000000.0,0.104,2445000000.0,735000000.0,371000000.0,0.0,2.839,12.698,12.638,615000000.0,0.0,45.75,1.316,1.308,383000000.0,4707000000.0,5238000000.0,5238000000.0,0.0,0.105,0.244,0.22,0.126,36000000.0,2075000000.0,1.0,150708513.0,149765468,151614350.0,34.975,2698000000.0,112000000.0,79000000.0,472000000.0,18.015,187000000.0
3,CPRI,MRY,2018-12-31,2018-03-31,2018-03-31,2021-08-02,51000000.0,4059000000.0,3305125000.0,1262000000.0,2797000000.0,1.428,13.252,-120000000.0,163000000.0,163000000.0,1860000000.0,592000000.0,1.315,1.009,875000000.0,200000000.0,675000000.0,875000000.0,0.0,208000000.0,0.0,0.0,0.0,764000000.0,972000000.0,0.206,972000000.0,764000000.0,742000000.0,3.89,3.82,3.89,2018000000.0,1870200000.0,2018000000.0,10123020589.0,13.0,10.415,942000000.0,6.186,1.0,2859000000.0,0.606,2084000000.0,22000000.0,1727000000.0,1598300000.0,661000000.0,0.0,0.0,0.0,2037000000.0,960000000.0,1077000000.0,9447620589.0,-67000000.0,-1410000000.0,-347000000.0,736000000.0,0.0,389000000.0,-1533000000.0,0.0,1062000000.0,15000000.0,592000000.0,592000000.0,592000000.0,0.0,0.0,0.125,2110000000.0,749000000.0,294000000.0,0.0,4.682,15.959,15.959,583000000.0,0.0,62.08,2.002,2.003,290000000.0,4152000000.0,4719000000.0,4719000000.0,0.0,0.179,0.317,0.478,0.162,43000000.0,1767000000.0,1.0,152184610.0,152283586,155102885.0,30.988,1975000000.0,56000000.0,150000000.0,264000000.0,12.969,302000000.0
4,CPRI,MRY,2017-12-31,2017-04-01,2017-04-01,2021-08-02,-80600000.0,2409600000.0,2656650000.0,1164700000.0,1244900000.0,1.692,9.595,-165000000.0,227700000.0,227700000.0,1833000000.0,552000000.0,2.059,0.511,133100000.0,133100000.0,0.0,133100000.0,0.0,220000000.0,0.0,0.0,0.0,694000000.0,914000000.0,0.203,914000000.0,694000000.0,690000000.0,3.33,3.29,3.33,1592600000.0,1719950000.0,1592600000.0,5969779407.0,9.0,6.531,870000000.0,5.241,1.0,2661000000.0,0.592,537800000.0,4000000.0,1211400000.0,1341975000.0,549300000.0,0.0,0.0,0.0,814600000.0,565800000.0,248800000.0,6190779407.0,-472000000.0,-481000000.0,-997000000.0,147000000.0,0.0,-850000000.0,-651000000.0,0.0,1035000000.0,-6000000.0,553000000.0,553000000.0,553000000.0,0.0,-1000000.0,0.123,1971000000.0,690000000.0,176300000.0,0.0,3.887,11.195,11.444,591500000.0,0.0,38.11,1.378,1.408,265800000.0,3560300000.0,4494000000.0,4494000000.0,0.0,0.208,0.322,0.517,0.154,27000000.0,1541000000.0,1.0,162445012.0,165986733,168123813.0,27.074,1871800000.0,73300000.0,137000000.0,140300000.0,11.277,598900000.0
5,CPRI,MRY,2016-12-31,2016-04-02,2016-04-02,2021-08-02,-80900000.0,2566800000.0,2519411250.0,1669800000.0,897000000.0,1.87,10.713,-369200000.0,702000000.0,702000000.0,1914900000.0,837700000.0,3.834,0.284,2300000.0,0.0,2300000.0,2300000.0,0.0,183200000.0,0.0,0.0,0.0,1175400000.0,1358600000.0,0.288,1358600000.0,1175400000.0,1173700000.0,4.5,4.44,4.5,1995700000.0,1986104750.0,1995700000.0,9529336133.0,8.0,7.014,880300000.0,4.725,1.0,2797200000.0,0.594,90600000.0,1700000.0,1341000000.0,1377826000.0,546800000.0,0.0,0.0,0.0,567300000.0,435500000.0,131800000.0,10222182133.0,-276900000.0,-500000.0,-1139700000.0,-9600000.0,0.0,-1149400000.0,-381100000.0,0.0,1249500000.0,4100000.0,839100000.0,839100000.0,839100000.0,0.0,-1400000.0,0.178,1622100000.0,1175100000.0,131400000.0,0.0,5.122,12.182,12.66,758200000.0,0.0,56.97,2.169,2.252,307900000.0,3007800000.0,4712100000.0,4712100000.0,0.0,0.333,0.422,0.853,0.249,27300000.0,1428000000.0,1.0,179430966.0,186293295,189054289.0,25.294,2476200000.0,24500000.0,334600000.0,55100000.0,13.292,1234300000.0
6,CPRI,MRY,2015-12-31,2015-03-28,2015-03-28,2021-08-02,-66800000.0,2684600000.0,2616744250.0,1989700000.0,694900000.0,1.671,11.057,-356200000.0,978900000.0,978900000.0,1723800000.0,881000000.0,6.098,0.198,0.0,0.0,0.0,0.0,0.0,138400000.0,0.0,0.0,0.0,1256000000.0,1394400000.0,0.319,1394400000.0,1256000000.0,1255800000.0,4.35,4.28,4.35,2241000000.0,2166742000.0,2241000000.0,12494775016.0,10.0,8.961,501700000.0,2.475,1.0,2647700000.0,0.606,75500000.0,200000.0,1303900000.0,1194911500.0,519900000.0,0.0,0.0,0.0,443600000.0,326300000.0,117300000.0,13444621016.0,7700000.0,-3000000.0,-480000000.0,0.0,0.0,-434700000.0,-388400000.0,0.0,857900000.0,-27100000.0,881000000.0,881000000.0,881000000.0,0.0,0.0,0.202,1390700000.0,1257000000.0,114100000.0,0.0,5.999,15.261,15.395,562900000.0,0.0,66.97,3.076,3.105,363400000.0,2168800000.0,4371500000.0,4371500000.0,0.0,0.337,0.407,1.051,0.287,3600000.0,1251500000.0,1.0,200755876.0,202680572,205865769.0,21.568,2609100000.0,23000000.0,374800000.0,32500000.0,12.873,1663400000.0
7,CPRI,MRY,2014-12-31,2014-03-29,2014-03-29,2021-08-02,-6373000.0,2216973000.0,1857138750.0,1777169000.0,439804000.0,1.783,8.916,-184700000.0,971194000.0,971194000.0,1294700000.0,661500000.0,5.763,0.227,0.0,0.0,0.0,0.0,0.0,79700000.0,0.0,0.0,0.0,1008100000.0,1087800000.0,0.329,1087800000.0,1008100000.0,1007700000.0,3.27,3.22,3.27,1806131000.0,1504223500.0,1806131000.0,18085866732.0,18.0,16.626,448300000.0,2.213,1.0,2016100000.0,0.609,62039000.0,400000.0,875370000.0,787763250.0,426938000.0,0.0,0.0,0.0,410842000.0,308370000.0,102472000.0,18914207732.0,483900000.0,0.0,16600000.0,-200000.0,0.0,71100000.0,-215500000.0,-2000000.0,633000000.0,-4700000.0,661500000.0,661500000.0,661500000.0,0.0,0.0,0.2,1007900000.0,1008200000.0,143563000.0,0.0,10.472,28.593,28.364,350678000.0,0.0,92.75,5.713,5.675,298006000.0,1287738000.0,3310800000.0,3310800000.0,0.0,0.356,0.44,1.28,0.304,-25600000.0,926900000.0,1.0,203926768.0,202582945,205638107.0,16.343,2154934000.0,34201000.0,346200000.0,53272000.0,10.637,1468799000.0
8,CPRI,MRY,2013-12-31,2013-03-30,2013-03-30,2021-08-02,-3461000.0,1289565000.0,981995000.0,989189000.0,300376000.0,2.222,5.326,-121321000.0,472511000.0,472511000.0,875166000.0,397602000.0,6.023,0.231,0.0,0.0,0.0,0.0,0.0,54291000.0,0.0,0.0,0.0,628651000.0,682942000.0,0.313,682942000.0,628651000.0,627127000.0,2.02,1.97,2.02,1047246000.0,751741500.0,1047246000.0,10861535638.0,17.0,15.904,242516000.0,1.233,1.0,1306566000.0,0.599,34985000.0,1524000.0,617821000.0,507704500.0,266894000.0,0.0,0.0,0.0,242319000.0,164248000.0,78071000.0,10945215638.0,373658000.0,-6000000.0,30435000.0,-24382000.0,0.0,150561000.0,-139099000.0,-3232000.0,363837000.0,-1641000.0,397602000.0,397602000.0,397602000.0,0.0,0.0,0.182,676552000.0,630014000.0,82977000.0,0.0,10.451,27.528,28.114,242113000.0,0.0,56.79,5.017,5.118,206454000.0,626253000.0,2181732000.0,2181732000.0,0.0,0.405,0.529,1.238,0.288,-123576000.0,621536000.0,1.0,192731390.0,196615054,201540144.0,11.096,1254580000.0,12869000.0,229525000.0,22237000.0,6.381,824941000.0
9,CPRI,MRY,2012-12-31,2012-03-31,2012-03-31,2021-08-02,-735000.0,674425000.0,536960000.0,464063000.0,210362000.0,2.425,2.883,-88187000.0,106354000.0,106354000.0,549158000.0,147364000.0,2.812,0.478,22674000.0,22674000.0,0.0,22674000.0,0.0,37554000.0,0.0,0.0,0.0,250311000.0,287865000.0,0.221,287865000.0,250311000.0,248816000.0,0.8,0.78,0.8,456237000.0,290778500.0,456237000.0,,,,27103000.0,0.171,1.0,753096000.0,0.578,28151000.0,1495000.0,397588000.0,366453500.0,187413000.0,0.0,0.0,0.0,218188000.0,165006000.0,53182000.0,8979355460.0,85289000.0,0.0,19222000.0,7136000.0,0.0,58639000.0,-88187000.0,0.0,115290000.0,-453000.0,147364000.0,126137000.0,126137000.0,0.0,0.0,0.097,505414000.0,247682000.0,67326000.0,0.0,19.681,71.187,58.237,170755000.0,21227000.0,46.59,6.895,5.662,127226000.0,228651000.0,1302254000.0,1302254000.0,0.0,0.235,0.434,0.683,0.192,-5261000.0,464568000.0,1.0,192731390.0,158258126,189299197.0,8.229,646274000.0,15097000.0,101452000.0,14499000.0,4.084,299057000.0
10,CPRI,MRY,2011-12-31,2011-04-02,2011-04-02,2021-08-02,4033000.0,399495000.0,,245398000.0,154097000.0,,0.892,-57348000.0,21065000.0,21065000.0,357274000.0,72506000.0,1.921,2.134,114415000.0,12765000.0,101650000.0,114415000.0,0.0,25543000.0,0.0,,0.0,135080000.0,160623000.0,0.2,160623000.0,135080000.0,133219000.0,0.4,0.4,0.4,125320000.0,,125320000.0,,,,52960000.0,0.377,1.0,446065000.0,0.555,29801000.0,1861000.0,335319000.0,,117173000.0,0.0,0.0,0.0,267469000.0,127725000.0,139744000.0,,15401000.0,0.0,0.0,-35876000.0,0.0,-37726000.0,-57830000.0,0.0,110308000.0,649000.0,72506000.0,56877000.0,56877000.0,0.0,0.0,0.071,309199000.0,136866000.0,52873000.0,0.0,,,,119323000.0,15629000.0,,,,80081000.0,81287000.0,803339000.0,803339000.0,0.0,,,,0.168,0.0,279822000.0,1.0,,140554377,179177268.0,5.716,369694000.0,9273000.0,60713000.0,24196000.0,2.63,117673000.0
11,CPRI,MRY,2010-12-31,2010-04-03,2010-04-03,2021-08-02,,,,,,,,-30816000.0,,,241365000.0,39248000.0,,,,,,,,18843000.0,,,0.0,57004000.0,75847000.0,0.149,75847000.0,57004000.0,54947000.0,0.22,0.22,0.22,,,,,,,-2224000.0,-0.016,1.0,266734000.0,0.525,,2057000.0,,,,,,,,,,,3204000.0,0.0,0.0,7443000.0,-1862000.0,5581000.0,-32175000.0,0.0,28592000.0,1206000.0,39248000.0,30788000.0,30788000.0,0.0,0.0,0.061,210560000.0,56174000.0,,0.0,,,,,8460000.0,,,,,,508099000.0,508099000.0,0.0,,,,0.112,0.0,191717000.0,1.0,,140554377,179177268.0,3.615,,,15699000.0,,,
0,CPRI,MRQ,2021-06-30,2021-06-26,2021-06-26,2021-08-02,147000000.0,7624000000.0,,1707000000.0,5917000000.0,,16.205,-23000000.0,356000000.0,356000000.0,397000000.0,219000000.0,1.093,2.11,3369000000.0,569000000.0,2800000000.0,3369000000.0,0.0,50000000.0,0.0,0.0,0.0,257000000.0,307000000.0,0.245,307000000.0,257000000.0,256000000.0,1.45,1.41,1.45,2452000000.0,,2452000000.0,11727658089.0,25.0,17.504,181000000.0,1.196,1.0,856000000.0,0.683,3508000000.0,1000000.0,5567000000.0,,760000000.0,0.0,0.0,0.0,5174000000.0,1562000000.0,3612000000.0,8513658089.0,124000000.0,0.0,-52000000.0,-11000000.0,0.0,-55000000.0,-23000000.0,0.0,204000000.0,-2000000.0,219000000.0,219000000.0,219000000.0,0.0,0.0,0.175,598000000.0,258000000.0,464000000.0,0.0,3.472,25.263,25.116,1940000000.0,0.0,56.26,1.751,1.751,382000000.0,4489000000.0,1253000000.0,1253000000.0,0.0,,,,,33000000.0,545000000.0,1.0,151327019.0,151312103,154890483.0,8.281,4116000000.0,281000000.0,37000000.0,544000000.0,27.202,145000000.0
1,CPRI,MRQ,2021-03-31,2021-03-27,2021-03-27,2021-08-02,56000000.0,7481000000.0,,1546000000.0,5935000000.0,,14.282,-26000000.0,232000000.0,232000000.0,460000000.0,-182000000.0,0.954,2.467,3446000000.0,570000000.0,2876000000.0,3446000000.0,0.0,52000000.0,0.0,0.0,0.0,-133000000.0,-81000000.0,-0.068,-81000000.0,-133000000.0,-137000000.0,-1.21,-1.21,-1.21,2158000000.0,,2158000000.0,10934396752.0,233.0,42.218,53000000.0,0.351,1.0,737000000.0,0.616,3490000000.0,4000000.0,5584000000.0,,736000000.0,0.0,0.0,0.0,5324000000.0,1621000000.0,3703000000.0,7579396752.0,5000000.0,-1000000.0,3000000.0,-70000000.0,0.0,-67000000.0,-27000000.0,0.0,79000000.0,20000000.0,-183000000.0,-183000000.0,-183000000.0,0.0,1000000.0,-0.153,876000000.0,-139000000.0,512000000.0,0.0,3.512,-122.248,-122.39,1989000000.0,0.0,50.18,1.867,1.86,373000000.0,4270000000.0,1197000000.0,1197000000.0,0.0,,,,,17000000.0,604000000.0,1.0,151044176.0,151104436,147561901.0,7.922,3991000000.0,278000000.0,46000000.0,523000000.0,26.412,-75000000.0
2,CPRI,MRQ,2020-12-31,2020-12-26,2020-12-26,2021-08-02,91000000.0,7765000000.0,,1493000000.0,6272000000.0,,15.638,-26000000.0,229000000.0,229000000.0,454000000.0,178000000.0,0.937,2.296,3584000000.0,617000000.0,2967000000.0,3584000000.0,0.0,52000000.0,0.0,0.0,0.0,184000000.0,236000000.0,0.181,236000000.0,184000000.0,174000000.0,1.19,1.18,1.19,2356000000.0,,2356000000.0,10142951696.0,-28.0,-72.971,382000000.0,2.535,1.0,848000000.0,0.651,3717000000.0,10000000.0,5809000000.0,,789000000.0,0.0,0.0,0.0,5410000000.0,1594000000.0,3816000000.0,6388951696.0,-9000000.0,0.0,0.0,-382000000.0,0.0,-382000000.0,-26000000.0,0.0,408000000.0,-9000000.0,179000000.0,179000000.0,179000000.0,0.0,-1000000.0,0.137,681000000.0,167000000.0,495000000.0,0.0,2.712,-14.858,-14.829,2093000000.0,0.0,42.41,1.576,1.576,369000000.0,4453000000.0,1302000000.0,1302000000.0,0.0,,,,,12000000.0,538000000.0,1.0,150647293.0,150661252,151958057.0,8.642,4048000000.0,283000000.0,-5000000.0,510000000.0,26.868,-101000000.0
3,CPRI,MRQ,2020-09-30,2020-09-26,2020-09-26,2021-08-02,125000000.0,7803000000.0,,1634000000.0,6169000000.0,,14.612,-27000000.0,238000000.0,238000000.0,400000000.0,121000000.0,1.034,2.548,3992000000.0,639000000.0,3353000000.0,3992000000.0,0.0,54000000.0,0.0,0.0,0.0,154000000.0,208000000.0,0.187,208000000.0,154000000.0,142000000.0,0.81,0.81,0.81,2199000000.0,,2199000000.0,6668707920.0,-20.0,-64.745,43000000.0,0.286,1.0,710000000.0,0.64,3563000000.0,12000000.0,6413000000.0,,930000000.0,0.0,0.0,0.0,5604000000.0,1581000000.0,4023000000.0,2925707920.0,31000000.0,-12000000.0,0.0,-1000000.0,0.0,-1000000.0,-39000000.0,0.0,70000000.0,1000000.0,122000000.0,122000000.0,122000000.0,0.0,-1000000.0,0.11,557000000.0,153000000.0,558000000.0,0.0,1.33,-7.333,-7.316,2207000000.0,0.0,19.46,0.677,0.677,344000000.0,4274000000.0,1110000000.0,1110000000.0,0.0,,,,,17000000.0,474000000.0,1.0,150344703.0,150492275,151677242.0,7.376,4240000000.0,226000000.0,20000000.0,522000000.0,28.174,53000000.0
4,CPRI,MRQ,2020-06-30,2020-06-27,2020-06-27,2021-08-02,71000000.0,7533000000.0,,1489000000.0,6044000000.0,,13.413,-32000000.0,207000000.0,207000000.0,149000000.0,-180000000.0,0.937,2.755,3950000000.0,622000000.0,3328000000.0,3950000000.0,0.0,54000000.0,0.0,0.0,0.0,-158000000.0,-104000000.0,-0.231,-104000000.0,-158000000.0,-175000000.0,-1.21,-1.21,-1.21,2006000000.0,,2006000000.0,6182380755.0,-15.0,-35.531,35000000.0,0.234,1.0,302000000.0,0.67,3467000000.0,17000000.0,6220000000.0,,948000000.0,0.0,0.0,0.0,5526000000.0,1589000000.0,3937000000.0,2146380755.0,-385000000.0,0.0,-1000000.0,-419000000.0,0.0,-420000000.0,-32000000.0,0.0,67000000.0,0.0,-180000000.0,-180000000.0,-180000000.0,0.0,0.0,-0.399,464000000.0,-162000000.0,596000000.0,0.0,1.07,-4.791,-4.806,2182000000.0,0.0,14.37,0.461,0.462,183000000.0,4152000000.0,451000000.0,451000000.0,0.0,,,,,29000000.0,402000000.0,1.0,149365397.0,149556310,149556310.0,3.016,4066000000.0,226000000.0,5000000.0,499000000.0,27.187,-100000000.0
5,CPRI,MRQ,2020-03-31,2020-03-28,2020-03-28,2021-08-02,75000000.0,7946000000.0,,1894000000.0,6052000000.0,,14.507,-59000000.0,592000000.0,592000000.0,561000000.0,-552000000.0,1.352,2.666,4367000000.0,597000000.0,3770000000.0,4367000000.0,0.0,61000000.0,0.0,0.0,0.0,-540000000.0,-479000000.0,-0.402,-479000000.0,-540000000.0,-539000000.0,-3.65,-3.63,-3.65,2167000000.0,,2167000000.0,5779094183.0,-30.0,107.02,48000000.0,0.321,1.0,631000000.0,0.529,3474000000.0,-1000000.0,6846000000.0,,827000000.0,0.0,0.0,0.0,5778000000.0,1401000000.0,4377000000.0,1743094183.0,355000000.0,-12000000.0,0.0,57000000.0,0.0,57000000.0,195000000.0,266000000.0,107000000.0,-4000000.0,-551000000.0,-551000000.0,-551000000.0,0.0,-1000000.0,-0.462,1167000000.0,-536000000.0,428000000.0,0.0,0.804,-7.817,-7.885,2186000000.0,0.0,11.67,0.314,0.317,308000000.0,4332000000.0,1192000000.0,1192000000.0,0.0,,,,,5000000.0,613000000.0,1.0,149365397.0,149380123,145793584.0,7.98,4472000000.0,225000000.0,12000000.0,507000000.0,29.937,493000000.0
6,CPRI,MRQ,2019-12-31,2019-12-28,2019-12-28,2021-08-02,-29000000.0,8325000000.0,,1781000000.0,6544000000.0,,17.298,-59000000.0,237000000.0,237000000.0,639000000.0,209000000.0,0.773,2.19,4273000000.0,1437000000.0,2836000000.0,4273000000.0,0.0,63000000.0,0.0,0.0,0.0,209000000.0,272000000.0,0.173,272000000.0,209000000.0,206000000.0,1.39,1.38,1.39,2609000000.0,,2609000000.0,10079879752.0,26.0,15.824,450000000.0,2.984,1.0,932000000.0,0.593,3906000000.0,3000000.0,6150000000.0,,960000000.0,0.0,0.0,0.0,5714000000.0,2305000000.0,3409000000.0,5690879752.0,58000000.0,0.0,-100000000.0,-297000000.0,0.0,-397000000.0,-58000000.0,1000000.0,509000000.0,4000000.0,210000000.0,210000000.0,210000000.0,0.0,-1000000.0,0.134,727000000.0,205000000.0,375000000.0,0.0,2.181,16.4,16.389,2261000000.0,0.0,37.53,0.998,0.993,321000000.0,4883000000.0,1571000000.0,1571000000.0,0.0,,,,,16000000.0,630000000.0,1.0,151635485.0,150826196,152154372.0,10.416,4419000000.0,165000000.0,-4000000.0,470000000.0,29.299,-524000000.0
7,CPRI,MRQ,2019-09-30,2019-09-28,2019-09-28,2021-08-02,-103000000.0,8393000000.0,,1895000000.0,6498000000.0,,15.864,-51000000.0,179000000.0,179000000.0,568000000.0,73000000.0,1.051,2.487,4568000000.0,1006000000.0,3562000000.0,4568000000.0,0.0,65000000.0,0.0,0.0,0.0,72000000.0,137000000.0,0.095,137000000.0,72000000.0,69000000.0,0.48,0.47,0.48,2405000000.0,,2405000000.0,9353520256.0,22.0,14.065,34000000.0,0.224,1.0,874000000.0,0.606,3769000000.0,3000000.0,7210000000.0,,1073000000.0,0.0,0.0,0.0,5981000000.0,1803000000.0,4178000000.0,4944520256.0,19000000.0,0.0,0.0,-19000000.0,0.0,-19000000.0,-43000000.0,8000000.0,85000000.0,-4000000.0,73000000.0,73000000.0,73000000.0,0.0,0.0,0.051,799000000.0,75000000.0,390000000.0,0.0,2.056,14.672,14.562,2260000000.0,0.0,32.62,0.888,0.888,368000000.0,4673000000.0,1442000000.0,1442000000.0,0.0,,,,,21000000.0,623000000.0,1.0,151579407.0,151602502,152576283.0,9.512,4624000000.0,160000000.0,-4000000.0,467000000.0,30.501,92000000.0
8,CPRI,MRQ,2019-06-30,2019-06-29,2019-06-29,2021-08-02,-93000000.0,8308000000.0,,1710000000.0,6598000000.0,,15.366,-54000000.0,160000000.0,160000000.0,512000000.0,45000000.0,1.025,2.576,4569000000.0,898000000.0,3671000000.0,4569000000.0,0.0,60000000.0,0.0,0.0,0.0,64000000.0,124000000.0,0.092,124000000.0,64000000.0,51000000.0,0.3,0.3,0.3,2321000000.0,,2321000000.0,7628573225.0,15.0,10.309,104000000.0,0.689,1.0,834000000.0,0.62,3902000000.0,13000000.0,7147000000.0,,1016000000.0,0.0,0.0,0.0,5980000000.0,1668000000.0,4312000000.0,5234573225.0,-12000000.0,-1000000.0,-2000000.0,-136000000.0,0.0,-138000000.0,-32000000.0,23000000.0,158000000.0,0.0,45000000.0,45000000.0,45000000.0,0.0,0.0,0.033,770000000.0,64000000.0,355000000.0,0.0,2.255,13.021,12.94,2326000000.0,0.0,34.68,0.973,0.973,310000000.0,4600000000.0,1346000000.0,1346000000.0,0.0,,,,,30000000.0,598000000.0,1.0,150939251.0,151049572,152334153.0,8.911,4406000000.0,149000000.0,6000000.0,467000000.0,29.169,42000000.0
9,CPRI,MRQ,2019-03-31,2019-03-30,2019-03-30,2021-08-02,-66000000.0,6650000000.0,,1729000000.0,4921000000.0,,16.107,-46000000.0,172000000.0,172000000.0,551000000.0,19000000.0,1.121,1.735,2566000000.0,630000000.0,1936000000.0,2566000000.0,0.0,65000000.0,0.0,0.0,0.0,39000000.0,104000000.0,0.077,104000000.0,39000000.0,22000000.0,0.12,0.12,0.12,2429000000.0,,2429000000.0,9164514470.0,14.0,10.355,-128000000.0,-0.849,1.0,793000000.0,0.59,3952000000.0,17000000.0,3550000000.0,,953000000.0,0.0,0.0,0.0,4214000000.0,1542000000.0,2672000000.0,6894914470.0,-2014000000.0,-1873000000.0,6000000.0,-27000000.0,0.0,-21000000.0,-1909000000.0,11000000.0,-82000000.0,-2000000.0,19000000.0,19000000.0,19000000.0,0.0,0.0,0.014,753000000.0,40000000.0,371000000.0,0.0,2.839,12.698,12.638,615000000.0,0.0,45.75,1.316,1.308,383000000.0,4707000000.0,1344000000.0,1344000000.0,0.0,,,,,22000000.0,609000000.0,1.0,150708513.0,150801611,152083637.0,8.912,2698000000.0,112000000.0,3000000.0,472000000.0,17.891,187000000.0
10,CPRI,MRQ,2018-12-31,2018-12-29,2018-12-29,2021-08-02,-92900000.0,6028400000.0,,3439500000.0,2588900000.0,,15.174,-45000000.0,264500000.0,264500000.0,565000000.0,200000000.0,2.479,1.662,2534100000.0,579400000.0,1954700000.0,2534100000.0,0.0,51000000.0,0.0,0.0,0.0,249000000.0,300000000.0,0.209,300000000.0,249000000.0,242000000.0,1.34,1.33,1.34,2263700000.0,,2263700000.0,6190048700.0,9.0,6.69,467000000.0,3.13,1.0,873000000.0,0.607,1912900000.0,7000000.0,4997700000.0,,764700000.0,0.0,0.0,0.0,3761300000.0,1387400000.0,2373900000.0,5585648700.0,2031000000.0,-108000000.0,-97000000.0,1771000000.0,0.0,1674000000.0,-154000000.0,0.0,512000000.0,-1000000.0,200000000.0,200000000.0,200000000.0,0.0,0.0,0.139,583000000.0,290000000.0,329000000.0,0.0,2.467,9.83,9.759,543600000.0,0.0,37.18,1.101,1.093,291200000.0,4687300000.0,1438000000.0,1438000000.0,0.0,,,,,11000000.0,507000000.0,1.0,150232617.0,149183049,150268424.0,9.639,4115500000.0,47200000.0,42000000.0,204100000.0,27.587,2052100000.0
11,CPRI,MRQ,2018-09-30,2018-09-29,2018-09-29,2021-08-02,-62900000.0,4107300000.0,,1474100000.0,2633200000.0,,14.573,-49000000.0,155200000.0,155200000.0,490000000.0,137000000.0,1.477,0.883,759600000.0,255000000.0,504600000.0,759600000.0,0.0,53000000.0,0.0,0.0,0.0,159000000.0,212000000.0,0.169,212000000.0,159000000.0,153000000.0,0.92,0.91,0.92,2179700000.0,,2179700000.0,10888695341.0,15.0,11.274,9000000.0,0.06,1.0,763000000.0,0.609,1955500000.0,6000000.0,1758300000.0,,767600000.0,0.0,0.0,0.0,1924000000.0,997900000.0,926100000.0,10237495341.0,-15000000.0,29000000.0,13000000.0,-62000000.0,0.0,-49000000.0,-21000000.0,0.0,58000000.0,-3000000.0,138000000.0,138000000.0,138000000.0,0.0,-1000000.0,0.11,573000000.0,190000000.0,290500000.0,0.0,4.697,17.423,17.535,552000000.0,0.0,68.56,2.017,2.02,339900000.0,4487700000.0,1253000000.0,1253000000.0,0.0,,,,,1000000.0,494000000.0,1.0,149321694.0,149575112,151705685.0,8.377,2151800000.0,47100000.0,15000000.0,205400000.0,14.386,476200000.0
12,CPRI,MRQ,2018-06-30,2018-06-30,2018-06-30,2021-08-02,-40500000.0,3960800000.0,,1294200000.0,2666600000.0,,13.631,-41000000.0,169900000.0,169900000.0,452000000.0,186000000.0,1.369,0.942,821100000.0,266900000.0,554200000.0,821100000.0,0.0,56000000.0,0.0,0.0,0.0,213000000.0,269000000.0,0.224,269000000.0,213000000.0,205000000.0,1.25,1.22,1.25,2037900000.0,,2037900000.0,10694107133.0,13.0,10.261,165000000.0,1.104,1.0,751000000.0,0.624,1984300000.0,8000000.0,1682000000.0,,697000000.0,0.0,0.0,0.0,1919300000.0,945700000.0,973600000.0,9982807133.0,7000000.0,0.0,-100000000.0,-53000000.0,0.0,-153000000.0,-41000000.0,0.0,206000000.0,-5000000.0,186000000.0,186000000.0,186000000.0,0.0,0.0,0.155,536000000.0,215000000.0,279300000.0,0.0,4.899,15.299,15.381,560700000.0,0.0,66.6,2.009,2.004,262500000.0,4350100000.0,1203000000.0,1203000000.0,0.0,,,,,2000000.0,465000000.0,1.0,149891999.0,149502101,152399655.0,8.047,1976500000.0,46200000.0,19000000.0,215600000.0,13.221,348500000.0
13,CPRI,MRQ,2018-03-31,2018-03-31,2018-03-31,2021-08-02,51000000.0,4059000000.0,,1262000000.0,2797000000.0,,13.38,-36200000.0,163000000.0,163000000.0,470400000.0,44400000.0,1.315,1.009,875000000.0,200000000.0,675000000.0,875000000.0,0.0,58100000.0,0.0,0.0,0.0,86100000.0,144200000.0,0.122,144200000.0,86100000.0,74300000.0,0.3,0.29,0.3,2018000000.0,,2018000000.0,10123020589.0,13.0,10.415,152500000.0,1.011,1.0,709500000.0,0.601,2084000000.0,11800000.0,1727000000.0,,661000000.0,0.0,0.0,0.0,2037000000.0,960000000.0,1077000000.0,9447620589.0,-154800000.0,-200000.0,-191500000.0,-120700000.0,0.0,-312000000.0,-36200000.0,0.0,188700000.0,4700000.0,44200000.0,44200000.0,44200000.0,0.0,200000.0,0.037,622500000.0,87000000.0,294000000.0,0.0,4.682,15.959,15.959,583000000.0,0.0,62.08,2.002,2.003,290000000.0,4152000000.0,1179900000.0,1179900000.0,0.0,,,,,13600000.0,499600000.0,1.0,152184610.0,150818143,154748588.0,7.823,1975000000.0,56000000.0,30100000.0,264000000.0,13.095,302000000.0
14,CPRI,MRQ,2017-12-31,2017-12-30,2017-12-30,2021-08-02,-18400000.0,4216800000.0,,1444600000.0,2772200000.0,,13.66,-25900000.0,317100000.0,317100000.0,556100000.0,219400000.0,2.001,1.029,992500000.0,100000.0,992400000.0,992500000.0,0.0,54000000.0,0.0,0.0,0.0,286600000.0,340600000.0,0.237,340600000.0,286600000.0,278300000.0,1.44,1.42,1.44,2076900000.0,,2076900000.0,9395150514.0,15.0,11.141,518300000.0,3.409,1.0,884000000.0,0.614,2037400000.0,8300000.0,2132700000.0,,677200000.0,0.0,0.0,0.0,2136500000.0,722100000.0,1414400000.0,9573350514.0,139200000.0,-1371700000.0,2400000.0,989800000.0,0.0,992100000.0,-1400800000.0,0.0,544200000.0,3700000.0,219400000.0,219400000.0,219400000.0,0.0,0.0,0.152,570500000.0,313500000.0,290200000.0,0.0,4.609,18.357,18.141,599400000.0,0.0,62.95,2.079,2.079,288000000.0,4107900000.0,1440100000.0,1440100000.0,0.0,,,,,8200000.0,485900000.0,1.0,152078642.0,152047963,154623339.0,9.471,2179400000.0,64700000.0,58900000.0,285700000.0,14.334,722500000.0
15,CPRI,MRQ,2017-09-30,2017-09-30,2017-09-30,2021-08-02,-59600000.0,2531700000.0,,1330700000.0,1201000000.0,,11.892,-43100000.0,178200000.0,178200000.0,455800000.0,202700000.0,2.803,0.402,0.0,0.0,0.0,0.0,0.0,48300000.0,0.0,0.0,0.0,240100000.0,288400000.0,0.252,288400000.0,240100000.0,239300000.0,1.34,1.32,1.34,1805000000.0,,1805000000.0,7136692714.0,10.0,7.899,91700000.0,0.604,1.0,690800000.0,0.602,525400000.0,800000.0,1353400000.0,,696500000.0,0.0,0.0,0.0,726500000.0,474700000.0,251800000.0,7254592714.0,-95500000.0,-36700000.0,2300000.0,-155800000.0,0.0,-153400000.0,-79800000.0,0.0,134800000.0,2900000.0,202900000.0,202900000.0,202900000.0,0.0,-200000.0,0.177,491700000.0,199100000.0,174000000.0,0.0,4.019,12.652,12.967,562700000.0,0.0,47.85,1.606,1.608,274500000.0,3888500000.0,1146600000.0,1146600000.0,0.0,,,,,5500000.0,405100000.0,1.0,151611133.0,151781340,154168094.0,7.554,2006300000.0,69200000.0,36400000.0,138800000.0,13.218,856000000.0
16,CPRI,MRQ,2017-06-30,2017-07-01,2017-07-01,2021-08-02,-68200000.0,2413000000.0,,1185000000.0,1228000000.0,,10.233,-14800000.0,273700000.0,273700000.0,377700000.0,125500000.0,2.04,0.526,155800000.0,155800000.0,0.0,155800000.0,0.0,47600000.0,0.0,0.0,0.0,151200000.0,198800000.0,0.209,198800000.0,151200000.0,150100000.0,0.81,0.8,0.81,1580900000.0,,1580900000.0,5554568318.0,8.0,6.343,179500000.0,1.162,1.0,574700000.0,0.603,534000000.0,1100000.0,1180100000.0,,616100000.0,0.0,0.0,0.0,831700000.0,581000000.0,250700000.0,5649168318.0,44100000.0,-1400000.0,-160200000.0,22700000.0,0.0,-137700000.0,-16200000.0,0.0,194300000.0,3700000.0,125500000.0,125500000.0,125500000.0,0.0,0.0,0.132,425300000.0,149400000.0,153400000.0,0.0,3.573,10.631,10.919,585500000.0,0.0,36.25,1.267,1.256,171300000.0,3685600000.0,952400000.0,952400000.0,0.0,,,,,15700000.0,377700000.0,1.0,155839126.0,154486898,156871518.0,6.165,1879000000.0,67200000.0,24600000.0,142000000.0,12.163,604000000.0
17,CPRI,MRQ,2017-03-31,2017-04-01,2017-04-01,2021-08-02,-80600000.0,2409600000.0,,1164700000.0,1244900000.0,,9.957,-17300000.0,227700000.0,227700000.0,445800000.0,-26300000.0,2.059,0.511,133100000.0,133100000.0,0.0,133100000.0,0.0,57500000.0,0.0,0.0,0.0,-42000000.0,15500000.0,0.015,15500000.0,-42000000.0,-40900000.0,-0.12,-0.11,-0.12,1592600000.0,,1592600000.0,5969779407.0,9.0,6.531,122000000.0,0.763,1.0,619300000.0,0.581,537800000.0,-1100000.0,1211400000.0,,549300000.0,0.0,0.0,0.0,814600000.0,565800000.0,248800000.0,6190779407.0,-139900000.0,-400000.0,-242200000.0,-15200000.0,0.0,-265400000.0,-17100000.0,0.0,139300000.0,3300000.0,-26300000.0,-26300000.0,-26300000.0,0.0,0.0,-0.025,661800000.0,-42500000.0,176300000.0,0.0,3.887,11.195,11.444,591500000.0,0.0,38.11,1.378,1.408,265800000.0,3560300000.0,1065100000.0,1065100000.0,0.0,,,,,6700000.0,411000000.0,1.0,162445012.0,159944133,161827488.0,6.659,1871800000.0,73300000.0,-14600000.0,140300000.0,11.703,598900000.0
18,CPRI,MRQ,2016-12-31,2016-12-31,2016-12-31,2021-08-02,-90100000.0,2771000000.0,,1367700000.0,1403300000.0,,11.352,-48500000.0,368800000.0,368800000.0,547100000.0,271300000.0,2.036,0.495,147800000.0,147800000.0,0.0,147800000.0,0.0,55700000.0,0.0,0.0,0.0,345100000.0,400800000.0,0.296,400800000.0,345100000.0,341700000.0,1.66,1.64,1.66,1852100000.0,,1852100000.0,7257351060.0,7.0,6.069,499400000.0,3.061,1.0,805700000.0,0.596,573400000.0,3400000.0,1304800000.0,,586200000.0,0.0,0.0,0.0,916500000.0,671800000.0,244700000.0,7059351060.0,183500000.0,0.0,-100100000.0,-213500000.0,0.0,-311800000.0,-48400000.0,0.0,547900000.0,-4200000.0,271300000.0,271300000.0,271300000.0,0.0,0.0,0.201,463800000.0,341900000.0,214000000.0,0.0,3.812,9.334,9.615,771000000.0,0.0,42.98,1.525,1.515,252400000.0,3587100000.0,1352800000.0,1352800000.0,0.0,,,,,1700000.0,407600000.0,1.0,164247349.0,163148597,165214045.0,8.292,2197600000.0,20800000.0,70400000.0,136300000.0,13.47,695900000.0
19,CPRI,MRQ,2016-09-30,2016-10-01,2016-10-01,2021-08-02,-79800000.0,2755300000.0,,1316100000.0,1439200000.0,,10.081,-52300000.0,186400000.0,186400000.0,443500000.0,160700000.0,1.581,0.638,384400000.0,384400000.0,0.0,384400000.0,0.0,56400000.0,0.0,0.0,0.0,204200000.0,260600000.0,0.239,260600000.0,204200000.0,202800000.0,0.97,0.95,0.97,1680500000.0,,1680500000.0,7819536388.0,7.0,6.258,-27800000.0,-0.167,1.0,644700000.0,0.592,583100000.0,1400000.0,1537900000.0,,695700000.0,0.0,0.0,0.0,1072000000.0,832300000.0,239700000.0,7908036388.0,-150700000.0,0.0,-250300000.0,131300000.0,0.0,-115800000.0,-57800000.0,0.0,24500000.0,-1600000.0,160900000.0,160900000.0,160900000.0,0.0,-200000.0,0.148,441000000.0,203700000.0,179700000.0,0.0,4.706,10.144,10.562,801000000.0,0.0,46.79,1.693,1.669,288000000.0,3315800000.0,1088200000.0,1088200000.0,0.0,,,,,9600000.0,379700000.0,1.0,169011250.0,166695631,168839967.0,6.528,2172200000.0,19000000.0,41900000.0,134100000.0,13.031,483800000.0
20,CPRI,MRQ,2016-06-30,2016-07-02,2016-07-02,2021-08-02,-78300000.0,2690700000.0,,1256100000.0,1434600000.0,,10.075,-46900000.0,337100000.0,337100000.0,396600000.0,146300000.0,1.79,0.532,248600000.0,248600000.0,0.0,248600000.0,0.0,50400000.0,0.0,0.0,0.0,186700000.0,237100000.0,0.24,237100000.0,186700000.0,186400000.0,0.84,0.83,0.84,1754600000.0,,1754600000.0,8138025923.0,7.0,6.226,276400000.0,1.587,1.0,591300000.0,0.599,586500000.0,300000.0,1313800000.0,,606900000.0,0.0,0.0,0.0,933000000.0,701900000.0,231100000.0,8837725923.0,-364900000.0,-480600000.0,-404400000.0,244400000.0,0.0,-157000000.0,-527700000.0,0.0,323300000.0,-3500000.0,147100000.0,147100000.0,147100000.0,0.0,-800000.0,0.149,404400000.0,186900000.0,167400000.0,0.0,5.037,10.887,11.179,798700000.0,0.0,50.08,1.875,1.85,202800000.0,3154900000.0,987900000.0,987900000.0,0.0,,,,,9000000.0,354000000.0,1.0,176472163.0,174158571,176613751.0,5.672,2104200000.0,16900000.0,39300000.0,133500000.0,12.082,554200000.0
21,CPRI,MRQ,2016-03-31,2016-04-02,2016-04-02,2021-08-02,-80900000.0,2566800000.0,,1669800000.0,897000000.0,,11.265,-79000000.0,702000000.0,702000000.0,501500000.0,176300000.0,3.834,0.284,2300000.0,0.0,2300000.0,2300000.0,0.0,50500000.0,0.0,0.0,0.0,246800000.0,297300000.0,0.248,297300000.0,246800000.0,246200000.0,1.0,0.99,1.0,1995700000.0,,1995700000.0,9529336133.0,8.0,7.014,209800000.0,1.184,1.0,697200000.0,0.582,90600000.0,600000.0,1341000000.0,,546800000.0,0.0,0.0,0.0,567300000.0,435500000.0,131800000.0,10222182133.0,5200000.0,-4600000.0,-187300000.0,-4100000.0,0.0,-208800000.0,-84600000.0,1000000.0,288800000.0,9800000.0,177000000.0,177000000.0,177000000.0,0.0,-700000.0,0.148,453100000.0,244100000.0,131400000.0,0.0,5.122,12.182,12.66,758200000.0,0.0,56.97,2.169,2.252,307900000.0,3007800000.0,1198700000.0,1198700000.0,0.0,,,,,-600000.0,391700000.0,1.0,179430966.0,177162309,179786890.0,6.766,2476200000.0,24500000.0,69200000.0,55100000.0,13.977,1234300000.0
22,CPRI,MRQ,2015-12-31,2015-12-26,2015-12-26,2021-08-02,-97915000.0,2534217000.0,,1661671000.0,872546000.0,,10.844,-96800000.0,696823000.0,696823000.0,565500000.0,294200000.0,3.928,0.281,3977000.0,0.0,3977000.0,3977000.0,0.0,45000000.0,0.0,0.0,0.0,409600000.0,454600000.0,0.325,454600000.0,409600000.0,409000000.0,1.62,1.59,1.62,1975539000.0,,1975539000.0,7098300082.0,6.0,5.227,471000000.0,2.585,1.0,831900000.0,0.595,89578000.0,600000.0,1328723000.0,,588295000.0,0.0,0.0,0.0,554294000.0,423070000.0,131224000.0,7520302082.0,265300000.0,3000000.0,-201300000.0,-5500000.0,0.0,-204600000.0,-94000000.0,-100000.0,567800000.0,-3900000.0,294600000.0,294600000.0,294600000.0,0.0,-400000.0,0.211,422600000.0,409300000.0,190740000.0,0.0,3.807,8.903,9.182,739863000.0,0.0,40.86,1.637,1.62,301632000.0,2830810000.0,1397400000.0,1397400000.0,0.0,,,,,11100000.0,377600000.0,1.0,184050467.0,182176452,184851616.0,7.671,2444639000.0,24019000.0,114400000.0,37575000.0,13.419,1238601000.0
23,CPRI,MRQ,2015-09-30,2015-09-26,2015-09-26,2021-08-02,-81148000.0,2419960000.0,,1624235000.0,795725000.0,,9.976,-87400000.0,431541000.0,431541000.0,465500000.0,192800000.0,4.195,0.282,9539000.0,5416000.0,4123000.0,9539000.0,0.0,46100000.0,0.0,0.0,0.0,271900000.0,318000000.0,0.281,318000000.0,271900000.0,271500000.0,1.02,1.01,1.02,1883991000.0,,1883991000.0,7392552079.0,6.0,5.444,25800000.0,0.137,1.0,664500000.0,0.588,95460000.0,400000.0,1515357000.0,,713731000.0,0.0,0.0,0.0,531224000.0,387141000.0,144083000.0,8201092079.0,-377000000.0,1100000.0,-400000000.0,0.0,0.0,-398100000.0,-88200000.0,0.0,113200000.0,-3900000.0,193100000.0,193100000.0,193100000.0,0.0,-300000.0,0.171,391400000.0,273100000.0,199152000.0,0.0,4.353,9.605,9.792,672409000.0,0.0,42.4,1.818,1.775,344135000.0,2536252000.0,1130000000.0,1130000000.0,0.0,,,,,12600000.0,345300000.0,1.0,193421983.0,188857398,191524156.0,5.983,2324500000.0,38991000.0,78400000.0,46421000.0,12.308,1237094000.0
24,CPRI,MRQ,2015-06-30,2015-06-27,2015-06-27,2021-08-02,-67624000.0,2556668000.0,,1813851000.0,742817000.0,,10.606,-106000000.0,808540000.0,808540000.0,382400000.0,174400000.0,5.351,0.224,0.0,0.0,0.0,0.0,0.0,41600000.0,0.0,0.0,0.0,247100000.0,288700000.0,0.293,288700000.0,247100000.0,247000000.0,0.89,0.87,0.89,2089189000.0,,2089189000.0,7944696572.0,6.0,5.765,173700000.0,0.882,1.0,603600000.0,0.612,82904000.0,100000.0,1326224000.0,,606450000.0,0.0,0.0,0.0,467479000.0,339000000.0,128479000.0,8923618572.0,-170400000.0,0.0,-351100000.0,0.0,0.0,-337900000.0,-114300000.0,-900000.0,279700000.0,2100000.0,174400000.0,174400000.0,174400000.0,0.0,0.0,0.177,355000000.0,248600000.0,172123000.0,0.0,4.271,10.284,10.396,624194000.0,0.0,44.91,2.011,1.993,252502000.0,2343116000.0,986000000.0,986000000.0,0.0,,,,,4200000.0,313400000.0,1.0,198700035.0,196977021,200054494.0,5.006,2473764000.0,32841000.0,72600000.0,47033000.0,12.559,1474851000.0
25,CPRI,MRQ,2015-03-31,2015-03-28,2015-03-28,2021-08-02,-66800000.0,2684600000.0,,1989700000.0,694900000.0,,11.214,-73467000.0,978900000.0,978900000.0,450118000.0,182619000.0,6.098,0.198,0.0,0.0,0.0,0.0,0.0,37846000.0,0.0,0.0,0.0,258744000.0,296590000.0,0.274,296590000.0,258744000.0,258691000.0,0.92,0.9,0.92,2241000000.0,,2241000000.0,12494775016.0,10.0,8.961,75433000.0,0.377,1.0,630897000.0,0.584,75500000.0,53000.0,1303900000.0,,519900000.0,0.0,0.0,0.0,443600000.0,326300000.0,117300000.0,13444621016.0,-23936000.0,-60000.0,-86805000.0,0.0,0.0,-81725000.0,-76577000.0,0.0,148900000.0,-14534000.0,182619000.0,182619000.0,182619000.0,0.0,0.0,0.169,374703000.0,256194000.0,114100000.0,0.0,5.999,15.261,15.395,562900000.0,0.0,66.97,3.076,3.105,363400000.0,2168800000.0,1081015000.0,1081015000.0,0.0,,,,,10375000.0,336057000.0,1.0,200755876.0,199839224,203206767.0,5.409,2609100000.0,23000000.0,76072000.0,32500000.0,13.056,1663400000.0
26,CPRI,MRQ,2014-12-31,2014-12-27,2014-12-27,2021-08-02,-39870000.0,2630588000.0,,1983319000.0,647269000.0,,10.616,-125330000.0,949846000.0,949846000.0,514583000.0,303675000.0,5.489,0.223,0.0,0.0,0.0,0.0,0.0,37492000.0,0.0,0.0,0.0,417126000.0,454618000.0,0.346,454618000.0,417126000.0,417010000.0,1.5,1.48,1.5,2151485000.0,,2151485000.0,14474164059.0,12.0,10.581,384817000.0,1.899,1.0,800143000.0,0.609,77649000.0,116000.0,1241771000.0,,537501000.0,0.0,0.0,0.0,479103000.0,361322000.0,117781000.0,15486557059.0,-26151000.0,0.0,-400301000.0,0.0,0.0,-389734000.0,-139420000.0,0.0,510147000.0,-7144000.0,303675000.0,303675000.0,303675000.0,0.0,0.0,0.231,381666000.0,418477000.0,175197000.0,0.0,7.198,18.019,17.78,532304000.0,0.0,75.21,3.68,3.622,364070000.0,1986119000.0,1314726000.0,1314726000.0,0.0,,,,,1299000.0,344174000.0,1.0,205910877.0,202668541,205647816.0,6.487,2552939000.0,25295000.0,113335000.0,29902000.0,12.597,1621997000.0
27,CPRI,MRQ,2014-09-30,2014-09-27,2014-09-27,2021-08-02,-20419000.0,2689430000.0,,2133373000.0,556057000.0,,10.981,-84216000.0,1012393000.0,1012393000.0,411578000.0,206990000.0,6.547,0.198,0.0,0.0,0.0,0.0,0.0,34064000.0,0.0,0.0,0.0,304169000.0,338233000.0,0.32,338233000.0,304169000.0,304097000.0,1.01,1.0,1.01,2245129000.0,,2245129000.0,13548487531.0,12.0,10.6,-107748000.0,-0.527,1.0,645027000.0,0.61,67283000.0,72000.0,1283889000.0,,619296000.0,0.0,0.0,0.0,444301000.0,325865000.0,118436000.0,14673524531.0,-112789000.0,-2940000.0,2970000.0,0.0,0.0,13937000.0,-94712000.0,0.0,-23532000.0,-8482000.0,206990000.0,206990000.0,206990000.0,0.0,0.0,0.196,339469000.0,305558000.0,179079000.0,0.0,6.536,18.683,18.521,453836000.0,0.0,71.49,3.757,3.743,346822000.0,1682444000.0,1056605000.0,1056605000.0,0.0,,,,,2458000.0,305405000.0,1.0,205252826.0,204464952,207432250.0,5.168,2622147000.0,35627000.0,97107000.0,23266000.0,12.824,1807508000.0
28,CPRI,MRQ,2014-06-30,2014-06-28,2014-06-28,2021-08-02,-1842000.0,2462359000.0,,1964742000.0,497617000.0,,9.96,-73187000.0,1125037000.0,1125037000.0,347521000.0,187716000.0,6.09,0.213,0.0,0.0,0.0,0.0,0.0,28998000.0,0.0,0.0,0.0,275961000.0,304959000.0,0.332,304959000.0,275961000.0,276002000.0,0.92,0.91,0.92,2029354000.0,,2029354000.0,17431233190.0,16.0,14.779,149198000.0,0.732,1.0,571633000.0,0.622,64607000.0,-41000.0,950086000.0,,527254000.0,0.0,0.0,0.0,433005000.0,322629000.0,110376000.0,18386378190.0,170576000.0,0.0,4136000.0,0.0,0.0,22822000.0,-77691000.0,0.0,222385000.0,3060000.0,187716000.0,187716000.0,187716000.0,0.0,0.0,0.204,294862000.0,276771000.0,140340000.0,0.0,9.06,25.388,25.21,404018000.0,0.0,90.0,5.123,5.109,229106000.0,1475454000.0,919154000.0,919154000.0,0.0,,,,,-10532000.0,265864000.0,1.0,204293091.0,203749572,207176243.0,4.511,2397752000.0,32457000.0,88286000.0,67109000.0,11.768,1642113000.0
29,CPRI,MRQ,2014-03-31,2014-03-29,2014-03-29,2021-08-02,-6373000.0,2216973000.0,,1777169000.0,439804000.0,,8.88,-57758000.0,971194000.0,971194000.0,367953000.0,161053000.0,5.763,0.227,0.0,0.0,0.0,0.0,0.0,24013000.0,0.0,0.0,0.0,246117000.0,270130000.0,0.294,270130000.0,246117000.0,246126000.0,0.8,0.78,0.8,1806131000.0,,1806131000.0,18085866732.0,18.0,16.626,125399000.0,0.617,1.0,549456000.0,0.599,62039000.0,-9000.0,875370000.0,,426938000.0,0.0,0.0,0.0,410842000.0,308370000.0,102472000.0,18914207732.0,128070000.0,0.0,5512000.0,-24000.0,0.0,15457000.0,-66596000.0,-2000000.0,183157000.0,-3948000.0,161053000.0,161053000.0,161053000.0,0.0,0.0,0.176,303518000.0,245938000.0,143563000.0,0.0,10.472,28.593,28.364,350678000.0,0.0,92.75,5.713,5.675,298006000.0,1287738000.0,917409000.0,917409000.0,0.0,,,,,-1788000.0,278205000.0,1.0,203926768.0,203387341,206973551.0,4.511,2154934000.0,34201000.0,85073000.0,53272000.0,10.595,1468799000.0
30,CPRI,MRQ,2013-12-31,2013-12-28,2013-12-28,2021-08-02,-3942000.0,2006963000.0,,1600229000.0,406734000.0,,7.993,-53362000.0,828341000.0,828341000.0,392731000.0,229643000.0,5.814,0.236,0.0,0.0,0.0,0.0,0.0,21655000.0,0.0,0.0,0.0,343237000.0,364892000.0,0.36,364892000.0,343237000.0,343128000.0,1.13,1.11,1.13,1623950000.0,,1623950000.0,15807437769.0,17.0,16.005,214995000.0,1.058,1.0,619498000.0,0.612,56103000.0,109000.0,847266000.0,,431564000.0,0.0,0.0,0.0,383013000.0,275253000.0,107760000.0,16426278769.0,209500000.0,0.0,-1955000.0,0.0,0.0,2469000.0,-60636000.0,0.0,268357000.0,-690000.0,229643000.0,229643000.0,229643000.0,0.0,0.0,0.227,276258000.0,343240000.0,145363000.0,0.0,10.115,27.307,27.131,321542000.0,0.0,80.58,5.493,5.475,292812000.0,1126700000.0,1012229000.0,1012229000.0,0.0,,,,,3358000.0,254603000.0,1.0,203850568.0,203175380,206088062.0,4.982,1950860000.0,20423000.0,113485000.0,31659000.0,9.602,1324976000.0
31,CPRI,MRQ,2013-09-30,2013-09-28,2013-09-28,2021-08-02,-1701000.0,1707774000.0,,1345941000.0,361833000.0,,6.844,-40271000.0,618841000.0,618841000.0,290428000.0,145808000.0,6.168,0.232,0.0,0.0,0.0,0.0,0.0,18057000.0,0.0,0.0,0.0,221442000.0,239499000.0,0.324,239499000.0,221442000.0,221312000.0,0.72,0.71,0.72,1386297000.0,,1386297000.0,14477865427.0,19.0,17.238,-41435000.0,-0.205,1.0,449875000.0,0.608,50321000.0,130000.0,820414000.0,,404194000.0,0.0,0.0,0.0,321477000.0,218198000.0,103279000.0,15117021427.0,-20315000.0,0.0,6632000.0,-176000.0,0.0,28498000.0,-49116000.0,0.0,-1164000.0,1467000.0,145808000.0,145808000.0,145808000.0,0.0,0.0,0.197,228415000.0,221460000.0,119420000.0,0.0,10.905,30.118,29.9,284580000.0,0.0,74.45,5.781,5.767,228850000.0,897057000.0,740303000.0,740303000.0,0.0,,,,,-14482000.0,210358000.0,1.0,203049314.0,202560870,205154692.0,3.655,1657453000.0,17158000.0,75504000.0,26598000.0,8.182,1127743000.0
32,CPRI,MRQ,2013-06-30,2013-06-29,2013-06-29,2021-08-02,-5440000.0,1496845000.0,,1174212000.0,322633000.0,,5.967,-33309000.0,639156000.0,639156000.0,243588000.0,124996000.0,5.614,0.247,0.0,0.0,0.0,0.0,0.0,15975000.0,0.0,0.0,0.0,197304000.0,213279000.0,0.333,213279000.0,197304000.0,197134000.0,0.62,0.61,0.62,1200516000.0,,1200516000.0,12024563220.0,17.0,15.599,149341000.0,0.742,1.0,397271000.0,0.62,40546000.0,170000.0,608003000.0,,319459000.0,0.0,0.0,0.0,296329000.0,209140000.0,87189000.0,12497074220.0,166645000.0,0.0,6411000.0,0.0,0.0,24676000.0,-39152000.0,0.0,182650000.0,-1529000.0,124996000.0,124996000.0,124996000.0,0.0,0.0,0.195,199709000.0,197562000.0,104647000.0,0.0,10.41,27.529,27.322,258021000.0,0.0,62.02,5.19,5.183,170391000.0,751249000.0,640859000.0,640859000.0,0.0,,,,,-12688000.0,183734000.0,1.0,201500713.0,201208189,204336124.0,3.185,1456299000.0,13874000.0,72138000.0,48532000.0,7.238,965072000.0
33,CPRI,MRQ,2013-03-31,2013-03-30,2013-03-30,2021-08-02,-3461000.0,1289565000.0,,989189000.0,300376000.0,,5.235,-46486000.0,472511000.0,472511000.0,240939000.0,101101000.0,6.023,0.231,0.0,0.0,0.0,0.0,0.0,15210000.0,0.0,0.0,0.0,154778000.0,169988000.0,0.285,169988000.0,154778000.0,154555000.0,0.5,0.49,0.5,1047246000.0,,1047246000.0,10861535638.0,17.0,15.904,68184000.0,0.341,1.0,356215000.0,0.597,34985000.0,223000.0,617821000.0,,266894000.0,0.0,0.0,0.0,242319000.0,164248000.0,78071000.0,10945215638.0,74236000.0,-6000000.0,4679000.0,-1648000.0,0.0,18773000.0,-57413000.0,0.0,114670000.0,-1794000.0,101101000.0,101101000.0,101101000.0,0.0,0.0,0.169,200911000.0,155304000.0,82977000.0,0.0,10.451,27.528,28.114,242113000.0,0.0,56.79,5.017,5.118,206454000.0,626253000.0,597154000.0,597154000.0,0.0,,,,,-10015000.0,184976000.0,1.0,192731390.0,200054347,203759346.0,2.985,1254580000.0,12869000.0,53454000.0,22237000.0,6.271,824941000.0
34,CPRI,MRQ,2012-12-31,2012-12-29,2012-12-29,2021-08-02,,,,,,,,-31994000.0,,,253327000.0,130028000.0,,,,,,,,13768000.0,,0.0,0.0,203352000.0,217120000.0,0.341,217120000.0,203352000.0,203041000.0,0.65,0.64,0.65,,,,9394849760.0,,,103493000.0,0.519,1.0,383451000.0,0.602,,311000.0,,,,,,,,,,9478529760.0,93532000.0,0.0,2089000.0,-13743000.0,0.0,-2964000.0,-38845000.0,-3232000.0,135487000.0,-146000.0,130028000.0,130028000.0,130028000.0,0.0,0.0,0.204,178612000.0,204839000.0,,0.0,,,,,0.0,49.18,,,,,636778000.0,636778000.0,0.0,,,,,-3289000.0,164844000.0,1.0,192731390.0,199291480,202817811.0,3.195,,,73013000.0,,,
35,CPRI,MRQ,2012-09-30,2012-09-29,2012-09-29,2021-08-02,,,,,,,,-25471000.0,,,217035000.0,97828000.0,,,,,,,,12258000.0,,0.0,0.0,158203000.0,170461000.0,0.32,170461000.0,158203000.0,157648000.0,0.5,0.49,0.5,,,,10165775320.0,,,29627000.0,0.152,1.0,315900000.0,0.593,,555000.0,,,,,,,,,,10249455320.0,150169000.0,0.0,21106000.0,-15531000.0,0.0,119225000.0,-25471000.0,0.0,55098000.0,1317000.0,97828000.0,97828000.0,97828000.0,0.0,0.0,0.184,157972000.0,157928000.0,,0.0,,,,,0.0,53.18,,,,,532935000.0,532935000.0,0.0,,,,,-108828000.0,145714000.0,1.0,192731390.0,194323935,200192291.0,2.743,,,59820000.0,,,
36,CPRI,MRQ,2012-06-30,2012-06-30,2012-06-30,2021-08-02,,,,,,,,-17370000.0,,,163865000.0,68645000.0,,,,,,,,13055000.0,,0.0,0.0,112318000.0,125373000.0,0.302,125373000.0,112318000.0,111883000.0,0.36,0.34,0.36,,,,7980201358.0,,,41212000.0,0.214,1.0,251000000.0,0.605,,435000.0,,,,,,,,,,8063881358.0,55721000.0,0.0,2561000.0,6540000.0,0.0,15527000.0,-17370000.0,0.0,58582000.0,-1018000.0,68645000.0,68645000.0,68645000.0,0.0,0.0,0.165,139057000.0,111943000.0,,0.0,,,,,0.0,41.84,,,,,414865000.0,414865000.0,0.0,,,,,-1444000.0,126002000.0,1.0,192731390.0,192790454,199391127.0,2.152,,,43238000.0,,,
37,CPRI,MRQ,2012-03-31,2012-03-31,2012-03-31,2021-08-02,-735000.0,674425000.0,,464063000.0,210362000.0,,2.883,,106354000.0,106354000.0,,,2.812,0.478,22674000.0,22674000.0,0.0,22674000.0,0.0,,0.0,0.0,0.0,,,,,,,,,,456237000.0,,456237000.0,,,,,,1.0,,,28151000.0,,397588000.0,,187413000.0,0.0,0.0,0.0,218188000.0,165006000.0,53182000.0,8979355460.0,,,,,,,,,,,,,,,,,,,67326000.0,,19.681,71.187,58.237,170755000.0,,46.59,6.895,5.662,127226000.0,228651000.0,,,,,,,,,,1.0,192731390.0,158258126,,,646274000.0,15097000.0,,14499000.0,4.084,299057000.0
38,CPRI,MRQ,2011-03-31,2011-04-02,2011-04-02,2021-08-02,4033000.0,399495000.0,,245398000.0,154097000.0,,0.892,,21065000.0,21065000.0,,,1.921,2.134,114415000.0,12765000.0,101650000.0,114415000.0,0.0,,0.0,,0.0,,,,,,,,,,125320000.0,,125320000.0,,,,,,1.0,,,29801000.0,,335319000.0,,117173000.0,0.0,0.0,0.0,267469000.0,127725000.0,139744000.0,,,,,,,,,,,,,,,,,,,,52873000.0,,,,,119323000.0,,,,,80081000.0,81287000.0,,,,,,,,,,1.0,,140554377,,,369694000.0,9273000.0,,24196000.0,2.63,117673000.0
0,CPRI,MRT,2021-06-30,2021-06-26,2021-06-26,2021-08-02,147000000.0,7624000000.0,7668250000.0,1707000000.0,5917000000.0,0.634,16.205,-102000000.0,356000000.0,356000000.0,1711000000.0,336000000.0,1.093,2.11,3369000000.0,569000000.0,2800000000.0,3369000000.0,0.0,208000000.0,0.0,0.0,0.0,462000000.0,670000000.0,0.138,670000000.0,462000000.0,435000000.0,2.24,2.19,2.24,2452000000.0,2291250000.0,2452000000.0,11727658089.0,25.0,17.504,659000000.0,4.355,1.0,3151000000.0,0.648,3508000000.0,27000000.0,5567000000.0,5843250000.0,760000000.0,0.0,0.0,0.0,5174000000.0,1562000000.0,3612000000.0,8513658089.0,151000000.0,-13000000.0,-49000000.0,-464000000.0,0.0,-505000000.0,-115000000.0,0.0,761000000.0,10000000.0,337000000.0,337000000.0,337000000.0,0.0,-1000000.0,0.069,2712000000.0,439000000.0,464000000.0,0.0,3.472,25.263,25.116,1940000000.0,0.0,56.26,1.751,1.751,382000000.0,4489000000.0,4862000000.0,4862000000.0,0.0,0.044,0.147,0.079,0.095,79000000.0,2161000000.0,1.0,151327019.0,151312103,154890483.0,32.132,4116000000.0,281000000.0,98000000.0,544000000.0,27.202,145000000.0
1,CPRI,MRT,2021-03-31,2021-03-27,2021-03-27,2021-08-02,56000000.0,7481000000.0,7645500000.0,1546000000.0,5935000000.0,0.531,14.343,-111000000.0,232000000.0,232000000.0,1463000000.0,-63000000.0,0.954,2.467,3446000000.0,570000000.0,2876000000.0,3446000000.0,0.0,212000000.0,0.0,0.0,0.0,47000000.0,259000000.0,0.064,259000000.0,47000000.0,4000000.0,-0.41,-0.41,-0.41,2158000000.0,2179750000.0,2158000000.0,10934396752.0,233.0,42.218,513000000.0,3.41,1.0,2597000000.0,0.64,3490000000.0,43000000.0,5584000000.0,6006500000.0,736000000.0,0.0,0.0,0.0,5324000000.0,1621000000.0,3703000000.0,7579396752.0,-358000000.0,-13000000.0,2000000.0,-872000000.0,0.0,-870000000.0,-124000000.0,0.0,624000000.0,12000000.0,-62000000.0,-62000000.0,-62000000.0,0.0,-1000000.0,-0.015,2578000000.0,19000000.0,512000000.0,0.0,3.512,-122.248,-122.39,1989000000.0,0.0,50.18,1.867,1.86,373000000.0,4270000000.0,4060000000.0,4060000000.0,0.0,-0.008,-0.028,0.008,0.012,75000000.0,2018000000.0,1.0,151044176.0,150453568,150453568.0,26.985,3991000000.0,278000000.0,66000000.0,523000000.0,26.526,-75000000.0
2,CPRI,MRT,2020-12-31,2020-12-26,2020-12-26,2021-08-02,91000000.0,7765000000.0,7761750000.0,1493000000.0,6272000000.0,0.522,15.638,-144000000.0,229000000.0,229000000.0,1564000000.0,-433000000.0,0.937,2.296,3584000000.0,617000000.0,2967000000.0,3584000000.0,0.0,221000000.0,0.0,0.0,0.0,-360000000.0,-139000000.0,-0.034,-139000000.0,-360000000.0,-398000000.0,-2.86,-2.85,-2.86,2356000000.0,2182000000.0,2356000000.0,10142951696.0,-28.0,-72.971,508000000.0,3.372,1.0,2491000000.0,0.614,3717000000.0,38000000.0,5809000000.0,6322000000.0,789000000.0,0.0,0.0,0.0,5410000000.0,1594000000.0,3816000000.0,6388951696.0,-8000000.0,-24000000.0,-1000000.0,-745000000.0,0.0,-746000000.0,98000000.0,266000000.0,652000000.0,-12000000.0,-430000000.0,-430000000.0,-430000000.0,0.0,-3000000.0,-0.106,2869000000.0,-378000000.0,495000000.0,0.0,2.712,-14.858,-14.829,2093000000.0,0.0,42.41,1.576,1.576,369000000.0,4453000000.0,4055000000.0,4055000000.0,0.0,-0.055,-0.197,-0.057,-0.089,63000000.0,2027000000.0,1.0,150647293.0,150661252,151958057.0,26.915,4048000000.0,283000000.0,32000000.0,510000000.0,26.868,-101000000.0
3,CPRI,MRT,2020-09-30,2020-09-26,2020-09-26,2021-08-02,125000000.0,7803000000.0,7901750000.0,1634000000.0,6169000000.0,0.547,14.612,-177000000.0,238000000.0,238000000.0,1749000000.0,-402000000.0,1.034,2.548,3992000000.0,639000000.0,3353000000.0,3992000000.0,0.0,232000000.0,0.0,0.0,0.0,-335000000.0,-103000000.0,-0.024,-103000000.0,-335000000.0,-366000000.0,-2.66,-2.65,-2.66,2199000000.0,2245250000.0,2199000000.0,6668707920.0,-20.0,-64.745,576000000.0,3.827,1.0,2575000000.0,0.596,3563000000.0,31000000.0,6413000000.0,6407250000.0,930000000.0,0.0,0.0,0.0,5604000000.0,1581000000.0,4023000000.0,2925707920.0,59000000.0,-24000000.0,-101000000.0,-660000000.0,0.0,-761000000.0,66000000.0,267000000.0,753000000.0,1000000.0,-399000000.0,-399000000.0,-399000000.0,0.0,-3000000.0,-0.092,2915000000.0,-340000000.0,558000000.0,0.0,1.33,-7.333,-7.316,2207000000.0,0.0,19.46,0.677,0.677,344000000.0,4274000000.0,4324000000.0,4324000000.0,0.0,-0.05,-0.178,-0.052,-0.077,67000000.0,2119000000.0,1.0,150344703.0,150492275,151677242.0,28.732,4240000000.0,226000000.0,33000000.0,522000000.0,28.174,53000000.0
4,CPRI,MRT,2020-06-30,2020-06-27,2020-06-27,2021-08-02,71000000.0,7533000000.0,8049250000.0,1489000000.0,6044000000.0,0.578,13.413,-201000000.0,207000000.0,207000000.0,1917000000.0,-450000000.0,0.937,2.755,3950000000.0,622000000.0,3328000000.0,3950000000.0,0.0,243000000.0,0.0,0.0,0.0,-417000000.0,-174000000.0,-0.037,-174000000.0,-417000000.0,-439000000.0,-2.99,-2.99,-2.99,2006000000.0,2296750000.0,2006000000.0,6182380755.0,-15.0,-35.531,567000000.0,3.791,1.0,2739000000.0,0.588,3467000000.0,22000000.0,6220000000.0,6606500000.0,948000000.0,0.0,0.0,0.0,5526000000.0,1589000000.0,3937000000.0,2146380755.0,47000000.0,-12000000.0,-101000000.0,-678000000.0,0.0,-779000000.0,62000000.0,275000000.0,768000000.0,-4000000.0,-448000000.0,-448000000.0,-448000000.0,0.0,-2000000.0,-0.096,3157000000.0,-418000000.0,596000000.0,0.0,1.07,-4.791,-4.806,2182000000.0,0.0,14.37,0.461,0.462,183000000.0,4152000000.0,4656000000.0,4656000000.0,0.0,-0.056,-0.195,-0.063,-0.09,71000000.0,2268000000.0,1.0,149365397.0,149556310,149556310.0,31.132,4066000000.0,226000000.0,9000000.0,499000000.0,27.187,-100000000.0
5,CPRI,MRT,2020-03-31,2020-03-28,2020-03-28,2021-08-02,75000000.0,7946000000.0,8243000000.0,1894000000.0,6052000000.0,0.673,14.378,-223000000.0,592000000.0,592000000.0,2280000000.0,-225000000.0,1.352,2.666,4367000000.0,597000000.0,3770000000.0,4367000000.0,0.0,249000000.0,0.0,0.0,0.0,-195000000.0,54000000.0,0.01,54000000.0,-195000000.0,-213000000.0,-1.48,-1.48,-1.48,2167000000.0,2375500000.0,2167000000.0,5779094183.0,-30.0,107.02,636000000.0,4.22,1.0,3271000000.0,0.589,3474000000.0,18000000.0,6846000000.0,6838250000.0,827000000.0,0.0,0.0,0.0,5778000000.0,1401000000.0,4377000000.0,1743094183.0,420000000.0,-13000000.0,-102000000.0,-395000000.0,0.0,-497000000.0,62000000.0,298000000.0,859000000.0,-4000000.0,-223000000.0,-223000000.0,-223000000.0,0.0,-2000000.0,-0.04,3463000000.0,-192000000.0,428000000.0,0.0,0.804,-7.817,-7.885,2186000000.0,0.0,11.67,0.314,0.317,308000000.0,4332000000.0,5551000000.0,5551000000.0,0.0,-0.027,-0.094,-0.029,-0.035,72000000.0,2464000000.0,1.0,149365397.0,150714598,150714598.0,36.831,4472000000.0,225000000.0,10000000.0,507000000.0,29.672,493000000.0
6,CPRI,MRT,2019-12-31,2019-12-28,2019-12-28,2021-08-02,-29000000.0,8325000000.0,7919000000.0,1781000000.0,6544000000.0,0.72,17.298,-210000000.0,237000000.0,237000000.0,2270000000.0,346000000.0,0.773,2.19,4273000000.0,1437000000.0,2836000000.0,4273000000.0,0.0,253000000.0,0.0,0.0,0.0,384000000.0,637000000.0,0.112,637000000.0,384000000.0,348000000.0,2.29,2.27,2.29,2609000000.0,2441000000.0,2609000000.0,10079879752.0,26.0,15.824,460000000.0,3.05,1.0,3433000000.0,0.602,3906000000.0,36000000.0,6150000000.0,6014250000.0,960000000.0,0.0,0.0,0.0,5714000000.0,2305000000.0,3409000000.0,5690879752.0,-1949000000.0,-1874000000.0,-96000000.0,-479000000.0,0.0,-575000000.0,-2042000000.0,43000000.0,670000000.0,-2000000.0,347000000.0,347000000.0,347000000.0,0.0,-1000000.0,0.061,3049000000.0,384000000.0,375000000.0,0.0,2.181,16.4,16.389,2261000000.0,0.0,37.53,0.998,0.993,321000000.0,4883000000.0,5703000000.0,5703000000.0,0.0,0.044,0.142,0.064,0.067,89000000.0,2460000000.0,1.0,151635485.0,150826196,152154372.0,37.812,4419000000.0,165000000.0,1000000.0,470000000.0,29.299,-524000000.0
7,CPRI,MRT,2019-09-30,2019-09-28,2019-09-28,2021-08-02,-103000000.0,8393000000.0,7344850000.0,1895000000.0,6498000000.0,0.758,15.864,-196000000.0,179000000.0,179000000.0,2196000000.0,337000000.0,1.051,2.487,4568000000.0,1006000000.0,3562000000.0,4568000000.0,0.0,241000000.0,0.0,0.0,0.0,424000000.0,665000000.0,0.119,665000000.0,424000000.0,384000000.0,2.24,2.22,2.24,2405000000.0,2354675000.0,2405000000.0,9353520256.0,22.0,14.065,477000000.0,3.146,1.0,3374000000.0,0.606,3769000000.0,40000000.0,7210000000.0,5726175000.0,1073000000.0,0.0,0.0,0.0,5981000000.0,1803000000.0,4178000000.0,4944520256.0,24000000.0,-1982000000.0,-93000000.0,1589000000.0,0.0,1496000000.0,-2138000000.0,42000000.0,673000000.0,-7000000.0,337000000.0,337000000.0,337000000.0,0.0,0.0,0.061,2905000000.0,469000000.0,390000000.0,0.0,2.056,14.672,14.562,2260000000.0,0.0,32.62,0.888,0.888,368000000.0,4673000000.0,5570000000.0,5570000000.0,0.0,0.046,0.143,0.074,0.076,84000000.0,2337000000.0,1.0,151579407.0,151602502,152576283.0,36.741,4624000000.0,160000000.0,47000000.0,467000000.0,30.501,92000000.0
8,CPRI,MRT,2019-06-30,2019-06-29,2019-06-29,2021-08-02,-93000000.0,8308000000.0,6273425000.0,1710000000.0,6598000000.0,0.858,15.366,-194000000.0,160000000.0,160000000.0,2118000000.0,401000000.0,1.025,2.576,4569000000.0,898000000.0,3671000000.0,4569000000.0,0.0,229000000.0,0.0,0.0,0.0,511000000.0,740000000.0,0.138,740000000.0,511000000.0,468000000.0,2.68,2.66,2.68,2321000000.0,2298350000.0,2321000000.0,7628573225.0,15.0,10.309,452000000.0,2.992,1.0,3263000000.0,0.606,3902000000.0,43000000.0,7147000000.0,4363250000.0,1016000000.0,0.0,0.0,0.0,5980000000.0,1668000000.0,4312000000.0,5234573225.0,-10000000.0,-1953000000.0,-80000000.0,1546000000.0,0.0,1466000000.0,-2116000000.0,34000000.0,646000000.0,-6000000.0,402000000.0,402000000.0,402000000.0,0.0,-1000000.0,0.075,2679000000.0,584000000.0,355000000.0,0.0,2.255,13.021,12.94,2326000000.0,0.0,34.68,0.973,0.973,310000000.0,4600000000.0,5381000000.0,5381000000.0,0.0,0.064,0.175,0.117,0.095,64000000.0,2208000000.0,1.0,150939251.0,151049572,152334153.0,35.624,4406000000.0,149000000.0,66000000.0,467000000.0,29.169,42000000.0
9,CPRI,MRT,2019-03-31,2019-03-30,2019-03-30,2021-08-02,-66000000.0,6650000000.0,5186625000.0,1729000000.0,4921000000.0,1.01,16.219,-181000000.0,172000000.0,172000000.0,2058000000.0,542000000.0,1.121,1.735,2566000000.0,630000000.0,1936000000.0,2566000000.0,0.0,225000000.0,0.0,0.0,0.0,660000000.0,885000000.0,0.169,885000000.0,660000000.0,622000000.0,3.62,3.58,3.62,2429000000.0,2227575000.0,2429000000.0,9164514470.0,14.0,10.355,513000000.0,3.425,1.0,3180000000.0,0.607,3952000000.0,38000000.0,3550000000.0,2997000000.0,953000000.0,0.0,0.0,0.0,4214000000.0,1542000000.0,2672000000.0,6894914470.0,9000000.0,-1952000000.0,-178000000.0,1629000000.0,0.0,1451000000.0,-2125000000.0,11000000.0,694000000.0,-11000000.0,543000000.0,543000000.0,543000000.0,0.0,-1000000.0,0.104,2445000000.0,735000000.0,371000000.0,0.0,2.839,12.698,12.638,615000000.0,0.0,45.75,1.316,1.308,383000000.0,4707000000.0,5238000000.0,5238000000.0,0.0,0.105,0.244,0.22,0.126,36000000.0,2075000000.0,1.0,150708513.0,149765468,151614350.0,34.975,2698000000.0,112000000.0,79000000.0,472000000.0,18.015,187000000.0
10,CPRI,MRT,2018-12-31,2018-12-29,2018-12-29,2021-08-02,-92900000.0,6028400000.0,4538875000.0,3439500000.0,2588900000.0,1.118,15.174,-171200000.0,264500000.0,264500000.0,1977400000.0,567400000.0,2.479,1.662,2534100000.0,579400000.0,1954700000.0,2534100000.0,0.0,218100000.0,0.0,0.0,0.0,707100000.0,925200000.0,0.182,925200000.0,707100000.0,674300000.0,3.81,3.75,3.81,2263700000.0,2124825000.0,2263700000.0,6190048700.0,9.0,6.69,793500000.0,5.319,1.0,3096500000.0,0.61,1912900000.0,32800000.0,4997700000.0,2541250000.0,764700000.0,0.0,0.0,0.0,3761300000.0,1387400000.0,2373900000.0,5585648700.0,1868200000.0,-79200000.0,-375500000.0,1535300000.0,0.0,1160000000.0,-252200000.0,0.0,964700000.0,-4300000.0,568200000.0,568200000.0,568200000.0,0.0,-800000.0,0.112,2314500000.0,782000000.0,329000000.0,0.0,2.467,9.83,9.759,543600000.0,0.0,37.18,1.101,1.093,291200000.0,4687300000.0,5073900000.0,5073900000.0,0.0,0.125,0.267,0.278,0.139,27600000.0,1965600000.0,1.0,150232617.0,149183049,150268424.0,34.011,4115500000.0,47200000.0,106100000.0,204100000.0,27.587,2052100000.0
11,CPRI,MRT,2018-09-30,2018-09-29,2018-09-29,2021-08-02,-62900000.0,4107300000.0,4085975000.0,1474100000.0,2633200000.0,1.242,14.573,-152100000.0,155200000.0,155200000.0,1968500000.0,586800000.0,1.477,0.883,759600000.0,255000000.0,504600000.0,759600000.0,0.0,221100000.0,0.0,0.0,0.0,744700000.0,965800000.0,0.19,965800000.0,744700000.0,710600000.0,3.91,3.84,3.91,2179700000.0,2078125000.0,2179700000.0,10888695341.0,15.0,11.274,844800000.0,5.648,1.0,3107500000.0,0.612,1955500000.0,34100000.0,1758300000.0,1825000000.0,767600000.0,0.0,0.0,0.0,1924000000.0,997900000.0,926100000.0,10237495341.0,-23600000.0,-1342900000.0,-276100000.0,754100000.0,0.0,478100000.0,-1499000000.0,0.0,996900000.0,400000.0,587600000.0,587600000.0,587600000.0,0.0,-800000.0,0.116,2302000000.0,805500000.0,290500000.0,0.0,4.697,17.423,17.535,552000000.0,0.0,68.56,2.017,2.02,339900000.0,4487700000.0,5076000000.0,5076000000.0,0.0,0.144,0.283,0.408,0.147,24800000.0,1944500000.0,1.0,149321694.0,149575112,151705685.0,33.936,2151800000.0,47100000.0,123000000.0,205400000.0,14.386,476200000.0
12,CPRI,MRT,2018-06-30,2018-06-30,2018-06-30,2021-08-02,-40500000.0,3960800000.0,3692075000.0,1294200000.0,2666600000.0,1.346,13.631,-146200000.0,169900000.0,169900000.0,1934300000.0,652500000.0,1.369,0.942,821100000.0,266900000.0,554200000.0,821100000.0,0.0,216400000.0,0.0,0.0,0.0,825800000.0,1042200000.0,0.21,1042200000.0,825800000.0,796900000.0,4.33,4.25,4.33,2037900000.0,1984450000.0,2037900000.0,10694107133.0,13.0,10.261,927500000.0,6.204,1.0,3035300000.0,0.611,1984300000.0,28900000.0,1682000000.0,1723775000.0,697000000.0,0.0,0.0,0.0,1919300000.0,945700000.0,973600000.0,9982807133.0,-104100000.0,-1408600000.0,-286800000.0,660300000.0,0.0,373700000.0,-1557800000.0,0.0,1073700000.0,6300000.0,652500000.0,652500000.0,652500000.0,0.0,0.0,0.131,2220700000.0,814600000.0,279300000.0,0.0,4.899,15.299,15.381,560700000.0,0.0,66.6,2.009,2.004,262500000.0,4350100000.0,4969600000.0,4969600000.0,0.0,0.177,0.329,0.479,0.166,29300000.0,1855600000.0,1.0,149891999.0,149502101,152399655.0,33.241,1976500000.0,46200000.0,144400000.0,215600000.0,13.221,348500000.0
13,CPRI,MRT,2018-03-31,2018-03-31,2018-03-31,2021-08-02,51000000.0,4059000000.0,3305125000.0,1262000000.0,2797000000.0,1.428,13.252,-120000000.0,163000000.0,163000000.0,1860000000.0,592000000.0,1.315,1.009,875000000.0,200000000.0,675000000.0,875000000.0,0.0,208000000.0,0.0,0.0,0.0,764000000.0,972000000.0,0.206,972000000.0,764000000.0,742000000.0,3.89,3.82,3.89,2018000000.0,1870200000.0,2018000000.0,10123020589.0,13.0,10.415,942000000.0,6.186,1.0,2859000000.0,0.606,2084000000.0,22000000.0,1727000000.0,1598300000.0,661000000.0,0.0,0.0,0.0,2037000000.0,960000000.0,1077000000.0,9447620589.0,-67000000.0,-1410000000.0,-347000000.0,736000000.0,0.0,389000000.0,-1533000000.0,0.0,1062000000.0,15000000.0,592000000.0,592000000.0,592000000.0,0.0,0.0,0.125,2110000000.0,749000000.0,294000000.0,0.0,4.682,15.959,15.959,583000000.0,0.0,62.08,2.002,2.003,290000000.0,4152000000.0,4719000000.0,4719000000.0,0.0,0.179,0.317,0.478,0.162,43000000.0,1767000000.0,1.0,152184610.0,152283586,155102885.0,30.988,1975000000.0,56000000.0,150000000.0,264000000.0,12.969,302000000.0
14,CPRI,MRT,2017-12-31,2017-12-30,2017-12-30,2021-08-02,-18400000.0,4216800000.0,2892775000.0,1444600000.0,2772200000.0,1.592,13.66,-101100000.0,317100000.0,317100000.0,1835400000.0,521300000.0,2.001,1.029,992500000.0,100000.0,992400000.0,992500000.0,0.0,207400000.0,0.0,0.0,0.0,635900000.0,843300000.0,0.183,843300000.0,635900000.0,626800000.0,3.47,3.43,3.47,2076900000.0,1763850000.0,2076900000.0,9395150514.0,15.0,11.141,911500000.0,5.995,1.0,2768800000.0,0.601,2037400000.0,9100000.0,2132700000.0,1469400000.0,677200000.0,0.0,0.0,0.0,2136500000.0,722100000.0,1414400000.0,9573350514.0,-52100000.0,-1410200000.0,-397700000.0,841500000.0,0.0,435600000.0,-1513900000.0,0.0,1012600000.0,13600000.0,521500000.0,521500000.0,521500000.0,0.0,-200000.0,0.113,2149300000.0,619500000.0,290200000.0,0.0,4.609,18.357,18.141,599400000.0,0.0,62.95,2.079,2.079,288000000.0,4107900000.0,4604200000.0,4604200000.0,0.0,0.18,0.296,0.433,0.138,36100000.0,1679700000.0,1.0,152078642.0,152047963,154623339.0,30.281,2179400000.0,64700000.0,105300000.0,285700000.0,14.334,722500000.0
15,CPRI,MRT,2017-09-30,2017-09-30,2017-09-30,2021-08-02,-59600000.0,2531700000.0,2531325000.0,1330700000.0,1201000000.0,1.784,11.892,-123700000.0,178200000.0,178200000.0,1826400000.0,573200000.0,2.803,0.402,0.0,0.0,0.0,0.0,0.0,209100000.0,0.0,0.0,0.0,694400000.0,903500000.0,0.2,903500000.0,694400000.0,690200000.0,3.69,3.65,3.69,1805000000.0,1707650000.0,1805000000.0,7136692714.0,10.0,7.899,892600000.0,5.881,1.0,2690500000.0,0.596,525400000.0,4200000.0,1353400000.0,1262425000.0,696500000.0,0.0,0.0,0.0,726500000.0,474700000.0,251800000.0,7254592714.0,-7800000.0,-38500000.0,-500200000.0,-361800000.0,0.0,-868300000.0,-161500000.0,0.0,1016300000.0,5700000.0,573400000.0,573400000.0,573400000.0,0.0,-200000.0,0.127,2042600000.0,647900000.0,174000000.0,0.0,4.019,12.652,12.967,562700000.0,0.0,47.85,1.606,1.608,274500000.0,3888500000.0,4516900000.0,4516900000.0,0.0,0.227,0.336,0.55,0.154,29600000.0,1601400000.0,1.0,151611133.0,151781340,154168094.0,29.759,2006300000.0,69200000.0,116800000.0,138800000.0,13.218,856000000.0
16,CPRI,MRT,2017-06-30,2017-07-01,2017-07-01,2021-08-02,-68200000.0,2413000000.0,2587225000.0,1185000000.0,1228000000.0,1.723,10.233,-132900000.0,273700000.0,273700000.0,1814100000.0,531200000.0,2.04,0.526,155800000.0,155800000.0,0.0,155800000.0,0.0,217200000.0,0.0,0.0,0.0,658500000.0,875700000.0,0.196,875700000.0,658500000.0,653700000.0,3.32,3.28,3.32,1580900000.0,1676525000.0,1580900000.0,5554568318.0,8.0,6.343,773100000.0,5.004,1.0,2644400000.0,0.593,534000000.0,4800000.0,1180100000.0,1308550000.0,616100000.0,0.0,0.0,0.0,831700000.0,581000000.0,250700000.0,5649168318.0,-63000000.0,-1800000.0,-752800000.0,-74700000.0,0.0,-830700000.0,-139500000.0,0.0,906000000.0,1200000.0,531400000.0,531400000.0,531400000.0,0.0,-200000.0,0.119,1991900000.0,652500000.0,153400000.0,0.0,3.573,10.631,10.919,585500000.0,0.0,36.25,1.267,1.256,171300000.0,3685600000.0,4458500000.0,4458500000.0,0.0,0.205,0.317,0.503,0.148,33700000.0,1576000000.0,1.0,155839126.0,154486898,156871518.0,28.86,1879000000.0,67200000.0,122300000.0,142000000.0,12.163,604000000.0
17,CPRI,MRT,2017-03-31,2017-04-01,2017-04-01,2021-08-02,-80600000.0,2409600000.0,2656650000.0,1164700000.0,1244900000.0,1.692,9.595,-165000000.0,227700000.0,227700000.0,1833000000.0,552000000.0,2.059,0.511,133100000.0,133100000.0,0.0,133100000.0,0.0,220000000.0,0.0,0.0,0.0,694000000.0,914000000.0,0.203,914000000.0,694000000.0,690000000.0,3.33,3.29,3.33,1592600000.0,1719950000.0,1592600000.0,5969779407.0,9.0,6.531,870000000.0,5.241,1.0,2661000000.0,0.592,537800000.0,4000000.0,1211400000.0,1341975000.0,549300000.0,0.0,0.0,0.0,814600000.0,565800000.0,248800000.0,6190779407.0,-472000000.0,-481000000.0,-997000000.0,147000000.0,0.0,-850000000.0,-651000000.0,0.0,1035000000.0,-6000000.0,553000000.0,553000000.0,553000000.0,0.0,-1000000.0,0.123,1971000000.0,690000000.0,176300000.0,0.0,3.887,11.195,11.444,591500000.0,0.0,38.11,1.378,1.408,265800000.0,3560300000.0,4494000000.0,4494000000.0,0.0,0.208,0.322,0.517,0.154,27000000.0,1541000000.0,1.0,162445012.0,165986733,168123813.0,27.074,1871800000.0,73300000.0,137000000.0,140300000.0,11.277,598900000.0
18,CPRI,MRT,2016-12-31,2016-12-31,2016-12-31,2021-08-02,-90100000.0,2771000000.0,2695950000.0,1367700000.0,1403300000.0,1.717,11.352,-226700000.0,368800000.0,368800000.0,1888700000.0,754600000.0,2.036,0.495,147800000.0,147800000.0,0.0,147800000.0,0.0,213000000.0,0.0,0.0,0.0,982800000.0,1195800000.0,0.258,1195800000.0,982800000.0,977100000.0,4.47,4.41,4.47,1852100000.0,1820725000.0,1852100000.0,7257351060.0,7.0,6.069,957800000.0,5.871,1.0,2738900000.0,0.592,573400000.0,5700000.0,1304800000.0,1374375000.0,586200000.0,0.0,0.0,0.0,916500000.0,671800000.0,244700000.0,7059351060.0,-326900000.0,-485200000.0,-942100000.0,158100000.0,0.0,-793400000.0,-718500000.0,1000000.0,1184500000.0,500000.0,756300000.0,756300000.0,756300000.0,0.0,-1700000.0,0.163,1762300000.0,976600000.0,214000000.0,0.0,3.812,9.334,9.615,771000000.0,0.0,42.98,1.525,1.515,252400000.0,3587100000.0,4627600000.0,4627600000.0,0.0,0.281,0.415,0.715,0.212,19700000.0,1533000000.0,1.0,164247349.0,163148597,165214045.0,28.364,2197600000.0,20800000.0,220800000.0,136300000.0,13.47,695900000.0
19,CPRI,MRT,2016-09-30,2016-10-01,2016-10-01,2021-08-02,-79800000.0,2755300000.0,2636754250.0,1316100000.0,1439200000.0,1.772,10.081,-275000000.0,186400000.0,186400000.0,1907100000.0,777500000.0,1.581,0.638,384400000.0,384400000.0,0.0,384400000.0,0.0,202300000.0,0.0,0.0,0.0,1047300000.0,1249600000.0,0.267,1249600000.0,1047300000.0,1044400000.0,4.43,4.36,4.43,1680500000.0,1851584750.0,1680500000.0,7819536388.0,7.0,6.258,929400000.0,5.575,1.0,2765100000.0,0.592,583100000.0,2900000.0,1537900000.0,1380355750.0,695700000.0,0.0,0.0,0.0,1072000000.0,832300000.0,239700000.0,7908036388.0,-245100000.0,-482200000.0,-1043300000.0,366100000.0,0.0,-686200000.0,-764100000.0,900000.0,1204400000.0,800000.0,779600000.0,779600000.0,779600000.0,0.0,-2100000.0,0.167,1721100000.0,1044000000.0,179700000.0,0.0,4.706,10.144,10.562,801000000.0,0.0,46.79,1.693,1.669,288000000.0,3315800000.0,4672200000.0,4672200000.0,0.0,0.296,0.421,0.759,0.224,29100000.0,1503000000.0,1.0,169011250.0,166695631,168839967.0,28.028,2172200000.0,19000000.0,264800000.0,134100000.0,13.031,483800000.0
20,CPRI,MRT,2016-06-30,2016-07-02,2016-07-02,2021-08-02,-78300000.0,2690700000.0,2552919250.0,1256100000.0,1434600000.0,1.847,10.075,-310100000.0,337100000.0,337100000.0,1929100000.0,809600000.0,1.79,0.532,248600000.0,248600000.0,0.0,248600000.0,0.0,192000000.0,0.0,0.0,0.0,1115000000.0,1307000000.0,0.277,1307000000.0,1115000000.0,1113100000.0,4.48,4.42,4.48,1754600000.0,1902457500.0,1754600000.0,8138025923.0,7.0,6.226,983000000.0,5.644,1.0,2784900000.0,0.591,586500000.0,1900000.0,1313800000.0,1374720000.0,606900000.0,0.0,0.0,0.0,933000000.0,701900000.0,231100000.0,8837725923.0,-471400000.0,-481100000.0,-1193000000.0,234800000.0,0.0,-968500000.0,-794500000.0,900000.0,1293100000.0,-1500000.0,811800000.0,811800000.0,811800000.0,0.0,-2200000.0,0.172,1671500000.0,1113400000.0,167400000.0,0.0,5.037,10.887,11.179,798700000.0,0.0,50.08,1.875,1.85,202800000.0,3154900000.0,4714000000.0,4714000000.0,0.0,0.318,0.427,0.811,0.237,32100000.0,1468600000.0,1.0,176472163.0,174158571,176613751.0,27.067,2104200000.0,16900000.0,301300000.0,133500000.0,12.082,554200000.0
21,CPRI,MRT,2016-03-31,2016-04-02,2016-04-02,2021-08-02,-80900000.0,2566800000.0,2519411250.0,1669800000.0,897000000.0,1.87,10.713,-369200000.0,702000000.0,702000000.0,1914900000.0,837700000.0,3.834,0.284,2300000.0,0.0,2300000.0,2300000.0,0.0,183200000.0,0.0,0.0,0.0,1175400000.0,1358600000.0,0.288,1358600000.0,1175400000.0,1173700000.0,4.5,4.44,4.5,1995700000.0,1986104750.0,1995700000.0,9529336133.0,8.0,7.014,880300000.0,4.725,1.0,2797200000.0,0.594,90600000.0,1700000.0,1341000000.0,1377826000.0,546800000.0,0.0,0.0,0.0,567300000.0,435500000.0,131800000.0,10222182133.0,-276900000.0,-500000.0,-1139700000.0,-9600000.0,0.0,-1149400000.0,-381100000.0,0.0,1249500000.0,4100000.0,839100000.0,839100000.0,839100000.0,0.0,-1400000.0,0.178,1622100000.0,1175100000.0,131400000.0,0.0,5.122,12.182,12.66,758200000.0,0.0,56.97,2.169,2.252,307900000.0,3007800000.0,4712100000.0,4712100000.0,0.0,0.333,0.422,0.853,0.249,27300000.0,1428000000.0,1.0,179430966.0,186293295,189054289.0,25.294,2476200000.0,24500000.0,334600000.0,55100000.0,13.292,1234300000.0
22,CPRI,MRT,2015-12-31,2015-12-26,2015-12-26,2021-08-02,-97915000.0,2534217000.0,2548861250.0,1661671000.0,872546000.0,1.803,10.844,-363667000.0,696823000.0,696823000.0,1863518000.0,844019000.0,3.928,0.281,3977000.0,0.0,3977000.0,3977000.0,0.0,170546000.0,0.0,0.0,0.0,1187344000.0,1357890000.0,0.296,1357890000.0,1187344000.0,1186191000.0,4.45,4.37,4.45,1975539000.0,2047429750.0,1975539000.0,7098300082.0,6.0,5.227,745933000.0,4.095,1.0,2730897000.0,0.594,89578000.0,1153000.0,1328723000.0,1368551000.0,588295000.0,0.0,0.0,0.0,554294000.0,423070000.0,131224000.0,7520302082.0,-306036000.0,4040000.0,-1039205000.0,-5500000.0,0.0,-1022325000.0,-373077000.0,-1000000.0,1109600000.0,-20234000.0,844719000.0,844719000.0,844719000.0,0.0,-700000.0,0.184,1543703000.0,1187194000.0,190740000.0,0.0,3.807,8.903,9.182,739863000.0,0.0,40.86,1.637,1.62,301632000.0,2830810000.0,4594415000.0,4594415000.0,0.0,0.331,0.413,0.868,0.258,38275000.0,1372357000.0,1.0,184050467.0,182176452,184851616.0,25.22,2444639000.0,24019000.0,341472000.0,37575000.0,13.419,1238601000.0
23,CPRI,MRT,2015-09-30,2015-09-26,2015-09-26,2021-08-02,-81148000.0,2419960000.0,2572954000.0,1624235000.0,795725000.0,1.754,9.976,-392197000.0,431541000.0,431541000.0,1812601000.0,853494000.0,4.195,0.282,9539000.0,5416000.0,4123000.0,9539000.0,0.0,163038000.0,0.0,0.0,0.0,1194870000.0,1357908000.0,0.301,1357908000.0,1194870000.0,1194201000.0,4.33,4.26,4.33,1883991000.0,2091416250.0,1883991000.0,7392552079.0,6.0,5.444,659750000.0,3.493,1.0,2699140000.0,0.598,95460000.0,669000.0,1515357000.0,1346813000.0,713731000.0,0.0,0.0,0.0,531224000.0,387141000.0,144083000.0,8201092079.0,-597487000.0,1040000.0,-1238206000.0,0.0,0.0,-1207459000.0,-418497000.0,-900000.0,1051947000.0,-23478000.0,853794000.0,853794000.0,853794000.0,0.0,-300000.0,0.189,1502769000.0,1196371000.0,199152000.0,0.0,4.353,9.605,9.792,672409000.0,0.0,42.4,1.818,1.775,344135000.0,2536252000.0,4511741000.0,4511741000.0,0.0,0.332,0.408,0.887,0.265,28474000.0,1338931000.0,1.0,193421983.0,188857398,191524156.0,23.89,2324500000.0,38991000.0,340407000.0,46421000.0,12.308,1237094000.0
24,CPRI,MRT,2015-06-30,2015-06-27,2015-06-27,2021-08-02,-67624000.0,2556668000.0,2640321500.0,1813851000.0,742817000.0,1.681,10.606,-389013000.0,808540000.0,808540000.0,1758679000.0,867684000.0,5.351,0.224,0.0,0.0,0.0,0.0,0.0,151002000.0,0.0,0.0,0.0,1227139000.0,1378141000.0,0.311,1378141000.0,1227139000.0,1226798000.0,4.32,4.25,4.32,2089189000.0,2181700750.0,2089189000.0,7944696572.0,6.0,5.765,526202000.0,2.671,1.0,2679667000.0,0.604,82904000.0,341000.0,1326224000.0,1288946000.0,606450000.0,0.0,0.0,0.0,467479000.0,339000000.0,128479000.0,8923618572.0,-333276000.0,-3000000.0,-835236000.0,0.0,0.0,-795422000.0,-425009000.0,-900000.0,915215000.0,-28060000.0,867684000.0,867684000.0,867684000.0,0.0,0.0,0.195,1450838000.0,1228829000.0,172123000.0,0.0,4.271,10.284,10.396,624194000.0,0.0,44.91,2.011,1.993,252502000.0,2343116000.0,4438346000.0,4438346000.0,0.0,0.329,0.398,0.952,0.276,18332000.0,1299036000.0,1.0,198700035.0,196977021,200054494.0,22.532,2473764000.0,32841000.0,359114000.0,47033000.0,12.559,1474851000.0
25,CPRI,MRT,2015-03-31,2015-03-28,2015-03-28,2021-08-02,-66800000.0,2684600000.0,2616744250.0,1989700000.0,694900000.0,1.671,11.057,-356200000.0,978900000.0,978900000.0,1723800000.0,881000000.0,6.098,0.198,0.0,0.0,0.0,0.0,0.0,138400000.0,0.0,0.0,0.0,1256000000.0,1394400000.0,0.319,1394400000.0,1256000000.0,1255800000.0,4.35,4.28,4.35,2241000000.0,2166742000.0,2241000000.0,12494775016.0,10.0,8.961,501700000.0,2.475,1.0,2647700000.0,0.606,75500000.0,200000.0,1303900000.0,1194911500.0,519900000.0,0.0,0.0,0.0,443600000.0,326300000.0,117300000.0,13444621016.0,7700000.0,-3000000.0,-480000000.0,0.0,0.0,-434700000.0,-388400000.0,0.0,857900000.0,-27100000.0,881000000.0,881000000.0,881000000.0,0.0,0.0,0.202,1390700000.0,1257000000.0,114100000.0,0.0,5.999,15.261,15.395,562900000.0,0.0,66.97,3.076,3.105,363400000.0,2168800000.0,4371500000.0,4371500000.0,0.0,0.337,0.407,1.051,0.287,3600000.0,1251500000.0,1.0,200755876.0,202680572,205865769.0,21.568,2609100000.0,23000000.0,374800000.0,32500000.0,12.873,1663400000.0
26,CPRI,MRT,2014-12-31,2014-12-27,2014-12-27,2021-08-02,-39870000.0,2630588000.0,2499837500.0,1983319000.0,647269000.0,1.683,10.616,-340491000.0,949846000.0,949846000.0,1641635000.0,859434000.0,5.489,0.223,0.0,0.0,0.0,0.0,0.0,124567000.0,0.0,0.0,0.0,1243373000.0,1367940000.0,0.325,1367940000.0,1243373000.0,1243235000.0,4.23,4.17,4.23,2151485000.0,2058024750.0,2151485000.0,14474164059.0,12.0,10.581,551666000.0,2.722,1.0,2566259000.0,0.61,77649000.0,138000.0,1241771000.0,1087779000.0,537501000.0,0.0,0.0,0.0,479103000.0,361322000.0,117781000.0,15486557059.0,159706000.0,-2940000.0,-387683000.0,-24000.0,0.0,-337518000.0,-378419000.0,-2000000.0,892157000.0,-16514000.0,859434000.0,859434000.0,859434000.0,0.0,0.0,0.204,1319515000.0,1246744000.0,175197000.0,0.0,7.198,18.019,17.78,532304000.0,0.0,75.21,3.68,3.622,364070000.0,1986119000.0,4207894000.0,4207894000.0,0.0,0.344,0.418,1.143,0.295,-8563000.0,1193648000.0,1.0,205910877.0,202668541,205647816.0,20.762,2552939000.0,25295000.0,383801000.0,29902000.0,12.597,1621997000.0
27,CPRI,MRT,2014-09-30,2014-09-27,2014-09-27,2021-08-02,-20419000.0,2689430000.0,2343931250.0,2133373000.0,556057000.0,1.666,10.981,-268523000.0,1012393000.0,1012393000.0,1519783000.0,785402000.0,6.547,0.198,0.0,0.0,0.0,0.0,0.0,108730000.0,0.0,0.0,0.0,1169484000.0,1278214000.0,0.327,1278214000.0,1169484000.0,1169353000.0,3.86,3.8,3.86,2245129000.0,1926141000.0,2245129000.0,13548487531.0,12.0,10.6,381844000.0,1.868,1.0,2385614000.0,0.611,67283000.0,131000.0,1283889000.0,989152750.0,619296000.0,0.0,0.0,0.0,444301000.0,325865000.0,118436000.0,14673524531.0,395357000.0,-2940000.0,10663000.0,-24000.0,0.0,54685000.0,-299635000.0,-2000000.0,650367000.0,-10060000.0,785402000.0,785402000.0,785402000.0,0.0,0.0,0.201,1214107000.0,1171507000.0,179079000.0,0.0,6.536,18.683,18.521,453836000.0,0.0,71.49,3.757,3.743,346822000.0,1682444000.0,3905397000.0,3905397000.0,0.0,0.335,0.408,1.182,0.299,-6504000.0,1104077000.0,1.0,205252826.0,204464952,207432250.0,19.101,2622147000.0,35627000.0,383951000.0,23266000.0,12.824,1807508000.0
28,CPRI,MRT,2014-06-30,2014-06-28,2014-06-28,2021-08-02,-1842000.0,2462359000.0,2098517250.0,1964742000.0,497617000.0,1.71,9.96,-224578000.0,1125037000.0,1125037000.0,1398633000.0,724220000.0,6.09,0.213,0.0,0.0,0.0,0.0,0.0,92723000.0,0.0,0.0,0.0,1086757000.0,1179480000.0,0.329,1179480000.0,1086757000.0,1086568000.0,3.57,3.51,3.57,2029354000.0,1711433000.0,2029354000.0,17431233190.0,16.0,14.779,448157000.0,2.2,1.0,2190462000.0,0.61,64607000.0,189000.0,950086000.0,873284000.0,527254000.0,0.0,0.0,0.0,433005000.0,322629000.0,110376000.0,18386378190.0,487831000.0,0.0,14325000.0,-200000.0,0.0,69246000.0,-254039000.0,-2000000.0,672735000.0,-111000.0,724220000.0,724220000.0,724220000.0,0.0,0.0,0.202,1103053000.0,1087409000.0,140340000.0,0.0,9.06,25.388,25.21,404018000.0,0.0,90.0,5.123,5.109,229106000.0,1475454000.0,3589095000.0,3589095000.0,0.0,0.345,0.423,1.244,0.303,-23444000.0,1009030000.0,1.0,204293091.0,203749572,207176243.0,17.615,2397752000.0,32457000.0,362348000.0,67109000.0,11.768,1642113000.0
29,CPRI,MRT,2014-03-31,2014-03-29,2014-03-29,2021-08-02,-6373000.0,2216973000.0,1857138750.0,1777169000.0,439804000.0,1.783,8.916,-184700000.0,971194000.0,971194000.0,1294700000.0,661500000.0,5.763,0.227,0.0,0.0,0.0,0.0,0.0,79700000.0,0.0,0.0,0.0,1008100000.0,1087800000.0,0.329,1087800000.0,1008100000.0,1007700000.0,3.27,3.22,3.27,1806131000.0,1504223500.0,1806131000.0,18085866732.0,18.0,16.626,448300000.0,2.213,1.0,2016100000.0,0.609,62039000.0,400000.0,875370000.0,787763250.0,426938000.0,0.0,0.0,0.0,410842000.0,308370000.0,102472000.0,18914207732.0,483900000.0,0.0,16600000.0,-200000.0,0.0,71100000.0,-215500000.0,-2000000.0,633000000.0,-4700000.0,661500000.0,661500000.0,661500000.0,0.0,0.0,0.2,1007900000.0,1008200000.0,143563000.0,0.0,10.472,28.593,28.364,350678000.0,0.0,92.75,5.713,5.675,298006000.0,1287738000.0,3310800000.0,3310800000.0,0.0,0.356,0.44,1.28,0.304,-25600000.0,926900000.0,1.0,203926768.0,202582945,205638107.0,16.343,2154934000.0,34201000.0,346200000.0,53272000.0,10.637,1468799000.0
30,CPRI,MRT,2013-12-31,2013-12-28,2013-12-28,2021-08-02,-3942000.0,2006963000.0,1625286750.0,1600229000.0,406734000.0,1.84,7.993,-173428000.0,828341000.0,828341000.0,1167686000.0,601548000.0,5.814,0.236,0.0,0.0,0.0,0.0,0.0,70897000.0,0.0,0.0,0.0,916761000.0,987658000.0,0.33,987658000.0,916761000.0,916129000.0,2.97,2.92,2.97,1623950000.0,1314502250.0,1623950000.0,15807437769.0,17.0,16.005,391085000.0,1.925,1.0,1822859000.0,0.61,56103000.0,632000.0,847266000.0,723376000.0,431564000.0,0.0,0.0,0.0,383013000.0,275253000.0,107760000.0,16426278769.0,430066000.0,-6000000.0,15767000.0,-1824000.0,0.0,74416000.0,-206317000.0,0.0,564513000.0,-2546000.0,601548000.0,601548000.0,601548000.0,0.0,0.0,0.201,905293000.0,917566000.0,145363000.0,0.0,10.115,27.307,27.131,321542000.0,0.0,80.58,5.493,5.475,292812000.0,1126700000.0,2990545000.0,2990545000.0,0.0,0.37,0.458,1.267,0.307,-33827000.0,833671000.0,1.0,203850568.0,203175380,206088062.0,14.719,1950860000.0,20423000.0,314581000.0,31659000.0,9.602,1324976000.0
31,CPRI,MRT,2013-09-30,2013-09-28,2013-09-28,2021-08-02,-1701000.0,1707774000.0,,1345941000.0,361833000.0,,6.844,-152060000.0,618841000.0,618841000.0,1028282000.0,501933000.0,6.168,0.232,0.0,0.0,0.0,0.0,0.0,63010000.0,0.0,0.0,0.0,776876000.0,839886000.0,0.321,839886000.0,776876000.0,776042000.0,2.49,2.45,2.49,1386297000.0,,1386297000.0,14477865427.0,19.0,17.238,279583000.0,1.38,1.0,1586812000.0,0.607,50321000.0,834000.0,820414000.0,,404194000.0,0.0,0.0,0.0,321477000.0,218198000.0,103279000.0,15117021427.0,314098000.0,-6000000.0,19811000.0,-15567000.0,0.0,68983000.0,-184526000.0,-3232000.0,431643000.0,-2002000.0,501933000.0,501933000.0,501933000.0,0.0,0.0,0.192,807647000.0,779165000.0,119420000.0,0.0,10.905,30.118,29.9,284580000.0,0.0,74.45,5.781,5.767,228850000.0,897057000.0,2615094000.0,2615094000.0,0.0,,,,0.297,-40474000.0,743912000.0,1.0,203049314.0,202560870,205154692.0,12.91,1657453000.0,17158000.0,274109000.0,26598000.0,8.182,1127743000.0
32,CPRI,MRT,2013-06-30,2013-06-29,2013-06-29,2021-08-02,-5440000.0,1496845000.0,,1174212000.0,322633000.0,,5.967,-137260000.0,639156000.0,639156000.0,954889000.0,453953000.0,5.614,0.247,0.0,0.0,0.0,0.0,0.0,57211000.0,0.0,0.0,0.0,713637000.0,770848000.0,0.32,770848000.0,713637000.0,712378000.0,2.27,2.23,2.27,1200516000.0,,1200516000.0,12024563220.0,17.0,15.599,350645000.0,1.743,1.0,1452837000.0,0.603,40546000.0,1259000.0,608003000.0,,319459000.0,0.0,0.0,0.0,296329000.0,209140000.0,87189000.0,12497074220.0,484582000.0,-6000000.0,34285000.0,-30922000.0,0.0,159710000.0,-160881000.0,-3232000.0,487905000.0,-2152000.0,453953000.0,453953000.0,453953000.0,0.0,0.0,0.189,737204000.0,715633000.0,104647000.0,0.0,10.41,27.529,27.322,258021000.0,0.0,62.02,5.19,5.183,170391000.0,751249000.0,2407726000.0,2407726000.0,0.0,,,,0.296,-134820000.0,679268000.0,1.0,201500713.0,201208189,204336124.0,11.966,1456299000.0,13874000.0,258425000.0,48532000.0,7.238,965072000.0
33,CPRI,MRT,2013-03-31,2013-03-30,2013-03-30,2021-08-02,-3461000.0,1289565000.0,981995000.0,989189000.0,300376000.0,2.222,5.326,-121321000.0,472511000.0,472511000.0,875166000.0,397602000.0,6.023,0.231,0.0,0.0,0.0,0.0,0.0,54291000.0,0.0,0.0,0.0,628651000.0,682942000.0,0.313,682942000.0,628651000.0,627127000.0,2.02,1.97,2.02,1047246000.0,751741500.0,1047246000.0,10861535638.0,17.0,15.904,242516000.0,1.233,1.0,1306566000.0,0.599,34985000.0,1524000.0,617821000.0,507704500.0,266894000.0,0.0,0.0,0.0,242319000.0,164248000.0,78071000.0,10945215638.0,373658000.0,-6000000.0,30435000.0,-24382000.0,0.0,150561000.0,-139099000.0,-3232000.0,363837000.0,-1641000.0,397602000.0,397602000.0,397602000.0,0.0,0.0,0.182,676552000.0,630014000.0,82977000.0,0.0,10.451,27.528,28.114,242113000.0,0.0,56.79,5.017,5.118,206454000.0,626253000.0,2181732000.0,2181732000.0,0.0,0.405,0.529,1.238,0.288,-123576000.0,621536000.0,1.0,192731390.0,196615054,201540144.0,11.096,1254580000.0,12869000.0,229525000.0,22237000.0,6.381,824941000.0
34,CPRI,MRT,2012-12-31,2012-12-29,2012-12-29,2021-08-02,,,,,,,,,,,,,,,,,,,,,,0.0,0.0,,,,,,,,,,,,,9394849760.0,,,,,1.0,,,,,,,,,,,,,,9478529760.0,,,,,,,,,,,,,,,,,,,,,,,,,,49.18,,,,,,,,,,,,,,1.0,192731390.0,199291480,,,,,,,,
35,CPRI,MRT,2012-09-30,2012-09-29,2012-09-29,2021-08-02,,,,,,,,,,,,,,,,,,,,,,0.0,0.0,,,,,,,,,,,,,10165775320.0,,,,,1.0,,,,,,,,,,,,,,10249455320.0,,,,,,,,,,,,,,,,,,,,,,,,,,53.18,,,,,,,,,,,,,,1.0,192731390.0,194323935,,,,,,,,
36,CPRI,MRT,2012-06-30,2012-06-30,2012-06-30,2021-08-02,,,,,,,,,,,,,,,,,,,,,,0.0,0.0,,,,,,,,,,,,,7980201358.0,,,,,1.0,,,,,,,,,,,,,,8063881358.0,,,,,,,,,,,,,,,,,,,,,,,,,,41.84,,,,,,,,,,,,,,1.0,192731390.0,192790454,,,,,,,,
37,CPRI,MRT,2012-03-31,2012-03-31,2012-03-31,2021-08-02,-735000.0,674425000.0,536960000.0,464063000.0,210362000.0,2.425,2.883,-88187000.0,106354000.0,106354000.0,549158000.0,147364000.0,2.812,0.478,22674000.0,22674000.0,0.0,22674000.0,0.0,37554000.0,0.0,0.0,0.0,250311000.0,287865000.0,0.221,287865000.0,250311000.0,248816000.0,0.8,0.78,0.8,456237000.0,290778500.0,456237000.0,,,,27103000.0,0.171,1.0,753096000.0,0.578,28151000.0,1495000.0,397588000.0,366453500.0,187413000.0,0.0,0.0,0.0,218188000.0,165006000.0,53182000.0,8979355460.0,85289000.0,0.0,19222000.0,7136000.0,0.0,58639000.0,-88187000.0,0.0,115290000.0,-453000.0,147364000.0,126137000.0,126137000.0,0.0,0.0,0.097,505414000.0,247682000.0,67326000.0,0.0,19.681,71.187,58.237,170755000.0,21227000.0,46.59,6.895,5.662,127226000.0,228651000.0,1302254000.0,1302254000.0,0.0,0.235,0.434,0.683,0.192,-5261000.0,464568000.0,1.0,192731390.0,158258126,189299197.0,8.229,646274000.0,15097000.0,101452000.0,14499000.0,4.084,299057000.0
38,CPRI,MRT,2011-03-31,2011-04-02,2011-04-02,2021-08-02,4033000.0,399495000.0,,245398000.0,154097000.0,,0.892,-57348000.0,21065000.0,21065000.0,357274000.0,72506000.0,1.921,2.134,114415000.0,12765000.0,101650000.0,114415000.0,0.0,25543000.0,0.0,,0.0,135080000.0,160623000.0,0.2,160623000.0,135080000.0,133219000.0,0.4,0.4,0.4,125320000.0,,125320000.0,,,,52960000.0,0.377,1.0,446065000.0,0.555,29801000.0,1861000.0,335319000.0,,117173000.0,0.0,0.0,0.0,267469000.0,127725000.0,139744000.0,,15401000.0,0.0,0.0,-35876000.0,0.0,-37726000.0,-57830000.0,0.0,110308000.0,649000.0,72506000.0,56877000.0,56877000.0,0.0,0.0,0.071,309199000.0,136866000.0,52873000.0,0.0,,,,119323000.0,15629000.0,,,,80081000.0,81287000.0,803339000.0,803339000.0,0.0,,,,0.168,0.0,279822000.0,1.0,,140554377,179177268.0,5.716,369694000.0,9273000.0,60713000.0,24196000.0,2.63,117673000.0
39,CPRI,MRT,2010-03-31,2010-04-03,2010-04-03,2021-08-02,,,,,,,,-30816000.0,,,241365000.0,39248000.0,,,,,,,,18843000.0,,,0.0,57004000.0,75847000.0,0.149,75847000.0,57004000.0,54947000.0,0.22,0.22,0.22,,,,,,,-2224000.0,-0.016,1.0,266734000.0,0.525,,2057000.0,,,,,,,,,,,3204000.0,0.0,0.0,7443000.0,-1862000.0,5581000.0,-32175000.0,0.0,28592000.0,1206000.0,39248000.0,30788000.0,30788000.0,0.0,0.0,0.061,210560000.0,56174000.0,,0.0,,,,,8460000.0,,,,,,508099000.0,508099000.0,0.0,,,,0.112,0.0,191717000.0,1.0,,140554377,179177268.0,3.615,,,15699000.0,,,
