None,ticker,dimension,calendardate,datekey,reportperiod,lastupdated,accoci,assets,assetsavg,assetsc,assetsnc,assetturnover,bvps,capex,cashneq,cashnequsd,cor,consolinc,currentratio,de,debt,debtc,debtnc,debtusd,deferredrev,depamor,deposits,divyield,dps,ebit,ebitda,ebitdamargin,ebitdausd,ebitusd,ebt,eps,epsdil,epsusd,equity,equityavg,equityusd,ev,evebit,evebitda,fcf,fcfps,fxusd,gp,grossmargin,intangibles,intexp,invcap,invcapavg,inventory,investments,investmentsc,investmentsnc,liabilities,liabilitiesc,liabilitiesnc,marketcap,ncf,ncfbus,ncfcommon,ncfdebt,ncfdiv,ncff,ncfi,ncfinv,ncfo,ncfx,netinc,netinccmn,netinccmnusd,netincdis,netincnci,netmargin,opex,opinc,payables,payoutratio,pb,pe,pe1,ppnenet,prefdivis,price,ps,ps1,receivables,retearn,revenue,revenueusd,rnd,roa,roe,roic,ros,sbcomp,sgna,sharefactor,sharesbas,shareswa,shareswadil,sps,tangibles,taxassets,taxexp,taxliabilities,tbvps,workingcapital
0,L,MRY,2020-12-31,2020-12-31,2020-12-31,2021-09-07,581000000.0,80236000000.0,79348250000.0,,,0.159,63.713,-710000000.0,478000000.0,478000000.0,8739000000.0,-1291000000.0,,3.419,10109000000.0,,,10109000000.0,9142000000.0,734000000.0,0.0,0.006,0.25,-589000000.0,145000000.0,0.012,145000000.0,-589000000.0,-1104000000.0,-3.32,-3.32,-3.32,17860000000.0,17350500000.0,17860000000.0,21896776697.0,-37.0,151.012,1035000000.0,3.692,1.0,3844000000.0,0.305,785000000.0,515000000.0,89082000000.0,88458750000.0,0.0,53844000000.0,,,61055000000.0,,,12374776697.0,142000000.0,-476000000.0,-923000000.0,933000000.0,-70000000.0,-198000000.0,-1414000000.0,-101000000.0,1745000000.0,9000000.0,-931000000.0,-931000000.0,-931000000.0,0.0,-360000000.0,-0.074,4793000000.0,-949000000.0,92000000.0,-0.075,0.693,-13.292,-13.56,10451000000.0,0.0,45.02,0.983,1.003,7833000000.0,14150000000.0,12583000000.0,12583000000.0,0.0,-0.012,-0.054,-0.007,-0.047,0.0,4793000000.0,1.0,274872872.0,280320000.0,280320000.0,44.888,79451000000.0,0.0,-173000000.0,1065000000.0,283.43,
1,L,MRY,2019-12-31,2019-12-31,2019-12-31,2021-09-07,-68000000.0,82243000000.0,81867000000.0,,,0.182,63.162,-1041000000.0,336000000.0,336000000.0,8271000000.0,871000000.0,,3.155,11533000000.0,,,11533000000.0,8362000000.0,943000000.0,0.0,0.005,0.25,1771000000.0,2714000000.0,0.182,2714000000.0,1771000000.0,1180000000.0,3.08,3.07,3.08,19119000000.0,19272500000.0,19119000000.0,26652572900.0,15.0,9.82,700000000.0,2.313,1.0,6660000000.0,0.446,767000000.0,591000000.0,92673000000.0,92210250000.0,0.0,51250000000.0,,,60313000000.0,,,15612572900.0,-69000000.0,-117000000.0,-1051000000.0,120000000.0,-76000000.0,-1144000000.0,-671000000.0,693000000.0,1741000000.0,5000000.0,932000000.0,932000000.0,932000000.0,0.0,-61000000.0,0.062,4950000000.0,1710000000.0,108000000.0,0.081,0.817,16.752,17.042,15568000000.0,0.0,52.49,1.046,1.064,7675000000.0,15823000000.0,14931000000.0,14931000000.0,0.0,0.011,0.048,0.019,0.119,0.0,4950000000.0,1.0,297438996.0,302700000.0,303350000.0,49.326,81476000000.0,0.0,248000000.0,1168000000.0,269.164,
2,L,MRY,2018-12-31,2018-12-31,2018-12-31,2021-09-07,-880000000.0,78316000000.0,79639750000.0,,,0.177,58.039,-995000000.0,405000000.0,405000000.0,7830000000.0,706000000.0,,3.074,11376000000.0,,,11376000000.0,7585000000.0,912000000.0,0.0,0.006,0.251,1338000000.0,2250000000.0,0.16,2250000000.0,1338000000.0,764000000.0,1.99,1.99,1.99,18518000000.0,18728250000.0,18518000000.0,25190958342.0,19.0,11.196,3227000000.0,10.114,1.0,6236000000.0,0.443,665000000.0,574000000.0,88622000000.0,89953250000.0,0.0,48186000000.0,,,56930000000.0,,,14301958342.0,-67000000.0,76000000.0,-1026000000.0,-178000000.0,-80000000.0,-2835000000.0,-1444000000.0,-465000000.0,4222000000.0,-10000000.0,636000000.0,636000000.0,636000000.0,0.0,70000000.0,0.045,4828000000.0,1408000000.0,42000000.0,0.126,0.772,22.487,22.874,15511000000.0,0.0,45.52,1.017,1.033,7960000000.0,15773000000.0,14066000000.0,14066000000.0,0.0,0.008,0.034,0.015,0.095,0.0,4828000000.0,1.0,314190649.0,319060000.0,319930000.0,44.086,77651000000.0,0.0,128000000.0,841000000.0,243.374,
3,L,MRY,2017-12-31,2017-12-31,2017-12-31,2021-09-07,-26000000.0,79586000000.0,78832000000.0,,,0.174,57.051,-1031000000.0,472000000.0,472000000.0,6842000000.0,1412000000.0,,2.865,11533000000.0,,,11533000000.0,5001000000.0,874000000.0,0.0,0.005,0.252,1980000000.0,2854000000.0,0.208,2854000000.0,1980000000.0,1334000000.0,3.46,3.45,3.46,19204000000.0,18882250000.0,19204000000.0,27858656535.0,14.0,9.761,1559000000.0,4.631,1.0,6893000000.0,0.502,659000000.0,646000000.0,89988000000.0,89078250000.0,0.0,52226000000.0,,,55020000000.0,,,16841656535.0,145000000.0,-1139000000.0,-216000000.0,656000000.0,-84000000.0,201000000.0,-2655000000.0,-112000000.0,2590000000.0,9000000.0,1164000000.0,1164000000.0,1164000000.0,0.0,248000000.0,0.085,4665000000.0,2228000000.0,60000000.0,0.073,0.877,14.469,14.46,15427000000.0,0.0,50.03,1.226,1.226,7613000000.0,16096000000.0,13735000000.0,13735000000.0,0.0,0.015,0.062,0.022,0.144,0.0,4665000000.0,1.0,336631152.0,336610000.0,337500000.0,40.804,78927000000.0,0.0,170000000.0,749000000.0,234.476,
4,L,MRY,2016-12-31,2016-12-31,2016-12-31,2021-09-07,-223000000.0,76594000000.0,77877250000.0,,,0.168,53.745,-1450000000.0,327000000.0,327000000.0,6789000000.0,716000000.0,,2.931,10778000000.0,,,10778000000.0,3762000000.0,841000000.0,0.0,0.005,0.25,1410000000.0,2251000000.0,0.172,2251000000.0,1410000000.0,874000000.0,1.93,1.93,1.93,18163000000.0,18052750000.0,18163000000.0,26357806922.0,19.0,11.709,803000000.0,2.376,1.0,6316000000.0,0.482,346000000.0,536000000.0,86699000000.0,88035750000.0,0.0,50711000000.0,,,53233000000.0,,,15779806922.0,-113000000.0,251000000.0,-134000000.0,196000000.0,-84000000.0,-166000000.0,-2187000000.0,-1146000000.0,2253000000.0,-13000000.0,654000000.0,654000000.0,654000000.0,0.0,62000000.0,0.05,4844000000.0,1472000000.0,150000000.0,0.13,0.869,24.128,24.264,15230000000.0,0.0,46.83,1.204,1.208,7644000000.0,15196000000.0,13105000000.0,13105000000.0,0.0,0.008,0.036,0.016,0.108,0.0,4844000000.0,1.0,336959362.0,337950000.0,338310000.0,38.778,76248000000.0,0.0,220000000.0,636000000.0,225.619,
5,L,MRY,2015-12-31,2015-12-31,2015-12-31,2021-09-07,-357000000.0,76006000000.0,77544000000.0,,,0.173,48.453,-1555000000.0,440000000.0,440000000.0,8152000000.0,287000000.0,,3.029,10560000000.0,,,10560000000.0,3671000000.0,955000000.0,0.0,0.007,0.251,737000000.0,1692000000.0,0.126,1692000000.0,737000000.0,217000000.0,0.72,0.72,0.72,17561000000.0,18648750000.0,17561000000.0,24048756531.0,33.0,14.213,1992000000.0,5.496,1.0,5263000000.0,0.392,351000000.0,520000000.0,85775000000.0,87543250000.0,0.0,49400000000.0,,,53196000000.0,,,13606756531.0,76000000.0,-124000000.0,-1258000000.0,-101000000.0,-90000000.0,-1525000000.0,-1935000000.0,-84000000.0,3547000000.0,-11000000.0,260000000.0,260000000.0,260000000.0,0.0,27000000.0,0.019,4499000000.0,764000000.0,567000000.0,0.349,0.775,52.334,53.333,15477000000.0,0.0,38.4,1.014,1.037,8041000000.0,14731000000.0,13415000000.0,13415000000.0,0.0,0.003,0.014,0.008,0.055,0.0,4499000000.0,1.0,354342618.0,362430000.0,362690000.0,37.014,75655000000.0,0.0,-43000000.0,382000000.0,208.744,
6,L,MRY,2014-12-31,2014-12-31,2014-12-31,2021-09-07,280000000.0,78367000000.0,80398250000.0,,,0.178,50.482,-2753000000.0,364000000.0,364000000.0,8432000000.0,962000000.0,,2.786,10668000000.0,,,10668000000.0,3592000000.0,899000000.0,0.0,0.006,0.251,1546000000.0,2445000000.0,0.171,2445000000.0,1546000000.0,1048000000.0,1.55,1.55,1.55,19280000000.0,19620500000.0,19280000000.0,25985536511.0,17.0,10.628,237000000.0,0.621,1.0,5893000000.0,0.411,374000000.0,498000000.0,88297000000.0,90564750000.0,0.0,52032000000.0,,,53717000000.0,,,15721536511.0,70000000.0,583000000.0,-616000000.0,-265000000.0,-95000000.0,-1442000000.0,-1470000000.0,808000000.0,2990000000.0,-8000000.0,591000000.0,591000000.0,591000000.0,391000000.0,371000000.0,0.041,3585000000.0,2308000000.0,673000000.0,0.162,0.815,26.602,27.11,15611000000.0,0.0,42.02,1.097,1.12,7770000000.0,15515000000.0,14325000000.0,14325000000.0,0.0,0.007,0.03,0.017,0.108,0.0,3585000000.0,1.0,374144134.0,381920000.0,382550000.0,37.508,77993000000.0,0.0,457000000.0,893000000.0,204.213,
7,L,MRY,2013-12-31,2013-12-31,2013-12-31,2021-09-07,339000000.0,79939000000.0,80027250000.0,,,0.183,50.067,-1737000000.0,294000000.0,294000000.0,8741000000.0,1069000000.0,,2.828,10344000000.0,,,10344000000.0,3718000000.0,871000000.0,0.0,0.006,0.312,1676000000.0,2547000000.0,0.174,2547000000.0,1676000000.0,1251000000.0,1.53,1.53,1.53,19458000000.0,19357750000.0,19458000000.0,28394668686.0,17.0,11.148,359000000.0,0.924,1.0,5872000000.0,0.402,357000000.0,425000000.0,89632000000.0,88927750000.0,0.0,52945000000.0,,,55033000000.0,,,18676668686.0,66000000.0,-53000000.0,-223000000.0,1761000000.0,-97000000.0,1271000000.0,-3298000000.0,-1251000000.0,2096000000.0,-3000000.0,595000000.0,595000000.0,595000000.0,0.0,474000000.0,0.041,3170000000.0,2702000000.0,134000000.0,0.204,0.96,31.389,31.529,13524000000.0,0.0,48.24,1.278,1.283,9338000000.0,15508000000.0,14613000000.0,14613000000.0,0.0,0.007,0.031,0.019,0.115,0.0,3170000000.0,1.0,387161457.0,388640000.0,389510000.0,37.6,79582000000.0,0.0,656000000.0,716000000.0,204.77,
8,L,MRY,2012-12-31,2012-12-31,2012-12-31,2021-09-07,678000000.0,80021000000.0,78535750000.0,,,0.179,49.248,-1405000000.0,228000000.0,228000000.0,8540000000.0,1110000000.0,,2.844,9210000000.0,,,9210000000.0,3610000000.0,905000000.0,0.0,0.006,0.25,1507000000.0,2412000000.0,0.171,2412000000.0,1507000000.0,1081000000.0,1.44,1.43,1.44,19459000000.0,19557750000.0,19459000000.0,24736271272.0,16.0,10.256,1449000000.0,3.667,1.0,5532000000.0,0.393,996000000.0,426000000.0,88007000000.0,86503500000.0,0.0,53048000000.0,,,55345000000.0,,,16039271272.0,99000000.0,-766000000.0,-199000000.0,242000000.0,-99000000.0,336000000.0,-3095000000.0,-782000000.0,2854000000.0,4000000.0,568000000.0,568000000.0,568000000.0,0.0,542000000.0,0.04,3084000000.0,2448000000.0,205000000.0,0.174,0.824,28.238,28.299,13935000000.0,0.0,40.75,1.14,1.144,9366000000.0,15192000000.0,14072000000.0,14072000000.0,0.0,0.007,0.029,0.017,0.107,0.0,3084000000.0,1.0,393601749.0,395120000.0,395870000.0,35.614,79025000000.0,0.0,513000000.0,840000000.0,200.003,
9,L,MRY,2011-12-31,2011-12-31,2011-12-31,2021-09-07,384000000.0,75268000000.0,75902250000.0,,,0.186,46.404,-1335000000.0,129000000.0,129000000.0,8214000000.0,1694000000.0,,2.774,9001000000.0,,,9001000000.0,3250000000.0,833000000.0,0.0,0.007,0.25,2116000000.0,2949000000.0,0.209,2949000000.0,2116000000.0,1594000000.0,2.62,2.62,2.62,18772000000.0,18846250000.0,18772000000.0,24034736255.0,11.0,8.15,2630000000.0,6.501,1.0,5915000000.0,0.419,908000000.0,522000000.0,83232000000.0,84125000000.0,0.0,49028000000.0,,,52065000000.0,,,14930736255.0,9000000.0,-326000000.0,-728000000.0,-511000000.0,-101000000.0,-2053000000.0,-1903000000.0,-115000000.0,3965000000.0,0.0,1062000000.0,1062000000.0,1062000000.0,0.0,632000000.0,0.075,3167000000.0,2748000000.0,162000000.0,0.095,0.795,14.059,14.37,13618000000.0,0.0,37.65,1.057,1.078,9259000000.0,14890000000.0,14129000000.0,14129000000.0,0.0,0.014,0.056,0.025,0.15,0.0,3167000000.0,1.0,396566700.0,404530000.0,405320000.0,34.927,74360000000.0,0.0,532000000.0,622000000.0,183.818,
10,L,MRY,2010-12-31,2010-12-31,2010-12-31,2021-09-07,230000000.0,76277000000.0,76003000000.0,,,0.192,44.063,-917000000.0,120000000.0,120000000.0,7544000000.0,1988000000.0,,2.882,9477000000.0,,,9477000000.0,3203000000.0,816000000.0,0.0,0.006,0.25,2700000000.0,3516000000.0,0.241,3516000000.0,2700000000.0,2183000000.0,3.08,3.07,3.08,18450000000.0,18265000000.0,18450000000.0,25538926273.0,9.0,7.264,-964000000.0,-2.302,1.0,7071000000.0,0.484,856000000.0,517000000.0,84778000000.0,84432500000.0,0.0,48907000000.0,,,53171000000.0,,,16194926273.0,-70000000.0,805000000.0,-397000000.0,-14000000.0,-105000000.0,-688000000.0,664000000.0,776000000.0,-47000000.0,1000000.0,1289000000.0,1289000000.0,1289000000.0,20000000.0,699000000.0,0.088,3652000000.0,3419000000.0,685000000.0,0.081,0.878,12.564,12.633,12636000000.0,0.0,38.91,1.108,1.115,10142000000.0,14564000000.0,14615000000.0,14615000000.0,0.0,0.017,0.071,0.032,0.185,0.0,3652000000.0,1.0,416215016.0,418720000.0,419520000.0,34.904,75421000000.0,0.0,894000000.0,562000000.0,180.123,
11,L,MRY,2009-12-31,2009-12-31,2009-12-31,2021-09-07,-419000000.0,74070000000.0,72619750000.0,,,0.194,39.045,-2529000000.0,190000000.0,190000000.0,7931000000.0,1383000000.0,,3.135,9485000000.0,,,9485000000.0,3274000000.0,784000000.0,0.0,0.007,0.25,1357000000.0,2141000000.0,0.152,2141000000.0,1357000000.0,909000000.0,1.3,1.3,1.3,16899000000.0,15578000000.0,16899000000.0,24165111059.0,18.0,11.287,2062000000.0,4.764,1.0,6186000000.0,0.438,856000000.0,448000000.0,82509000000.0,80423750000.0,0.0,46034000000.0,,,52985000000.0,,,15617111059.0,59000000.0,85000000.0,-326000000.0,1226000000.0,-108000000.0,321000000.0,-4863000000.0,-2440000000.0,4591000000.0,10000000.0,564000000.0,564000000.0,564000000.0,0.0,819000000.0,0.04,4008000000.0,2178000000.0,540000000.0,0.192,0.924,27.69,27.962,13274000000.0,0.0,36.35,1.106,1.114,10212000000.0,13693000000.0,14117000000.0,14117000000.0,0.0,0.008,0.036,0.017,0.096,0.0,2972000000.0,1.0,429631666.0,432810000.0,433450000.0,32.617,73214000000.0,627000000.0,345000000.0,0.0,169.16,
12,L,MRY,2008-12-31,2008-12-31,2008-12-31,2021-09-07,-3586000000.0,69870000000.0,73740250000.0,,,0.18,30.115,-3997000000.0,131000000.0,131000000.0,8375000000.0,5293000000.0,,4.015,8258000000.0,,,8258000000.0,3405000000.0,692000000.0,0.0,0.009,0.25,4882000000.0,5574000000.0,0.421,5574000000.0,4882000000.0,4537000000.0,9.05,9.05,9.05,13133000000.0,15728000000.0,13133000000.0,19757578293.0,4.0,3.545,-626000000.0,-1.435,1.0,4872000000.0,0.368,856000000.0,345000000.0,77141000000.0,79994000000.0,0.0,38450000000.0,,,52735000000.0,,,12319578293.0,-29000000.0,87000000.0,-29000000.0,1003000000.0,-219000000.0,-173000000.0,-3214000000.0,84000000.0,3371000000.0,-13000000.0,4530000000.0,4530000000.0,4530000000.0,-351000000.0,763000000.0,0.342,3940000000.0,932000000.0,995000000.0,0.028,0.938,2.72,3.122,12892000000.0,0.0,28.25,0.93,0.93,11672000000.0,13375000000.0,13247000000.0,13247000000.0,0.0,0.061,0.288,0.061,0.369,0.0,2767000000.0,1.0,436091267.0,436091267.0,,30.377,69014000000.0,2928000000.0,7000000.0,0.0,158.256,
13,L,MRY,2007-12-31,2007-12-31,2007-12-31,2021-09-07,-65000000.0,76115000000.0,77839250000.0,,,0.184,33.216,-2210000000.0,140000000.0,140000000.0,8533000000.0,3100000000.0,,3.105,7258000000.0,,,7258000000.0,3597000000.0,471000000.0,0.0,0.005,0.25,3802000000.0,4273000000.0,0.299,4273000000.0,3802000000.0,3483000000.0,3.66,3.65,3.66,17591000000.0,17231825000.0,17591000000.0,33765283683.0,9.0,7.902,3461000000.0,6.535,1.0,5769000000.0,0.403,1353000000.0,319000000.0,81880000000.0,83068550000.0,0.0,46669000000.0,,,54626000000.0,,,26660083683.0,-14000000.0,-4029000000.0,-664000000.0,2137000000.0,-331000000.0,1125000000.0,-6815000000.0,2854000000.0,5671000000.0,5000000.0,2488000000.0,2488000000.0,2488000000.0,-901000000.0,612000000.0,0.174,2256000000.0,3513000000.0,1044000000.0,0.068,1.516,10.715,13.754,10218000000.0,0.0,50.34,1.864,1.864,11469000000.0,13691000000.0,14302000000.0,14302000000.0,0.0,0.032,0.144,0.046,0.266,0.0,2256000000.0,1.0,529600391.0,529600391.0,,27.005,74762000000.0,441000000.0,995000000.0,0.0,141.167,
14,L,MRY,2006-12-31,2006-12-31,2006-12-31,2021-09-07,387000000.0,76881000000.0,73925225000.0,,,0.187,29.974,-880000000.0,118000000.0,118000000.0,8386000000.0,2491000000.0,,3.483,5572000000.0,,,5572000000.0,3784000000.0,352000000.0,0.0,0.006,0.237,3303000000.0,3655000000.0,0.264,3655000000.0,3303000000.0,2999000000.0,3.75,3.75,3.75,16502000000.0,15009700000.0,16502000000.0,28602008547.0,9.0,7.825,835000000.0,1.517,1.0,5458000000.0,0.394,294000000.0,304000000.0,82041000000.0,78938575000.0,0.0,53870000000.0,,,57483000000.0,,,22831008547.0,-8000000.0,0.0,1132000000.0,367000000.0,-308000000.0,914000000.0,-2637000000.0,-4645000000.0,1715000000.0,0.0,2075000000.0,2075000000.0,2075000000.0,-815000000.0,416000000.0,0.15,2050000000.0,3408000000.0,5188000000.0,0.063,1.384,11.003,11.059,5490000000.0,0.0,41.47,1.649,1.649,12936000000.0,12099000000.0,13844000000.0,13844000000.0,0.0,0.028,0.138,0.042,0.239,0.0,2063000000.0,1.0,550542767.0,550542767.0,,25.146,76587000000.0,606000000.0,924000000.0,0.0,139.112,
15,L,MRY,2005-12-31,2005-12-31,2005-12-31,2021-09-07,311100000.0,70905800000.0,73462000000.0,,,0.216,23.495,-393000000.0,153100000.0,153100000.0,11295000000.0,1212000000.0,,4.259,5206800000.0,,,5206800000.0,3705700000.0,381000000.0,0.0,0.006,0.2,1808000000.0,2189000000.0,0.138,2189000000.0,1808000000.0,1444000000.0,1.72,1.72,1.72,13092100000.0,12742900000.0,13092100000.0,22651464536.0,13.0,10.348,2974000000.0,5.337,1.0,4537000000.0,0.287,297400000.0,364000000.0,75662100000.0,78941925000.0,0.0,45396000000.0,,,55754800000.0,,,17618064536.0,-52000000.0,57000000.0,432000000.0,-1818000000.0,-240000000.0,-1645000000.0,-1774000000.0,-1307000000.0,3367000000.0,0.0,961000000.0,961000000.0,961000000.0,-31000000.0,251000000.0,0.061,2346000000.0,2191000000.0,2805300000.0,0.116,1.346,18.333,18.382,4951600000.0,0.0,31.617,1.113,1.113,15543900000.0,10364400000.0,15832000000.0,15832000000.0,0.0,0.013,0.075,0.023,0.114,0.0,2346000000.0,1.0,557239785.0,557239785.0,,28.411,70608400000.0,905300000.0,483000000.0,0.0,126.711,
16,L,MRY,2004-12-31,2004-12-31,2004-12-31,2021-09-07,597400000.0,73720300000.0,73670950000.0,,,0.207,21.509,-214300000.0,219900000.0,219900000.0,10170200000.0,1215800000.0,,5.02,6990300000.0,,,6990300000.0,4522100000.0,350800000.0,0.0,0.009,0.2,1891600000.0,2242400000.0,0.147,2242400000.0,1891600000.0,1567500000.0,1.85,1.85,1.85,11969900000.0,11306100000.0,11969900000.0,18849500790.0,10.0,8.406,2967200000.0,5.332,1.0,5066700000.0,0.333,299100000.0,324100000.0,80191600000.0,79691150000.0,0.0,44298500000.0,,,60088400000.0,,,13040600790.0,28100000.0,-463400000.0,287800000.0,1141900000.0,-216800000.0,888400000.0,-4041800000.0,-3858300000.0,3181500000.0,0.0,1031300000.0,1031300000.0,1031300000.0,19500000.0,184500000.0,0.068,2913800000.0,2152900000.0,3576300000.0,0.108,1.089,12.645,12.667,4840700000.0,0.0,23.433,0.856,0.856,18833500000.0,9392700000.0,15236900000.0,15236900000.0,0.0,0.014,0.091,0.024,0.124,0.0,2913800000.0,1.0,556497900.0,556497900.0,,27.38,73421200000.0,645300000.0,536200000.0,0.0,131.934,
17,L,MRY,2003-12-31,2003-12-31,2003-12-31,2021-09-07,760200000.0,77857300000.0,74186450000.0,,,0.222,19.813,-440300000.0,180800000.0,180800000.0,14213600000.0,-597200000.0,,5.912,6262000000.0,,,6262000000.0,5000100000.0,325100000.0,0.0,0.012,0.2,-930600000.0,-605500000.0,-0.037,-605500000.0,-930600000.0,-1239000000.0,-1.28,-1.28,-1.28,11023000000.0,11129100000.0,11023000000.0,15892756622.0,-17.0,-26.247,2620200000.0,4.71,1.0,2246100000.0,0.136,311400000.0,308400000.0,83627100000.0,79992650000.0,0.0,42514800000.0,,,65165700000.0,,,9170356622.0,-47600000.0,-375000000.0,399700000.0,-101100000.0,-191800000.0,20900000.0,-3129000000.0,-2299300000.0,3060500000.0,0.0,-712400000.0,-712400000.0,-712400000.0,-56800000.0,115200000.0,-0.043,3294800000.0,-1048700000.0,5480400000.0,-0.156,0.832,-12.872,-12.878,3879700000.0,0.0,16.483,0.557,0.557,20328500000.0,8570800000.0,16459700000.0,16459700000.0,0.0,-0.01,-0.064,-0.012,-0.057,0.0,3294800000.0,1.0,556341150.0,556341150.0,,29.586,77545900000.0,548700000.0,-526600000.0,0.0,139.386,
18,L,MRY,2002-12-31,2002-12-31,2002-12-31,2021-09-07,538300000.0,70515600000.0,74943000000.0,,,0.233,20.195,-486200000.0,183900000.0,183900000.0,12419000000.0,926900000.0,,5.108,6204300000.0,,,6204300000.0,4820000000.0,312200000.0,0.0,0.013,0.2,1684500000.0,1996700000.0,0.114,1996700000.0,1684500000.0,1374900000.0,1.397,,1.397,11235200000.0,10918800000.0,11235200000.0,15062515752.0,9.0,7.544,1302000000.0,2.34,1.0,5044900000.0,0.289,177800000.0,309600000.0,76358200000.0,81876725000.0,0.0,40136700000.0,,,57385100000.0,,,8244715752.0,3100000.0,-177600000.0,718900000.0,-287900000.0,-166400000.0,147400000.0,-1932500000.0,-1268700000.0,1788200000.0,0.0,786200000.0,786200000.0,786200000.0,27000000.0,140700000.0,0.045,3069200000.0,1975700000.0,3562400000.0,0.143,0.734,10.487,10.608,3125200000.0,0.0,14.82,0.472,0.472,16598000000.0,9404600000.0,17463900000.0,17463900000.0,0.0,0.01,0.072,0.021,0.096,0.0,3106000000.0,1.0,556323600.0,556323600.0,,31.392,70337800000.0,626100000.0,588700000.0,0.0,126.433,
19,L,MRY,2001-12-31,2001-12-31,2001-12-31,2021-09-07,194700000.0,75006600000.0,74628650000.0,,,0.251,16.414,-224100000.0,181300000.0,181300000.0,15366600000.0,-587100000.0,,6.748,7522700000.0,,,7522700000.0,4505300000.0,371900000.0,0.0,0.013,0.242,-433500000.0,-61600000.0,-0.003,-61600000.0,-433500000.0,-765500000.0,-1.003,,-1.003,9429300000.0,10153525000.0,9429300000.0,17319698954.0,-40.0,-281.164,314900000.0,0.548,1.0,3361600000.0,0.179,318600000.0,332000000.0,82029400000.0,82000500000.0,0.0,41159100000.0,,,63628400000.0,,,10604898954.0,-13800000.0,0.0,-281800000.0,-138100000.0,-112500000.0,-616800000.0,64000000.0,288100000.0,539000000.0,0.0,-587100000.0,-587100000.0,-587100000.0,-13900000.0,0.0,-0.031,3858700000.0,-497100000.0,4088500000.0,-0.241,1.125,-18.063,-18.405,3075300000.0,0.0,18.46,0.566,0.566,19452800000.0,8994900000.0,18728200000.0,18728200000.0,0.0,-0.008,-0.058,-0.005,-0.023,0.0,3607700000.0,1.0,574479900.0,574479900.0,,32.6,74688000000.0,738600000.0,-178400000.0,0.0,130.01,
20,L,MRY,2000-12-31,2000-12-31,2000-12-31,2021-09-07,756700000.0,71841500000.0,72236825000.0,,,0.286,18.914,-631100000.0,195200000.0,195200000.0,13890000000.0,1848600000.0,,5.222,8285500000.0,,,8285500000.0,4820600000.0,356600000.0,0.0,0.01,0.167,3295200000.0,3651800000.0,0.177,3651800000.0,3295200000.0,2938300000.0,3.1,,3.1,11191100000.0,10396600000.0,11191100000.0,17864710400.0,5.0,4.892,-1069900000.0,-1.808,1.0,6794100000.0,0.328,378700000.0,356900000.0,79553100000.0,79858225000.0,0.0,41332700000.0,,,58442500000.0,,,10216410400.0,11300000.0,0.0,-305700000.0,310300000.0,-99700000.0,-539500000.0,989600000.0,1620700000.0,-438800000.0,0.0,1848600000.0,1848600000.0,1848600000.0,-4500000.0,0.0,0.089,3286100000.0,3508000000.0,2352600000.0,0.054,0.913,5.527,5.57,3206300000.0,0.0,17.267,0.494,0.494,15301600000.0,10191600000.0,20684100000.0,20684100000.0,0.0,0.026,0.178,0.041,0.159,0.0,3286100000.0,1.0,591684000.0,591684000.0,,34.958,71462800000.0,404000000.0,1089700000.0,0.0,120.779,
21,L,MRY,1999-12-31,1999-12-31,1999-12-31,2021-09-07,1016600000.0,69463700000.0,72281150000.0,,,0.297,15.681,-608800000.0,183900000.0,183900000.0,16149300000.0,363200000.0,,5.726,7353600000.0,,,7353600000.0,5103100000.0,395300000.0,0.0,0.017,0.167,1023000000.0,1418300000.0,0.066,1418300000.0,1023000000.0,668700000.0,0.557,,0.557,9977700000.0,10209000000.0,9977700000.0,14644892707.0,14.0,10.326,-2566100000.0,-4.033,1.0,5293400000.0,0.247,409500000.0,354300000.0,76223900000.0,79501775000.0,0.0,40633000000.0,,,57135700000.0,,,6436192707.0,-103500000.0,0.0,-601600000.0,-253000000.0,-108900000.0,-1074600000.0,2928400000.0,3537200000.0,-1957300000.0,0.0,363200000.0,363200000.0,363200000.0,0.0,0.0,0.017,3994900000.0,1298500000.0,516600000.0,0.3,0.645,17.721,18.16,2952700000.0,0.0,10.115,0.3,0.3,13540900000.0,8705900000.0,21442700000.0,21442700000.0,0.0,0.005,0.036,0.013,0.048,0.0,3911900000.0,1.0,636301800.0,636301800.0,,33.699,69054200000.0,773900000.0,305500000.0,0.0,108.524,
22,L,MRY,1998-12-31,1998-12-31,1998-12-31,2021-09-07,892800000.0,70979400000.0,70942325000.0,,,0.3,14.955,-644000000.0,287400000.0,287400000.0,12728600000.0,464800000.0,,5.715,6546200000.0,,,6546200000.0,5039400000.0,437000000.0,0.0,0.01,0.167,1188500000.0,1625500000.0,0.076,1625500000.0,1188500000.0,819300000.0,0.677,,0.677,10201200000.0,10011175000.0,10201200000.0,16748321100.0,14.0,10.303,-737300000.0,-1.081,1.0,8567400000.0,0.402,489400000.0,369200000.0,76748800000.0,76173775000.0,0.0,42705200000.0,,,58300900000.0,,,11170121100.0,-210400000.0,0.0,-218000000.0,211900000.0,-114600000.0,-366800000.0,249700000.0,893700000.0,-93300000.0,0.0,464800000.0,464800000.0,464800000.0,0.0,0.0,0.022,7120800000.0,1446600000.0,1160800000.0,0.247,1.095,24.032,24.188,2848300000.0,0.0,16.375,0.525,0.525,13087400000.0,9033500000.0,21296000000.0,21296000000.0,0.0,0.007,0.046,0.016,0.056,0.0,6541800000.0,1.0,682144800.0,682144800.0,,31.219,70490000000.0,872600000.0,354500000.0,0.0,103.336,
23,L,MRY,1997-12-31,1997-12-31,1997-12-31,2021-09-07,488900000.0,69983100000.0,69915350000.0,,,0.29,14.007,-702400000.0,497800000.0,497800000.0,12420200000.0,793600000.0,,5.986,5905300000.0,,,5905300000.0,4699900000.0,341700000.0,0.0,0.009,0.167,1612300000.0,1954000000.0,0.096,1954000000.0,1612300000.0,1288900000.0,1.15,,1.15,9665100000.0,9112400000.0,9665100000.0,18695400000.0,12.0,9.568,-458600000.0,-0.665,1.0,7846400000.0,0.387,751400000.0,323400000.0,74639200000.0,75239625000.0,0.0,41619100000.0,,,57853600000.0,,,12201500000.0,192100000.0,0.0,0.0,1379600000.0,-115000000.0,1230300000.0,-1282000000.0,-579600000.0,243800000.0,0.0,793600000.0,793600000.0,793600000.0,0.0,0.0,0.039,5929800000.0,1916600000.0,1559200000.0,0.145,1.262,15.375,15.377,2590200000.0,0.0,17.683,0.602,0.602,13754900000.0,8895400000.0,20266600000.0,20266600000.0,0.0,0.011,0.087,0.021,0.08,0.0,5731000000.0,1.0,690000000.0,690000000.0,,29.372,69231700000.0,944300000.0,495300000.0,0.0,100.336,
24,L,MRY,1996-12-31,1996-12-31,1996-12-31,2021-09-07,233600000.0,67402900000.0,66459900000.0,,,0.308,12.654,-545500000.0,305700000.0,305700000.0,12362600000.0,1383900000.0,,6.504,4919000000.0,,,4919000000.0,4658700000.0,285000000.0,0.0,0.011,0.167,2493300000.0,2778300000.0,0.136,2778300000.0,2493300000.0,2175300000.0,1.985,,1.985,8731200000.0,8484950000.0,8731200000.0,,,,404500000.0,0.586,1.0,8079800000.0,0.395,562400000.0,318000000.0,71453800000.0,70634750000.0,0.0,39917400000.0,,,56790800000.0,,,10838750000.0,64000000.0,0.0,-215700000.0,44000000.0,-116200000.0,-323800000.0,-562200000.0,-16700000.0,950000000.0,0.0,1383900000.0,1383900000.0,1383900000.0,0.0,0.0,0.068,5354000000.0,2725800000.0,966400000.0,0.084,1.241,7.832,7.914,2225100000.0,0.0,15.708,0.53,0.53,13427100000.0,8216800000.0,20442400000.0,20442400000.0,0.0,0.021,0.163,0.035,0.122,0.0,5354000000.0,1.0,690000000.0,690000000.0,,29.627,66840500000.0,1138000000.0,791400000.0,0.0,96.87,
25,L,MRY,1995-12-31,1995-12-31,1995-12-31,2021-09-07,793100000.0,65516900000.0,,,,,,-241400000.0,241700000.0,241700000.0,10915800000.0,1765700000.0,,6.79,5022300000.0,,,5022300000.0,4549500000.0,225800000.0,0.0,0.006,0.083,2993500000.0,3219300000.0,0.172,3219300000.0,2993500000.0,2711000000.0,2.497,,2.497,8238700000.0,,8238700000.0,,,,1054500000.0,,1.0,7761600000.0,0.416,481800000.0,282500000.0,69815700000.0,,0.0,39630900000.0,,,55938900000.0,,,,81100000.0,279700000.0,-6000000.0,1126300000.0,-73800000.0,1034900000.0,-2249700000.0,-2288000000.0,1295900000.0,0.0,1765700000.0,1765700000.0,1765700000.0,0.0,0.0,0.095,4639800000.0,3121800000.0,2653100000.0,0.033,,,5.232,1437500000.0,0.0,13.063,,,13660100000.0,7157800000.0,18677400000.0,18677400000.0,0.0,,,,0.16,0.0,4639800000.0,1.0,,,,,65035100000.0,1205200000.0,945300000.0,0.0,,
26,L,MRY,1994-12-31,1994-12-31,1994-12-31,2021-09-07,,,,,,,,-111400000.0,,,9378100000.0,267800000.0,,,,,,,,160700000.0,,0.011,0.083,433400000.0,594100000.0,0.044,594100000.0,433400000.0,258800000.0,0.37,,0.37,,,,,,,1387900000.0,,1.0,4137100000.0,0.306,,174600000.0,,,,,,,,,,,4900000.0,184000000.0,-225100000.0,-54000000.0,-60200000.0,-328900000.0,-1165500000.0,-1238100000.0,1499300000.0,0.0,267800000.0,267800000.0,267800000.0,0.0,0.0,0.02,3696400000.0,440700000.0,,0.224,,,19.568,,0.0,7.24,,,,,13515200000.0,13515200000.0,0.0,,,,0.032,0.0,3696400000.0,1.0,,,,,,,-9000000.0,,,
0,L,MRQ,2021-06-30,2021-06-30,2021-06-30,2021-09-07,327000000.0,81608000000.0,,,,,68.819,-96000000.0,578000000.0,578000000.0,2235000000.0,793000000.0,,3.44,9110000000.0,,,9110000000.0,9901000000.0,0.0,0.0,0.005,0.062,1073000000.0,1073000000.0,0.268,1073000000.0,1073000000.0,973000000.0,2.87,2.86,2.87,18083000000.0,,18083000000.0,22859546048.0,9.0,7.093,313000000.0,1.191,1.0,1768000000.0,0.442,350000000.0,100000000.0,89790000000.0,,0.0,54374000000.0,,,62210000000.0,,,14382546048.0,-82000000.0,469000000.0,-204000000.0,-33000000.0,-16000000.0,-279000000.0,-213000000.0,-615000000.0,409000000.0,1000000.0,754000000.0,754000000.0,754000000.0,0.0,39000000.0,0.188,656000000.0,1112000000.0,654000000.0,0.022,0.795,9.273,9.538,9847000000.0,0.0,54.65,0.972,0.97,9162000000.0,15132000000.0,4003000000.0,4003000000.0,0.0,,,,,0.0,656000000.0,1.0,263175591.0,262760000.0,263340000.0,15.234,81258000000.0,0.0,219000000.0,1083000000.0,309.248,
1,L,MRQ,2021-03-31,2021-03-31,2021-03-31,2021-09-07,34000000.0,80005000000.0,,,,,64.587,-87000000.0,660000000.0,660000000.0,2176000000.0,293000000.0,,3.559,9137000000.0,,,9137000000.0,9438000000.0,0.0,0.0,0.005,0.062,500000000.0,500000000.0,0.138,500000000.0,500000000.0,375000000.0,0.98,0.97,0.98,17270000000.0,,17270000000.0,23325147494.0,49.0,19.277,47000000.0,0.176,1.0,1446000000.0,0.399,349000000.0,125000000.0,88133000000.0,,0.0,52359000000.0,,,61468000000.0,,,13694147494.0,182000000.0,0.0,-280000000.0,86000000.0,-17000000.0,-258000000.0,306000000.0,383000000.0,134000000.0,0.0,261000000.0,261000000.0,261000000.0,0.0,32000000.0,0.072,914000000.0,532000000.0,310000000.0,0.063,0.793,-360.372,-512.8,9921000000.0,0.0,51.28,1.045,1.046,8539000000.0,14394000000.0,3622000000.0,3622000000.0,0.0,,,,,0.0,914000000.0,1.0,267046558.0,267390000.0,267760000.0,13.546,79656000000.0,0.0,114000000.0,924000000.0,297.902,
2,L,MRQ,2020-12-31,2020-12-31,2020-12-31,2021-09-07,581000000.0,80236000000.0,,,,,65.328,-126000000.0,478000000.0,478000000.0,2151000000.0,437000000.0,,3.419,10109000000.0,,,10109000000.0,9142000000.0,734000000.0,0.0,0.006,0.062,619000000.0,1353000000.0,0.365,1353000000.0,619000000.0,508000000.0,1.38,1.38,1.38,17860000000.0,,17860000000.0,21896776697.0,-37.0,151.012,328000000.0,1.2,1.0,1558000000.0,0.42,785000000.0,111000000.0,89082000000.0,,0.0,53844000000.0,,,61055000000.0,,,12374776697.0,-408000000.0,-40000000.0,-245000000.0,-303000000.0,-17000000.0,-565000000.0,-306000000.0,-231000000.0,454000000.0,9000000.0,397000000.0,397000000.0,397000000.0,0.0,40000000.0,0.107,899000000.0,659000000.0,92000000.0,0.045,0.693,-13.292,-13.56,10451000000.0,0.0,45.02,0.983,1.003,7833000000.0,14150000000.0,3709000000.0,3709000000.0,0.0,,,,,0.0,899000000.0,1.0,274872872.0,273390000.0,273390000.0,13.567,79451000000.0,0.0,111000000.0,1065000000.0,290.614,
3,L,MRQ,2020-09-30,2020-09-30,2020-09-30,2021-09-07,238000000.0,79464000000.0,,,,,62.176,-144000000.0,886000000.0,886000000.0,2269000000.0,162000000.0,,3.502,10408000000.0,,,10408000000.0,8971000000.0,0.0,0.0,0.007,0.062,297000000.0,297000000.0,0.086,297000000.0,297000000.0,160000000.0,0.5,0.5,0.5,17372000000.0,,17372000000.0,19082435846.0,-24.0,120.015,707000000.0,2.53,1.0,1196000000.0,0.345,765000000.0,137000000.0,88221000000.0,,0.0,52772000000.0,,,60844000000.0,,,9745435846.0,218000000.0,36000000.0,-187000000.0,359000000.0,-17000000.0,145000000.0,-783000000.0,-604000000.0,851000000.0,5000000.0,139000000.0,139000000.0,139000000.0,0.0,23000000.0,0.04,876000000.0,320000000.0,466000000.0,0.124,0.561,-8.772,-8.865,10468000000.0,0.0,34.75,0.764,0.762,7850000000.0,14437000000.0,3465000000.0,3465000000.0,0.0,,,,,0.0,876000000.0,1.0,280444197.0,279400000.0,279490000.0,12.402,78699000000.0,0.0,21000000.0,913000000.0,281.671,
4,L,MRQ,2020-06-30,2020-06-30,2020-06-30,2021-09-07,5000000.0,78439000000.0,,,,,61.12,-207000000.0,668000000.0,668000000.0,2269000000.0,-846000000.0,,3.489,10005000000.0,,,10005000000.0,8848000000.0,0.0,0.0,0.007,0.062,-940000000.0,-940000000.0,-0.407,-940000000.0,-940000000.0,-1063000000.0,-2.96,-2.96,-2.96,17204000000.0,,17204000000.0,20679250885.0,-25.0,208.881,-96000000.0,-0.341,1.0,41000000.0,0.018,764000000.0,123000000.0,87012000000.0,,0.0,51486000000.0,,,60026000000.0,,,9650250885.0,-271000000.0,-472000000.0,-33000000.0,446000000.0,-18000000.0,366000000.0,-752000000.0,-39000000.0,111000000.0,4000000.0,-835000000.0,-835000000.0,-835000000.0,0.0,-11000000.0,-0.361,992000000.0,-951000000.0,985000000.0,-0.021,0.561,-8.192,-8.203,10475000000.0,0.0,34.29,0.745,0.745,8431000000.0,14316000000.0,2310000000.0,2310000000.0,0.0,,,,,0.0,992000000.0,1.0,281430472.0,281480000.0,281480000.0,8.207,77675000000.0,0.0,-228000000.0,875000000.0,275.952,
5,L,MRQ,2020-03-31,2020-03-31,2020-03-31,2021-09-07,-1093000000.0,79254000000.0,,,,,59.107,-233000000.0,939000000.0,939000000.0,2050000000.0,-1044000000.0,,3.541,11968000000.0,,,11968000000.0,8593000000.0,0.0,0.0,0.007,0.062,-565000000.0,-565000000.0,-0.182,-565000000.0,-565000000.0,-709000000.0,-2.2,-2.2,-2.2,16966000000.0,,16966000000.0,21220043206.0,38.0,14.128,96000000.0,0.334,1.0,1049000000.0,0.338,763000000.0,144000000.0,89520000000.0,,0.0,47842000000.0,,,60076000000.0,,,10023043206.0,603000000.0,0.0,-458000000.0,431000000.0,-18000000.0,-144000000.0,427000000.0,691000000.0,329000000.0,-9000000.0,-632000000.0,-632000000.0,-632000000.0,0.0,-412000000.0,-0.204,2026000000.0,-977000000.0,249000000.0,-0.028,0.591,-106.628,-87.075,14751000000.0,0.0,34.83,0.702,0.7,8136000000.0,15167000000.0,3099000000.0,3099000000.0,0.0,,,,,0.0,2026000000.0,1.0,287770405.0,287040000.0,287040000.0,10.796,78491000000.0,0.0,-77000000.0,858000000.0,273.45,
6,L,MRQ,2019-12-31,2019-12-31,2019-12-31,2021-09-07,-68000000.0,82243000000.0,,,,,64.687,-298000000.0,336000000.0,336000000.0,2122000000.0,211000000.0,,3.155,11533000000.0,,,11533000000.0,8362000000.0,943000000.0,0.0,0.005,0.062,424000000.0,1367000000.0,0.353,1367000000.0,424000000.0,282000000.0,0.74,0.73,0.74,19119000000.0,,19119000000.0,26652572900.0,15.0,9.82,172000000.0,0.582,1.0,1754000000.0,0.453,767000000.0,142000000.0,92673000000.0,,0.0,51250000000.0,,,60313000000.0,,,15612572900.0,-106000000.0,3000000.0,-408000000.0,46000000.0,-19000000.0,-397000000.0,-187000000.0,219000000.0,470000000.0,8000000.0,217000000.0,217000000.0,217000000.0,0.0,-6000000.0,0.056,1336000000.0,418000000.0,108000000.0,0.084,0.817,16.752,17.042,15568000000.0,0.0,52.49,1.046,1.064,7675000000.0,15823000000.0,3876000000.0,3876000000.0,0.0,,,,,0.0,1336000000.0,1.0,297438996.0,295560000.0,296210000.0,13.114,81476000000.0,0.0,65000000.0,1168000000.0,275.667,
7,L,MRQ,2019-09-30,2019-09-30,2019-09-30,2021-09-07,17000000.0,82499000000.0,,,,,64.379,-238000000.0,442000000.0,442000000.0,2237000000.0,39000000.0,,3.102,11482000000.0,,,11482000000.0,8315000000.0,0.0,0.0,0.005,0.062,237000000.0,237000000.0,0.064,237000000.0,237000000.0,93000000.0,0.24,0.24,0.24,19420000000.0,,19420000000.0,26669524356.0,20.0,12.03,559000000.0,1.853,1.0,1438000000.0,0.391,772000000.0,144000000.0,92767000000.0,,0.0,51387000000.0,,,60241000000.0,,,15566524356.0,2000000.0,0.0,-165000000.0,-66000000.0,-19000000.0,-262000000.0,-528000000.0,-288000000.0,797000000.0,-5000000.0,72000000.0,72000000.0,72000000.0,0.0,-33000000.0,0.02,1234000000.0,204000000.0,242000000.0,0.258,0.802,28.303,28.286,15561000000.0,0.0,51.48,1.085,1.083,7622000000.0,16427000000.0,3675000000.0,3675000000.0,0.0,,,,,0.0,1234000000.0,1.0,302380038.0,301650000.0,302350000.0,12.183,81727000000.0,0.0,21000000.0,1141000000.0,270.933,
8,L,MRQ,2019-06-30,2019-06-30,2019-06-30,2021-09-07,3000000.0,82277000000.0,,,,,64.225,-282000000.0,440000000.0,440000000.0,1953000000.0,225000000.0,,3.069,11543000000.0,,,11543000000.0,8243000000.0,0.0,0.0,0.005,0.062,463000000.0,463000000.0,0.128,463000000.0,463000000.0,299000000.0,0.82,0.82,0.82,19514000000.0,,19514000000.0,27690226031.0,18.0,11.215,111000000.0,0.365,1.0,1670000000.0,0.461,768000000.0,164000000.0,92612000000.0,,0.0,50740000000.0,,,59883000000.0,,,16668226031.0,101000000.0,-120000000.0,-161000000.0,158000000.0,-19000000.0,-36000000.0,-256000000.0,178000000.0,393000000.0,0.0,249000000.0,249000000.0,249000000.0,0.0,-24000000.0,0.069,1231000000.0,439000000.0,576000000.0,0.076,0.854,22.048,22.224,15513000000.0,0.0,54.67,1.168,1.164,8144000000.0,16374000000.0,3623000000.0,3623000000.0,0.0,,,,,0.0,1231000000.0,1.0,304887983.0,303840000.0,304540000.0,11.924,81509000000.0,0.0,50000000.0,1227000000.0,268.263,
9,L,MRQ,2019-03-31,2019-03-31,2019-03-31,2021-09-07,-390000000.0,80449000000.0,,,,,61.443,-223000000.0,339000000.0,339000000.0,1959000000.0,396000000.0,,3.075,11361000000.0,,,11361000000.0,7894000000.0,0.0,0.0,0.005,0.062,647000000.0,647000000.0,0.172,647000000.0,647000000.0,506000000.0,1.27,1.27,1.27,19037000000.0,,19037000000.0,25891576695.0,17.0,10.62,-142000000.0,-0.458,1.0,1798000000.0,0.479,682000000.0,141000000.0,90789000000.0,,0.0,49468000000.0,,,58547000000.0,,,14920576695.0,-66000000.0,0.0,-317000000.0,-18000000.0,-19000000.0,-449000000.0,300000000.0,584000000.0,81000000.0,2000000.0,394000000.0,394000000.0,394000000.0,0.0,2000000.0,0.105,1149000000.0,649000000.0,307000000.0,0.049,0.784,20.245,20.309,15407000000.0,0.0,47.93,1.048,1.043,8012000000.0,16144000000.0,3757000000.0,3757000000.0,0.0,,,,,0.0,1149000000.0,1.0,311299326.0,309830000.0,310360000.0,12.126,79767000000.0,0.0,112000000.0,1084000000.0,257.454,
10,L,MRQ,2018-12-31,2018-12-31,2018-12-31,2021-09-07,-880000000.0,78316000000.0,,,,,59.01,-264000000.0,405000000.0,405000000.0,2184000000.0,-211000000.0,,3.074,11376000000.0,,,11376000000.0,7585000000.0,912000000.0,0.0,0.006,0.062,-42000000.0,870000000.0,0.265,870000000.0,-42000000.0,-186000000.0,-0.51,-0.5,-0.51,18518000000.0,,18518000000.0,25190958342.0,19.0,11.196,563000000.0,1.794,1.0,1103000000.0,0.336,665000000.0,144000000.0,88622000000.0,,0.0,48186000000.0,,,56930000000.0,,,14301958342.0,-166000000.0,-20000000.0,-137000000.0,-91000000.0,-20000000.0,-260000000.0,-727000000.0,-556000000.0,827000000.0,-6000000.0,-165000000.0,-165000000.0,-165000000.0,0.0,-46000000.0,-0.05,1191000000.0,-88000000.0,42000000.0,-0.122,0.772,22.487,22.874,15511000000.0,0.0,45.52,1.017,1.033,7960000000.0,15773000000.0,3287000000.0,3287000000.0,0.0,,,,,0.0,1191000000.0,1.0,314190649.0,313810000.0,314530000.0,10.474,77651000000.0,0.0,-21000000.0,841000000.0,247.446,
11,L,MRQ,2018-09-30,2018-09-30,2018-09-30,2021-09-07,-758000000.0,78725000000.0,,,,,59.994,-251000000.0,571000000.0,571000000.0,1884000000.0,289000000.0,,2.999,11460000000.0,,,11460000000.0,4289000000.0,0.0,0.0,0.005,0.063,489000000.0,489000000.0,0.136,489000000.0,489000000.0,343000000.0,0.88,0.88,0.88,18952000000.0,,18952000000.0,26889780983.0,14.0,9.58,993000000.0,3.143,1.0,1724000000.0,0.478,657000000.0,146000000.0,88957000000.0,,0.0,48695000000.0,,,56839000000.0,,,15871780983.0,118000000.0,104000000.0,-90000000.0,-15000000.0,-20000000.0,-1647000000.0,520000000.0,695000000.0,1244000000.0,1000000.0,278000000.0,278000000.0,278000000.0,0.0,11000000.0,0.077,1224000000.0,500000000.0,217000000.0,0.072,0.837,12.38,12.814,15467000000.0,0.0,50.23,1.107,1.107,7836000000.0,16790000000.0,3608000000.0,3608000000.0,0.0,,,,,0.0,1224000000.0,1.0,315982102.0,315900000.0,316810000.0,11.421,78068000000.0,0.0,65000000.0,911000000.0,247.129,
12,L,MRQ,2018-06-30,2018-06-30,2018-06-30,2021-09-07,-625000000.0,80732000000.0,,,,,59.306,-250000000.0,453000000.0,453000000.0,1911000000.0,248000000.0,,3.113,11471000000.0,,,11471000000.0,4410000000.0,0.0,0.0,0.005,0.062,432000000.0,432000000.0,0.12,432000000.0,432000000.0,289000000.0,0.72,0.72,0.72,18911000000.0,,18911000000.0,26433877071.0,14.0,9.612,1388000000.0,4.353,1.0,1679000000.0,0.468,658000000.0,143000000.0,91092000000.0,,0.0,50469000000.0,,,58874000000.0,,,15416877071.0,2000000.0,-8000000.0,-302000000.0,-2000000.0,-20000000.0,-337000000.0,-1293000000.0,-1002000000.0,1638000000.0,-6000000.0,230000000.0,230000000.0,230000000.0,0.0,18000000.0,0.064,1229000000.0,450000000.0,311000000.0,0.086,0.815,13.279,13.794,15471000000.0,0.0,48.28,1.082,1.081,8217000000.0,16532000000.0,3590000000.0,3590000000.0,0.0,,,,,0.0,1229000000.0,1.0,319322226.0,318870000.0,319780000.0,11.259,80074000000.0,0.0,59000000.0,879000000.0,251.118,
13,L,MRQ,2018-03-31,2018-03-31,2018-03-31,2021-09-07,-417000000.0,80786000000.0,,,,,56.538,-230000000.0,451000000.0,451000000.0,1851000000.0,380000000.0,,3.072,11468000000.0,,,11468000000.0,4256000000.0,0.0,0.0,0.005,0.063,459000000.0,459000000.0,0.128,459000000.0,459000000.0,318000000.0,0.89,0.89,0.89,18532000000.0,,18532000000.0,27413480727.0,15.0,9.943,283000000.0,0.863,1.0,1730000000.0,0.483,661000000.0,141000000.0,91142000000.0,,0.0,51065000000.0,,,56938000000.0,,,16352480727.0,-21000000.0,0.0,-497000000.0,-70000000.0,-20000000.0,-591000000.0,56000000.0,398000000.0,513000000.0,1000000.0,293000000.0,293000000.0,293000000.0,0.0,87000000.0,0.082,1184000000.0,546000000.0,280000000.0,0.071,0.882,14.073,14.331,15461000000.0,0.0,49.73,1.167,1.163,7893000000.0,16321000000.0,3581000000.0,3581000000.0,0.0,,,,,0.0,1184000000.0,1.0,328825271.0,327780000.0,328720000.0,10.925,80125000000.0,0.0,25000000.0,734000000.0,244.447,
14,L,MRQ,2017-12-31,2017-12-31,2017-12-31,2021-09-07,-26000000.0,79586000000.0,,,,,57.199,-296000000.0,472000000.0,472000000.0,1863000000.0,531000000.0,,2.865,11533000000.0,,,11533000000.0,5001000000.0,874000000.0,0.0,0.005,0.063,553000000.0,1427000000.0,0.401,1427000000.0,553000000.0,411000000.0,1.43,1.43,1.43,19204000000.0,,19204000000.0,27858656535.0,14.0,9.761,484000000.0,1.442,1.0,1692000000.0,0.476,659000000.0,142000000.0,89988000000.0,,0.0,52226000000.0,,,55020000000.0,,,16841656535.0,56000000.0,11000000.0,-210000000.0,97000000.0,-21000000.0,-156000000.0,-568000000.0,-46000000.0,780000000.0,0.0,481000000.0,481000000.0,481000000.0,0.0,50000000.0,0.135,1089000000.0,603000000.0,60000000.0,0.044,0.877,14.469,14.46,15427000000.0,0.0,50.03,1.226,1.226,7613000000.0,16096000000.0,3555000000.0,3555000000.0,0.0,,,,,0.0,1089000000.0,1.0,336631152.0,335740000.0,336810000.0,10.589,78927000000.0,0.0,-70000000.0,749000000.0,235.084,
15,L,MRQ,2017-09-30,2017-09-30,2017-09-30,2021-09-07,32000000.0,79527000000.0,,,,,56.457,-259000000.0,416000000.0,416000000.0,1789000000.0,212000000.0,,2.9,11433000000.0,,,11433000000.0,4060000000.0,0.0,0.0,0.005,0.063,432000000.0,432000000.0,0.123,432000000.0,432000000.0,209000000.0,0.46,0.46,0.46,19021000000.0,,19021000000.0,27038735442.0,14.0,9.868,320000000.0,0.95,1.0,1732000000.0,0.492,648000000.0,223000000.0,89896000000.0,,0.0,52134000000.0,,,55166000000.0,,,16109735442.0,59000000.0,3000000.0,0.0,66000000.0,-21000000.0,9000000.0,-533000000.0,-181000000.0,579000000.0,4000000.0,157000000.0,157000000.0,157000000.0,0.0,55000000.0,0.045,1245000000.0,487000000.0,324000000.0,0.137,0.847,16.557,16.618,15475000000.0,0.0,47.86,1.192,1.193,7792000000.0,15811000000.0,3521000000.0,3521000000.0,0.0,,,,,0.0,1245000000.0,1.0,336601242.0,336910000.0,337790000.0,10.451,78879000000.0,0.0,52000000.0,905000000.0,234.125,
16,L,MRQ,2017-06-30,2017-06-30,2017-06-30,2021-09-07,-36000000.0,79101000000.0,,,,,55.849,-265000000.0,357000000.0,357000000.0,1592000000.0,278000000.0,,2.923,11286000000.0,,,11286000000.0,4107000000.0,0.0,0.0,0.005,0.063,439000000.0,439000000.0,0.131,439000000.0,439000000.0,300000000.0,0.69,0.69,0.69,18816000000.0,,18816000000.0,26039025816.0,12.0,8.893,967000000.0,2.87,1.0,1767000000.0,0.526,647000000.0,139000000.0,89383000000.0,,0.0,51606000000.0,,,54995000000.0,,,15761025816.0,-55000000.0,-1155000000.0,-6000000.0,584000000.0,-21000000.0,536000000.0,-1827000000.0,-380000000.0,1232000000.0,4000000.0,231000000.0,231000000.0,231000000.0,0.0,47000000.0,0.069,1281000000.0,486000000.0,478000000.0,0.091,0.838,13.789,13.808,15447000000.0,0.0,46.81,1.186,1.187,7977000000.0,15677000000.0,3359000000.0,3359000000.0,0.0,,,,,0.0,1281000000.0,1.0,336702111.0,336910000.0,337720000.0,9.97,78454000000.0,0.0,69000000.0,852000000.0,232.863,
17,L,MRQ,2017-03-31,2017-03-31,2017-03-31,2021-09-07,-149000000.0,77114000000.0,,,,,54.88,-211000000.0,412000000.0,412000000.0,1598000000.0,391000000.0,,2.887,10690000000.0,,,10690000000.0,3912000000.0,0.0,0.0,0.005,0.063,556000000.0,556000000.0,0.168,556000000.0,556000000.0,414000000.0,0.88,0.87,0.88,18488000000.0,,18488000000.0,26195300809.0,15.0,10.209,-212000000.0,-0.629,1.0,1702000000.0,0.516,346000000.0,142000000.0,87046000000.0,,0.0,51022000000.0,,,53380000000.0,,,15744300809.0,85000000.0,2000000.0,0.0,-91000000.0,-21000000.0,-188000000.0,273000000.0,495000000.0,-1000000.0,1000000.0,295000000.0,295000000.0,295000000.0,0.0,96000000.0,0.089,1050000000.0,652000000.0,302000000.0,0.072,0.852,18.588,18.633,15160000000.0,0.0,46.77,1.19,1.191,7783000000.0,15466000000.0,3300000000.0,3300000000.0,0.0,,,,,0.0,1050000000.0,1.0,336632474.0,336880000.0,337680000.0,9.796,76768000000.0,0.0,119000000.0,785000000.0,227.879,
18,L,MRQ,2016-12-31,2016-12-31,2016-12-31,2021-09-07,-223000000.0,76594000000.0,,,,,53.927,-265000000.0,327000000.0,327000000.0,1316000000.0,412000000.0,,2.931,10778000000.0,,,10778000000.0,3762000000.0,841000000.0,0.0,0.005,0.062,472000000.0,1313000000.0,0.393,1313000000.0,472000000.0,339000000.0,0.85,0.85,0.85,18163000000.0,,18163000000.0,26357806922.0,19.0,11.709,272000000.0,0.808,1.0,2022000000.0,0.606,346000000.0,133000000.0,86699000000.0,,0.0,50711000000.0,,,53233000000.0,,,15779806922.0,-17000000.0,53000000.0,-19000000.0,-148000000.0,-21000000.0,-208000000.0,-341000000.0,-163000000.0,537000000.0,-5000000.0,290000000.0,290000000.0,290000000.0,0.0,122000000.0,0.087,1428000000.0,594000000.0,150000000.0,0.073,0.869,24.128,24.264,15230000000.0,0.0,46.83,1.204,1.208,7644000000.0,15196000000.0,3338000000.0,3338000000.0,0.0,,,,,0.0,1428000000.0,1.0,336959362.0,336810000.0,337410000.0,9.911,76248000000.0,0.0,49000000.0,636000000.0,226.383,
19,L,MRQ,2016-09-30,2016-09-30,2016-09-30,2021-09-07,144000000.0,78508000000.0,,,,,54.185,-290000000.0,344000000.0,344000000.0,1703000000.0,393000000.0,,3.016,10922000000.0,,,10922000000.0,3862000000.0,0.0,0.0,0.006,0.062,620000000.0,620000000.0,0.189,620000000.0,620000000.0,490000000.0,0.97,0.97,0.97,18270000000.0,,18270000000.0,24588938195.0,38.0,15.311,655000000.0,1.943,1.0,1584000000.0,0.482,347000000.0,130000000.0,88739000000.0,,0.0,52385000000.0,,,55102000000.0,,,13871938195.0,-4000000.0,3000000.0,-29000000.0,-147000000.0,-21000000.0,-218000000.0,-729000000.0,-418000000.0,945000000.0,-2000000.0,327000000.0,327000000.0,327000000.0,0.0,66000000.0,0.099,898000000.0,686000000.0,451000000.0,0.064,0.759,85.104,74.818,15200000000.0,0.0,41.15,1.059,1.059,7853000000.0,15031000000.0,3287000000.0,3287000000.0,0.0,,,,,0.0,898000000.0,1.0,337106639.0,337180000.0,337620000.0,9.749,78161000000.0,0.0,163000000.0,735000000.0,231.808,
20,L,MRQ,2016-06-30,2016-06-30,2016-06-30,2021-09-07,119000000.0,79183000000.0,,,,,52.979,-603000000.0,348000000.0,348000000.0,1842000000.0,-288000000.0,,3.129,11065000000.0,,,11065000000.0,3865000000.0,0.0,0.0,0.006,0.062,77000000.0,77000000.0,0.023,77000000.0,77000000.0,-53000000.0,-0.19,-0.19,-0.19,17945000000.0,,17945000000.0,24209178575.0,59.0,17.775,19000000.0,0.056,1.0,1465000000.0,0.443,348000000.0,130000000.0,89552000000.0,,0.0,52359000000.0,,,56152000000.0,,,13930178575.0,40000000.0,-25000000.0,-53000000.0,476000000.0,-21000000.0,383000000.0,-960000000.0,-474000000.0,622000000.0,-5000000.0,-65000000.0,-65000000.0,-65000000.0,0.0,-223000000.0,-0.02,1611000000.0,-146000000.0,1310000000.0,-0.326,0.776,773.899,513.625,15126000000.0,0.0,41.09,1.073,1.072,8616000000.0,14724000000.0,3307000000.0,3307000000.0,0.0,,,,,0.0,1611000000.0,1.0,339016271.0,338720000.0,338720000.0,9.763,78835000000.0,0.0,12000000.0,604000000.0,232.744,
21,L,MRQ,2016-03-31,2016-03-31,2016-03-31,2021-09-07,-126000000.0,77224000000.0,,,,,52.589,-292000000.0,308000000.0,308000000.0,1928000000.0,199000000.0,,3.034,10587000000.0,,,10587000000.0,3807000000.0,0.0,0.0,0.007,0.062,241000000.0,241000000.0,0.076,241000000.0,241000000.0,98000000.0,0.3,0.3,0.3,17833000000.0,,17833000000.0,23113074193.0,34.0,14.119,-143000000.0,-0.422,1.0,1245000000.0,0.392,350000000.0,143000000.0,87153000000.0,,0.0,50650000000.0,,,54099000000.0,,,12970074193.0,-132000000.0,220000000.0,-33000000.0,15000000.0,-21000000.0,-123000000.0,-157000000.0,-91000000.0,149000000.0,-1000000.0,102000000.0,102000000.0,102000000.0,0.0,97000000.0,0.032,907000000.0,338000000.0,630000000.0,0.207,0.727,51.265,52.411,15351000000.0,0.0,38.26,0.989,0.99,8227000000.0,14812000000.0,3173000000.0,3173000000.0,0.0,,,,,0.0,907000000.0,1.0,338998280.0,339100000.0,339250000.0,9.357,76874000000.0,0.0,-4000000.0,540000000.0,226.7,
22,L,MRQ,2015-12-31,2015-12-31,2015-12-31,2021-09-07,-357000000.0,76006000000.0,,,,,50.681,-108000000.0,440000000.0,440000000.0,2237000000.0,-291000000.0,,3.029,10560000000.0,,,10560000000.0,3671000000.0,955000000.0,0.0,0.007,0.062,-287000000.0,668000000.0,0.2,668000000.0,-287000000.0,-414000000.0,-0.53,-0.53,-0.53,17561000000.0,,17561000000.0,24048756531.0,33.0,14.213,1244000000.0,3.59,1.0,1096000000.0,0.329,351000000.0,127000000.0,85775000000.0,,0.0,49400000000.0,,,53196000000.0,,,13606756531.0,112000000.0,-152000000.0,-648000000.0,-191000000.0,-21000000.0,-887000000.0,-348000000.0,-54000000.0,1352000000.0,-5000000.0,-201000000.0,-201000000.0,-201000000.0,0.0,-90000000.0,-0.06,1473000000.0,-377000000.0,567000000.0,-0.117,0.775,52.334,53.333,15477000000.0,0.0,38.4,1.014,1.037,8041000000.0,14731000000.0,3333000000.0,3333000000.0,0.0,,,,,0.0,1473000000.0,1.0,354342618.0,346500000.0,346670000.0,9.619,75655000000.0,0.0,-213000000.0,382000000.0,218.341,
23,L,MRQ,2015-09-30,2015-09-30,2015-09-30,2021-09-07,-23000000.0,77532000000.0,,,,,51.935,-220000000.0,328000000.0,328000000.0,1795000000.0,282000000.0,,2.848,10770000000.0,,,10770000000.0,3706000000.0,0.0,0.0,0.007,0.063,376000000.0,376000000.0,0.119,376000000.0,376000000.0,248000000.0,0.5,0.5,0.5,18744000000.0,,18744000000.0,23724765735.0,16.0,10.01,888000000.0,2.46,1.0,1374000000.0,0.434,352000000.0,128000000.0,87622000000.0,,0.0,50550000000.0,,,53379000000.0,,,13121765735.0,79000000.0,8000000.0,-330000000.0,-84000000.0,-23000000.0,-472000000.0,-553000000.0,-290000000.0,1108000000.0,-4000000.0,182000000.0,182000000.0,182000000.0,0.0,100000000.0,0.057,898000000.0,476000000.0,733000000.0,0.126,0.7,19.614,20.078,15902000000.0,0.0,36.14,0.965,0.959,8079000000.0,15906000000.0,3169000000.0,3169000000.0,0.0,,,,,0.0,898000000.0,1.0,363081509.0,360910000.0,361100000.0,8.781,77180000000.0,0.0,66000000.0,796000000.0,213.848,
24,L,MRQ,2015-06-30,2015-06-30,2015-06-30,2021-09-07,53000000.0,78015000000.0,,,,,51.357,-774000000.0,249000000.0,249000000.0,2127000000.0,247000000.0,,2.828,10852000000.0,,,10852000000.0,3815000000.0,0.0,0.0,0.007,0.062,352000000.0,352000000.0,0.102,352000000.0,352000000.0,218000000.0,0.46,0.46,0.46,18982000000.0,,18982000000.0,24580728617.0,16.0,10.149,271000000.0,0.733,1.0,1308000000.0,0.381,373000000.0,134000000.0,88245000000.0,,0.0,51048000000.0,,,53683000000.0,,,14301728617.0,-22000000.0,15000000.0,-220000000.0,297000000.0,-23000000.0,57000000.0,-1128000000.0,-292000000.0,1045000000.0,4000000.0,170000000.0,170000000.0,170000000.0,0.0,77000000.0,0.049,879000000.0,429000000.0,741000000.0,0.135,0.753,20.578,20.816,15917000000.0,0.0,38.51,1.025,1.02,8097000000.0,15747000000.0,3435000000.0,3435000000.0,0.0,,,,,0.0,879000000.0,1.0,371377009.0,369610000.0,369970000.0,9.294,77642000000.0,0.0,48000000.0,773000000.0,210.065,
25,L,MRQ,2015-03-31,2015-03-31,2015-03-31,2021-09-07,298000000.0,78623000000.0,,,,,51.788,-453000000.0,271000000.0,271000000.0,1993000000.0,49000000.0,,2.796,10550000000.0,,,10550000000.0,3710000000.0,0.0,0.0,0.006,0.063,296000000.0,296000000.0,0.085,296000000.0,296000000.0,165000000.0,0.29,0.29,0.29,19308000000.0,,19308000000.0,25540790820.0,16.0,10.395,-411000000.0,-1.102,1.0,1485000000.0,0.427,371000000.0,131000000.0,88531000000.0,,0.0,52192000000.0,,,53993000000.0,,,15236790820.0,-93000000.0,5000000.0,-60000000.0,-123000000.0,-23000000.0,-223000000.0,94000000.0,552000000.0,42000000.0,-6000000.0,109000000.0,109000000.0,109000000.0,0.0,-60000000.0,0.031,1249000000.0,236000000.0,926000000.0,0.217,0.789,23.77,24.16,15376000000.0,0.0,40.83,1.079,1.078,8157000000.0,15600000000.0,3478000000.0,3478000000.0,0.0,,,,,0.0,1249000000.0,1.0,373176361.0,372830000.0,373190000.0,9.329,78252000000.0,0.0,56000000.0,930000000.0,209.887,
26,L,MRQ,2014-12-31,2014-12-31,2014-12-31,2021-09-07,280000000.0,78367000000.0,,,,,51.538,-978000000.0,364000000.0,364000000.0,2030000000.0,294000000.0,,2.786,10668000000.0,,,10668000000.0,3592000000.0,899000000.0,0.0,0.006,0.063,447000000.0,1346000000.0,0.382,1346000000.0,447000000.0,318000000.0,0.55,0.55,0.55,19280000000.0,,19280000000.0,25985536511.0,17.0,10.628,-84000000.0,-0.225,1.0,1491000000.0,0.423,374000000.0,129000000.0,88297000000.0,,0.0,52032000000.0,,,53717000000.0,,,15721536511.0,-273000000.0,-447000000.0,-225000000.0,-274000000.0,-23000000.0,-657000000.0,-505000000.0,976000000.0,894000000.0,-5000000.0,208000000.0,208000000.0,208000000.0,7000000.0,86000000.0,0.059,951000000.0,540000000.0,673000000.0,0.115,0.815,26.602,27.11,15611000000.0,0.0,42.02,1.097,1.12,7770000000.0,15515000000.0,3521000000.0,3521000000.0,0.0,,,,,0.0,951000000.0,1.0,374144134.0,374090000.0,374630000.0,9.412,77993000000.0,0.0,110000000.0,893000000.0,208.487,
27,L,MRQ,2014-09-30,2014-09-30,2014-09-30,2021-09-07,638000000.0,78529000000.0,,,,,51.649,-623000000.0,637000000.0,637000000.0,2086000000.0,269000000.0,,2.717,10901000000.0,,,10901000000.0,3703000000.0,0.0,0.0,0.006,0.062,428000000.0,428000000.0,0.121,428000000.0,428000000.0,307000000.0,0.55,0.55,0.55,19657000000.0,,19657000000.0,26401966029.0,22.0,12.823,281000000.0,0.738,1.0,1437000000.0,0.408,353000000.0,121000000.0,88440000000.0,,0.0,52644000000.0,,,53413000000.0,,,15876966029.0,360000000.0,1000000000.0,-214000000.0,-426000000.0,-24000000.0,-744000000.0,194000000.0,-135000000.0,904000000.0,-5000000.0,208000000.0,208000000.0,208000000.0,-29000000.0,61000000.0,0.059,977000000.0,460000000.0,663000000.0,0.113,0.808,85.821,85.02,14411000000.0,0.0,41.66,1.089,1.087,8185000000.0,15817000000.0,3523000000.0,3523000000.0,0.0,,,,,0.0,977000000.0,1.0,381108162.0,380590000.0,381190000.0,9.257,78176000000.0,0.0,99000000.0,1030000000.0,205.407,
28,L,MRQ,2014-06-30,2014-06-30,2014-06-30,2021-09-07,807000000.0,82894000000.0,,,,,51.48,-394000000.0,277000000.0,277000000.0,2171000000.0,215000000.0,,2.898,10802000000.0,,,10802000000.0,3851000000.0,0.0,0.0,0.006,0.062,387000000.0,387000000.0,0.108,387000000.0,387000000.0,261000000.0,0.3,0.3,0.3,19857000000.0,,19857000000.0,28018847528.0,22.0,12.894,375000000.0,0.972,1.0,1422000000.0,0.396,355000000.0,126000000.0,93064000000.0,,0.0,52951000000.0,,,57539000000.0,,,17009847528.0,-23000000.0,19000000.0,-164000000.0,-26000000.0,-24000000.0,-274000000.0,-522000000.0,-141000000.0,769000000.0,1000000.0,116000000.0,116000000.0,116000000.0,186000000.0,99000000.0,0.032,750000000.0,672000000.0,815000000.0,0.207,0.857,65.675,65.687,14133000000.0,0.0,44.01,1.16,1.158,8441000000.0,15633000000.0,3593000000.0,3593000000.0,0.0,,,,,0.0,750000000.0,1.0,386499603.0,385720000.0,386370000.0,9.315,82539000000.0,0.0,145000000.0,996000000.0,213.987,
29,L,MRQ,2014-03-31,2014-03-31,2014-03-31,2021-09-07,563000000.0,81803000000.0,,,,,50.829,-758000000.0,301000000.0,301000000.0,2145000000.0,184000000.0,,2.879,11310000000.0,,,11310000000.0,3838000000.0,0.0,0.0,0.006,0.062,284000000.0,284000000.0,0.077,284000000.0,284000000.0,162000000.0,0.15,0.15,0.15,19688000000.0,,19688000000.0,27616118889.0,19.0,11.873,-335000000.0,-0.865,1.0,1543000000.0,0.418,354000000.0,122000000.0,92458000000.0,,0.0,52063000000.0,,,56686000000.0,,,17065118889.0,6000000.0,11000000.0,-13000000.0,461000000.0,-24000000.0,233000000.0,-637000000.0,108000000.0,423000000.0,1000000.0,59000000.0,59000000.0,59000000.0,0.0,125000000.0,0.016,907000000.0,636000000.0,882000000.0,0.413,0.867,41.42,41.557,14974000000.0,0.0,44.05,1.162,1.162,8355000000.0,15541000000.0,3688000000.0,3688000000.0,0.0,,,,,0.0,907000000.0,1.0,387403380.0,387340000.0,388070000.0,9.521,81449000000.0,0.0,103000000.0,898000000.0,210.278,
30,L,MRQ,2013-12-31,2013-12-31,2013-12-31,2021-09-07,339000000.0,79939000000.0,,,,,50.257,-430000000.0,294000000.0,294000000.0,2314000000.0,-125000000.0,,2.828,10344000000.0,,,10344000000.0,3718000000.0,871000000.0,0.0,0.006,0.062,89000000.0,960000000.0,0.254,960000000.0,89000000.0,-20000000.0,-0.51,-0.5,-0.51,19458000000.0,,19458000000.0,28394668686.0,17.0,11.148,337000000.0,0.87,1.0,1468000000.0,0.388,357000000.0,109000000.0,89632000000.0,,0.0,52945000000.0,,,55033000000.0,,,18676668686.0,37000000.0,47000000.0,1000000.0,866000000.0,-24000000.0,703000000.0,-1433000000.0,-928000000.0,767000000.0,0.0,-198000000.0,-198000000.0,-198000000.0,0.0,73000000.0,-0.052,861000000.0,607000000.0,134000000.0,-0.122,0.96,31.389,31.529,13524000000.0,0.0,48.24,1.278,1.283,9338000000.0,15508000000.0,3782000000.0,3782000000.0,0.0,,,,,0.0,861000000.0,1.0,387161457.0,387170000.0,388160000.0,9.768,79582000000.0,0.0,178000000.0,716000000.0,205.548,
31,L,MRQ,2013-09-30,2013-09-30,2013-09-30,2021-09-07,20000000.0,79510000000.0,,,,,49.979,-157000000.0,257000000.0,257000000.0,2139000000.0,384000000.0,,2.826,9975000000.0,,,9975000000.0,3820000000.0,0.0,0.0,0.007,0.062,542000000.0,542000000.0,0.151,542000000.0,542000000.0,437000000.0,0.73,0.73,0.73,19355000000.0,,19355000000.0,28009176248.0,16.0,10.432,669000000.0,1.728,1.0,1458000000.0,0.405,991000000.0,105000000.0,88237000000.0,,0.0,52358000000.0,,,54689000000.0,,,18103176248.0,93000000.0,-124000000.0,-47000000.0,39000000.0,-24000000.0,-166000000.0,-572000000.0,-239000000.0,826000000.0,3000000.0,282000000.0,282000000.0,282000000.0,0.0,102000000.0,0.078,777000000.0,681000000.0,326000000.0,0.085,0.935,23.789,23.847,14381000000.0,0.0,46.74,1.282,1.282,9023000000.0,15911000000.0,3597000000.0,3597000000.0,0.0,,,,,0.0,777000000.0,1.0,387316565.0,387260000.0,388140000.0,9.288,78519000000.0,0.0,155000000.0,831000000.0,202.755,
32,L,MRQ,2013-06-30,2013-06-30,2013-06-30,2021-09-07,37000000.0,80046000000.0,,,,,49.258,-548000000.0,166000000.0,166000000.0,2189000000.0,412000000.0,,2.893,10072000000.0,,,10072000000.0,3869000000.0,0.0,0.0,0.007,0.062,540000000.0,540000000.0,0.149,540000000.0,540000000.0,432000000.0,0.69,0.69,0.69,19151000000.0,,19151000000.0,26528065580.0,16.0,10.494,-653000000.0,-1.68,1.0,1427000000.0,0.395,989000000.0,108000000.0,88963000000.0,,0.0,52332000000.0,,,55404000000.0,,,17270065580.0,-15000000.0,19000000.0,-85000000.0,632000000.0,-25000000.0,751000000.0,-660000000.0,-70000000.0,-105000000.0,1000000.0,269000000.0,269000000.0,269000000.0,0.0,143000000.0,0.074,753000000.0,674000000.0,520000000.0,0.09,0.902,26.326,26.429,14525000000.0,0.0,44.4,1.213,1.212,9519000000.0,15654000000.0,3616000000.0,3616000000.0,0.0,,,,,0.0,753000000.0,1.0,388965441.0,388790000.0,389620000.0,9.301,79057000000.0,0.0,163000000.0,749000000.0,203.341,
33,L,MRQ,2013-03-31,2013-03-31,2013-03-31,2021-09-07,566000000.0,80614000000.0,,,,,49.738,-602000000.0,179000000.0,179000000.0,2099000000.0,398000000.0,,2.871,9437000000.0,,,9437000000.0,3759000000.0,0.0,0.0,0.007,0.125,459000000.0,459000000.0,0.125,459000000.0,459000000.0,351000000.0,0.62,0.62,0.62,19467000000.0,,19467000000.0,26252408660.0,21.0,12.092,6000000.0,0.015,1.0,1587000000.0,0.431,993000000.0,108000000.0,88879000000.0,,0.0,53184000000.0,,,55896000000.0,,,17270408660.0,-49000000.0,5000000.0,-92000000.0,224000000.0,-24000000.0,-17000000.0,-633000000.0,-14000000.0,608000000.0,-7000000.0,242000000.0,242000000.0,242000000.0,0.0,156000000.0,0.066,981000000.0,606000000.0,738000000.0,0.202,0.887,38.985,39.0,14204000000.0,0.0,44.07,1.232,1.231,9605000000.0,15410000000.0,3686000000.0,3686000000.0,0.0,,,,,0.0,981000000.0,1.0,391885833.0,391390000.0,392160000.0,9.418,79621000000.0,0.0,109000000.0,895000000.0,203.431,
34,L,MRQ,2012-12-31,2012-12-31,2012-12-31,2021-09-07,678000000.0,80021000000.0,,,,,49.534,-411000000.0,228000000.0,228000000.0,2279000000.0,83000000.0,,2.844,9210000000.0,,,9210000000.0,3610000000.0,905000000.0,0.0,0.006,0.062,239000000.0,1144000000.0,0.355,1144000000.0,239000000.0,144000000.0,-0.08,-0.08,-0.08,19459000000.0,,19459000000.0,24736271272.0,16.0,10.256,341000000.0,0.868,1.0,946000000.0,0.293,996000000.0,95000000.0,88007000000.0,,0.0,53048000000.0,,,55345000000.0,,,16039271272.0,59000000.0,-559000000.0,-69000000.0,422000000.0,-25000000.0,499000000.0,-1193000000.0,-189000000.0,752000000.0,1000000.0,-32000000.0,-32000000.0,-32000000.0,0.0,115000000.0,-0.01,193000000.0,753000000.0,205000000.0,-0.775,0.824,28.238,28.299,13935000000.0,0.0,40.75,1.14,1.144,9366000000.0,15192000000.0,3225000000.0,3225000000.0,0.0,,,,,0.0,193000000.0,1.0,393601749.0,392840000.0,393560000.0,8.209,79025000000.0,0.0,176000000.0,840000000.0,201.163,
35,L,MRQ,2012-09-30,2012-09-30,2012-09-30,2021-09-07,964000000.0,79554000000.0,,,,,50.292,-125000000.0,169000000.0,169000000.0,2126000000.0,310000000.0,,2.757,8866000000.0,,,8866000000.0,3681000000.0,0.0,0.0,0.006,0.062,385000000.0,385000000.0,0.104,385000000.0,385000000.0,276000000.0,0.45,0.45,0.45,19839000000.0,,19839000000.0,25322314726.0,15.0,9.899,871000000.0,2.208,1.0,1589000000.0,0.428,939000000.0,109000000.0,87312000000.0,,0.0,52914000000.0,,,54692000000.0,,,16322314726.0,33000000.0,-358000000.0,-84000000.0,-309000000.0,-24000000.0,-222000000.0,-744000000.0,-243000000.0,996000000.0,3000000.0,177000000.0,177000000.0,177000000.0,0.0,133000000.0,0.048,1071000000.0,518000000.0,808000000.0,0.138,0.823,18.74,18.755,13564000000.0,0.0,41.26,1.139,1.136,9474000000.0,15415000000.0,3715000000.0,3715000000.0,0.0,,,,,0.0,1071000000.0,1.0,395596576.0,394480000.0,395290000.0,9.417,78615000000.0,0.0,99000000.0,1122000000.0,199.288,
36,L,MRQ,2012-06-30,2012-06-30,2012-06-30,2021-09-07,746000000.0,77328000000.0,,,,,49.205,-631000000.0,136000000.0,136000000.0,2062000000.0,198000000.0,,2.722,9136000000.0,,,9136000000.0,3478000000.0,0.0,0.0,0.006,0.062,183000000.0,183000000.0,0.054,183000000.0,183000000.0,72000000.0,0.14,0.14,0.14,19505000000.0,,19505000000.0,25177571847.0,14.0,9.744,147000000.0,0.371,1.0,1326000000.0,0.391,908000000.0,111000000.0,85420000000.0,,0.0,51075000000.0,,,53087000000.0,,,16234571847.0,37000000.0,110000000.0,-51000000.0,90000000.0,-25000000.0,-95000000.0,-645000000.0,-70000000.0,778000000.0,-1000000.0,56000000.0,56000000.0,56000000.0,0.0,142000000.0,0.017,1001000000.0,325000000.0,395000000.0,0.443,0.832,18.966,18.94,13709000000.0,0.0,40.91,1.155,1.154,9145000000.0,15263000000.0,3388000000.0,3388000000.0,0.0,,,,,0.0,1001000000.0,1.0,396836271.0,396400000.0,397130000.0,8.547,76420000000.0,0.0,16000000.0,952000000.0,192.785,
37,L,MRQ,2012-03-31,2012-03-31,2012-03-31,2021-09-07,654000000.0,77240000000.0,,,,,48.965,-238000000.0,99000000.0,99000000.0,2073000000.0,519000000.0,,2.734,9042000000.0,,,9042000000.0,3383000000.0,0.0,0.0,0.006,0.062,700000000.0,700000000.0,0.187,700000000.0,700000000.0,589000000.0,0.93,0.92,0.93,19428000000.0,,19428000000.0,24692165856.0,12.0,8.445,90000000.0,0.227,1.0,1671000000.0,0.446,908000000.0,111000000.0,85275000000.0,,0.0,50958000000.0,,,53119000000.0,,,15820165856.0,-30000000.0,41000000.0,5000000.0,39000000.0,-25000000.0,154000000.0,-513000000.0,-280000000.0,328000000.0,1000000.0,367000000.0,367000000.0,367000000.0,0.0,152000000.0,0.098,819000000.0,852000000.0,920000000.0,0.067,0.814,15.067,15.16,13522000000.0,0.0,39.87,1.114,1.114,9409000000.0,15232000000.0,3744000000.0,3744000000.0,0.0,,,,,0.0,819000000.0,1.0,396793726.0,396770000.0,397440000.0,9.436,76332000000.0,0.0,222000000.0,937000000.0,192.383,
38,L,MRQ,2011-12-31,2011-12-31,2011-12-31,2021-09-07,384000000.0,75268000000.0,,,,,47.342,-355000000.0,129000000.0,129000000.0,2061000000.0,412000000.0,,2.774,9001000000.0,,,9001000000.0,3250000000.0,833000000.0,0.0,0.007,0.062,457000000.0,1290000000.0,0.371,1290000000.0,457000000.0,341000000.0,0.68,0.68,0.68,18772000000.0,,18772000000.0,24034736255.0,11.0,8.15,1586000000.0,4.0,1.0,1420000000.0,0.408,908000000.0,116000000.0,83232000000.0,,0.0,49028000000.0,,,52065000000.0,,,14930736255.0,1000000.0,-354000000.0,-32000000.0,-232000000.0,-25000000.0,-391000000.0,-1550000000.0,-708000000.0,1941000000.0,1000000.0,271000000.0,271000000.0,271000000.0,0.0,141000000.0,0.078,822000000.0,598000000.0,162000000.0,0.091,0.795,14.059,14.37,13618000000.0,0.0,37.65,1.057,1.078,9259000000.0,14890000000.0,3481000000.0,3481000000.0,0.0,,,,,0.0,822000000.0,1.0,396566700.0,396520000.0,397130000.0,8.779,74360000000.0,0.0,70000000.0,622000000.0,187.532,
39,L,MRQ,2011-09-30,2011-09-30,2011-09-30,2021-09-07,735000000.0,76305000000.0,,,,,47.316,-202000000.0,128000000.0,128000000.0,2089000000.0,316000000.0,,2.78,9232000000.0,,,9232000000.0,3386000000.0,0.0,0.0,0.007,0.062,411000000.0,411000000.0,0.12,411000000.0,411000000.0,285000000.0,0.41,0.4,0.41,18974000000.0,,18974000000.0,22982605075.0,9.0,6.86,906000000.0,2.259,1.0,1349000000.0,0.392,856000000.0,126000000.0,84553000000.0,,0.0,49625000000.0,,,52740000000.0,,,13961605075.0,-20000000.0,19000000.0,-278000000.0,53000000.0,-25000000.0,-399000000.0,-726000000.0,-544000000.0,1108000000.0,-3000000.0,162000000.0,162000000.0,162000000.0,0.0,154000000.0,0.047,784000000.0,565000000.0,567000000.0,0.151,0.736,11.098,11.291,12935000000.0,0.0,34.55,0.972,0.965,10109000000.0,15282000000.0,3438000000.0,3438000000.0,0.0,,,,,0.0,784000000.0,1.0,404098555.0,401010000.0,401730000.0,8.573,75449000000.0,0.0,123000000.0,802000000.0,188.147,
40,L,MRQ,2011-06-30,2011-06-30,2011-06-30,2021-09-07,581000000.0,76069000000.0,,,,,46.474,-319000000.0,148000000.0,148000000.0,2041000000.0,404000000.0,,2.775,9169000000.0,,,9169000000.0,3409000000.0,0.0,0.0,0.006,0.062,523000000.0,523000000.0,0.148,523000000.0,523000000.0,394000000.0,0.61,0.61,0.61,18953000000.0,,18953000000.0,26577297103.0,11.0,8.342,-532000000.0,-1.304,1.0,1501000000.0,0.424,856000000.0,129000000.0,84234000000.0,,0.0,48884000000.0,,,52586000000.0,,,17207297103.0,25000000.0,9000000.0,-234000000.0,-323000000.0,-25000000.0,-951000000.0,1189000000.0,1502000000.0,-213000000.0,0.0,250000000.0,250000000.0,250000000.0,0.0,154000000.0,0.071,824000000.0,677000000.0,558000000.0,0.102,0.908,15.201,15.361,12456000000.0,0.0,42.09,1.176,1.174,10133000000.0,15145000000.0,3542000000.0,3542000000.0,0.0,,,,,0.0,824000000.0,1.0,408821504.0,407820000.0,408740000.0,8.685,75213000000.0,0.0,144000000.0,638000000.0,184.427,
41,L,MRQ,2011-03-31,2011-03-31,2011-03-31,2021-09-07,294000000.0,75967000000.0,,,,,45.256,-459000000.0,123000000.0,123000000.0,2023000000.0,562000000.0,,2.811,9493000000.0,,,9493000000.0,3321000000.0,0.0,0.0,0.006,0.062,725000000.0,725000000.0,0.198,725000000.0,725000000.0,574000000.0,0.92,0.92,0.92,18686000000.0,,18686000000.0,27183612654.0,10.0,7.953,670000000.0,1.623,1.0,1645000000.0,0.448,856000000.0,151000000.0,84481000000.0,,0.0,48632000000.0,,,52522000000.0,,,17826612654.0,3000000.0,0.0,-184000000.0,-9000000.0,-26000000.0,-312000000.0,-816000000.0,-365000000.0,1129000000.0,2000000.0,379000000.0,379000000.0,379000000.0,0.0,183000000.0,0.103,737000000.0,908000000.0,419000000.0,0.067,0.954,14.284,14.316,12543000000.0,0.0,43.09,1.224,1.221,10182000000.0,14919000000.0,3668000000.0,3668000000.0,0.0,,,,,0.0,737000000.0,1.0,413706490.0,412900000.0,413830000.0,8.884,75111000000.0,125000000.0,195000000.0,0.0,181.911,
42,L,MRQ,2010-12-31,2010-12-31,2010-12-31,2021-09-07,230000000.0,76277000000.0,,,,,44.365,-1036000000.0,120000000.0,120000000.0,1699000000.0,671000000.0,,2.882,9477000000.0,,,9477000000.0,3203000000.0,816000000.0,0.0,0.006,0.062,875000000.0,1691000000.0,0.455,1691000000.0,875000000.0,742000000.0,1.12,1.11,1.12,18450000000.0,,18450000000.0,25538926273.0,9.0,7.264,-1978000000.0,-4.756,1.0,2016000000.0,0.543,856000000.0,133000000.0,84778000000.0,,0.0,48907000000.0,,,53171000000.0,,,16194926273.0,-12000000.0,805000000.0,-51000000.0,0.0,-26000000.0,-161000000.0,1090000000.0,1403000000.0,-942000000.0,1000000.0,467000000.0,467000000.0,467000000.0,-1000000.0,204000000.0,0.126,938000000.0,1078000000.0,685000000.0,0.055,0.878,12.564,12.633,12636000000.0,0.0,38.91,1.108,1.115,10142000000.0,14564000000.0,3715000000.0,3715000000.0,0.0,,,,,0.0,938000000.0,1.0,416215016.0,415870000.0,416670000.0,8.933,75421000000.0,0.0,275000000.0,562000000.0,181.357,
43,L,MRQ,2010-09-30,2010-09-30,2010-09-30,2021-09-07,1017000000.0,76821000000.0,,,,,45.153,1000000.0,132000000.0,132000000.0,2045000000.0,152000000.0,,2.827,9476000000.0,,,9476000000.0,3265000000.0,0.0,0.0,0.007,0.062,247000000.0,247000000.0,0.067,247000000.0,247000000.0,120000000.0,0.09,0.09,0.09,18859000000.0,,18859000000.0,24816758342.0,9.0,7.265,96000000.0,0.23,1.0,1656000000.0,0.447,856000000.0,127000000.0,85309000000.0,,0.0,48842000000.0,,,53322000000.0,,,15851758342.0,41000000.0,0.0,-81000000.0,417000000.0,-26000000.0,218000000.0,-274000000.0,-333000000.0,95000000.0,2000000.0,36000000.0,36000000.0,36000000.0,22000000.0,116000000.0,0.01,1271000000.0,385000000.0,968000000.0,0.689,0.841,12.94,13.114,12619000000.0,0.0,37.9,1.077,1.075,11091000000.0,14433000000.0,3701000000.0,3701000000.0,0.0,,,,,0.0,1271000000.0,1.0,418252199.0,417670000.0,418470000.0,8.861,75965000000.0,0.0,84000000.0,557000000.0,181.878,
44,L,MRQ,2010-06-30,2010-06-30,2010-06-30,2021-09-07,295000000.0,75059000000.0,,,,,43.486,330000000.0,91000000.0,91000000.0,1844000000.0,541000000.0,,2.875,9056000000.0,,,9056000000.0,3303000000.0,0.0,0.0,0.008,0.062,755000000.0,755000000.0,0.217,755000000.0,755000000.0,628000000.0,0.88,0.87,0.88,18205000000.0,,18205000000.0,23416128375.0,7.0,5.825,836000000.0,1.997,1.0,1642000000.0,0.471,856000000.0,127000000.0,83168000000.0,,0.0,47710000000.0,,,52332000000.0,,,13940128375.0,-44000000.0,0.0,-78000000.0,-555000000.0,-27000000.0,-809000000.0,259000000.0,-85000000.0,506000000.0,0.0,366000000.0,366000000.0,366000000.0,0.0,175000000.0,0.105,712000000.0,930000000.0,308000000.0,0.07,0.766,8.413,8.585,12626000000.0,0.0,33.31,0.945,0.945,9765000000.0,14426000000.0,3486000000.0,3486000000.0,0.0,,,,,0.0,712000000.0,1.0,418496799.0,418640000.0,419380000.0,8.327,74203000000.0,561000000.0,262000000.0,0.0,177.248,
45,L,MRQ,2010-03-31,2010-03-31,2010-03-31,2021-09-07,-75000000.0,75855000000.0,,,,,41.502,-212000000.0,135000000.0,135000000.0,1955000000.0,623000000.0,,3.07,9611000000.0,,,9611000000.0,3283000000.0,0.0,0.0,0.007,0.062,823000000.0,823000000.0,0.222,823000000.0,823000000.0,693000000.0,0.99,0.99,0.99,17546000000.0,,17546000000.0,25043325913.0,8.0,6.402,82000000.0,0.194,1.0,1758000000.0,0.473,856000000.0,130000000.0,84475000000.0,,0.0,47502000000.0,,,53862000000.0,,,15748325913.0,-55000000.0,0.0,-187000000.0,124000000.0,-26000000.0,64000000.0,-411000000.0,-209000000.0,294000000.0,-2000000.0,420000000.0,420000000.0,420000000.0,0.0,203000000.0,0.113,732000000.0,1026000000.0,662000000.0,0.063,0.898,9.656,9.862,13249000000.0,0.0,37.28,1.064,1.064,10000000000.0,14085000000.0,3713000000.0,3713000000.0,0.0,,,,,0.0,732000000.0,1.0,422433635.0,422770000.0,423640000.0,8.783,74999000000.0,869000000.0,273000000.0,0.0,177.399,
46,L,MRQ,2009-12-31,2009-12-31,2009-12-31,2021-09-07,-419000000.0,74070000000.0,,,,,39.452,-359000000.0,190000000.0,190000000.0,2042000000.0,606000000.0,,3.135,9485000000.0,,,9485000000.0,3274000000.0,784000000.0,0.0,0.007,0.062,807000000.0,1591000000.0,0.416,1591000000.0,807000000.0,680000000.0,0.93,0.93,0.93,16899000000.0,,16899000000.0,24165111059.0,18.0,11.287,1468000000.0,3.427,1.0,1780000000.0,0.466,856000000.0,127000000.0,82509000000.0,,0.0,46034000000.0,,,52985000000.0,,,15617111059.0,34000000.0,48000000.0,-188000000.0,780000000.0,-27000000.0,381000000.0,-2176000000.0,-1872000000.0,1827000000.0,2000000.0,403000000.0,403000000.0,403000000.0,0.0,203000000.0,0.105,770000000.0,1010000000.0,540000000.0,0.067,0.924,27.69,27.962,13274000000.0,0.0,36.35,1.106,1.114,10212000000.0,13693000000.0,3822000000.0,3822000000.0,0.0,,,,,0.0,770000000.0,1.0,429631666.0,428340000.0,429130000.0,8.923,73214000000.0,627000000.0,277000000.0,0.0,170.925,
47,L,MRQ,2009-09-30,2009-09-30,2009-09-30,2021-09-07,-329000000.0,75112000000.0,,,,,39.344,-797000000.0,156000000.0,156000000.0,1954000000.0,691000000.0,,3.167,8704000000.0,,,8704000000.0,3392000000.0,0.0,0.0,0.007,0.062,851000000.0,851000000.0,0.228,851000000.0,851000000.0,734000000.0,1.08,1.08,1.08,17026000000.0,,17026000000.0,23365161769.0,-27.0,-146.032,315000000.0,0.728,1.0,1784000000.0,0.477,856000000.0,117000000.0,82804000000.0,,0.0,45261000000.0,,,53926000000.0,,,14831161769.0,20000000.0,37000000.0,-108000000.0,40000000.0,-27000000.0,-63000000.0,-1032000000.0,-276000000.0,1112000000.0,3000000.0,468000000.0,468000000.0,468000000.0,0.0,223000000.0,0.125,709000000.0,1075000000.0,2451000000.0,0.057,0.871,-18.609,-25.947,13200000000.0,0.0,34.25,1.138,1.137,11522000000.0,13563000000.0,3738000000.0,3738000000.0,0.0,,,,,0.0,709000000.0,1.0,433026621.0,432750000.0,433480000.0,8.638,74256000000.0,993000000.0,266000000.0,0.0,171.591,
48,L,MRQ,2009-06-30,2009-06-30,2009-06-30,2021-09-07,-1972000000.0,71630000000.0,,,,,34.514,-806000000.0,136000000.0,136000000.0,1950000000.0,559000000.0,,3.521,8670000000.0,,,8670000000.0,3508000000.0,0.0,0.0,0.009,0.062,647000000.0,647000000.0,0.183,647000000.0,647000000.0,537000000.0,0.78,0.78,0.78,15016000000.0,,15016000000.0,20206081878.0,-11.0,-18.009,-292000000.0,-0.671,1.0,1584000000.0,0.448,856000000.0,110000000.0,79308000000.0,,0.0,41313000000.0,,,52868000000.0,,,11924081878.0,-2000000.0,0.0,-31000000.0,245000000.0,-27000000.0,24000000.0,-547000000.0,359000000.0,514000000.0,7000000.0,340000000.0,340000000.0,340000000.0,0.0,219000000.0,0.096,718000000.0,866000000.0,1280000000.0,0.079,0.794,-8.505,-10.111,12671000000.0,0.0,27.4,0.972,0.972,11529000000.0,13122000000.0,3534000000.0,3534000000.0,0.0,,,,,0.0,718000000.0,1.0,435185470.0,435070000.0,435630000.0,8.123,70774000000.0,2189000000.0,197000000.0,0.0,162.673,
49,L,MRQ,2009-03-31,2009-03-31,2009-03-31,2021-09-07,-3229000000.0,69667000000.0,,,,,30.729,-567000000.0,138000000.0,138000000.0,1985000000.0,-473000000.0,,3.947,8420000000.0,,,8420000000.0,3461000000.0,0.0,0.0,0.011,0.062,-948000000.0,-948000000.0,-0.314,-948000000.0,-948000000.0,-1042000000.0,-1.49,-1.49,-1.49,13371000000.0,,13371000000.0,17743520407.0,6.0,4.899,571000000.0,1.312,1.0,1038000000.0,0.343,875000000.0,94000000.0,77074000000.0,,0.0,39091000000.0,,,52771000000.0,,,9616520407.0,7000000.0,0.0,1000000.0,161000000.0,-27000000.0,-21000000.0,-1108000000.0,-651000000.0,1138000000.0,-2000000.0,-647000000.0,-647000000.0,-647000000.0,0.0,174000000.0,-0.214,1812000000.0,-774000000.0,1213000000.0,-0.042,0.719,2.986,3.641,12160000000.0,0.0,22.1,0.76,0.76,11334000000.0,12700000000.0,3023000000.0,3023000000.0,0.0,,,,,0.0,776000000.0,1.0,435136670.0,435120000.0,435120000.0,6.948,68792000000.0,3145000000.0,-395000000.0,0.0,158.099,
50,L,MRQ,2008-12-31,2008-12-31,2008-12-31,2021-09-07,-3586000000.0,69870000000.0,,,,,30.115,-1060000000.0,131000000.0,131000000.0,2040000000.0,-810000000.0,,4.015,8258000000.0,,,8258000000.0,3405000000.0,692000000.0,0.0,0.009,0.062,-1402000000.0,-710000000.0,-0.259,-710000000.0,-1402000000.0,-1488000000.0,-1.69,-1.67,-1.69,13133000000.0,,13133000000.0,19757578293.0,4.0,3.545,934000000.0,2.142,1.0,703000000.0,0.256,856000000.0,86000000.0,77141000000.0,,0.0,38450000000.0,,,52735000000.0,,,12319578293.0,-105000000.0,87000000.0,-21000000.0,585000000.0,-26000000.0,176000000.0,-2268000000.0,-1420000000.0,1994000000.0,-7000000.0,-958000000.0,-958000000.0,-958000000.0,-1000000.0,148000000.0,-0.349,1958000000.0,-1255000000.0,995000000.0,-0.037,0.938,2.72,3.122,12892000000.0,0.0,28.25,0.93,0.93,11672000000.0,13375000000.0,2743000000.0,2743000000.0,0.0,,,,,0.0,785000000.0,1.0,436091267.0,436091267.0,,6.29,69014000000.0,2928000000.0,-530000000.0,0.0,158.256,
51,L,MRQ,2008-09-30,2008-09-30,2008-09-30,2021-09-07,-1974000000.0,73417000000.0,,,,,36.081,-1158000000.0,236000000.0,236000000.0,2188000000.0,22000000.0,,3.399,7674000000.0,,,7674000000.0,3549000000.0,0.0,0.0,0.006,0.062,-111000000.0,-111000000.0,-0.037,-111000000.0,-111000000.0,-193000000.0,-0.31,-0.31,-0.31,15741000000.0,,15741000000.0,24455218226.0,3.0,3.064,-2612000000.0,-5.987,1.0,782000000.0,0.263,1358000000.0,82000000.0,79497000000.0,,0.0,42278000000.0,,,53508000000.0,,,17228218226.0,59000000.0,0.0,-10000000.0,279000000.0,-28000000.0,24000000.0,1494000000.0,2583000000.0,-1454000000.0,-5000000.0,-137000000.0,-137000000.0,-137000000.0,-7000000.0,159000000.0,-0.046,741000000.0,41000000.0,1966000000.0,-0.2,1.094,2.69,3.58,12809000000.0,0.0,39.49,1.222,1.222,12201000000.0,14435000000.0,2970000000.0,2970000000.0,0.0,,,,,0.0,741000000.0,1.0,436267871.0,436267871.0,,6.808,72059000000.0,1466000000.0,-56000000.0,0.0,165.171,
52,L,MRQ,2008-06-30,2008-06-30,2008-06-30,2021-09-07,-1101000000.0,74782000000.0,,,,,31.679,-940000000.0,168000000.0,168000000.0,2105000000.0,5219000000.0,,3.203,7395000000.0,,,7395000000.0,3644000000.0,0.0,0.0,0.005,0.062,5391000000.0,5391000000.0,1.375,5391000000.0,5391000000.0,5303000000.0,9.56,9.54,9.56,16781000000.0,,16781000000.0,31991603203.0,4.0,3.65,404000000.0,0.763,1.0,1817000000.0,0.463,1357000000.0,88000000.0,80652000000.0,,0.0,45358000000.0,,,53747000000.0,,,24843603203.0,-39000000.0,0.0,1000000.0,58000000.0,-83000000.0,-173000000.0,-1210000000.0,178000000.0,1344000000.0,0.0,4963000000.0,4963000000.0,4963000000.0,-170000000.0,256000000.0,1.265,622000000.0,1195000000.0,2344000000.0,0.006,1.48,3.575,3.873,11782000000.0,0.0,46.9,1.696,1.696,11965000000.0,14598000000.0,3922000000.0,3922000000.0,0.0,,,,,0.0,622000000.0,1.0,529714354.0,529714354.0,,7.404,73425000000.0,1026000000.0,340000000.0,0.0,138.612,
53,L,MRQ,2008-03-31,2008-03-31,2008-03-31,2021-09-07,-983000000.0,76892000000.0,,,,,32.579,-839000000.0,207000000.0,207000000.0,2042000000.0,862000000.0,,3.236,7355000000.0,,,7355000000.0,3577000000.0,0.0,0.0,0.006,0.062,1004000000.0,1004000000.0,0.278,1004000000.0,1004000000.0,915000000.0,1.05,1.05,1.05,17257000000.0,,17257000000.0,28421318903.0,8.0,6.746,648000000.0,1.223,1.0,1570000000.0,0.435,1354000000.0,89000000.0,82686000000.0,,0.0,47429000000.0,,,55847000000.0,,,21304318903.0,56000000.0,0.0,1000000.0,81000000.0,-82000000.0,-200000000.0,-1230000000.0,-1257000000.0,1487000000.0,-1000000.0,662000000.0,662000000.0,662000000.0,-253000000.0,200000000.0,0.183,619000000.0,951000000.0,2155000000.0,0.059,1.235,8.522,11.491,11086000000.0,0.0,40.22,1.495,1.495,11959000000.0,14269000000.0,3612000000.0,3612000000.0,0.0,,,,,0.0,619000000.0,1.0,529694652.0,529694652.0,,6.819,75538000000.0,1445000000.0,253000000.0,0.0,142.607,
54,L,MRQ,2007-12-31,2007-12-31,2007-12-31,2021-09-07,-65000000.0,76115000000.0,,,,,33.216,-871000000.0,140000000.0,140000000.0,2185000000.0,1123000000.0,,3.105,7258000000.0,,,7258000000.0,3597000000.0,471000000.0,0.0,0.005,0.062,1226000000.0,1697000000.0,0.472,1697000000.0,1226000000.0,1137000000.0,0.73,0.73,0.73,17591000000.0,,17591000000.0,33765283683.0,9.0,7.902,426000000.0,0.804,1.0,1407000000.0,0.392,1353000000.0,89000000.0,81880000000.0,,0.0,46669000000.0,,,54626000000.0,,,26660083683.0,26000000.0,0.0,2000000.0,31000000.0,-82000000.0,-3000000.0,-1273000000.0,-490000000.0,1297000000.0,5000000.0,916000000.0,916000000.0,916000000.0,-216000000.0,207000000.0,0.255,672000000.0,735000000.0,1044000000.0,0.085,1.516,10.715,13.754,10218000000.0,0.0,50.34,1.864,1.864,11469000000.0,13691000000.0,3592000000.0,3592000000.0,0.0,,,,,0.0,672000000.0,1.0,529600391.0,529600391.0,,6.782,74762000000.0,441000000.0,221000000.0,0.0,141.167,
55,L,MRQ,2007-09-30,2007-09-30,2007-09-30,2021-09-07,59100000.0,78964900000.0,,,,,32.286,-634000000.0,127000000.0,127000000.0,2240000000.0,555000000.0,,3.359,7232200000.0,,,7232200000.0,3751000000.0,0.0,0.0,0.005,0.062,672000000.0,672000000.0,0.191,672000000.0,672000000.0,591000000.0,0.77,0.77,0.77,17279300000.0,,17279300000.0,30860814646.0,9.0,8.517,1428000000.0,2.668,1.0,1285000000.0,0.365,1346500000.0,81000000.0,84723600000.0,,0.0,50657300000.0,,,58033300000.0,,,25876414646.0,-5000000.0,-4029000000.0,-294000000.0,2108000000.0,-83000000.0,1708000000.0,-3775000000.0,4128000000.0,2062000000.0,0.0,409000000.0,409000000.0,409000000.0,-246000000.0,146000000.0,0.116,566000000.0,719000000.0,4081200000.0,0.081,1.498,11.862,11.998,9636700000.0,0.0,48.35,2.075,2.075,12908800000.0,13822200000.0,3525000000.0,3525000000.0,0.0,,,,,0.0,566000000.0,1.0,535189548.0,535189548.0,,6.586,77618400000.0,845400000.0,182000000.0,0.0,145.03,
56,L,MRQ,2007-06-30,2007-06-30,2007-06-30,2021-09-07,111200000.0,79537500000.0,,,,,31.916,-382000000.0,137100000.0,137100000.0,2067000000.0,654000000.0,,3.434,5121500000.0,,,5121500000.0,3882000000.0,0.0,0.0,0.005,0.062,840000000.0,840000000.0,0.239,840000000.0,840000000.0,769000000.0,0.95,0.95,0.95,17139500000.0,,17139500000.0,32381553640.0,9.0,8.28,1936000000.0,3.605,1.0,1450000000.0,0.412,297400000.0,71000000.0,84224500000.0,,0.0,54314800000.0,,,58864100000.0,,,27377653640.0,-13000000.0,0.0,-62000000.0,-1000000.0,-83000000.0,-166000000.0,-2165000000.0,-2226000000.0,2318000000.0,0.0,513000000.0,513000000.0,513000000.0,-232000000.0,141000000.0,0.146,532000000.0,918000000.0,4314800000.0,0.065,1.597,11.957,12.138,5989100000.0,0.0,50.98,2.035,2.035,14527400000.0,13349000000.0,3517000000.0,3517000000.0,0.0,,,,,0.0,532000000.0,1.0,537027337.0,537027337.0,,6.549,79240100000.0,798800000.0,256000000.0,0.0,147.553,
57,L,MRQ,2007-03-31,2007-03-31,2007-03-31,2021-09-07,393700000.0,76739600000.0,,,,,31.129,-323000000.0,128500000.0,128500000.0,2589000000.0,768000000.0,,3.335,5132400000.0,,,5132400000.0,3824000000.0,0.0,0.0,0.006,0.062,1181000000.0,1181000000.0,0.256,1181000000.0,1181000000.0,1103000000.0,1.2,1.2,1.2,16917500000.0,,16917500000.0,30128063078.0,8.0,7.62,-329000000.0,-0.605,1.0,2024000000.0,0.439,297400000.0,78000000.0,81446100000.0,,0.0,53421500000.0,,,56416600000.0,,,24689463078.0,-22000000.0,0.0,-310000000.0,-1000000.0,-83000000.0,-414000000.0,398000000.0,1442000000.0,-6000000.0,0.0,650000000.0,650000000.0,650000000.0,-5000000.0,118000000.0,0.141,564000000.0,1460000000.0,4871500000.0,0.052,1.459,10.965,11.054,5720400000.0,0.0,45.43,1.737,1.737,13064000000.0,12780900000.0,4613000000.0,4613000000.0,0.0,,,,,0.0,564000000.0,1.0,543461657.0,543461657.0,,8.488,76442200000.0,605200000.0,453000000.0,0.0,140.658,
58,L,MRQ,2006-12-31,2006-12-31,2006-12-31,2021-09-07,387000000.0,76881000000.0,,,,,29.974,-275800000.0,118000000.0,118000000.0,1101500000.0,746200000.0,,3.483,5572000000.0,,,5572000000.0,3784000000.0,352000000.0,0.0,0.006,0.062,578500000.0,930500000.0,1.142,930500000.0,578500000.0,498500000.0,1.11,1.11,1.11,16502000000.0,,16502000000.0,28602008547.0,9.0,7.825,-244400000.0,-0.444,1.0,-286500000.0,-0.352,294000000.0,80000000.0,82041000000.0,,0.0,53870000000.0,,,57483000000.0,,,22831008547.0,-19300000.0,-23700000.0,-252300000.0,-361700000.0,-83600000.0,-587300000.0,536600000.0,-433900000.0,31400000.0,0.0,609500000.0,609500000.0,609500000.0,-816700000.0,136700000.0,0.748,-347700000.0,61200000.0,5188000000.0,0.056,1.384,11.003,11.059,5490000000.0,0.0,41.47,1.649,1.649,12936000000.0,12099000000.0,815000000.0,815000000.0,0.0,,,,,0.0,-347600000.0,1.0,550542767.0,550542767.0,,1.48,76587000000.0,606000000.0,-111000000.0,0.0,139.112,
59,L,MRQ,2006-09-30,2006-09-30,2006-09-30,2021-09-07,381700000.0,75778500000.0,,,,,29.203,-210100000.0,155700000.0,155700000.0,2510300000.0,635100000.0,,3.554,5926700000.0,,,5926700000.0,3870600000.0,0.0,0.0,0.006,0.062,959500000.0,959500000.0,0.213,959500000.0,959500000.0,880800000.0,0.94,0.94,0.94,16082500000.0,,16082500000.0,25873707805.0,9.0,7.929,-117100000.0,-0.213,1.0,1996900000.0,0.443,298900000.0,78700000.0,81250600000.0,,0.0,51484500000.0,,,57161700000.0,,,20872007805.0,20000000.0,200000.0,868000000.0,784300000.0,-83700000.0,1691200000.0,-1764200000.0,-2599000000.0,93000000.0,0.0,517200000.0,517200000.0,517200000.0,-5700000.0,117900000.0,0.115,802800000.0,1194100000.0,4472000000.0,0.066,1.298,13.803,13.883,5279900000.0,0.0,37.9,1.231,1.231,14278000000.0,11836400000.0,4507200000.0,4507200000.0,0.0,,,,,0.0,802800000.0,1.0,550712607.0,550712607.0,,8.184,75479600000.0,628100000.0,363600000.0,0.0,137.058,
60,L,MRQ,2006-06-30,2006-06-30,2006-06-30,2021-09-07,0.0,71710000000.0,,,,,25.43,-194700000.0,139900000.0,139900000.0,2378700000.0,568700000.0,,3.92,5141600000.0,,,5141600000.0,3907100000.0,0.0,0.0,0.006,0.062,882800000.0,882800000.0,0.206,882800000.0,882800000.0,812100000.0,0.86,0.85,0.86,14143800000.0,,14143800000.0,24732157018.0,11.0,9.104,737000000.0,1.325,1.0,1898600000.0,0.444,297200000.0,70700000.0,76414500000.0,,0.0,46605100000.0,,,55439500000.0,,,19716957018.0,27400000.0,23500000.0,563900000.0,-12600000.0,-77200000.0,402700000.0,-1307000000.0,-690600000.0,931700000.0,0.0,474900000.0,474900000.0,474900000.0,2400000.0,93800000.0,0.111,805100000.0,1093500000.0,3621700000.0,0.072,1.394,16.035,16.041,5142500000.0,0.0,35.45,1.189,1.189,14796900000.0,,4277300000.0,4277300000.0,0.0,,,,,0.0,818000000.0,1.0,556190607.0,556190607.0,,7.69,71412800000.0,1109700000.0,337200000.0,0.0,128.396,
61,L,MRQ,2006-03-31,2006-03-31,2006-03-31,2021-09-07,0.0,71331400000.0,,,,,23.869,-199400000.0,141000000.0,141000000.0,2395500000.0,541000000.0,,4.205,5156200000.0,,,5156200000.0,3847000000.0,0.0,0.0,0.006,0.05,882200000.0,882200000.0,0.208,882200000.0,882200000.0,807600000.0,0.85,0.85,0.85,13310500000.0,,13310500000.0,23865126291.0,11.0,9.684,459500000.0,0.824,1.0,1849000000.0,0.436,298400000.0,74600000.0,76048200000.0,,0.0,45980400000.0,,,55973800000.0,,,18811426291.0,-36100000.0,0.0,-47600000.0,-43000000.0,-63500000.0,-592600000.0,-102400000.0,-921500000.0,658900000.0,0.0,473400000.0,473400000.0,473400000.0,5000000.0,67600000.0,0.112,789800000.0,1059200000.0,4162900000.0,0.059,1.413,16.58,16.617,5051200000.0,0.0,33.733,1.152,1.152,15249900000.0,,4244500000.0,4244500000.0,0.0,,,,,0.0,789800000.0,1.0,557650977.0,557650977.0,,7.611,71033000000.0,964100000.0,334200000.0,0.0,127.379,
62,L,MRQ,2005-12-31,2005-12-31,2005-12-31,2021-09-07,311100000.0,70905800000.0,,,,,23.495,-91200000.0,153100000.0,153100000.0,3578600000.0,127900000.0,,4.259,5206800000.0,,,5206800000.0,3705700000.0,381000000.0,0.0,0.006,0.05,157500000.0,538500000.0,0.137,538500000.0,157500000.0,83000000.0,0.08,0.08,0.08,13092100000.0,,13092100000.0,22651464536.0,13.0,10.348,1050600000.0,1.885,1.0,343600000.0,0.088,297400000.0,74500000.0,75662100000.0,,0.0,45396000000.0,,,55754800000.0,,,17618064536.0,-40400000.0,57000000.0,419300000.0,-33000000.0,-63500000.0,477500000.0,-1659700000.0,-357100000.0,1141800000.0,0.0,46600000.0,46600000.0,46600000.0,-20400000.0,81300000.0,0.012,83900000.0,259700000.0,2805300000.0,0.625,1.346,18.333,18.382,4951600000.0,0.0,31.617,1.113,1.113,15543900000.0,10364400000.0,3922200000.0,3922200000.0,0.0,,,,,0.0,83900000.0,1.0,557239785.0,557239785.0,,7.039,70608400000.0,905300000.0,36400000.0,0.0,126.711,
63,L,MRQ,2005-09-30,2005-09-30,2005-09-30,2021-09-07,0.0,74636000000.0,,,,,23.018,-98900000.0,203000000.0,203000000.0,2849500000.0,302200000.0,,4.683,5236400000.0,,,5236400000.0,4343000000.0,0.0,0.0,0.006,0.05,413200000.0,413200000.0,0.1,413200000.0,413200000.0,339300000.0,0.42,0.42,0.42,12823000000.0,,12823000000.0,22072466898.0,9.0,8.03,660600000.0,1.186,1.0,1288400000.0,0.311,296500000.0,73900000.0,79372900000.0,,0.0,46509800000.0,,,60044700000.0,,,17160166898.0,-129500000.0,-11600000.0,6700000.0,-1900000.0,-58900000.0,-161400000.0,-727600000.0,-1257200000.0,759500000.0,0.0,234700000.0,234700000.0,234700000.0,-2200000.0,67500000.0,0.057,763300000.0,525100000.0,4567900000.0,0.119,1.338,12.804,12.819,4883800000.0,0.0,30.803,1.076,1.076,17538000000.0,,4137900000.0,4137900000.0,0.0,,,,,0.0,763300000.0,1.0,557087985.0,557087985.0,,7.428,74339500000.0,719900000.0,104600000.0,0.0,133.443,
64,L,MRQ,2005-06-30,2005-06-30,2005-06-30,2021-09-07,0.0,74184900000.0,,,,,23.166,-143500000.0,326400000.0,326400000.0,2550400000.0,435600000.0,,4.614,5238700000.0,,,5238700000.0,4413700000.0,0.0,0.0,0.008,0.05,630400000.0,630400000.0,0.156,630400000.0,630400000.0,544600000.0,0.68,0.68,0.68,12901800000.0,,12901800000.0,22470282047.0,9.0,8.155,1346100000.0,2.417,1.0,1480300000.0,0.367,284400000.0,85800000.0,78812800000.0,,0.0,45281200000.0,,,59532700000.0,,,14387282047.0,156900000.0,11600000.0,2600000.0,-1855100000.0,-58800000.0,-1931800000.0,599100000.0,515200000.0,1489600000.0,0.0,379900000.0,379900000.0,379900000.0,-1800000.0,55700000.0,0.094,755800000.0,724500000.0,5099600000.0,0.074,1.115,10.813,10.823,4864400000.0,0.0,25.833,0.922,0.922,18089700000.0,,4030700000.0,4030700000.0,0.0,,,,,0.0,755800000.0,1.0,556927047.0,556927047.0,,7.237,73900500000.0,654200000.0,164700000.0,0.0,132.693,
65,L,MRQ,2005-03-31,2005-03-31,2005-03-31,2021-09-07,0.0,74121300000.0,,,,,21.827,-59400000.0,186100000.0,186100000.0,2316500000.0,346300000.0,,4.96,8269100000.0,,,8269100000.0,4446700000.0,0.0,0.0,0.008,0.05,606900000.0,606900000.0,0.162,606900000.0,606900000.0,477100000.0,0.54,0.54,0.54,12154700000.0,,12154700000.0,21339012390.0,9.0,7.922,-83300000.0,-0.15,1.0,1424700000.0,0.381,284400000.0,129800000.0,81919900000.0,,0.0,44722600000.0,,,60291300000.0,,,13650612390.0,-39000000.0,0.0,3400000.0,72000000.0,-58800000.0,-29300000.0,14200000.0,-207900000.0,-23900000.0,0.0,299800000.0,299800000.0,299800000.0,-6600000.0,46500000.0,0.08,743000000.0,681700000.0,4422800000.0,0.093,1.123,10.337,10.343,4802800000.0,0.0,24.513,0.882,0.882,18708000000.0,,3741200000.0,3741200000.0,0.0,,,,,0.0,743000000.0,1.0,556864797.0,556864797.0,,6.718,73836900000.0,778100000.0,177300000.0,0.0,132.594,
66,L,MRQ,2004-12-31,2004-12-31,2004-12-31,2021-09-07,597400000.0,73720300000.0,,,,,21.509,-48600000.0,219900000.0,219900000.0,2642700000.0,481900000.0,,5.02,6990300000.0,,,6990300000.0,4522100000.0,350800000.0,0.0,0.009,0.05,747600000.0,1098400000.0,0.272,1098400000.0,747600000.0,669400000.0,0.763,0.763,0.763,11969900000.0,,11969900000.0,18849500790.0,10.0,8.406,789900000.0,1.419,1.0,1398500000.0,0.346,299100000.0,78200000.0,80191600000.0,,0.0,44298500000.0,,,60088400000.0,,,13040600790.0,69800000.0,-1110500000.0,286100000.0,1152000000.0,-54200000.0,1075900000.0,-1844600000.0,-1505700000.0,838500000.0,0.0,425800000.0,425800000.0,425800000.0,19500000.0,56100000.0,0.105,537200000.0,861300000.0,3576300000.0,0.066,1.089,12.645,12.667,4840700000.0,0.0,23.433,0.856,0.856,18833500000.0,9392700000.0,4041200000.0,4041200000.0,0.0,,,,,0.0,537200000.0,1.0,556497900.0,556497900.0,,7.262,73421200000.0,645300000.0,243600000.0,0.0,131.934,
67,L,MRQ,2004-09-30,2004-09-30,2004-09-30,2021-09-07,0.0,71456000000.0,,,,,20.579,-56600000.0,139100000.0,139100000.0,2493600000.0,278500000.0,,5.096,5948000000.0,,,5948000000.0,4381100000.0,0.0,0.0,0.01,0.05,419800000.0,419800000.0,0.111,419800000.0,419800000.0,346500000.0,0.403,0.403,0.403,11451500000.0,,11451500000.0,17209841600.0,10.0,8.187,1149100000.0,2.065,1.0,1293100000.0,0.341,295000000.0,73300000.0,76969900000.0,,0.0,43264300000.0,,,58357900000.0,,,10851141600.0,-51600000.0,2600000.0,800000.0,246700000.0,-54200000.0,171200000.0,-1428500000.0,-520200000.0,1205700000.0,0.0,225100000.0,225100000.0,225100000.0,0.0,53400000.0,0.059,815800000.0,477300000.0,4544000000.0,0.124,0.948,11.403,11.404,3763100000.0,0.0,19.5,0.699,0.699,18892600000.0,,3786700000.0,3786700000.0,0.0,,,,,0.0,815800000.0,1.0,556468800.0,556468800.0,,6.805,71161000000.0,674800000.0,121400000.0,0.0,127.88,
68,L,MRQ,2004-06-30,2004-06-30,2004-06-30,2021-09-07,0.0,71951700000.0,,,,,19.195,-50700000.0,190700000.0,190700000.0,2475000000.0,410500000.0,,5.586,6549400000.0,,,6549400000.0,4610400000.0,0.0,0.0,0.01,0.05,568400000.0,568400000.0,0.145,568400000.0,568400000.0,494900000.0,0.663,0.663,0.663,10681200000.0,,10681200000.0,17464608448.0,-20.0,-31.021,1134900000.0,2.039,1.0,1440700000.0,0.368,298300000.0,73500000.0,78012100000.0,,0.0,40494100000.0,,,59663400000.0,,,11121908448.0,57400000.0,644500000.0,-300000.0,-530900000.0,-54200000.0,-582300000.0,-545900000.0,-1668000000.0,1185600000.0,0.0,369900000.0,369900000.0,369900000.0,0.0,40600000.0,0.094,805900000.0,634800000.0,5223300000.0,0.075,1.041,-16.279,-16.289,3777700000.0,0.0,19.987,0.709,0.709,21323500000.0,,3915700000.0,3915700000.0,0.0,,,,,0.0,805900000.0,1.0,556466400.0,556466400.0,,7.037,71653400000.0,996100000.0,125000000.0,0.0,128.765,
69,L,MRQ,2004-03-31,2004-03-31,2004-03-31,2021-09-07,0.0,77555800000.0,,,,,19.991,-58400000.0,133300000.0,133300000.0,2558900000.0,44900000.0,,5.824,6476000000.0,,,6476000000.0,4832600000.0,0.0,0.0,0.01,0.05,155800000.0,155800000.0,0.045,155800000.0,155800000.0,56700000.0,0.02,,0.02,11121800000.0,,11121800000.0,17033702773.0,-15.0,-21.897,-106700000.0,-0.192,1.0,934400000.0,0.267,307500000.0,99100000.0,83591000000.0,,0.0,42136600000.0,,,64769300000.0,,,10952502773.0,-47500000.0,0.0,1200000.0,274100000.0,-54200000.0,223600000.0,-222800000.0,-164400000.0,-48300000.0,0.0,10500000.0,10500000.0,10500000.0,0.0,34400000.0,0.003,754900000.0,179500000.0,6222400000.0,2.5,0.985,-12.687,-12.701,3826500000.0,0.0,19.687,0.684,0.684,19143900000.0,,3493300000.0,3493300000.0,0.0,,,,,0.0,754900000.0,1.0,556341150.0,556341150.0,,6.279,77248300000.0,599500000.0,46200000.0,0.0,138.851,
70,L,MRQ,2003-12-31,2003-12-31,2003-12-31,2021-09-07,760200000.0,77857300000.0,,,,,19.813,-176000000.0,180800000.0,180800000.0,2970700000.0,380900000.0,,5.912,6262000000.0,,,6262000000.0,5000100000.0,325100000.0,0.0,0.012,0.05,632900000.0,958000000.0,0.221,958000000.0,632900000.0,554800000.0,0.623,,0.623,11023000000.0,,11023000000.0,15892756622.0,-17.0,-26.247,578600000.0,1.04,1.0,1363700000.0,0.315,311400000.0,78100000.0,83627100000.0,,0.0,42514800000.0,,,65165700000.0,,,9170356622.0,-95600000.0,428300000.0,399500000.0,-260200000.0,-54300000.0,43100000.0,-893300000.0,-1131200000.0,754600000.0,0.0,346100000.0,346100000.0,346100000.0,-1400000.0,34800000.0,0.08,677100000.0,686600000.0,5480400000.0,0.08,0.832,-12.872,-12.878,3879700000.0,0.0,16.483,0.557,0.557,20328500000.0,8570800000.0,4334400000.0,4334400000.0,0.0,,,,,0.0,677100000.0,1.0,556341150.0,556341150.0,,7.791,77545900000.0,548700000.0,208700000.0,0.0,139.386,
71,L,MRQ,2003-09-30,2003-09-30,2003-09-30,2021-09-07,0.0,77793600000.0,,,,,18.843,22000000.0,233400000.0,233400000.0,5368900000.0,-1382900000.0,,6.258,6955800000.0,,,6955800000.0,5237200000.0,0.0,0.0,0.015,0.05,-2245200000.0,-2245200000.0,-0.57,-2245200000.0,-2245200000.0,-2326100000.0,-2.533,,-2.533,10483300000.0,,10483300000.0,14765097409.0,-13.0,-18.579,1753300000.0,3.151,1.0,-1428900000.0,-0.363,442900000.0,80900000.0,84073100000.0,,0.0,42716900000.0,,,65600100000.0,,,7486497409.0,45700000.0,-500000.0,0.0,-3700000.0,-45900000.0,-64000000.0,-1621600000.0,-1643100000.0,1731300000.0,0.0,-1409700000.0,-1409700000.0,-1409700000.0,-55800000.0,26800000.0,-0.358,1040800000.0,-2469700000.0,4720000000.0,-0.02,0.714,-9.139,-9.136,3862300000.0,0.0,13.457,0.465,0.465,19892000000.0,,3940000000.0,3940000000.0,0.0,,,,,0.0,1040800000.0,1.0,556341150.0,556341150.0,,7.082,77350700000.0,425600000.0,-916400000.0,0.0,139.035,
72,L,MRQ,2003-06-30,2003-06-30,2003-06-30,2021-09-07,0.0,75700000000.0,,,,,21.988,-109300000.0,187700000.0,187700000.0,3064400000.0,214800000.0,,5.029,7466300000.0,,,7466300000.0,5198300000.0,0.0,0.0,0.013,0.05,353500000.0,353500000.0,0.083,353500000.0,353500000.0,277800000.0,0.34,,0.34,12232400000.0,,12232400000.0,14788414348.0,9.0,7.871,651400000.0,1.171,1.0,1175100000.0,0.277,446700000.0,75700000.0,82531900000.0,,0.0,43016100000.0,,,61511400000.0,,,8769514348.0,-25800000.0,-802800000.0,0.0,292100000.0,-45900000.0,231700000.0,-1018200000.0,-106100000.0,760700000.0,0.0,189800000.0,189800000.0,189800000.0,100000.0,25000000.0,0.045,796800000.0,378300000.0,4958200000.0,0.147,0.717,11.169,11.18,3896200000.0,0.0,15.763,0.541,0.541,17740600000.0,,4239500000.0,4239500000.0,0.0,,,,,0.0,796800000.0,1.0,556323600.0,556323600.0,,7.621,75253300000.0,139300000.0,88000000.0,0.0,135.269,
73,L,MRQ,2003-03-31,2003-03-31,2003-03-31,2021-09-07,,,,,,,,-177000000.0,,,2809200000.0,190000000.0,,,,,,,,0.0,,0.015,0.05,328200000.0,328200000.0,0.083,328200000.0,328200000.0,254500000.0,0.29,,0.29,,,,13406877408.0,9.0,7.118,-363100000.0,-0.653,1.0,1136600000.0,0.288,,73700000.0,,,,,,,,,,7387977408.0,28100000.0,0.0,200000.0,-129300000.0,-45700000.0,-189900000.0,404100000.0,581100000.0,-186100000.0,0.0,161400000.0,161400000.0,161400000.0,300000.0,28600000.0,0.041,780500000.0,356100000.0,,0.172,,9.814,9.837,,0.0,13.28,0.444,0.444,,,3945800000.0,3945800000.0,0.0,,,,,0.0,780500000.0,1.0,556323600.0,556323600.0,,7.093,,,93100000.0,,,
74,L,MRQ,2002-12-31,2002-12-31,2002-12-31,2021-09-07,538300000.0,70515600000.0,,,,,20.195,-262600000.0,183900000.0,183900000.0,2766000000.0,276200000.0,,5.108,6204300000.0,,,6204300000.0,4820000000.0,312200000.0,0.0,0.013,0.05,456600000.0,768800000.0,0.194,768800000.0,456600000.0,378800000.0,0.43,,0.43,11235200000.0,,11235200000.0,15062515752.0,9.0,7.544,126300000.0,0.227,1.0,1201500000.0,0.303,177800000.0,77800000.0,76358200000.0,,0.0,40136700000.0,,,57385100000.0,,,8244715752.0,-124400000.0,-177600000.0,1069600000.0,-267500000.0,-45600000.0,-342700000.0,-170600000.0,-61487300000.0,388900000.0,0.0,239300000.0,239300000.0,239300000.0,-1800000.0,36900000.0,0.06,685100000.0,516400000.0,3562400000.0,0.116,0.734,10.487,10.608,3125200000.0,0.0,14.82,0.472,0.472,16598000000.0,9404600000.0,3967500000.0,3967500000.0,0.0,,,,,0.0,721900000.0,1.0,556323600.0,556323600.0,,7.132,70337800000.0,626100000.0,139500000.0,0.0,126.433,
75,L,MRQ,2002-09-30,2002-09-30,2002-09-30,2021-09-07,0.0,75509300000.0,,,,,19.894,-126600000.0,308800000.0,308800000.0,2851000000.0,239100000.0,,5.628,7126600000.0,,,7126600000.0,5002300000.0,0.0,0.0,0.014,0.05,428300000.0,428300000.0,0.105,428300000.0,428300000.0,351200000.0,0.35,,0.35,11107000000.0,,11107000000.0,16862374826.0,10.0,8.205,479700000.0,0.859,1.0,1220300000.0,0.3,202300000.0,77100000.0,82124800000.0,,0.0,42690100000.0,,,62511000000.0,,,7981974826.0,126700000.0,0.0,-42000000.0,-19900000.0,-45800000.0,-142000000.0,-337600000.0,61545900000.0,606300000.0,0.0,194700000.0,194700000.0,194700000.0,-400000.0,44400000.0,0.048,731100000.0,489200000.0,4765000000.0,0.143,0.719,10.271,10.567,3042800000.0,0.0,14.297,0.431,0.431,18416700000.0,,4071300000.0,4071300000.0,0.0,,,,,0.0,731100000.0,1.0,558310200.0,558310200.0,,7.292,75307000000.0,595000000.0,156500000.0,0.0,134.884,
76,L,MRQ,2002-06-30,2002-06-30,2002-06-30,2021-09-07,0.0,77583700000.0,,,,,18.966,-87100000.0,182100000.0,182100000.0,3444100000.0,198800000.0,,6.039,9062500000.0,,,9062500000.0,4914100000.0,0.0,0.0,0.011,0.05,358200000.0,358200000.0,0.077,358200000.0,358200000.0,280000000.0,0.28,,0.28,10755300000.0,,10755300000.0,16983232175.0,11.0,8.563,840700000.0,1.482,1.0,1207400000.0,0.26,262800000.0,78200000.0,86201300000.0,,0.0,44040900000.0,,,64953300000.0,,,10016832175.0,52900000.0,0.0,-204600000.0,-300000.0,-46300000.0,-275600000.0,-599300000.0,-512200000.0,927800000.0,0.0,157400000.0,157400000.0,157400000.0,0.0,41400000.0,0.034,793500000.0,413900000.0,4635400000.0,0.179,0.931,13.39,13.724,2999800000.0,0.0,17.663,0.525,0.525,19113500000.0,,4651500000.0,4651500000.0,0.0,,,,,0.0,793500000.0,1.0,567097500.0,567097500.0,,8.202,77320900000.0,724000000.0,122600000.0,0.0,136.345,
77,L,MRQ,2002-03-31,2002-03-31,2002-03-31,2021-09-07,0.0,76163400000.0,,,,,18.447,-9900000.0,129200000.0,129200000.0,3357900000.0,252900000.0,,6.016,7095600000.0,,,7095600000.0,4960300000.0,0.0,0.0,0.013,0.05,482900000.0,482900000.0,0.101,482900000.0,482900000.0,406400000.0,0.41,,0.41,10577700000.0,,10577700000.0,18538135164.0,-22.0,-39.807,-144700000.0,-0.252,1.0,1428500000.0,0.298,307200000.0,76500000.0,82822600000.0,,0.0,41248500000.0,,,63633800000.0,,,11196735164.0,-52100000.0,0.0,-104100000.0,-200000.0,-28700000.0,907700000.0,-825000000.0,-815100000.0,-134800000.0,0.0,234900000.0,234900000.0,234900000.0,31000000.0,18000000.0,0.049,868600000.0,559900000.0,5142900000.0,0.122,1.059,-13.58,-14.078,3004100000.0,0.0,19.527,0.602,0.602,19948000000.0,,4786400000.0,4786400000.0,0.0,,,,,0.0,868600000.0,1.0,573407400.0,573407400.0,,8.347,75856200000.0,759500000.0,171500000.0,0.0,132.29,
78,L,MRQ,2001-12-31,2001-12-31,2001-12-31,2021-09-07,194700000.0,75006600000.0,,,,,16.414,-164100000.0,181300000.0,181300000.0,3538100000.0,190100000.0,,6.748,7522700000.0,,,7522700000.0,4505300000.0,371900000.0,0.0,0.013,0.05,413800000.0,785700000.0,0.157,785700000.0,413800000.0,337900000.0,0.313,,0.313,9429300000.0,,9429300000.0,17319698954.0,-40.0,-281.164,-66200000.0,-0.115,1.0,1453600000.0,0.291,318600000.0,75900000.0,82029400000.0,,0.0,41159100000.0,,,63628400000.0,,,10604898954.0,22900000.0,0.0,-2200000.0,473000000.0,-28700000.0,411300000.0,-486300000.0,-322200000.0,97900000.0,0.0,190100000.0,190100000.0,190100000.0,-7200000.0,0.0,0.038,1028500000.0,425100000.0,4088500000.0,0.16,1.125,-18.063,-18.405,3075300000.0,0.0,18.46,0.566,0.566,19452800000.0,8994900000.0,4991700000.0,4991700000.0,0.0,,,,,0.0,839600000.0,1.0,574479900.0,574479900.0,,8.689,74688000000.0,738600000.0,147800000.0,0.0,130.01,
79,L,MRQ,2001-09-30,2001-09-30,2001-09-30,2021-09-07,0.0,75597400000.0,,,,,16.564,-102700000.0,158500000.0,158500000.0,3455400000.0,165700000.0,,6.577,6873300000.0,,,6873300000.0,4766500000.0,0.0,0.0,0.015,0.05,356500000.0,356500000.0,0.076,356500000.0,356500000.0,279400000.0,0.283,,0.283,9710000000.0,,9710000000.0,17186026788.0,1283.0,46.449,538500000.0,0.919,1.0,1212000000.0,0.26,360200000.0,77100000.0,81952000000.0,,0.0,41404400000.0,,,63866500000.0,,,9108926788.0,-6900000.0,0.0,-280000000.0,-397900000.0,-29600000.0,-703600000.0,55500000.0,158200000.0,641200000.0,0.0,165700000.0,165700000.0,165700000.0,-4600000.0,0.0,0.036,848800000.0,363200000.0,4529400000.0,0.177,0.938,-30.122,-30.248,3034200000.0,0.0,15.427,0.487,0.484,19018500000.0,,4667400000.0,4667400000.0,0.0,,,,,0.0,848800000.0,1.0,590466300.0,586200000.0,,7.962,75237200000.0,839900000.0,113700000.0,0.0,128.347,
80,L,MRQ,2001-06-30,2001-06-30,2001-06-30,2021-09-07,0.0,74386700000.0,,,,,16.365,-116000000.0,165400000.0,165400000.0,5316400000.0,-1415200000.0,,6.48,8242500000.0,,,8242500000.0,4756400000.0,0.0,0.0,0.01,0.1,-2090800000.0,-2090800000.0,-0.505,-2090800000.0,-2090800000.0,-2183500000.0,-2.393,,-2.393,9681400000.0,,9681400000.0,21450666757.0,27.0,18.411,-236700000.0,-0.4,1.0,-1176200000.0,-0.284,349800000.0,92700000.0,82114000000.0,,0.0,41586800000.0,,,62733100000.0,,,12708166757.0,-16500000.0,0.0,400000.0,-59200000.0,-29600000.0,-117400000.0,221600000.0,337600000.0,-120700000.0,0.0,-1415200000.0,-1415200000.0,-1415200000.0,-1900000.0,0.0,-0.342,1119000000.0,-2295200000.0,1678900000.0,-0.042,1.313,60.086,60.159,3009700000.0,0.0,21.477,0.642,0.642,17422200000.0,,4140200000.0,4140200000.0,0.0,,,,,0.0,1062900000.0,1.0,591719700.0,591600000.0,,6.998,74036900000.0,850000000.0,-768300000.0,0.0,125.147,
81,L,MRQ,2001-03-31,2001-03-31,2001-03-31,2021-09-07,0.0,73523900000.0,,,,,19.935,158700000.0,181900000.0,181900000.0,3056700000.0,472300000.0,,5.04,8924400000.0,,,8924400000.0,0.0,0.0,0.0,0.008,0.042,887000000.0,887000000.0,0.18,887000000.0,887000000.0,800700000.0,0.8,,0.8,11793400000.0,,11793400000.0,18871115521.0,5.0,4.544,79300000.0,0.134,1.0,1872200000.0,0.38,359800000.0,86300000.0,81906600000.0,,0.0,42381500000.0,,,59438400000.0,,,11717915521.0,-13300000.0,0.0,0.0,-154000000.0,-24600000.0,-207100000.0,273200000.0,114500000.0,-79400000.0,0.0,472300000.0,472300000.0,472300000.0,-200000.0,0.0,0.096,862400000.0,1009800000.0,1511300000.0,0.052,0.994,5.483,5.481,3017900000.0,0.0,19.803,0.559,0.559,16212100000.0,,4928900000.0,4928900000.0,0.0,,,,,0.0,862400000.0,1.0,591714300.0,591600000.0,,8.331,73164100000.0,351100000.0,328400000.0,0.0,123.672,
82,L,MRQ,2000-12-31,2000-12-31,2000-12-31,2021-09-07,756700000.0,71841500000.0,,,,,18.914,-118500000.0,195200000.0,195200000.0,3625300000.0,474800000.0,,5.222,8285500000.0,,,8285500000.0,4820600000.0,356600000.0,0.0,0.01,0.042,860700000.0,1217300000.0,0.246,1217300000.0,860700000.0,770300000.0,0.8,,0.8,11191100000.0,,11191100000.0,17864710400.0,5.0,4.892,-804800000.0,-1.36,1.0,1331800000.0,0.269,378700000.0,90400000.0,79553100000.0,,0.0,41332700000.0,,,58442500000.0,,,10216410400.0,-21100000.0,0.0,0.0,-2100000.0,-24700000.0,-145900000.0,811100000.0,929600000.0,-686300000.0,0.0,474800000.0,474800000.0,474800000.0,-4500000.0,0.0,0.096,436500000.0,895300000.0,2352600000.0,0.052,0.913,5.527,5.57,3206300000.0,0.0,17.267,0.494,0.494,15301600000.0,10191600000.0,4957100000.0,4957100000.0,0.0,,,,,0.0,436500000.0,1.0,591684000.0,591684000.0,,8.378,71462800000.0,404000000.0,295500000.0,0.0,120.779,
83,L,MRQ,2000-09-30,2000-09-30,2000-09-30,2021-09-07,0.0,73452800000.0,,,,,17.883,-130200000.0,216300000.0,216300000.0,3503100000.0,679600000.0,,5.731,7864600000.0,,,7864600000.0,0.0,0.0,0.0,0.012,0.042,1151600000.0,1151600000.0,0.2,1151600000.0,1151600000.0,1058700000.0,1.15,,1.15,10579400000.0,,10579400000.0,15958835320.0,7.0,6.209,358900000.0,0.607,1.0,2254200000.0,0.392,397000000.0,92900000.0,80704100000.0,,0.0,42194400000.0,,,60634800000.0,,,8222435320.0,-20000000.0,0.0,0.0,-1800000.0,-24600000.0,-77000000.0,-432100000.0,-301900000.0,489100000.0,0.0,679600000.0,679600000.0,679600000.0,0.0,0.0,0.118,1017600000.0,1236600000.0,2571400000.0,0.037,0.777,7.052,6.941,3199800000.0,0.0,13.897,0.4,0.4,15404400000.0,,5757300000.0,5757300000.0,0.0,,,,,0.0,1017600000.0,1.0,591684000.0,591600000.0,,9.732,73055800000.0,743200000.0,379100000.0,0.0,123.489,
84,L,MRQ,2000-06-30,2000-06-30,2000-06-30,2021-09-07,0.0,71225200000.0,,,,,16.835,-80300000.0,236300000.0,236300000.0,3479400000.0,510600000.0,,5.931,7972700000.0,,,7972700000.0,0.0,0.0,0.0,0.017,0.042,896700000.0,896700000.0,0.169,896700000.0,896700000.0,811500000.0,0.863,,0.863,9964400000.0,,9964400000.0,14522691500.0,9.0,7.462,-195700000.0,-0.331,1.0,1834600000.0,0.345,405200000.0,85200000.0,78556400000.0,,0.0,40177700000.0,,,59097600000.0,,,5916991500.0,14300000.0,0.0,-17000000.0,297100000.0,-24700000.0,143800000.0,-14100000.0,66200000.0,-115400000.0,0.0,510600000.0,510600000.0,510600000.0,0.0,0.0,0.096,885300000.0,949300000.0,1340000000.0,0.049,0.594,7.809,7.862,3156200000.0,0.0,10.0,0.291,0.291,15273700000.0,,5314000000.0,5314000000.0,0.0,,,,,0.0,885300000.0,1.0,591699150.0,591900000.0,,8.978,70820000000.0,866600000.0,300900000.0,0.0,119.649,
85,L,MRQ,2000-03-31,2000-03-31,2000-03-31,2021-09-07,0.0,72427800000.0,,,,,16.161,-302100000.0,222000000.0,222000000.0,3282200000.0,183600000.0,,6.122,8827700000.0,,,8827700000.0,0.0,0.0,0.0,0.02,0.042,386200000.0,386200000.0,0.083,386200000.0,386200000.0,297800000.0,0.3,,0.3,9851500000.0,,9851500000.0,12139135000.0,11.0,7.852,-428300000.0,-0.703,1.0,1373500000.0,0.295,414200000.0,88400000.0,80619300000.0,,0.0,41627100000.0,,,60306900000.0,,,4969435000.0,38100000.0,0.0,-288700000.0,17100000.0,-25700000.0,-460400000.0,624700000.0,926800000.0,-126200000.0,0.0,183600000.0,183600000.0,183600000.0,0.0,0.0,0.039,946700000.0,426800000.0,1216900000.0,0.14,0.504,9.911,10.456,3150000000.0,0.0,8.333,0.241,0.246,14849700000.0,,4655700000.0,4655700000.0,0.0,,,,,0.0,946700000.0,1.0,596332200.0,609600000.0,,7.637,72013600000.0,770300000.0,114200000.0,0.0,118.133,
86,L,MRQ,1999-12-31,1999-12-31,1999-12-31,2021-09-07,1016600000.0,69463700000.0,,,,,15.681,-116900000.0,183900000.0,183900000.0,5955400000.0,-207800000.0,,5.726,7353600000.0,,,7353600000.0,5103100000.0,395300000.0,0.0,0.017,0.042,-259600000.0,135700000.0,0.028,135700000.0,-259600000.0,-327200000.0,-0.312,,-0.312,9977700000.0,,9977700000.0,14644892707.0,14.0,10.326,-3089900000.0,-4.856,1.0,-1118700000.0,-0.231,409500000.0,67600000.0,76223900000.0,,0.0,40633000000.0,,,57135700000.0,,,6436192707.0,-179000000.0,0.0,-166200000.0,15300000.0,-26600000.0,-207700000.0,3001700000.0,3118600000.0,-2973000000.0,0.0,-207800000.0,-207800000.0,-207800000.0,0.0,0.0,-0.043,-829600000.0,-289100000.0,516600000.0,-0.135,0.645,17.721,18.16,2952700000.0,0.0,10.115,0.3,0.3,13540900000.0,8705900000.0,4836700000.0,4836700000.0,0.0,,,,,0.0,-912600000.0,1.0,636301800.0,636301800.0,,7.601,69054200000.0,773900000.0,-119400000.0,0.0,108.524,
87,L,MRQ,1999-09-30,1999-09-30,1999-09-30,2021-09-07,0.0,72611100000.0,,,,,15.343,-152200000.0,362900000.0,362900000.0,3335300000.0,271300000.0,,6.085,8571600000.0,,,8571600000.0,0.0,0.0,0.0,0.014,0.042,527600000.0,527600000.0,0.096,527600000.0,527600000.0,436500000.0,0.42,,0.42,9905500000.0,,9905500000.0,15981394452.0,18.0,12.17,-442400000.0,-0.685,1.0,2178500000.0,0.395,457500000.0,91100000.0,80362300000.0,,0.0,44526800000.0,,,60276100000.0,,,7550394452.0,68000000.0,0.0,-126800000.0,-145000000.0,-27000000.0,-323700000.0,681900000.0,834100000.0,-290200000.0,0.0,271300000.0,271300000.0,271300000.0,0.0,0.0,0.049,1619600000.0,558900000.0,1249500000.0,0.1,0.762,29.586,27.721,3084500000.0,0.0,11.698,0.349,0.349,13147500000.0,,5513800000.0,5513800000.0,0.0,,,,,0.0,1619600000.0,1.0,645424800.0,645600000.0,,8.541,72153600000.0,1102400000.0,165200000.0,0.0,111.762,
88,L,MRQ,1999-06-30,1999-06-30,1999-06-30,2021-09-07,0.0,73749800000.0,,,,,15.762,-129800000.0,294900000.0,294900000.0,3502400000.0,254300000.0,,5.896,8725900000.0,,,8725900000.0,0.0,0.0,0.0,0.013,0.042,496400000.0,496400000.0,0.088,496400000.0,496400000.0,414500000.0,0.388,,0.388,10327000000.0,,10327000000.0,15529341024.0,11.0,8.274,666400000.0,1.017,1.0,2109500000.0,0.376,462600000.0,81900000.0,81718200000.0,,0.0,45889600000.0,,,60892200000.0,,,8644541024.0,-106000000.0,0.0,-125000000.0,-98900000.0,-27300000.0,-280500000.0,-621700000.0,-491900000.0,796200000.0,0.0,254300000.0,254300000.0,254300000.0,0.0,0.0,0.045,1555300000.0,554200000.0,1776400000.0,0.108,0.837,14.384,14.686,2991800000.0,0.0,13.188,0.391,0.391,13354500000.0,,5611900000.0,5611900000.0,0.0,,,,,0.0,1555300000.0,1.0,655468800.0,655200000.0,,8.565,73287200000.0,808500000.0,160200000.0,0.0,111.855,
89,L,MRQ,1999-03-31,1999-03-31,1999-03-31,2021-09-07,0.0,73300000000.0,,,,,15.84,-209900000.0,400900000.0,400900000.0,3359200000.0,45400000.0,,5.653,7285700000.0,,,7285700000.0,0.0,0.0,0.0,0.013,0.042,258600000.0,258600000.0,0.047,258600000.0,258600000.0,144900000.0,0.068,,0.068,10625800000.0,,10625800000.0,14561208388.0,10.0,7.681,299800000.0,0.447,1.0,2121100000.0,0.387,482100000.0,113700000.0,79702700000.0,,0.0,44744600000.0,,,60067300000.0,,,8302408388.0,113500000.0,0.0,-183600000.0,-24400000.0,-28000000.0,-262700000.0,-133500000.0,76400000.0,509700000.0,0.0,45400000.0,45400000.0,45400000.0,0.0,0.0,0.008,1646600000.0,474500000.0,1442800000.0,0.618,0.781,13.979,14.33,2942400000.0,0.0,12.438,0.378,0.38,14734000000.0,,5480300000.0,5480300000.0,0.0,,,,,0.0,1646600000.0,1.0,667485600.0,670800000.0,,8.17,72817900000.0,682200000.0,99500000.0,0.0,108.554,
90,L,MRQ,1998-12-31,1998-12-31,1998-12-31,2021-09-07,892800000.0,70979400000.0,,,,,14.955,-298800000.0,287400000.0,287400000.0,3278300000.0,-315800000.0,,5.715,6546200000.0,,,6546200000.0,5039400000.0,437000000.0,0.0,0.01,0.042,-406400000.0,30600000.0,0.006,30600000.0,-406400000.0,-493300000.0,-0.455,,-0.455,10201200000.0,,10201200000.0,16748321100.0,14.0,10.303,-237400000.0,-0.348,1.0,1762200000.0,0.35,489400000.0,86900000.0,76748800000.0,,0.0,42705200000.0,,,58300900000.0,,,11170121100.0,106400000.0,0.0,-107900000.0,266100000.0,-28400000.0,79500000.0,-34500000.0,264300000.0,61400000.0,0.0,-315800000.0,-315800000.0,-315800000.0,0.0,0.0,-0.063,2153100000.0,-390900000.0,1160800000.0,-0.092,1.095,24.032,24.188,2848300000.0,0.0,16.375,0.525,0.525,13087400000.0,9033500000.0,5040500000.0,5040500000.0,0.0,,,,,0.0,1792400000.0,1.0,682144800.0,682144800.0,,7.389,70490000000.0,872600000.0,-177500000.0,0.0,103.336,
91,L,MRQ,1998-09-30,1998-09-30,1998-09-30,2021-09-07,0.0,70999400000.0,,,,,15.273,-133400000.0,181000000.0,181000000.0,3079600000.0,617100000.0,,5.517,5759200000.0,,,5759200000.0,0.0,0.0,0.0,0.012,0.042,1091300000.0,1091300000.0,0.182,1091300000.0,1091300000.0,1002000000.0,0.897,,0.897,10511100000.0,,10511100000.0,15492047932.0,7.0,6.251,381600000.0,0.554,1.0,2912700000.0,0.486,720200000.0,89300000.0,75857400000.0,,0.0,42155500000.0,,,57985400000.0,,,9679347932.0,-5300000.0,0.0,-110100000.0,4000000.0,-28700000.0,-300700000.0,-219600000.0,-86200000.0,515000000.0,0.0,617100000.0,617100000.0,617100000.0,0.0,0.0,0.103,1758700000.0,1154000000.0,1821600000.0,0.047,0.921,9.017,9.027,2669800000.0,0.0,14.063,0.446,0.446,14960300000.0,,5992300000.0,5992300000.0,0.0,,,,,0.0,1727900000.0,1.0,688268400.0,688200000.0,,8.707,70279200000.0,661900000.0,384900000.0,0.0,102.12,
92,L,MRQ,1998-06-30,1998-06-30,1998-06-30,2021-09-07,0.0,71345700000.0,,,,,14.207,-112300000.0,186300000.0,186300000.0,3243900000.0,247200000.0,,6.018,5999000000.0,,,5999000000.0,0.0,0.0,0.0,0.012,0.042,515200000.0,515200000.0,0.095,515200000.0,515200000.0,416000000.0,0.358,,0.358,9803000000.0,,9803000000.0,16016350000.0,11.0,8.862,-490100000.0,-0.71,1.0,2184800000.0,0.402,756700000.0,99200000.0,76401700000.0,,0.0,41426900000.0,,,58989600000.0,,,10019950000.0,-112500000.0,0.0,0.0,-54300000.0,-28700000.0,-98000000.0,363300000.0,475600000.0,-377800000.0,0.0,247200000.0,247200000.0,247200000.0,0.0,0.0,0.046,1567700000.0,617100000.0,2151400000.0,0.117,1.022,15.321,15.318,2620000000.0,0.0,14.522,0.481,0.481,15686500000.0,,5428700000.0,5428700000.0,0.0,,,,,0.0,1522600000.0,1.0,690000000.0,690000000.0,,7.868,70589000000.0,882600000.0,168800000.0,0.0,102.303,
93,L,MRQ,1998-03-31,1998-03-31,1998-03-31,2021-09-07,0.0,70444800000.0,,,,,13.811,-99500000.0,298800000.0,298800000.0,3082500000.0,-83700000.0,,6.135,6295200000.0,,,6295200000.0,0.0,0.0,0.0,0.01,0.042,-11600000.0,-11600000.0,-0.002,-11600000.0,-11600000.0,-105400000.0,-0.122,,-0.122,9529400000.0,,9529400000.0,17396250000.0,15.0,11.583,-391400000.0,-0.567,1.0,1742700000.0,0.361,754000000.0,93800000.0,75687200000.0,,0.0,42044200000.0,,,58458300000.0,,,11988750000.0,-199000000.0,0.0,0.0,-3900000.0,-28800000.0,-47600000.0,140500000.0,240000000.0,-291900000.0,0.0,-83700000.0,-83700000.0,-83700000.0,0.0,0.0,-0.017,1676300000.0,66400000.0,1806200000.0,-0.344,1.258,25.475,25.477,2591400000.0,0.0,17.375,0.595,0.595,13913700000.0,,4825200000.0,4825200000.0,0.0,,,,,0.0,1533900000.0,1.0,690000000.0,690000000.0,,6.993,69690800000.0,995600000.0,-21700000.0,0.0,101.001,
94,L,MRQ,1997-12-31,1997-12-31,1997-12-31,2021-09-07,488900000.0,69983100000.0,,,,,14.007,-169300000.0,497800000.0,497800000.0,3043100000.0,292900000.0,,5.986,5905300000.0,,,5905300000.0,4699900000.0,341700000.0,0.0,0.009,0.042,541800000.0,883500000.0,0.162,883500000.0,541800000.0,457800000.0,0.425,,0.425,9665100000.0,,9665100000.0,18695400000.0,12.0,9.568,325100000.0,0.471,1.0,2423900000.0,0.443,751400000.0,84000000.0,74639200000.0,,0.0,41619100000.0,,,57853600000.0,,,12201500000.0,88600000.0,0.0,0.0,24800000.0,-28700000.0,-26500000.0,-379300000.0,-210000000.0,494400000.0,0.0,292900000.0,292900000.0,292900000.0,0.0,0.0,0.054,1790900000.0,633000000.0,1559200000.0,0.099,1.262,15.375,15.377,2590200000.0,0.0,17.683,0.602,0.602,13754900000.0,8895400000.0,5467000000.0,5467000000.0,0.0,,,,,0.0,1592100000.0,1.0,690000000.0,690000000.0,,7.923,69231700000.0,944300000.0,164900000.0,0.0,100.336,
95,L,MRQ,1997-09-30,1997-09-30,1997-09-30,2021-09-07,0.0,70521700000.0,,,,,13.481,-133300000.0,409200000.0,409200000.0,3126500000.0,197600000.0,,6.338,6903100000.0,,,6903100000.0,0.0,0.0,0.0,0.009,0.042,420200000.0,420200000.0,0.082,420200000.0,420200000.0,331900000.0,0.287,,0.287,9301600000.0,,9301600000.0,18625300000.0,12.0,10.163,149300000.0,0.216,1.0,1984900000.0,0.388,708500000.0,88300000.0,76307100000.0,,0.0,42098300000.0,,,58954100000.0,,,12995000000.0,-69000000.0,0.0,0.0,1236600000.0,-28800000.0,1203300000.0,-1554900000.0,-1421600000.0,282600000.0,0.0,197600000.0,197600000.0,197600000.0,0.0,0.0,0.039,1480600000.0,504300000.0,3870800000.0,0.146,1.397,17.361,17.358,2492900000.0,0.0,18.833,0.652,0.652,13831500000.0,,5111400000.0,5111400000.0,0.0,,,,,0.0,1480600000.0,1.0,690000000.0,690000000.0,,7.408,69813200000.0,928200000.0,134300000.0,0.0,101.179,
96,L,MRQ,1997-06-30,1997-06-30,1997-06-30,2021-09-07,0.0,69489400000.0,,,,,12.852,-269500000.0,478200000.0,478200000.0,3121000000.0,63800000.0,,6.605,6108500000.0,,,6108500000.0,0.0,0.0,0.0,0.01,0.042,209800000.0,209800000.0,0.044,209800000.0,209800000.0,133500000.0,0.092,,0.092,8867800000.0,,8867800000.0,17840200000.0,10.0,8.596,-299000000.0,-0.433,1.0,1628100000.0,0.343,548600000.0,76300000.0,74571100000.0,,0.0,40672100000.0,,,58572000000.0,,,11511500000.0,20100000.0,0.0,0.0,-1900000.0,-28800000.0,-34100000.0,83700000.0,353200000.0,-29500000.0,0.0,63800000.0,63800000.0,63800000.0,0.0,0.0,0.013,1346700000.0,281400000.0,3741500000.0,0.457,1.298,12.253,12.267,2437200000.0,0.0,16.683,0.574,0.574,14198600000.0,,4749100000.0,4749100000.0,0.0,,,,,0.0,1346700000.0,1.0,690000000.0,690000000.0,,6.883,68940800000.0,1092100000.0,69700000.0,0.0,99.914,
97,L,MRQ,1997-03-31,1997-03-31,1997-03-31,2021-09-07,0.0,69667200000.0,,,,,12.486,-130300000.0,458100000.0,458100000.0,3129600000.0,239300000.0,,6.871,6786800000.0,,,6786800000.0,0.0,0.0,0.0,0.011,0.042,440500000.0,440500000.0,0.089,440500000.0,440500000.0,365700000.0,0.347,,0.347,8615100000.0,,8615100000.0,14834500000.0,7.0,5.839,-634000000.0,-0.919,1.0,1809500000.0,0.366,554800000.0,74800000.0,75441100000.0,,0.0,41110900000.0,,,59194900000.0,,,10221200000.0,152400000.0,0.0,0.0,120100000.0,-28700000.0,87600000.0,568500000.0,698800000.0,-503700000.0,0.0,239300000.0,239300000.0,239300000.0,0.0,0.0,0.048,1311600000.0,497900000.0,3750900000.0,0.121,1.186,8.148,8.184,2284100000.0,0.0,14.813,0.503,0.503,14120600000.0,,4939100000.0,4939100000.0,0.0,,,,,0.0,1311600000.0,1.0,690000000.0,690000000.0,,7.158,69112400000.0,1225000000.0,126400000.0,0.0,100.163,
98,L,MRQ,1996-12-31,1996-12-31,1996-12-31,2021-09-07,233600000.0,67402900000.0,,,,,12.654,-194300000.0,305700000.0,305700000.0,3219100000.0,247800000.0,,6.504,4919000000.0,,,4919000000.0,4658700000.0,285000000.0,0.0,0.011,0.042,477200000.0,762200000.0,0.148,762200000.0,477200000.0,399500000.0,0.36,,0.36,8731200000.0,,8731200000.0,,,,485400000.0,0.703,1.0,1917900000.0,0.373,562400000.0,77700000.0,71453800000.0,,0.0,39917400000.0,,,56790800000.0,,,10838750000.0,-1200000.0,0.0,0.0,310200000.0,-28800000.0,267600000.0,-948500000.0,-754200000.0,679700000.0,0.0,247800000.0,247800000.0,247800000.0,0.0,0.0,0.048,1379300000.0,538600000.0,966400000.0,0.117,1.241,7.832,7.914,2225100000.0,0.0,15.708,0.53,0.53,13427100000.0,8216800000.0,5137000000.0,5137000000.0,0.0,,,,,0.0,1379300000.0,1.0,690000000.0,690000000.0,,7.445,66840500000.0,1138000000.0,151700000.0,0.0,96.87,
99,L,MRQ,1996-09-30,1996-09-30,1996-09-30,2021-09-07,,,,,,,,-141700000.0,,,3100300000.0,388600000.0,,,,,,,,0.0,,0.011,0.042,662900000.0,662900000.0,0.127,662900000.0,662900000.0,583200000.0,0.562,,0.562,,,,,,,124500000.0,0.18,1.0,2116000000.0,0.406,,79700000.0,,,,,,,,,,,-34300000.0,0.0,-78100000.0,-20200000.0,-28700000.0,-139800000.0,-160700000.0,-19000000.0,266200000.0,0.0,388600000.0,388600000.0,388600000.0,0.0,0.0,0.074,1394300000.0,721700000.0,,0.075,,,,,0.0,12.895,,,,,5216300000.0,5216300000.0,0.0,,,,,0.0,1394300000.0,1.0,,691200000.0,,7.547,,,194600000.0,,,
100,L,MRQ,1996-06-30,1996-06-30,1996-06-30,2021-09-07,,,,,,,,-113600000.0,,,3025700000.0,378700000.0,,,,,,,,0.0,,0.01,0.042,674900000.0,674900000.0,0.134,674900000.0,674900000.0,605100000.0,0.542,,0.542,,,,,,,-281700000.0,-0.403,1.0,2018900000.0,0.4,,69800000.0,,,,,,,,,,,-62100000.0,0.0,-137600000.0,-14600000.0,-29200000.0,-184800000.0,290800000.0,404400000.0,-168100000.0,0.0,378700000.0,378700000.0,378700000.0,0.0,0.0,0.075,1290700000.0,728200000.0,,0.077,,,,,0.0,13.042,,,,,5044600000.0,5044600000.0,0.0,,,,,0.0,1290700000.0,1.0,,699600000.0,,7.211,,,226400000.0,,,
101,L,MRQ,1996-03-31,1996-03-31,1996-03-31,2021-09-07,,,,,,,,-95900000.0,,,3017600000.0,368800000.0,,,,,,,,0.0,,0.008,0.042,678300000.0,678300000.0,0.134,678300000.0,678300000.0,587500000.0,0.522,,0.522,,,,,,,76300000.0,0.108,1.0,2026900000.0,0.402,,90800000.0,,,,,,,,,,,161600000.0,0.0,0.0,-231400000.0,-29500000.0,-266800000.0,256200000.0,352100000.0,172200000.0,0.0,368800000.0,368800000.0,368800000.0,0.0,0.0,0.073,1289600000.0,737300000.0,,0.08,,,,,0.0,12.542,,,,,5044500000.0,5044500000.0,0.0,,,,,0.0,1289600000.0,1.0,,706800000.0,,7.137,,,218700000.0,,,
102,L,MRQ,1995-12-31,1995-12-31,1995-12-31,2021-09-07,793100000.0,65516900000.0,,,,,,,241700000.0,241700000.0,,,,6.79,5022300000.0,,,5022300000.0,4549500000.0,,0.0,0.006,0.021,,,,,,,,,,8238700000.0,,8238700000.0,,,,,,1.0,,,481800000.0,,69815700000.0,,0.0,39630900000.0,,,55938900000.0,,,,,,,,,,,,,,,,,,,,,,2653100000.0,,,,5.232,1437500000.0,,13.063,,,13660100000.0,7157800000.0,,,,,,,,,,1.0,,,,,65035100000.0,1205200000.0,,0.0,,
0,L,MRT,2021-06-30,2021-06-30,2021-06-30,2021-09-07,327000000.0,81608000000.0,80328250000.0,,,0.184,68.819,-453000000.0,578000000.0,578000000.0,8831000000.0,1685000000.0,,3.44,9110000000.0,,,9110000000.0,9901000000.0,734000000.0,0.0,0.005,0.25,2489000000.0,3223000000.0,0.218,3223000000.0,2489000000.0,2016000000.0,5.73,5.71,5.73,18083000000.0,17646250000.0,18083000000.0,22859546048.0,9.0,7.093,1395000000.0,5.309,1.0,5968000000.0,0.403,350000000.0,473000000.0,89790000000.0,88806500000.0,0.0,54374000000.0,,,62210000000.0,,,14382546048.0,-90000000.0,465000000.0,-916000000.0,109000000.0,-67000000.0,-957000000.0,-996000000.0,-1067000000.0,1848000000.0,15000000.0,1551000000.0,1551000000.0,1551000000.0,0.0,134000000.0,0.105,3345000000.0,2623000000.0,654000000.0,0.044,0.795,9.273,9.538,9847000000.0,0.0,54.65,0.972,0.97,9162000000.0,15132000000.0,14799000000.0,14799000000.0,0.0,0.019,0.088,0.028,0.168,0.0,3345000000.0,1.0,263175591.0,262760000.0,263340000.0,56.321,81258000000.0,0.0,465000000.0,1083000000.0,309.248,
1,L,MRT,2021-03-31,2021-03-31,2021-03-31,2021-09-07,34000000.0,80005000000.0,79536000000.0,,,0.165,64.587,-564000000.0,660000000.0,660000000.0,8865000000.0,46000000.0,,3.559,9137000000.0,,,9137000000.0,9438000000.0,734000000.0,0.0,0.005,0.25,476000000.0,1210000000.0,0.092,1210000000.0,476000000.0,-20000000.0,-0.1,-0.11,-0.1,17270000000.0,17426500000.0,17270000000.0,23325147494.0,49.0,19.277,986000000.0,3.687,1.0,4241000000.0,0.324,349000000.0,496000000.0,88133000000.0,88112000000.0,0.0,52359000000.0,,,61468000000.0,,,13694147494.0,-279000000.0,-476000000.0,-745000000.0,588000000.0,-69000000.0,-312000000.0,-1535000000.0,-491000000.0,1550000000.0,18000000.0,-38000000.0,-38000000.0,-38000000.0,0.0,84000000.0,-0.003,3681000000.0,560000000.0,310000000.0,-2.5,0.793,-360.372,-512.8,9921000000.0,0.0,51.28,1.045,1.046,8539000000.0,14394000000.0,13106000000.0,13106000000.0,0.0,0.0,-0.002,0.005,0.036,0.0,3681000000.0,1.0,267046558.0,267390000.0,267760000.0,49.015,79656000000.0,0.0,18000000.0,924000000.0,297.902,
2,L,MRT,2020-12-31,2020-12-31,2020-12-31,2021-09-07,581000000.0,80236000000.0,79348250000.0,,,0.159,63.713,-710000000.0,478000000.0,478000000.0,8739000000.0,-1291000000.0,,3.419,10109000000.0,,,10109000000.0,9142000000.0,734000000.0,0.0,0.006,0.25,-589000000.0,145000000.0,0.012,145000000.0,-589000000.0,-1104000000.0,-3.32,-3.32,-3.32,17860000000.0,17350500000.0,17860000000.0,21896776697.0,-37.0,151.012,1035000000.0,3.692,1.0,3844000000.0,0.305,785000000.0,515000000.0,89082000000.0,88458750000.0,0.0,53844000000.0,,,61055000000.0,,,12374776697.0,142000000.0,-476000000.0,-923000000.0,933000000.0,-70000000.0,-198000000.0,-1414000000.0,-101000000.0,1745000000.0,9000000.0,-931000000.0,-931000000.0,-931000000.0,0.0,-360000000.0,-0.074,4793000000.0,-949000000.0,92000000.0,-0.075,0.693,-13.292,-13.56,10451000000.0,0.0,45.02,0.983,1.003,7833000000.0,14150000000.0,12583000000.0,12583000000.0,0.0,-0.012,-0.054,-0.007,-0.047,0.0,4793000000.0,1.0,274872872.0,280320000.0,280320000.0,44.888,79451000000.0,0.0,-173000000.0,1065000000.0,283.43,
3,L,MRT,2020-09-30,2020-09-30,2020-09-30,2021-09-07,238000000.0,79464000000.0,79850000000.0,,,0.16,62.176,-882000000.0,886000000.0,886000000.0,8710000000.0,-1517000000.0,,3.502,10408000000.0,,,10408000000.0,8971000000.0,943000000.0,0.0,0.007,0.25,-784000000.0,159000000.0,0.012,159000000.0,-784000000.0,-1330000000.0,-3.92,-3.93,-3.92,17372000000.0,17665250000.0,17372000000.0,19082435846.0,-24.0,120.015,879000000.0,3.146,1.0,4040000000.0,0.317,765000000.0,546000000.0,88221000000.0,89356500000.0,0.0,52772000000.0,,,60844000000.0,,,9745435846.0,444000000.0,-433000000.0,-1086000000.0,1282000000.0,-72000000.0,-30000000.0,-1295000000.0,267000000.0,1761000000.0,8000000.0,-1111000000.0,-1111000000.0,-1111000000.0,0.0,-406000000.0,-0.087,5230000000.0,-1190000000.0,466000000.0,-0.064,0.561,-8.772,-8.865,10468000000.0,0.0,34.75,0.764,0.762,7850000000.0,14437000000.0,12750000000.0,12750000000.0,0.0,-0.014,-0.063,-0.009,-0.061,0.0,5230000000.0,1.0,280444197.0,279400000.0,279490000.0,45.634,78699000000.0,0.0,-219000000.0,913000000.0,281.671,
4,L,MRT,2020-06-30,2020-06-30,2020-06-30,2021-09-07,5000000.0,78439000000.0,80608750000.0,,,0.161,61.12,-976000000.0,668000000.0,668000000.0,8678000000.0,-1640000000.0,,3.489,10005000000.0,,,10005000000.0,8848000000.0,943000000.0,0.0,0.007,0.25,-844000000.0,99000000.0,0.008,99000000.0,-844000000.0,-1397000000.0,-4.18,-4.19,-4.18,17204000000.0,18177250000.0,17204000000.0,20679250885.0,-25.0,208.881,731000000.0,2.597,1.0,4282000000.0,0.33,764000000.0,553000000.0,87012000000.0,90493000000.0,0.0,51486000000.0,,,60026000000.0,,,9650250885.0,228000000.0,-469000000.0,-1064000000.0,857000000.0,-74000000.0,-437000000.0,-1040000000.0,583000000.0,1707000000.0,-2000000.0,-1178000000.0,-1178000000.0,-1178000000.0,0.0,-462000000.0,-0.091,5588000000.0,-1306000000.0,985000000.0,-0.06,0.561,-8.192,-8.203,10475000000.0,0.0,34.29,0.745,0.745,8431000000.0,14316000000.0,12960000000.0,12960000000.0,0.0,-0.015,-0.065,-0.009,-0.065,0.0,5588000000.0,1.0,281430472.0,281480000.0,281480000.0,46.042,77675000000.0,0.0,-219000000.0,875000000.0,275.952,
5,L,MRT,2020-03-31,2020-03-31,2020-03-31,2021-09-07,-1093000000.0,79254000000.0,81568250000.0,,,0.175,59.107,-1051000000.0,939000000.0,939000000.0,8362000000.0,-569000000.0,,3.541,11968000000.0,,,11968000000.0,8593000000.0,943000000.0,0.0,0.007,0.25,559000000.0,1502000000.0,0.105,1502000000.0,559000000.0,-35000000.0,-0.4,-0.41,-0.4,16966000000.0,18754750000.0,16966000000.0,21220043206.0,38.0,14.128,938000000.0,3.268,1.0,5911000000.0,0.414,763000000.0,594000000.0,89520000000.0,91893000000.0,0.0,47842000000.0,,,60076000000.0,,,10023043206.0,600000000.0,-117000000.0,-1192000000.0,569000000.0,-75000000.0,-839000000.0,-544000000.0,800000000.0,1989000000.0,-6000000.0,-94000000.0,-94000000.0,-94000000.0,0.0,-475000000.0,-0.007,5827000000.0,84000000.0,249000000.0,-0.625,0.591,-106.628,-87.075,14751000000.0,0.0,34.83,0.702,0.7,8136000000.0,15167000000.0,14273000000.0,14273000000.0,0.0,-0.001,-0.005,0.006,0.039,0.0,5827000000.0,1.0,287770405.0,287040000.0,287040000.0,49.725,78491000000.0,0.0,59000000.0,858000000.0,273.45,
6,L,MRT,2019-12-31,2019-12-31,2019-12-31,2021-09-07,-68000000.0,82243000000.0,81867000000.0,,,0.182,63.162,-1041000000.0,336000000.0,336000000.0,8271000000.0,871000000.0,,3.155,11533000000.0,,,11533000000.0,8362000000.0,943000000.0,0.0,0.005,0.25,1771000000.0,2714000000.0,0.182,2714000000.0,1771000000.0,1180000000.0,3.08,3.07,3.08,19119000000.0,19272500000.0,19119000000.0,26652572900.0,15.0,9.82,700000000.0,2.313,1.0,6660000000.0,0.446,767000000.0,591000000.0,92673000000.0,92210250000.0,0.0,51250000000.0,,,60313000000.0,,,15612572900.0,-69000000.0,-117000000.0,-1051000000.0,120000000.0,-76000000.0,-1144000000.0,-671000000.0,693000000.0,1741000000.0,5000000.0,932000000.0,932000000.0,932000000.0,0.0,-61000000.0,0.062,4950000000.0,1710000000.0,108000000.0,0.081,0.817,16.752,17.042,15568000000.0,0.0,52.49,1.046,1.064,7675000000.0,15823000000.0,14931000000.0,14931000000.0,0.0,0.011,0.048,0.019,0.119,0.0,4950000000.0,1.0,297438996.0,302700000.0,303350000.0,49.326,81476000000.0,0.0,248000000.0,1168000000.0,269.164,
7,L,MRT,2019-09-30,2019-09-30,2019-09-30,2021-09-07,17000000.0,82499000000.0,80885250000.0,,,0.177,64.379,-1007000000.0,442000000.0,442000000.0,8333000000.0,449000000.0,,3.102,11482000000.0,,,11482000000.0,8315000000.0,912000000.0,0.0,0.005,0.25,1305000000.0,2217000000.0,0.155,2217000000.0,1305000000.0,712000000.0,1.82,1.83,1.82,19420000000.0,19122250000.0,19420000000.0,26669524356.0,20.0,12.03,1091000000.0,3.617,1.0,6009000000.0,0.419,772000000.0,593000000.0,92767000000.0,91197500000.0,0.0,51387000000.0,,,60241000000.0,,,15566524356.0,-129000000.0,-140000000.0,-780000000.0,-17000000.0,-77000000.0,-1007000000.0,-1211000000.0,-82000000.0,2098000000.0,-9000000.0,550000000.0,550000000.0,550000000.0,0.0,-101000000.0,0.038,4805000000.0,1204000000.0,242000000.0,0.137,0.802,28.303,28.286,15561000000.0,0.0,51.48,1.085,1.083,7622000000.0,16427000000.0,14342000000.0,14342000000.0,0.0,0.007,0.029,0.014,0.091,0.0,4805000000.0,1.0,302380038.0,301650000.0,302350000.0,47.545,81727000000.0,0.0,162000000.0,1141000000.0,270.933,
8,L,MRT,2019-06-30,2019-06-30,2019-06-30,2021-09-07,3000000.0,82277000000.0,79941750000.0,,,0.179,64.225,-1020000000.0,440000000.0,440000000.0,7980000000.0,699000000.0,,3.069,11543000000.0,,,11543000000.0,8243000000.0,912000000.0,0.0,0.005,0.251,1557000000.0,2469000000.0,0.173,2469000000.0,1557000000.0,962000000.0,2.46,2.47,2.46,19514000000.0,19005250000.0,19514000000.0,27690226031.0,18.0,11.215,1525000000.0,5.019,1.0,6295000000.0,0.441,768000000.0,595000000.0,92612000000.0,90245000000.0,0.0,50740000000.0,,,59883000000.0,,,16668226031.0,-13000000.0,-36000000.0,-705000000.0,34000000.0,-78000000.0,-2392000000.0,-163000000.0,901000000.0,2545000000.0,-3000000.0,756000000.0,756000000.0,756000000.0,0.0,-57000000.0,0.053,4795000000.0,1500000000.0,576000000.0,0.102,0.854,22.048,22.224,15513000000.0,0.0,54.67,1.168,1.164,8144000000.0,16374000000.0,14275000000.0,14275000000.0,0.0,0.009,0.04,0.017,0.109,0.0,4795000000.0,1.0,304887983.0,303840000.0,304540000.0,46.982,81509000000.0,0.0,206000000.0,1227000000.0,268.263,
9,L,MRT,2019-03-31,2019-03-31,2019-03-31,2021-09-07,-390000000.0,80449000000.0,79555500000.0,,,0.179,61.443,-988000000.0,339000000.0,339000000.0,7938000000.0,722000000.0,,3.075,11361000000.0,,,11361000000.0,7894000000.0,912000000.0,0.0,0.005,0.251,1526000000.0,2438000000.0,0.171,2438000000.0,1526000000.0,952000000.0,2.36,2.37,2.36,19037000000.0,18854500000.0,19037000000.0,25891576695.0,17.0,10.62,2802000000.0,9.044,1.0,6304000000.0,0.443,682000000.0,574000000.0,90789000000.0,89865000000.0,0.0,49468000000.0,,,58547000000.0,,,14920576695.0,-112000000.0,76000000.0,-846000000.0,-126000000.0,-79000000.0,-2693000000.0,-1200000000.0,-279000000.0,3790000000.0,-9000000.0,737000000.0,737000000.0,737000000.0,0.0,-15000000.0,0.052,4793000000.0,1511000000.0,307000000.0,0.106,0.784,20.245,20.309,15407000000.0,0.0,47.93,1.048,1.043,8012000000.0,16144000000.0,14242000000.0,14242000000.0,0.0,0.009,0.039,0.017,0.107,0.0,4793000000.0,1.0,311299326.0,309830000.0,310360000.0,45.967,79767000000.0,0.0,215000000.0,1084000000.0,257.454,
10,L,MRT,2018-12-31,2018-12-31,2018-12-31,2021-09-07,-880000000.0,78316000000.0,79639750000.0,,,0.177,58.039,-995000000.0,405000000.0,405000000.0,7830000000.0,706000000.0,,3.074,11376000000.0,,,11376000000.0,7585000000.0,912000000.0,0.0,0.006,0.251,1338000000.0,2250000000.0,0.16,2250000000.0,1338000000.0,764000000.0,1.99,1.99,1.99,18518000000.0,18728250000.0,18518000000.0,25190958342.0,19.0,11.196,3227000000.0,10.114,1.0,6236000000.0,0.443,665000000.0,574000000.0,88622000000.0,89953250000.0,0.0,48186000000.0,,,56930000000.0,,,14301958342.0,-67000000.0,76000000.0,-1026000000.0,-178000000.0,-80000000.0,-2835000000.0,-1444000000.0,-465000000.0,4222000000.0,-10000000.0,636000000.0,636000000.0,636000000.0,0.0,70000000.0,0.045,4828000000.0,1408000000.0,42000000.0,0.126,0.772,22.487,22.874,15511000000.0,0.0,45.52,1.017,1.033,7960000000.0,15773000000.0,14066000000.0,14066000000.0,0.0,0.008,0.034,0.015,0.095,0.0,4828000000.0,1.0,314190649.0,319060000.0,319930000.0,44.086,77651000000.0,0.0,128000000.0,841000000.0,243.374,
11,L,MRT,2018-09-30,2018-09-30,2018-09-30,2021-09-07,-758000000.0,78725000000.0,79957250000.0,,,0.179,59.994,-1027000000.0,571000000.0,571000000.0,7509000000.0,1448000000.0,,2.999,11460000000.0,,,11460000000.0,4289000000.0,874000000.0,0.0,0.005,0.252,1933000000.0,2807000000.0,0.196,2807000000.0,1933000000.0,1361000000.0,3.92,3.92,3.92,18952000000.0,18899750000.0,18952000000.0,26889780983.0,14.0,9.58,3148000000.0,9.965,1.0,6825000000.0,0.476,657000000.0,572000000.0,88957000000.0,90294750000.0,0.0,48695000000.0,,,56839000000.0,,,15871780983.0,155000000.0,107000000.0,-1099000000.0,10000000.0,-81000000.0,-2731000000.0,-1285000000.0,45000000.0,4175000000.0,-4000000.0,1282000000.0,1282000000.0,1282000000.0,0.0,166000000.0,0.089,4726000000.0,2099000000.0,217000000.0,0.064,0.837,12.38,12.814,15467000000.0,0.0,50.23,1.107,1.107,7836000000.0,16790000000.0,14334000000.0,14334000000.0,0.0,0.016,0.068,0.021,0.135,0.0,4726000000.0,1.0,315982102.0,315900000.0,316810000.0,45.375,78068000000.0,0.0,79000000.0,911000000.0,247.129,
12,L,MRT,2018-06-30,2018-06-30,2018-06-30,2021-09-07,-625000000.0,80732000000.0,80157750000.0,,,0.178,59.306,-1035000000.0,453000000.0,453000000.0,7414000000.0,1371000000.0,,3.113,11471000000.0,,,11471000000.0,4410000000.0,874000000.0,0.0,0.005,0.252,1876000000.0,2750000000.0,0.193,2750000000.0,1876000000.0,1227000000.0,3.5,3.5,3.5,18911000000.0,18917000000.0,18911000000.0,26433877071.0,14.0,9.612,2475000000.0,7.762,1.0,6833000000.0,0.48,658000000.0,649000000.0,91092000000.0,90529500000.0,0.0,50469000000.0,,,58874000000.0,,,15416877071.0,96000000.0,6000000.0,-1009000000.0,91000000.0,-82000000.0,-1075000000.0,-2338000000.0,-831000000.0,3510000000.0,-1000000.0,1161000000.0,1161000000.0,1161000000.0,0.0,210000000.0,0.081,4747000000.0,2086000000.0,311000000.0,0.072,0.815,13.279,13.794,15471000000.0,0.0,48.28,1.082,1.081,8217000000.0,16532000000.0,14247000000.0,14247000000.0,0.0,0.014,0.061,0.021,0.132,0.0,4747000000.0,1.0,319322226.0,318870000.0,319780000.0,44.68,80074000000.0,0.0,66000000.0,879000000.0,251.118,
13,L,MRT,2018-03-31,2018-03-31,2018-03-31,2021-09-07,-417000000.0,80786000000.0,79750000000.0,,,0.176,56.538,-1050000000.0,451000000.0,451000000.0,7095000000.0,1401000000.0,,3.072,11468000000.0,,,11468000000.0,4256000000.0,874000000.0,0.0,0.005,0.252,1883000000.0,2757000000.0,0.197,2757000000.0,1883000000.0,1238000000.0,3.47,3.47,3.47,18532000000.0,18893250000.0,18532000000.0,27413480727.0,15.0,9.943,2054000000.0,6.266,1.0,6921000000.0,0.494,661000000.0,645000000.0,91142000000.0,90102250000.0,0.0,51065000000.0,,,56938000000.0,,,16352480727.0,39000000.0,-1141000000.0,-713000000.0,677000000.0,-83000000.0,-202000000.0,-2872000000.0,-209000000.0,3104000000.0,9000000.0,1162000000.0,1162000000.0,1162000000.0,0.0,239000000.0,0.083,4799000000.0,2122000000.0,280000000.0,0.073,0.882,14.073,14.331,15461000000.0,0.0,49.73,1.167,1.163,7893000000.0,16321000000.0,14016000000.0,14016000000.0,0.0,0.015,0.062,0.021,0.134,0.0,4799000000.0,1.0,328825271.0,327780000.0,328720000.0,42.76,80125000000.0,0.0,76000000.0,734000000.0,244.447,
14,L,MRT,2017-12-31,2017-12-31,2017-12-31,2021-09-07,-26000000.0,79586000000.0,78832000000.0,,,0.174,57.051,-1031000000.0,472000000.0,472000000.0,6842000000.0,1412000000.0,,2.865,11533000000.0,,,11533000000.0,5001000000.0,874000000.0,0.0,0.005,0.252,1980000000.0,2854000000.0,0.208,2854000000.0,1980000000.0,1334000000.0,3.46,3.45,3.46,19204000000.0,18882250000.0,19204000000.0,27858656535.0,14.0,9.761,1559000000.0,4.631,1.0,6893000000.0,0.502,659000000.0,646000000.0,89988000000.0,89078250000.0,0.0,52226000000.0,,,55020000000.0,,,16841656535.0,145000000.0,-1139000000.0,-216000000.0,656000000.0,-84000000.0,201000000.0,-2655000000.0,-112000000.0,2590000000.0,9000000.0,1164000000.0,1164000000.0,1164000000.0,0.0,248000000.0,0.085,4665000000.0,2228000000.0,60000000.0,0.073,0.877,14.469,14.46,15427000000.0,0.0,50.03,1.226,1.226,7613000000.0,16096000000.0,13735000000.0,13735000000.0,0.0,0.015,0.062,0.022,0.144,0.0,4665000000.0,1.0,336631152.0,336610000.0,337500000.0,40.804,78927000000.0,0.0,170000000.0,749000000.0,234.476,
15,L,MRT,2017-09-30,2017-09-30,2017-09-30,2021-09-07,32000000.0,79527000000.0,78084000000.0,,,0.173,56.457,-1000000000.0,416000000.0,416000000.0,6295000000.0,1293000000.0,,2.9,11433000000.0,,,11433000000.0,4060000000.0,841000000.0,0.0,0.005,0.252,1899000000.0,2740000000.0,0.203,2740000000.0,1899000000.0,1262000000.0,2.88,2.87,2.88,19021000000.0,18622000000.0,19021000000.0,27038735442.0,14.0,9.868,1347000000.0,3.998,1.0,7223000000.0,0.534,648000000.0,637000000.0,89896000000.0,88256000000.0,0.0,52134000000.0,,,55166000000.0,,,16109735442.0,72000000.0,-1097000000.0,-25000000.0,411000000.0,-84000000.0,149000000.0,-2428000000.0,-229000000.0,2347000000.0,4000000.0,973000000.0,973000000.0,973000000.0,0.0,320000000.0,0.072,5004000000.0,2219000000.0,324000000.0,0.087,0.847,16.557,16.618,15475000000.0,0.0,47.86,1.192,1.193,7792000000.0,15811000000.0,13518000000.0,13518000000.0,0.0,0.012,0.052,0.022,0.14,0.0,5004000000.0,1.0,336601242.0,336910000.0,337790000.0,40.123,78879000000.0,0.0,289000000.0,905000000.0,234.125,
16,L,MRT,2017-06-30,2017-06-30,2017-06-30,2021-09-07,-36000000.0,79101000000.0,77829250000.0,,,0.171,55.849,-1031000000.0,357000000.0,357000000.0,6209000000.0,1474000000.0,,2.923,11286000000.0,,,11286000000.0,4107000000.0,841000000.0,0.0,0.005,0.251,2087000000.0,2928000000.0,0.22,2928000000.0,2087000000.0,1543000000.0,3.39,3.38,3.39,18816000000.0,18434250000.0,18816000000.0,26039025816.0,12.0,8.893,1682000000.0,4.992,1.0,7075000000.0,0.533,647000000.0,544000000.0,89383000000.0,87966750000.0,0.0,51606000000.0,,,54995000000.0,,,15761025816.0,9000000.0,-1097000000.0,-54000000.0,198000000.0,-84000000.0,-78000000.0,-2624000000.0,-466000000.0,2713000000.0,-2000000.0,1143000000.0,1143000000.0,1143000000.0,0.0,331000000.0,0.086,4657000000.0,2418000000.0,478000000.0,0.074,0.838,13.789,13.808,15447000000.0,0.0,46.81,1.186,1.187,7977000000.0,15677000000.0,13284000000.0,13284000000.0,0.0,0.015,0.062,0.024,0.157,0.0,4657000000.0,1.0,336702111.0,336910000.0,337720000.0,39.429,78454000000.0,0.0,400000000.0,852000000.0,232.863,
17,L,MRT,2017-03-31,2017-03-31,2017-03-31,2021-09-07,-149000000.0,77114000000.0,77849750000.0,,,0.17,54.88,-1369000000.0,412000000.0,412000000.0,6459000000.0,908000000.0,,2.887,10690000000.0,,,10690000000.0,3912000000.0,841000000.0,0.0,0.005,0.251,1725000000.0,2566000000.0,0.194,2566000000.0,1725000000.0,1190000000.0,2.51,2.5,2.51,18488000000.0,18216500000.0,18488000000.0,26195300809.0,15.0,10.209,734000000.0,2.179,1.0,6773000000.0,0.512,346000000.0,535000000.0,87046000000.0,88009000000.0,0.0,51022000000.0,,,53380000000.0,,,15744300809.0,104000000.0,33000000.0,-101000000.0,90000000.0,-84000000.0,-231000000.0,-1757000000.0,-560000000.0,2103000000.0,-11000000.0,847000000.0,847000000.0,847000000.0,0.0,61000000.0,0.064,4987000000.0,1786000000.0,302000000.0,0.1,0.852,18.588,18.633,15160000000.0,0.0,46.77,1.19,1.191,7783000000.0,15466000000.0,13232000000.0,13232000000.0,0.0,0.011,0.046,0.02,0.13,0.0,4987000000.0,1.0,336632474.0,336880000.0,337680000.0,39.278,76768000000.0,0.0,343000000.0,785000000.0,227.879,
18,L,MRT,2016-12-31,2016-12-31,2016-12-31,2021-09-07,-223000000.0,76594000000.0,77877250000.0,,,0.168,53.745,-1450000000.0,327000000.0,327000000.0,6789000000.0,716000000.0,,2.931,10778000000.0,,,10778000000.0,3762000000.0,841000000.0,0.0,0.005,0.25,1410000000.0,2251000000.0,0.172,2251000000.0,1410000000.0,874000000.0,1.93,1.93,1.93,18163000000.0,18052750000.0,18163000000.0,26357806922.0,19.0,11.709,803000000.0,2.376,1.0,6316000000.0,0.482,346000000.0,536000000.0,86699000000.0,88035750000.0,0.0,50711000000.0,,,53233000000.0,,,15779806922.0,-113000000.0,251000000.0,-134000000.0,196000000.0,-84000000.0,-166000000.0,-2187000000.0,-1146000000.0,2253000000.0,-13000000.0,654000000.0,654000000.0,654000000.0,0.0,62000000.0,0.05,4844000000.0,1472000000.0,150000000.0,0.13,0.869,24.128,24.264,15230000000.0,0.0,46.83,1.204,1.208,7644000000.0,15196000000.0,13105000000.0,13105000000.0,0.0,0.008,0.036,0.016,0.108,0.0,4844000000.0,1.0,336959362.0,337950000.0,338310000.0,38.778,76248000000.0,0.0,220000000.0,636000000.0,225.619,
19,L,MRT,2016-09-30,2016-09-30,2016-09-30,2021-09-07,144000000.0,78508000000.0,77730250000.0,,,0.169,54.185,-1293000000.0,344000000.0,344000000.0,7710000000.0,13000000.0,,3.016,10922000000.0,,,10922000000.0,3862000000.0,955000000.0,0.0,0.006,0.25,651000000.0,1606000000.0,0.123,1606000000.0,651000000.0,121000000.0,0.55,0.55,0.55,18270000000.0,17902250000.0,18270000000.0,24588938195.0,38.0,15.311,1775000000.0,5.264,1.0,5390000000.0,0.411,347000000.0,530000000.0,88739000000.0,87804750000.0,0.0,52385000000.0,,,55102000000.0,,,13871938195.0,16000000.0,46000000.0,-763000000.0,153000000.0,-84000000.0,-845000000.0,-2194000000.0,-1037000000.0,3068000000.0,-13000000.0,163000000.0,163000000.0,163000000.0,0.0,-150000000.0,0.012,4889000000.0,501000000.0,451000000.0,0.455,0.759,85.104,74.818,15200000000.0,0.0,41.15,1.059,1.059,7853000000.0,15031000000.0,13100000000.0,13100000000.0,0.0,0.002,0.009,0.007,0.05,0.0,4889000000.0,1.0,337106639.0,337180000.0,337620000.0,38.852,78161000000.0,0.0,-42000000.0,735000000.0,231.808,
20,L,MRT,2016-06-30,2016-06-30,2016-06-30,2021-09-07,119000000.0,79183000000.0,77486250000.0,,,0.168,52.979,-1223000000.0,348000000.0,348000000.0,7802000000.0,-98000000.0,,3.129,11065000000.0,,,11065000000.0,3865000000.0,955000000.0,0.0,0.006,0.251,407000000.0,1362000000.0,0.105,1362000000.0,407000000.0,-121000000.0,0.08,0.08,0.08,17945000000.0,18020750000.0,17945000000.0,24209178575.0,59.0,17.775,2008000000.0,5.928,1.0,5180000000.0,0.399,348000000.0,528000000.0,89552000000.0,87525500000.0,0.0,52359000000.0,,,56152000000.0,,,13930178575.0,99000000.0,51000000.0,-1064000000.0,216000000.0,-86000000.0,-1099000000.0,-2018000000.0,-909000000.0,3231000000.0,-15000000.0,18000000.0,18000000.0,18000000.0,0.0,-116000000.0,0.001,4889000000.0,291000000.0,1310000000.0,3.138,0.776,773.899,513.625,15126000000.0,0.0,41.09,1.073,1.072,8616000000.0,14724000000.0,12982000000.0,12982000000.0,0.0,0.0,0.001,0.005,0.031,0.0,4889000000.0,1.0,339016271.0,338720000.0,338720000.0,38.327,78835000000.0,0.0,-139000000.0,604000000.0,232.744,
21,L,MRT,2016-03-31,2016-03-31,2016-03-31,2021-09-07,-126000000.0,77224000000.0,77194250000.0,,,0.17,52.589,-1394000000.0,308000000.0,308000000.0,8087000000.0,437000000.0,,3.034,10587000000.0,,,10587000000.0,3807000000.0,955000000.0,0.0,0.007,0.251,682000000.0,1637000000.0,0.125,1637000000.0,682000000.0,150000000.0,0.73,0.73,0.73,17833000000.0,18280000000.0,17833000000.0,23113074193.0,34.0,14.119,2260000000.0,6.665,1.0,5023000000.0,0.383,350000000.0,532000000.0,87153000000.0,87198750000.0,0.0,50650000000.0,,,54099000000.0,,,12970074193.0,37000000.0,91000000.0,-1231000000.0,37000000.0,-88000000.0,-1425000000.0,-2186000000.0,-727000000.0,3654000000.0,-6000000.0,253000000.0,253000000.0,253000000.0,0.0,184000000.0,0.019,4157000000.0,866000000.0,630000000.0,0.344,0.727,51.265,52.411,15351000000.0,0.0,38.26,0.989,0.99,8227000000.0,14812000000.0,13110000000.0,13110000000.0,0.0,0.003,0.014,0.008,0.052,0.0,4157000000.0,1.0,338998280.0,339100000.0,339250000.0,38.661,76874000000.0,0.0,-103000000.0,540000000.0,226.7,
22,L,MRT,2015-12-31,2015-12-31,2015-12-31,2021-09-07,-357000000.0,76006000000.0,77544000000.0,,,0.173,48.453,-1555000000.0,440000000.0,440000000.0,8152000000.0,287000000.0,,3.029,10560000000.0,,,10560000000.0,3671000000.0,955000000.0,0.0,0.007,0.251,737000000.0,1692000000.0,0.126,1692000000.0,737000000.0,217000000.0,0.72,0.72,0.72,17561000000.0,18648750000.0,17561000000.0,24048756531.0,33.0,14.213,1992000000.0,5.496,1.0,5263000000.0,0.392,351000000.0,520000000.0,85775000000.0,87543250000.0,0.0,49400000000.0,,,53196000000.0,,,13606756531.0,76000000.0,-124000000.0,-1258000000.0,-101000000.0,-90000000.0,-1525000000.0,-1935000000.0,-84000000.0,3547000000.0,-11000000.0,260000000.0,260000000.0,260000000.0,0.0,27000000.0,0.019,4499000000.0,764000000.0,567000000.0,0.349,0.775,52.334,53.333,15477000000.0,0.0,38.4,1.014,1.037,8041000000.0,14731000000.0,13415000000.0,13415000000.0,0.0,0.003,0.014,0.008,0.055,0.0,4499000000.0,1.0,354342618.0,362430000.0,362690000.0,37.014,75655000000.0,0.0,-43000000.0,382000000.0,208.744,
23,L,MRT,2015-09-30,2015-09-30,2015-09-30,2021-09-07,-23000000.0,77532000000.0,78134250000.0,,,0.174,51.935,-2425000000.0,328000000.0,328000000.0,7945000000.0,872000000.0,,2.848,10770000000.0,,,10770000000.0,3706000000.0,899000000.0,0.0,0.007,0.252,1471000000.0,2370000000.0,0.174,2370000000.0,1471000000.0,949000000.0,1.8,1.8,1.8,18744000000.0,19078500000.0,18744000000.0,23724765735.0,16.0,10.01,664000000.0,1.84,1.0,5658000000.0,0.416,352000000.0,522000000.0,87622000000.0,88173750000.0,0.0,50550000000.0,,,53379000000.0,,,13121765735.0,-309000000.0,-419000000.0,-835000000.0,-184000000.0,-92000000.0,-1295000000.0,-2092000000.0,946000000.0,3089000000.0,-11000000.0,669000000.0,669000000.0,669000000.0,7000000.0,203000000.0,0.049,3977000000.0,1681000000.0,733000000.0,0.14,0.7,19.614,20.078,15902000000.0,0.0,36.14,0.965,0.959,8079000000.0,15906000000.0,13603000000.0,13603000000.0,0.0,0.009,0.035,0.017,0.108,0.0,3977000000.0,1.0,363081509.0,360910000.0,361100000.0,37.691,77180000000.0,0.0,280000000.0,796000000.0,213.848,
24,L,MRT,2015-06-30,2015-06-30,2015-06-30,2021-09-07,53000000.0,78015000000.0,78383500000.0,,,0.178,51.357,-2828000000.0,249000000.0,249000000.0,8236000000.0,859000000.0,,2.828,10852000000.0,,,10852000000.0,3815000000.0,899000000.0,0.0,0.007,0.251,1523000000.0,2422000000.0,0.174,2422000000.0,1523000000.0,1008000000.0,1.85,1.85,1.85,18982000000.0,19306750000.0,18982000000.0,24580728617.0,16.0,10.149,57000000.0,0.154,1.0,5721000000.0,0.41,373000000.0,515000000.0,88245000000.0,88378250000.0,0.0,51048000000.0,,,53683000000.0,,,14301728617.0,-28000000.0,573000000.0,-719000000.0,-526000000.0,-93000000.0,-1567000000.0,-1345000000.0,1101000000.0,2885000000.0,-12000000.0,695000000.0,695000000.0,695000000.0,-22000000.0,164000000.0,0.05,4056000000.0,1665000000.0,741000000.0,0.136,0.753,20.578,20.816,15917000000.0,0.0,38.51,1.025,1.02,8097000000.0,15747000000.0,13957000000.0,13957000000.0,0.0,0.009,0.036,0.017,0.109,0.0,4056000000.0,1.0,371377009.0,369610000.0,369970000.0,37.761,77642000000.0,0.0,313000000.0,773000000.0,210.065,
25,L,MRT,2015-03-31,2015-03-31,2015-03-31,2021-09-07,298000000.0,78623000000.0,79603250000.0,,,0.177,51.788,-2448000000.0,271000000.0,271000000.0,8280000000.0,827000000.0,,2.796,10550000000.0,,,10550000000.0,3710000000.0,899000000.0,0.0,0.006,0.251,1558000000.0,2457000000.0,0.174,2457000000.0,1558000000.0,1051000000.0,1.69,1.69,1.69,19308000000.0,19525500000.0,19308000000.0,25540790820.0,16.0,10.395,161000000.0,0.432,1.0,5835000000.0,0.413,371000000.0,507000000.0,88531000000.0,89583000000.0,0.0,52192000000.0,,,53993000000.0,,,15236790820.0,-29000000.0,577000000.0,-663000000.0,-849000000.0,-94000000.0,-1898000000.0,-739000000.0,1252000000.0,2609000000.0,-15000000.0,641000000.0,641000000.0,641000000.0,164000000.0,186000000.0,0.045,3927000000.0,1908000000.0,926000000.0,0.149,0.789,23.77,24.16,15376000000.0,0.0,40.83,1.079,1.078,8157000000.0,15600000000.0,14115000000.0,14115000000.0,0.0,0.008,0.033,0.017,0.11,0.0,3927000000.0,1.0,373176361.0,372830000.0,373190000.0,37.859,78252000000.0,0.0,410000000.0,930000000.0,209.887,
26,L,MRT,2014-12-31,2014-12-31,2014-12-31,2021-09-07,280000000.0,78367000000.0,80398250000.0,,,0.178,50.482,-2753000000.0,364000000.0,364000000.0,8432000000.0,962000000.0,,2.786,10668000000.0,,,10668000000.0,3592000000.0,899000000.0,0.0,0.006,0.251,1546000000.0,2445000000.0,0.171,2445000000.0,1546000000.0,1048000000.0,1.55,1.55,1.55,19280000000.0,19620500000.0,19280000000.0,25985536511.0,17.0,10.628,237000000.0,0.621,1.0,5893000000.0,0.411,374000000.0,498000000.0,88297000000.0,90564750000.0,0.0,52032000000.0,,,53717000000.0,,,15721536511.0,70000000.0,583000000.0,-616000000.0,-265000000.0,-95000000.0,-1442000000.0,-1470000000.0,808000000.0,2990000000.0,-8000000.0,591000000.0,591000000.0,591000000.0,391000000.0,371000000.0,0.041,3585000000.0,2308000000.0,673000000.0,0.162,0.815,26.602,27.11,15611000000.0,0.0,42.02,1.097,1.12,7770000000.0,15515000000.0,14325000000.0,14325000000.0,0.0,0.007,0.03,0.017,0.108,0.0,3585000000.0,1.0,374144134.0,381920000.0,382550000.0,37.508,77993000000.0,0.0,457000000.0,893000000.0,204.213,
27,L,MRT,2014-09-30,2014-09-30,2014-09-30,2021-09-07,638000000.0,78529000000.0,80791250000.0,,,0.181,51.649,-2205000000.0,637000000.0,637000000.0,8716000000.0,543000000.0,,2.717,10901000000.0,,,10901000000.0,3703000000.0,871000000.0,0.0,0.006,0.25,1188000000.0,2059000000.0,0.141,2059000000.0,1188000000.0,710000000.0,0.49,0.5,0.49,19657000000.0,19665000000.0,19657000000.0,26401966029.0,22.0,12.823,658000000.0,1.729,1.0,5870000000.0,0.402,353000000.0,478000000.0,88440000000.0,90898500000.0,0.0,52644000000.0,,,53413000000.0,,,15876966029.0,380000000.0,1077000000.0,-390000000.0,875000000.0,-96000000.0,-82000000.0,-2398000000.0,-1096000000.0,2863000000.0,-3000000.0,185000000.0,185000000.0,185000000.0,157000000.0,358000000.0,0.013,3495000000.0,2375000000.0,663000000.0,0.51,0.808,85.821,85.02,14411000000.0,0.0,41.66,1.089,1.087,8185000000.0,15817000000.0,14586000000.0,14586000000.0,0.0,0.002,0.009,0.013,0.081,0.0,3495000000.0,1.0,381108162.0,380590000.0,381190000.0,38.325,78176000000.0,0.0,525000000.0,1030000000.0,205.407,
28,L,MRT,2014-06-30,2014-06-30,2014-06-30,2021-09-07,807000000.0,82894000000.0,81036500000.0,,,0.181,51.48,-1739000000.0,277000000.0,277000000.0,8769000000.0,658000000.0,,2.898,10802000000.0,,,10802000000.0,3851000000.0,871000000.0,0.0,0.006,0.25,1302000000.0,2173000000.0,0.148,2173000000.0,1302000000.0,840000000.0,0.67,0.68,0.67,19857000000.0,19589500000.0,19857000000.0,28018847528.0,22.0,12.894,1046000000.0,2.712,1.0,5891000000.0,0.402,355000000.0,462000000.0,93064000000.0,90847750000.0,0.0,52951000000.0,,,57539000000.0,,,17009847528.0,113000000.0,-47000000.0,-223000000.0,1340000000.0,-96000000.0,496000000.0,-3164000000.0,-1200000000.0,2785000000.0,5000000.0,259000000.0,259000000.0,259000000.0,186000000.0,399000000.0,0.018,3295000000.0,2596000000.0,815000000.0,0.373,0.857,65.675,65.687,14133000000.0,0.0,44.01,1.16,1.158,8441000000.0,15633000000.0,14660000000.0,14660000000.0,0.0,0.003,0.013,0.014,0.089,0.0,3295000000.0,1.0,386499603.0,385720000.0,386370000.0,38.007,82539000000.0,0.0,581000000.0,996000000.0,213.987,
29,L,MRT,2014-03-31,2014-03-31,2014-03-31,2021-09-07,563000000.0,81803000000.0,80324500000.0,,,0.183,50.829,-1893000000.0,301000000.0,301000000.0,8787000000.0,855000000.0,,2.879,11310000000.0,,,11310000000.0,3838000000.0,871000000.0,0.0,0.006,0.25,1455000000.0,2326000000.0,0.158,2326000000.0,1455000000.0,1011000000.0,1.06,1.07,1.06,19688000000.0,19413000000.0,19688000000.0,27616118889.0,19.0,11.873,18000000.0,0.046,1.0,5896000000.0,0.402,354000000.0,444000000.0,92458000000.0,89822500000.0,0.0,52063000000.0,,,56686000000.0,,,17065118889.0,121000000.0,-47000000.0,-144000000.0,1998000000.0,-97000000.0,1521000000.0,-3302000000.0,-1129000000.0,1911000000.0,5000000.0,412000000.0,412000000.0,412000000.0,0.0,443000000.0,0.028,3298000000.0,2598000000.0,882000000.0,0.236,0.867,41.42,41.557,14974000000.0,0.0,44.05,1.162,1.162,8355000000.0,15541000000.0,14683000000.0,14683000000.0,0.0,0.005,0.021,0.016,0.099,0.0,3298000000.0,1.0,387403380.0,387340000.0,388070000.0,37.907,81449000000.0,0.0,599000000.0,898000000.0,210.278,
30,L,MRT,2013-12-31,2013-12-31,2013-12-31,2021-09-07,339000000.0,79939000000.0,80027250000.0,,,0.183,50.067,-1737000000.0,294000000.0,294000000.0,8741000000.0,1069000000.0,,2.828,10344000000.0,,,10344000000.0,3718000000.0,871000000.0,0.0,0.006,0.312,1676000000.0,2547000000.0,0.174,2547000000.0,1676000000.0,1251000000.0,1.53,1.53,1.53,19458000000.0,19357750000.0,19458000000.0,28394668686.0,17.0,11.148,359000000.0,0.924,1.0,5872000000.0,0.402,357000000.0,425000000.0,89632000000.0,88927750000.0,0.0,52945000000.0,,,55033000000.0,,,18676668686.0,66000000.0,-53000000.0,-223000000.0,1761000000.0,-97000000.0,1271000000.0,-3298000000.0,-1251000000.0,2096000000.0,-3000000.0,595000000.0,595000000.0,595000000.0,0.0,474000000.0,0.041,3170000000.0,2702000000.0,134000000.0,0.204,0.96,31.389,31.529,13524000000.0,0.0,48.24,1.278,1.283,9338000000.0,15508000000.0,14613000000.0,14613000000.0,0.0,0.007,0.031,0.019,0.115,0.0,3170000000.0,1.0,387161457.0,388640000.0,389510000.0,37.6,79582000000.0,0.0,656000000.0,716000000.0,204.77,
31,L,MRT,2013-09-30,2013-09-30,2013-09-30,2021-09-07,20000000.0,79510000000.0,80047750000.0,,,0.176,49.979,-1718000000.0,257000000.0,257000000.0,8706000000.0,1277000000.0,,2.826,9975000000.0,,,9975000000.0,3820000000.0,905000000.0,0.0,0.007,0.312,1780000000.0,2685000000.0,0.19,2685000000.0,1780000000.0,1364000000.0,1.96,1.96,1.96,19355000000.0,19358000000.0,19355000000.0,28009176248.0,16.0,10.432,363000000.0,0.937,1.0,5418000000.0,0.384,991000000.0,416000000.0,88237000000.0,88521500000.0,0.0,52358000000.0,,,54689000000.0,,,18103176248.0,88000000.0,-659000000.0,-293000000.0,1317000000.0,-98000000.0,1067000000.0,-3058000000.0,-512000000.0,2081000000.0,-2000000.0,761000000.0,761000000.0,761000000.0,0.0,516000000.0,0.054,2704000000.0,2714000000.0,326000000.0,0.159,0.935,23.789,23.847,14381000000.0,0.0,46.74,1.282,1.282,9023000000.0,15911000000.0,14124000000.0,14124000000.0,0.0,0.01,0.039,0.02,0.126,0.0,2704000000.0,1.0,387316565.0,387260000.0,388140000.0,36.472,78519000000.0,0.0,603000000.0,831000000.0,202.755,
32,L,MRT,2013-06-30,2013-06-30,2013-06-30,2021-09-07,37000000.0,80046000000.0,80058750000.0,,,0.178,49.258,-1686000000.0,166000000.0,166000000.0,8693000000.0,1203000000.0,,2.893,10072000000.0,,,10072000000.0,3869000000.0,905000000.0,0.0,0.007,0.312,1623000000.0,2528000000.0,0.178,2528000000.0,1623000000.0,1203000000.0,1.68,1.68,1.68,19151000000.0,19479000000.0,19151000000.0,26528065580.0,16.0,10.494,565000000.0,1.453,1.0,5549000000.0,0.39,989000000.0,420000000.0,88963000000.0,88290250000.0,0.0,52332000000.0,,,55404000000.0,,,17270065580.0,28000000.0,-893000000.0,-330000000.0,969000000.0,-98000000.0,1011000000.0,-3230000000.0,-516000000.0,2251000000.0,-2000000.0,656000000.0,656000000.0,656000000.0,0.0,547000000.0,0.046,2998000000.0,2551000000.0,520000000.0,0.186,0.902,26.326,26.429,14525000000.0,0.0,44.4,1.213,1.212,9519000000.0,15654000000.0,14242000000.0,14242000000.0,0.0,0.008,0.034,0.018,0.114,0.0,2998000000.0,1.0,388965441.0,388790000.0,389620000.0,36.632,79057000000.0,0.0,547000000.0,749000000.0,203.341,
33,L,MRT,2013-03-31,2013-03-31,2013-03-31,2021-09-07,566000000.0,80614000000.0,79379250000.0,,,0.177,49.738,-1769000000.0,179000000.0,179000000.0,8566000000.0,989000000.0,,2.871,9437000000.0,,,9437000000.0,3759000000.0,905000000.0,0.0,0.007,0.312,1266000000.0,2171000000.0,0.155,2171000000.0,1266000000.0,843000000.0,1.13,1.13,1.13,19467000000.0,19567500000.0,19467000000.0,26252408660.0,21.0,12.092,1365000000.0,3.488,1.0,5448000000.0,0.389,993000000.0,423000000.0,88879000000.0,87404500000.0,0.0,53184000000.0,,,55896000000.0,,,17270408660.0,80000000.0,-802000000.0,-296000000.0,427000000.0,-98000000.0,165000000.0,-3215000000.0,-516000000.0,3134000000.0,-4000000.0,443000000.0,443000000.0,443000000.0,0.0,546000000.0,0.032,3246000000.0,2202000000.0,738000000.0,0.276,0.887,38.985,39.0,14204000000.0,0.0,44.07,1.232,1.231,9605000000.0,15410000000.0,14014000000.0,14014000000.0,0.0,0.006,0.023,0.014,0.09,0.0,3246000000.0,1.0,391885833.0,391390000.0,392160000.0,35.806,79621000000.0,0.0,400000000.0,895000000.0,203.431,
34,L,MRT,2012-12-31,2012-12-31,2012-12-31,2021-09-07,678000000.0,80021000000.0,78535750000.0,,,0.179,49.248,-1405000000.0,228000000.0,228000000.0,8540000000.0,1110000000.0,,2.844,9210000000.0,,,9210000000.0,3610000000.0,905000000.0,0.0,0.006,0.25,1507000000.0,2412000000.0,0.171,2412000000.0,1507000000.0,1081000000.0,1.44,1.43,1.44,19459000000.0,19557750000.0,19459000000.0,24736271272.0,16.0,10.256,1449000000.0,3.667,1.0,5532000000.0,0.393,996000000.0,426000000.0,88007000000.0,86503500000.0,0.0,53048000000.0,,,55345000000.0,,,16039271272.0,99000000.0,-766000000.0,-199000000.0,242000000.0,-99000000.0,336000000.0,-3095000000.0,-782000000.0,2854000000.0,4000000.0,568000000.0,568000000.0,568000000.0,0.0,542000000.0,0.04,3084000000.0,2448000000.0,205000000.0,0.174,0.824,28.238,28.299,13935000000.0,0.0,40.75,1.14,1.144,9366000000.0,15192000000.0,14072000000.0,14072000000.0,0.0,0.007,0.029,0.017,0.107,0.0,3084000000.0,1.0,393601749.0,395120000.0,395870000.0,35.614,79025000000.0,0.0,513000000.0,840000000.0,200.003,
35,L,MRT,2012-09-30,2012-09-30,2012-09-30,2021-09-07,964000000.0,79554000000.0,77347500000.0,,,0.185,50.292,-1349000000.0,169000000.0,169000000.0,8322000000.0,1439000000.0,,2.757,8866000000.0,,,8866000000.0,3681000000.0,833000000.0,0.0,0.006,0.25,1725000000.0,2558000000.0,0.179,2558000000.0,1725000000.0,1278000000.0,2.2,2.19,2.2,19839000000.0,19386000000.0,19839000000.0,25322314726.0,15.0,9.899,2694000000.0,6.829,1.0,6006000000.0,0.419,939000000.0,447000000.0,87312000000.0,85309750000.0,0.0,52914000000.0,,,54692000000.0,,,16322314726.0,41000000.0,-561000000.0,-162000000.0,-412000000.0,-99000000.0,-554000000.0,-3452000000.0,-1301000000.0,4043000000.0,4000000.0,871000000.0,871000000.0,871000000.0,0.0,568000000.0,0.061,3713000000.0,2293000000.0,808000000.0,0.114,0.823,18.74,18.755,13564000000.0,0.0,41.26,1.139,1.136,9474000000.0,15415000000.0,14328000000.0,14328000000.0,0.0,0.011,0.045,0.02,0.12,0.0,3713000000.0,1.0,395596576.0,394480000.0,395290000.0,36.321,78615000000.0,0.0,407000000.0,1122000000.0,199.288,
36,L,MRT,2012-06-30,2012-06-30,2012-06-30,2021-09-07,746000000.0,77328000000.0,76535250000.0,,,0.184,49.205,-1426000000.0,136000000.0,136000000.0,8285000000.0,1445000000.0,,2.722,9136000000.0,,,9136000000.0,3478000000.0,833000000.0,0.0,0.006,0.25,1751000000.0,2584000000.0,0.184,2584000000.0,1751000000.0,1287000000.0,2.16,2.14,2.16,19505000000.0,19169750000.0,19505000000.0,25177571847.0,14.0,9.744,2729000000.0,6.884,1.0,5766000000.0,0.41,908000000.0,464000000.0,85420000000.0,84620000000.0,0.0,51075000000.0,,,53087000000.0,,,16234571847.0,-12000000.0,-184000000.0,-356000000.0,-50000000.0,-100000000.0,-731000000.0,-3434000000.0,-1602000000.0,4155000000.0,-2000000.0,856000000.0,856000000.0,856000000.0,0.0,589000000.0,0.061,3426000000.0,2340000000.0,395000000.0,0.116,0.832,18.966,18.94,13709000000.0,0.0,40.91,1.155,1.154,9145000000.0,15263000000.0,14051000000.0,14051000000.0,0.0,0.011,0.045,0.021,0.125,0.0,3426000000.0,1.0,396836271.0,396400000.0,397130000.0,35.447,76420000000.0,0.0,431000000.0,952000000.0,192.785,
37,L,MRT,2012-03-31,2012-03-31,2012-03-31,2021-09-07,654000000.0,77240000000.0,76220500000.0,,,0.186,48.965,-1114000000.0,99000000.0,99000000.0,8264000000.0,1651000000.0,,2.734,9042000000.0,,,9042000000.0,3383000000.0,833000000.0,0.0,0.006,0.25,2091000000.0,2924000000.0,0.206,2924000000.0,2091000000.0,1609000000.0,2.63,2.61,2.63,19428000000.0,19031750000.0,19428000000.0,24692165856.0,12.0,8.445,2050000000.0,5.167,1.0,5941000000.0,0.418,908000000.0,482000000.0,85275000000.0,84323500000.0,0.0,50958000000.0,,,53119000000.0,,,15820165856.0,-24000000.0,-285000000.0,-539000000.0,-463000000.0,-100000000.0,-1587000000.0,-1600000000.0,-30000000.0,3164000000.0,-1000000.0,1050000000.0,1050000000.0,1050000000.0,0.0,601000000.0,0.074,3249000000.0,2692000000.0,920000000.0,0.095,0.814,15.067,15.16,13522000000.0,0.0,39.87,1.114,1.114,9409000000.0,15232000000.0,14205000000.0,14205000000.0,0.0,0.014,0.055,0.025,0.147,0.0,3249000000.0,1.0,396793726.0,396770000.0,397440000.0,35.802,76332000000.0,0.0,559000000.0,937000000.0,192.383,
38,L,MRT,2011-12-31,2011-12-31,2011-12-31,2021-09-07,384000000.0,75268000000.0,75902250000.0,,,0.186,46.404,-1335000000.0,129000000.0,129000000.0,8214000000.0,1694000000.0,,2.774,9001000000.0,,,9001000000.0,3250000000.0,833000000.0,0.0,0.007,0.25,2116000000.0,2949000000.0,0.209,2949000000.0,2116000000.0,1594000000.0,2.62,2.62,2.62,18772000000.0,18846250000.0,18772000000.0,24034736255.0,11.0,8.15,2630000000.0,6.501,1.0,5915000000.0,0.419,908000000.0,522000000.0,83232000000.0,84125000000.0,0.0,49028000000.0,,,52065000000.0,,,14930736255.0,9000000.0,-326000000.0,-728000000.0,-511000000.0,-101000000.0,-2053000000.0,-1903000000.0,-115000000.0,3965000000.0,0.0,1062000000.0,1062000000.0,1062000000.0,0.0,632000000.0,0.075,3167000000.0,2748000000.0,162000000.0,0.095,0.795,14.059,14.37,13618000000.0,0.0,37.65,1.057,1.078,9259000000.0,14890000000.0,14129000000.0,14129000000.0,0.0,0.014,0.056,0.025,0.15,0.0,3167000000.0,1.0,396566700.0,404530000.0,405320000.0,34.927,74360000000.0,0.0,532000000.0,622000000.0,183.818,
39,L,MRT,2011-09-30,2011-09-30,2011-09-30,2021-09-07,735000000.0,76305000000.0,76154500000.0,,,0.189,47.316,-2016000000.0,128000000.0,128000000.0,7852000000.0,1953000000.0,,2.78,9232000000.0,,,9232000000.0,3386000000.0,816000000.0,0.0,0.007,0.25,2534000000.0,3350000000.0,0.233,3350000000.0,2534000000.0,1995000000.0,3.06,3.04,3.06,18974000000.0,18765750000.0,18974000000.0,22982605075.0,9.0,6.86,-934000000.0,-2.329,1.0,6511000000.0,0.453,856000000.0,539000000.0,84553000000.0,84511500000.0,0.0,49625000000.0,,,52740000000.0,,,13961605075.0,-4000000.0,833000000.0,-747000000.0,-279000000.0,-102000000.0,-1823000000.0,737000000.0,1996000000.0,1082000000.0,0.0,1258000000.0,1258000000.0,1258000000.0,-1000000.0,695000000.0,0.088,3283000000.0,3228000000.0,567000000.0,0.082,0.736,11.098,11.291,12935000000.0,0.0,34.55,0.972,0.965,10109000000.0,15282000000.0,14363000000.0,14363000000.0,0.0,0.017,0.067,0.03,0.176,0.0,3283000000.0,1.0,404098555.0,401010000.0,401730000.0,35.817,75449000000.0,0.0,737000000.0,802000000.0,188.147,
40,L,MRT,2011-06-30,2011-06-30,2011-06-30,2021-09-07,581000000.0,76069000000.0,76283500000.0,,,0.192,46.474,-1813000000.0,148000000.0,148000000.0,7808000000.0,1789000000.0,,2.775,9169000000.0,,,9169000000.0,3409000000.0,816000000.0,0.0,0.006,0.25,2370000000.0,3186000000.0,0.218,3186000000.0,2370000000.0,1830000000.0,2.74,2.73,2.74,18953000000.0,18737000000.0,18953000000.0,26577297103.0,11.0,8.342,-1744000000.0,-4.276,1.0,6818000000.0,0.466,856000000.0,540000000.0,84234000000.0,84700500000.0,0.0,48884000000.0,,,52586000000.0,,,17207297103.0,57000000.0,814000000.0,-550000000.0,85000000.0,-103000000.0,-1206000000.0,1189000000.0,2207000000.0,69000000.0,5000000.0,1132000000.0,1132000000.0,1132000000.0,21000000.0,657000000.0,0.077,3770000000.0,3048000000.0,558000000.0,0.091,0.908,15.201,15.361,12456000000.0,0.0,42.09,1.176,1.174,10133000000.0,15145000000.0,14626000000.0,14626000000.0,0.0,0.015,0.06,0.028,0.162,0.0,3770000000.0,1.0,408821504.0,407820000.0,408740000.0,35.864,75213000000.0,0.0,698000000.0,638000000.0,184.427,
41,L,MRT,2011-03-31,2011-03-31,2011-03-31,2021-09-07,294000000.0,75967000000.0,76031000000.0,,,0.192,45.256,-1164000000.0,123000000.0,123000000.0,7611000000.0,1926000000.0,,2.811,9493000000.0,,,9493000000.0,3321000000.0,816000000.0,0.0,0.006,0.25,2602000000.0,3418000000.0,0.235,3418000000.0,2602000000.0,2064000000.0,3.01,2.99,3.01,18686000000.0,18550000000.0,18686000000.0,27183612654.0,10.0,7.953,-376000000.0,-0.911,1.0,6959000000.0,0.478,856000000.0,538000000.0,84481000000.0,84434000000.0,0.0,48632000000.0,,,52522000000.0,,,17826612654.0,-12000000.0,805000000.0,-394000000.0,-147000000.0,-105000000.0,-1064000000.0,259000000.0,620000000.0,788000000.0,5000000.0,1248000000.0,1248000000.0,1248000000.0,21000000.0,678000000.0,0.086,3658000000.0,3301000000.0,419000000.0,0.083,0.954,14.284,14.316,12543000000.0,0.0,43.09,1.224,1.221,10182000000.0,14919000000.0,14570000000.0,14570000000.0,0.0,0.016,0.067,0.031,0.179,0.0,3658000000.0,1.0,413706490.0,412900000.0,413830000.0,35.287,75111000000.0,125000000.0,816000000.0,0.0,181.911,
42,L,MRT,2010-12-31,2010-12-31,2010-12-31,2021-09-07,230000000.0,76277000000.0,76003000000.0,,,0.192,44.063,-917000000.0,120000000.0,120000000.0,7544000000.0,1988000000.0,,2.882,9477000000.0,,,9477000000.0,3203000000.0,816000000.0,0.0,0.006,0.25,2700000000.0,3516000000.0,0.241,3516000000.0,2700000000.0,2183000000.0,3.08,3.07,3.08,18450000000.0,18265000000.0,18450000000.0,25538926273.0,9.0,7.264,-964000000.0,-2.302,1.0,7071000000.0,0.484,856000000.0,517000000.0,84778000000.0,84432500000.0,0.0,48907000000.0,,,53171000000.0,,,16194926273.0,-70000000.0,805000000.0,-397000000.0,-14000000.0,-105000000.0,-688000000.0,664000000.0,776000000.0,-47000000.0,1000000.0,1289000000.0,1289000000.0,1289000000.0,20000000.0,699000000.0,0.088,3652000000.0,3419000000.0,685000000.0,0.081,0.878,12.564,12.633,12636000000.0,0.0,38.91,1.108,1.115,10142000000.0,14564000000.0,14615000000.0,14615000000.0,0.0,0.017,0.071,0.032,0.185,0.0,3652000000.0,1.0,416215016.0,418720000.0,419520000.0,34.904,75421000000.0,0.0,894000000.0,562000000.0,180.123,
43,L,MRT,2010-09-30,2010-09-30,2010-09-30,2021-09-07,1017000000.0,76821000000.0,75451250000.0,,,0.195,45.153,-240000000.0,132000000.0,132000000.0,7886000000.0,1922000000.0,,2.827,9476000000.0,,,9476000000.0,3265000000.0,784000000.0,0.0,0.007,0.25,2632000000.0,3416000000.0,0.232,3416000000.0,2632000000.0,2121000000.0,2.89,2.88,2.89,18859000000.0,17877250000.0,18859000000.0,24816758342.0,9.0,7.265,2482000000.0,5.942,1.0,6836000000.0,0.464,856000000.0,511000000.0,85309000000.0,83865250000.0,0.0,48842000000.0,,,53322000000.0,,,15851758342.0,-24000000.0,48000000.0,-534000000.0,766000000.0,-106000000.0,-146000000.0,-2602000000.0,-2499000000.0,2722000000.0,2000000.0,1225000000.0,1225000000.0,1225000000.0,22000000.0,697000000.0,0.083,3485000000.0,3351000000.0,968000000.0,0.087,0.841,12.94,13.114,12619000000.0,0.0,37.9,1.077,1.075,11091000000.0,14433000000.0,14722000000.0,14722000000.0,0.0,0.016,0.069,0.031,0.179,0.0,3485000000.0,1.0,418252199.0,417670000.0,418470000.0,35.248,75965000000.0,0.0,896000000.0,557000000.0,181.878,
44,L,MRT,2010-06-30,2010-06-30,2010-06-30,2021-09-07,295000000.0,75059000000.0,75024000000.0,,,0.197,43.486,-1038000000.0,91000000.0,91000000.0,7795000000.0,2461000000.0,,2.875,9056000000.0,,,9056000000.0,3303000000.0,784000000.0,0.0,0.008,0.25,3236000000.0,4020000000.0,0.272,4020000000.0,3236000000.0,2735000000.0,3.88,3.87,3.88,18205000000.0,17419000000.0,18205000000.0,23416128375.0,7.0,5.825,2701000000.0,6.452,1.0,6964000000.0,0.472,856000000.0,501000000.0,83168000000.0,83239000000.0,0.0,47710000000.0,,,52332000000.0,,,13940128375.0,-45000000.0,85000000.0,-561000000.0,389000000.0,-107000000.0,-427000000.0,-3360000000.0,-2442000000.0,3739000000.0,3000000.0,1657000000.0,1657000000.0,1657000000.0,0.0,804000000.0,0.112,2923000000.0,4041000000.0,308000000.0,0.064,0.766,8.413,8.585,12626000000.0,0.0,33.31,0.945,0.945,9765000000.0,14426000000.0,14759000000.0,14759000000.0,0.0,0.022,0.095,0.039,0.219,0.0,2923000000.0,1.0,418496799.0,418640000.0,419380000.0,35.255,74203000000.0,561000000.0,1078000000.0,0.0,177.248,
45,L,MRT,2010-03-31,2010-03-31,2010-03-31,2021-09-07,-75000000.0,75855000000.0,74166750000.0,,,0.2,41.502,-2174000000.0,135000000.0,135000000.0,7901000000.0,2479000000.0,,3.07,9611000000.0,,,9611000000.0,3283000000.0,784000000.0,0.0,0.007,0.25,3128000000.0,3912000000.0,0.264,3912000000.0,3128000000.0,2644000000.0,3.78,3.78,3.78,17546000000.0,16621750000.0,17546000000.0,25043325913.0,8.0,6.402,1573000000.0,3.721,1.0,6906000000.0,0.466,856000000.0,484000000.0,84475000000.0,82274000000.0,0.0,47502000000.0,,,53862000000.0,,,15748325913.0,-3000000.0,85000000.0,-514000000.0,1189000000.0,-107000000.0,406000000.0,-4166000000.0,-1998000000.0,3747000000.0,10000000.0,1631000000.0,1631000000.0,1631000000.0,0.0,848000000.0,0.11,2929000000.0,3977000000.0,662000000.0,0.066,0.898,9.656,9.862,13249000000.0,0.0,37.28,1.064,1.064,10000000000.0,14085000000.0,14807000000.0,14807000000.0,0.0,0.022,0.098,0.038,0.211,0.0,2929000000.0,1.0,422433635.0,422770000.0,423640000.0,35.024,74999000000.0,869000000.0,1013000000.0,0.0,177.399,
46,L,MRT,2009-12-31,2009-12-31,2009-12-31,2021-09-07,-419000000.0,74070000000.0,72619750000.0,,,0.194,39.045,-2529000000.0,190000000.0,190000000.0,7931000000.0,1383000000.0,,3.135,9485000000.0,,,9485000000.0,3274000000.0,784000000.0,0.0,0.007,0.25,1357000000.0,2141000000.0,0.152,2141000000.0,1357000000.0,909000000.0,1.3,1.3,1.3,16899000000.0,15578000000.0,16899000000.0,24165111059.0,18.0,11.287,2062000000.0,4.764,1.0,6186000000.0,0.438,856000000.0,448000000.0,82509000000.0,80423750000.0,0.0,46034000000.0,,,52985000000.0,,,15617111059.0,59000000.0,85000000.0,-326000000.0,1226000000.0,-108000000.0,321000000.0,-4863000000.0,-2440000000.0,4591000000.0,10000000.0,564000000.0,564000000.0,564000000.0,0.0,819000000.0,0.04,4008000000.0,2178000000.0,540000000.0,0.192,0.924,27.69,27.962,13274000000.0,0.0,36.35,1.106,1.114,10212000000.0,13693000000.0,14117000000.0,14117000000.0,0.0,0.008,0.036,0.017,0.096,0.0,2972000000.0,1.0,429631666.0,432810000.0,433450000.0,32.617,73214000000.0,627000000.0,345000000.0,0.0,169.16,
47,L,MRT,2009-09-30,2009-09-30,2009-09-30,2021-09-07,-329000000.0,75112000000.0,71569750000.0,,,0.182,39.344,-3230000000.0,156000000.0,156000000.0,7929000000.0,-33000000.0,,3.167,8704000000.0,,,8704000000.0,3392000000.0,692000000.0,0.0,0.007,0.25,-852000000.0,-160000000.0,-0.012,-160000000.0,-852000000.0,-1259000000.0,-1.32,-1.3,-1.32,17026000000.0,14636500000.0,17026000000.0,23365161769.0,-27.0,-146.032,1528000000.0,3.531,1.0,5109000000.0,0.392,856000000.0,407000000.0,82804000000.0,79081750000.0,0.0,45261000000.0,,,53926000000.0,,,14831161769.0,-80000000.0,124000000.0,-159000000.0,1031000000.0,-107000000.0,116000000.0,-4955000000.0,-1988000000.0,4758000000.0,1000000.0,-797000000.0,-797000000.0,-797000000.0,-1000000.0,764000000.0,-0.061,5197000000.0,-88000000.0,2451000000.0,-0.189,0.871,-18.609,-25.947,13200000000.0,0.0,34.25,1.138,1.137,11522000000.0,13563000000.0,13038000000.0,13038000000.0,0.0,-0.011,-0.054,-0.011,-0.065,0.0,2988000000.0,1.0,433026621.0,432750000.0,,30.128,74256000000.0,993000000.0,-462000000.0,0.0,171.591,
48,L,MRT,2009-06-30,2009-06-30,2009-06-30,2021-09-07,-1972000000.0,71630000000.0,71146000000.0,,,0.172,34.514,-3591000000.0,136000000.0,136000000.0,8163000000.0,-702000000.0,,3.521,8670000000.0,,,8670000000.0,3508000000.0,692000000.0,0.0,0.009,0.25,-1814000000.0,-1122000000.0,-0.091,-1122000000.0,-1814000000.0,-2186000000.0,-2.71,-2.69,-2.71,15016000000.0,14315250000.0,15016000000.0,20206081878.0,-11.0,-18.009,-1399000000.0,-3.216,1.0,4107000000.0,0.335,856000000.0,372000000.0,79308000000.0,78255000000.0,0.0,41313000000.0,,,52868000000.0,,,11924081878.0,-41000000.0,87000000.0,-61000000.0,1270000000.0,-108000000.0,203000000.0,-2429000000.0,871000000.0,2192000000.0,-7000000.0,-1402000000.0,-1402000000.0,-1402000000.0,-8000000.0,700000000.0,-0.114,5229000000.0,-1122000000.0,1280000000.0,-0.092,0.794,-8.505,-10.111,12671000000.0,0.0,27.4,0.972,0.972,11529000000.0,13122000000.0,12270000000.0,12270000000.0,0.0,-0.02,-0.098,-0.023,-0.148,0.0,3020000000.0,1.0,435185470.0,435070000.0,,28.202,70774000000.0,2189000000.0,-784000000.0,0.0,162.673,
49,L,MRT,2009-03-31,2009-03-31,2009-03-31,2021-09-07,-3229000000.0,69667000000.0,71934000000.0,,,0.176,30.729,-3725000000.0,138000000.0,138000000.0,8318000000.0,3958000000.0,,3.947,8420000000.0,,,8420000000.0,3461000000.0,692000000.0,0.0,0.011,0.25,2930000000.0,3622000000.0,0.286,3622000000.0,2930000000.0,2580000000.0,6.07,6.07,6.07,13371000000.0,14756500000.0,13371000000.0,17743520407.0,6.0,4.899,-703000000.0,-1.616,1.0,4340000000.0,0.343,875000000.0,350000000.0,77074000000.0,78591000000.0,0.0,39091000000.0,,,52771000000.0,,,9616520407.0,-78000000.0,87000000.0,-29000000.0,1083000000.0,-164000000.0,6000000.0,-3092000000.0,690000000.0,3022000000.0,-14000000.0,3221000000.0,3221000000.0,3221000000.0,-178000000.0,737000000.0,0.254,5133000000.0,-793000000.0,1213000000.0,0.041,0.719,2.986,3.641,12160000000.0,0.0,22.1,0.76,0.76,11334000000.0,12700000000.0,12658000000.0,12658000000.0,0.0,0.045,0.218,0.037,0.231,0.0,2924000000.0,1.0,435136670.0,435120000.0,,29.091,68792000000.0,3145000000.0,-641000000.0,0.0,158.099,
50,L,MRT,2008-12-31,2008-12-31,2008-12-31,2021-09-07,-3586000000.0,69870000000.0,73740250000.0,,,0.18,30.115,-3997000000.0,131000000.0,131000000.0,8375000000.0,5293000000.0,,4.015,8258000000.0,,,8258000000.0,3405000000.0,692000000.0,0.0,0.009,0.25,4882000000.0,5574000000.0,0.421,5574000000.0,4882000000.0,4537000000.0,9.05,9.05,9.05,13133000000.0,15728000000.0,13133000000.0,19757578293.0,4.0,3.545,-626000000.0,-1.435,1.0,4872000000.0,0.368,856000000.0,345000000.0,77141000000.0,79994000000.0,0.0,38450000000.0,,,52735000000.0,,,12319578293.0,-29000000.0,87000000.0,-29000000.0,1003000000.0,-219000000.0,-173000000.0,-3214000000.0,84000000.0,3371000000.0,-13000000.0,4530000000.0,4530000000.0,4530000000.0,-351000000.0,763000000.0,0.342,3940000000.0,932000000.0,995000000.0,0.028,0.938,2.72,3.122,12892000000.0,0.0,28.25,0.93,0.93,11672000000.0,13375000000.0,13247000000.0,13247000000.0,0.0,0.061,0.288,0.061,0.369,0.0,2767000000.0,1.0,436091267.0,436091267.0,,30.377,69014000000.0,2928000000.0,7000000.0,0.0,158.256,
51,L,MRT,2008-09-30,2008-09-30,2008-09-30,2021-09-07,-1974000000.0,73417000000.0,75301500000.0,,,0.187,36.081,-3808000000.0,236000000.0,236000000.0,8520000000.0,7226000000.0,,3.399,7674000000.0,,,7674000000.0,3549000000.0,471000000.0,0.0,0.006,0.25,7510000000.0,7981000000.0,0.566,7981000000.0,7510000000.0,7162000000.0,11.03,11.01,11.03,15741000000.0,16842500000.0,15741000000.0,24455218226.0,3.0,3.064,-1134000000.0,-2.599,1.0,5576000000.0,0.396,1358000000.0,348000000.0,79497000000.0,81178750000.0,0.0,42278000000.0,,,53508000000.0,,,17228218226.0,102000000.0,0.0,-6000000.0,449000000.0,-275000000.0,-352000000.0,-2219000000.0,1014000000.0,2674000000.0,-1000000.0,6404000000.0,6404000000.0,6404000000.0,-646000000.0,822000000.0,0.454,2654000000.0,2922000000.0,1966000000.0,0.023,1.094,2.69,3.58,12809000000.0,0.0,39.49,1.222,1.222,12201000000.0,14435000000.0,14096000000.0,14096000000.0,0.0,0.085,0.38,0.093,0.533,0.0,2654000000.0,1.0,436267871.0,436267871.0,,32.31,72059000000.0,1466000000.0,758000000.0,0.0,165.171,
52,L,MRT,2008-06-30,2008-06-30,2008-06-30,2021-09-07,-1101000000.0,74782000000.0,76688475000.0,,,0.191,31.679,-3284000000.0,168000000.0,168000000.0,8572000000.0,7759000000.0,,3.203,7395000000.0,,,7395000000.0,3644000000.0,471000000.0,0.0,0.005,0.25,8293000000.0,8764000000.0,0.598,8764000000.0,8293000000.0,7946000000.0,12.11,12.09,12.11,16781000000.0,17227075000.0,16781000000.0,31991603203.0,4.0,3.65,2906000000.0,5.486,1.0,6079000000.0,0.415,1357000000.0,347000000.0,80652000000.0,82485400000.0,0.0,45358000000.0,,,53747000000.0,,,24843603203.0,38000000.0,-4029000000.0,-290000000.0,2278000000.0,-330000000.0,1332000000.0,-7488000000.0,2559000000.0,6190000000.0,4000000.0,6950000000.0,6950000000.0,6950000000.0,-885000000.0,809000000.0,0.474,2479000000.0,3600000000.0,2344000000.0,0.021,1.48,3.575,3.873,11782000000.0,0.0,46.9,1.696,1.696,11965000000.0,14598000000.0,14651000000.0,14651000000.0,0.0,0.091,0.403,0.101,0.566,0.0,2479000000.0,1.0,529714354.0,529714354.0,,27.658,73425000000.0,1026000000.0,996000000.0,0.0,138.612,
53,L,MRT,2008-03-31,2008-03-31,2008-03-31,2021-09-07,-983000000.0,76892000000.0,77877350000.0,,,0.183,32.579,-2726000000.0,207000000.0,207000000.0,8534000000.0,3194000000.0,,3.236,7355000000.0,,,7355000000.0,3577000000.0,471000000.0,0.0,0.006,0.25,3742000000.0,4213000000.0,0.296,4213000000.0,3742000000.0,3412000000.0,3.5,3.5,3.5,17257000000.0,17316700000.0,17257000000.0,28421318903.0,8.0,6.746,4438000000.0,8.378,1.0,5712000000.0,0.401,1354000000.0,330000000.0,82686000000.0,83378525000.0,0.0,47429000000.0,,,55847000000.0,,,21304318903.0,64000000.0,-4029000000.0,-353000000.0,2219000000.0,-330000000.0,1339000000.0,-8443000000.0,155000000.0,7164000000.0,4000000.0,2500000000.0,2500000000.0,2500000000.0,-947000000.0,694000000.0,0.175,2389000000.0,3323000000.0,2155000000.0,0.071,1.235,8.522,11.491,11086000000.0,0.0,40.22,1.495,1.495,11959000000.0,14269000000.0,14246000000.0,14246000000.0,0.0,0.032,0.144,0.045,0.263,0.0,2389000000.0,1.0,529694652.0,529694652.0,,26.895,75538000000.0,1445000000.0,912000000.0,0.0,142.607,
54,L,MRT,2007-12-31,2007-12-31,2007-12-31,2021-09-07,-65000000.0,76115000000.0,77839250000.0,,,0.184,33.216,-2210000000.0,140000000.0,140000000.0,8533000000.0,3100000000.0,,3.105,7258000000.0,,,7258000000.0,3597000000.0,471000000.0,0.0,0.005,0.25,3802000000.0,4273000000.0,0.299,4273000000.0,3802000000.0,3483000000.0,3.66,3.65,3.66,17591000000.0,17231825000.0,17591000000.0,33765283683.0,9.0,7.902,3461000000.0,6.535,1.0,5769000000.0,0.403,1353000000.0,319000000.0,81880000000.0,83068550000.0,0.0,46669000000.0,,,54626000000.0,,,26660083683.0,-14000000.0,-4029000000.0,-664000000.0,2137000000.0,-331000000.0,1125000000.0,-6815000000.0,2854000000.0,5671000000.0,5000000.0,2488000000.0,2488000000.0,2488000000.0,-901000000.0,612000000.0,0.174,2256000000.0,3513000000.0,1044000000.0,0.068,1.516,10.715,13.754,10218000000.0,0.0,50.34,1.864,1.864,11469000000.0,13691000000.0,14302000000.0,14302000000.0,0.0,0.032,0.144,0.046,0.266,0.0,2256000000.0,1.0,529600391.0,529600391.0,,27.005,74762000000.0,441000000.0,995000000.0,0.0,141.167,
55,L,MRT,2007-09-30,2007-09-30,2007-09-30,2021-09-07,59100000.0,78964900000.0,78030750000.0,,,0.16,32.286,-1614800000.0,127000000.0,127000000.0,7997500000.0,2723200000.0,,3.359,7232200000.0,,,7232200000.0,3751000000.0,352000000.0,0.0,0.005,0.25,3271500000.0,3623500000.0,0.291,3623500000.0,3271500000.0,2961500000.0,4.03,4.03,4.03,17279300000.0,16959575000.0,17279300000.0,30860814646.0,9.0,8.517,2790600000.0,5.214,1.0,4472500000.0,0.359,1346500000.0,310000000.0,84723600000.0,83108800000.0,0.0,50657300000.0,,,58033300000.0,,,25876414646.0,-59300000.0,-4052700000.0,-918300000.0,1744300000.0,-332600000.0,540700000.0,-5005400000.0,2910100000.0,4405400000.0,0.0,2181500000.0,2181500000.0,2181500000.0,-1299700000.0,541700000.0,0.175,1314300000.0,3158200000.0,4081200000.0,0.062,1.498,11.862,11.998,9636700000.0,0.0,48.35,2.075,2.075,12908800000.0,13822200000.0,12470000000.0,12470000000.0,0.0,0.028,0.129,0.039,0.262,0.0,1314400000.0,1.0,535189548.0,535189548.0,,23.3,77618400000.0,845400000.0,780000000.0,0.0,145.03,
56,L,MRT,2007-06-30,2007-06-30,2007-06-30,2021-09-07,111200000.0,79537500000.0,77234150000.0,,,0.174,31.916,-1190900000.0,137100000.0,137100000.0,8267800000.0,2803300000.0,,3.434,5121500000.0,,,5121500000.0,3882000000.0,352000000.0,0.0,0.005,0.25,3559000000.0,3911000000.0,0.291,3911000000.0,3559000000.0,3251300000.0,4.2,4.2,4.2,17139500000.0,16660375000.0,17139500000.0,32381553640.0,9.0,8.28,1245500000.0,2.319,1.0,5184400000.0,0.385,297400000.0,307700000.0,84224500000.0,82240550000.0,0.0,54314800000.0,,,58864100000.0,,,27377653640.0,-34300000.0,-23500000.0,243700000.0,420600000.0,-333300000.0,523900000.0,-2994600000.0,-3816900000.0,2436400000.0,0.0,2289700000.0,2289700000.0,2289700000.0,-1059400000.0,513600000.0,0.17,1551100000.0,3633300000.0,4314800000.0,0.06,1.597,11.957,12.138,5989100000.0,0.0,50.98,2.035,2.035,14527400000.0,13349000000.0,13452200000.0,13452200000.0,0.0,0.03,0.137,0.043,0.265,0.0,1551200000.0,1.0,537027337.0,537027337.0,,25.049,79240100000.0,798800000.0,961600000.0,0.0,147.553,
57,L,MRT,2007-03-31,2007-03-31,2007-03-31,2021-09-07,393700000.0,76739600000.0,75277275000.0,,,0.189,31.129,-1003600000.0,128500000.0,128500000.0,8579500000.0,2718000000.0,,3.335,5132400000.0,,,5132400000.0,3824000000.0,352000000.0,0.0,0.006,0.25,3601800000.0,3953800000.0,0.278,3953800000.0,3601800000.0,3294400000.0,4.11,4.1,4.11,16917500000.0,15911450000.0,16917500000.0,30128063078.0,8.0,7.62,46500000.0,0.086,1.0,5633000000.0,0.396,297400000.0,307400000.0,81446100000.0,80288050000.0,0.0,53421500000.0,,,56416600000.0,,,24689463078.0,6100000.0,0.0,869600000.0,409000000.0,-327500000.0,1092600000.0,-2136600000.0,-2281500000.0,1050100000.0,0.0,2251600000.0,2251600000.0,2251600000.0,-825000000.0,466400000.0,0.158,1824200000.0,3808800000.0,4871500000.0,0.061,1.459,10.965,11.054,5720400000.0,0.0,45.43,1.737,1.737,13064000000.0,12780900000.0,14212500000.0,14212500000.0,0.0,0.03,0.142,0.045,0.253,0.0,1837200000.0,1.0,543461657.0,543461657.0,,26.152,76442200000.0,605200000.0,1042800000.0,0.0,140.658,
58,L,MRT,2006-12-31,2006-12-31,2006-12-31,2021-09-07,387000000.0,76881000000.0,73925225000.0,,,0.187,29.974,-880000000.0,118000000.0,118000000.0,8386000000.0,2491000000.0,,3.483,5572000000.0,,,5572000000.0,3784000000.0,352000000.0,0.0,0.006,0.237,3303000000.0,3655000000.0,0.264,3655000000.0,3303000000.0,2999000000.0,3.75,3.75,3.75,16502000000.0,15009700000.0,16502000000.0,28602008547.0,9.0,7.825,835000000.0,1.517,1.0,5458000000.0,0.394,294000000.0,304000000.0,82041000000.0,78938575000.0,0.0,53870000000.0,,,57483000000.0,,,22831008547.0,-8000000.0,0.0,1132000000.0,367000000.0,-308000000.0,914000000.0,-2637000000.0,-4645000000.0,1715000000.0,0.0,2075000000.0,2075000000.0,2075000000.0,-815000000.0,416000000.0,0.15,2050000000.0,3408000000.0,5188000000.0,0.063,1.384,11.003,11.059,5490000000.0,0.0,41.47,1.649,1.649,12936000000.0,12099000000.0,13844000000.0,13844000000.0,0.0,0.028,0.138,0.042,0.239,0.0,2063000000.0,1.0,550542767.0,550542767.0,,25.146,76587000000.0,606000000.0,924000000.0,0.0,139.112,
59,L,MRT,2006-09-30,2006-09-30,2006-09-30,2021-09-07,381700000.0,75778500000.0,72431425000.0,,,0.234,29.203,-695400000.0,155700000.0,155700000.0,10863100000.0,1872700000.0,,3.554,5926700000.0,,,5926700000.0,3870600000.0,381000000.0,0.0,0.006,0.225,2882000000.0,3263000000.0,0.192,3263000000.0,2882000000.0,2583500000.0,2.73,2.72,2.73,16082500000.0,14157225000.0,16082500000.0,25873707805.0,9.0,7.929,2130000000.0,3.868,1.0,6088100000.0,0.359,298900000.0,298500000.0,81250600000.0,77343850000.0,0.0,51484500000.0,,,57161700000.0,,,20872007805.0,-29100000.0,80700000.0,1803600000.0,695700000.0,-287900000.0,1978800000.0,-4833300000.0,-4568200000.0,2825400000.0,0.0,1512100000.0,1512100000.0,1512100000.0,-18700000.0,360600000.0,0.089,2481600000.0,3606500000.0,4472000000.0,0.082,1.298,13.803,13.883,5279900000.0,0.0,37.9,1.231,1.231,14278000000.0,11836400000.0,16951200000.0,16951200000.0,0.0,0.021,0.107,0.037,0.17,0.0,2494500000.0,1.0,550712607.0,550712607.0,,30.78,75479600000.0,628100000.0,1071400000.0,0.0,137.058,
60,L,MRT,2006-06-30,2006-06-30,2006-06-30,2021-09-07,0.0,71710000000.0,72145800000.0,,,0.23,25.43,-584200000.0,139900000.0,139900000.0,11202300000.0,1539800000.0,,3.92,5141600000.0,,,5141600000.0,3907100000.0,381000000.0,0.0,0.006,0.213,2335700000.0,2716700000.0,0.164,2716700000.0,2335700000.0,2042000000.0,2.21,2.2,2.21,14143800000.0,13342350000.0,14143800000.0,24732157018.0,11.0,9.104,2907700000.0,5.228,1.0,5379600000.0,0.324,297200000.0,293700000.0,76414500000.0,76874425000.0,0.0,46605100000.0,,,55439500000.0,,,19716957018.0,-178600000.0,68900000.0,942300000.0,-90500000.0,-263100000.0,126200000.0,-3796700000.0,-3226400000.0,3491900000.0,0.0,1229600000.0,1229600000.0,1229600000.0,-15200000.0,310200000.0,0.074,2442100000.0,2937500000.0,3621700000.0,0.096,1.394,16.035,16.041,5142500000.0,0.0,35.45,1.189,1.189,14796900000.0,,16581900000.0,16581900000.0,0.0,0.017,0.092,0.03,0.141,0.0,2455000000.0,1.0,556190607.0,556190607.0,,29.813,71412800000.0,1109700000.0,812400000.0,0.0,128.396,
61,L,MRT,2006-03-31,2006-03-31,2006-03-31,2021-09-07,0.0,71331400000.0,72764525000.0,,,0.224,23.869,-533000000.0,141000000.0,141000000.0,11374000000.0,1406700000.0,,4.205,5156200000.0,,,5156200000.0,3847000000.0,381000000.0,0.0,0.006,0.2,2083300000.0,2464300000.0,0.151,2464300000.0,2083300000.0,1774500000.0,2.03,2.03,2.03,13310500000.0,13031850000.0,13310500000.0,23865126291.0,11.0,9.684,3516800000.0,6.306,1.0,4961300000.0,0.304,298400000.0,308800000.0,76048200000.0,77474000000.0,0.0,45980400000.0,,,55973800000.0,,,18811426291.0,-49100000.0,57000000.0,381000000.0,-1933000000.0,-244700000.0,-2208300000.0,-1890600000.0,-2020600000.0,4049800000.0,0.0,1134600000.0,1134600000.0,1134600000.0,-19400000.0,272100000.0,0.069,2392800000.0,2568500000.0,4162900000.0,0.099,1.413,16.58,16.617,5051200000.0,0.0,33.733,1.152,1.152,15249900000.0,,16335300000.0,16335300000.0,0.0,0.016,0.087,0.027,0.128,0.0,2392800000.0,1.0,557650977.0,557650977.0,,29.293,71033000000.0,964100000.0,639900000.0,0.0,127.379,
62,L,MRT,2005-12-31,2005-12-31,2005-12-31,2021-09-07,311100000.0,70905800000.0,73462000000.0,,,0.216,23.495,-393000000.0,153100000.0,153100000.0,11295000000.0,1212000000.0,,4.259,5206800000.0,,,5206800000.0,3705700000.0,381000000.0,0.0,0.006,0.2,1808000000.0,2189000000.0,0.138,2189000000.0,1808000000.0,1444000000.0,1.72,1.72,1.72,13092100000.0,12742900000.0,13092100000.0,22651464536.0,13.0,10.348,2974000000.0,5.337,1.0,4537000000.0,0.287,297400000.0,364000000.0,75662100000.0,78941925000.0,0.0,45396000000.0,,,55754800000.0,,,17618064536.0,-52000000.0,57000000.0,432000000.0,-1818000000.0,-240000000.0,-1645000000.0,-1774000000.0,-1307000000.0,3367000000.0,0.0,961000000.0,961000000.0,961000000.0,-31000000.0,251000000.0,0.061,2346000000.0,2191000000.0,2805300000.0,0.116,1.346,18.333,18.382,4951600000.0,0.0,31.617,1.113,1.113,15543900000.0,10364400000.0,15832000000.0,15832000000.0,0.0,0.013,0.075,0.023,0.114,0.0,2346000000.0,1.0,557239785.0,557239785.0,,28.411,70608400000.0,905300000.0,483000000.0,0.0,126.711,
63,L,MRT,2005-09-30,2005-09-30,2005-09-30,2021-09-07,0.0,74636000000.0,74165625000.0,,,0.215,23.018,-350400000.0,203000000.0,203000000.0,10359100000.0,1566000000.0,,4.683,5236400000.0,,,5236400000.0,4343000000.0,350800000.0,0.0,0.006,0.2,2398100000.0,2748900000.0,0.172,2748900000.0,2398100000.0,2030400000.0,2.403,2.403,2.403,12823000000.0,12462350000.0,12823000000.0,22072466898.0,9.0,8.03,2713300000.0,4.871,1.0,5591900000.0,0.351,296500000.0,367700000.0,79372900000.0,80074300000.0,0.0,46509800000.0,,,60044700000.0,,,17160166898.0,58200000.0,-1110500000.0,298800000.0,-633000000.0,-230700000.0,-1046600000.0,-1958900000.0,-2455600000.0,3063700000.0,0.0,1340200000.0,1340200000.0,1340200000.0,8900000.0,225800000.0,0.084,2799300000.0,2792600000.0,4567900000.0,0.083,1.338,12.804,12.819,4883800000.0,0.0,30.803,1.076,1.076,17538000000.0,,15951000000.0,15951000000.0,0.0,0.018,0.108,0.03,0.15,0.0,2799300000.0,1.0,557087985.0,557087985.0,,28.633,74339500000.0,719900000.0,690200000.0,0.0,133.443,
64,L,MRT,2005-06-30,2005-06-30,2005-06-30,2021-09-07,0.0,74184900000.0,73370625000.0,,,0.213,23.166,-308100000.0,326400000.0,326400000.0,10003200000.0,1542300000.0,,4.614,5238700000.0,,,5238700000.0,4413700000.0,350800000.0,0.0,0.008,0.2,2404700000.0,2755500000.0,0.177,2755500000.0,2404700000.0,2037600000.0,2.387,2.387,2.387,12901800000.0,12119475000.0,12901800000.0,22470282047.0,9.0,8.155,3201800000.0,5.749,1.0,5596600000.0,0.359,284400000.0,367100000.0,78812800000.0,79473550000.0,0.0,45281200000.0,,,59532700000.0,,,14387282047.0,136100000.0,-1096300000.0,292900000.0,-384400000.0,-226000000.0,-714000000.0,-2659800000.0,-1718600000.0,3509900000.0,0.0,1330600000.0,1330600000.0,1330600000.0,11100000.0,211700000.0,0.085,2851800000.0,2744800000.0,5099600000.0,0.084,1.115,10.813,10.823,4864400000.0,0.0,25.833,0.922,0.922,18089700000.0,,15599800000.0,15599800000.0,0.0,0.018,0.11,0.03,0.154,0.0,2851800000.0,1.0,556927047.0,556927047.0,,28.01,73900500000.0,654200000.0,707000000.0,0.0,132.693,
65,L,MRT,2005-03-31,2005-03-31,2005-03-31,2021-09-07,0.0,74121300000.0,72812325000.0,,,0.213,21.827,-215300000.0,186100000.0,186100000.0,9927800000.0,1517200000.0,,4.96,8269100000.0,,,8269100000.0,4446700000.0,350800000.0,0.0,0.008,0.2,2342700000.0,2693500000.0,0.174,2693500000.0,2342700000.0,1987900000.0,2.37,2.37,2.37,12154700000.0,11564325000.0,12154700000.0,21339012390.0,9.0,7.922,2990600000.0,5.37,1.0,5557000000.0,0.359,284400000.0,354800000.0,81919900000.0,79273375000.0,0.0,44722600000.0,,,60291300000.0,,,13650612390.0,36600000.0,-463400000.0,290000000.0,939800000.0,-221400000.0,635500000.0,-3804800000.0,-3901800000.0,3205900000.0,0.0,1320600000.0,1320600000.0,1320600000.0,12900000.0,196600000.0,0.085,2901900000.0,2655100000.0,4422800000.0,0.084,1.123,10.337,10.343,4802800000.0,0.0,24.513,0.882,0.882,18708000000.0,,15484800000.0,15484800000.0,0.0,0.018,0.114,0.03,0.151,0.0,2901900000.0,1.0,556864797.0,556864797.0,,27.807,73836900000.0,778100000.0,667300000.0,0.0,132.594,
66,L,MRT,2004-12-31,2004-12-31,2004-12-31,2021-09-07,597400000.0,73720300000.0,73670950000.0,,,0.207,21.509,-214300000.0,219900000.0,219900000.0,10170200000.0,1215800000.0,,5.02,6990300000.0,,,6990300000.0,4522100000.0,350800000.0,0.0,0.009,0.2,1891600000.0,2242400000.0,0.147,2242400000.0,1891600000.0,1567500000.0,1.85,1.85,1.85,11969900000.0,11306100000.0,11969900000.0,18849500790.0,10.0,8.406,2967200000.0,5.332,1.0,5066700000.0,0.333,299100000.0,324100000.0,80191600000.0,79691150000.0,0.0,44298500000.0,,,60088400000.0,,,13040600790.0,28100000.0,-463400000.0,287800000.0,1141900000.0,-216800000.0,888400000.0,-4041800000.0,-3858300000.0,3181500000.0,0.0,1031300000.0,1031300000.0,1031300000.0,19500000.0,184500000.0,0.068,2913800000.0,2152900000.0,3576300000.0,0.108,1.089,12.645,12.667,4840700000.0,0.0,23.433,0.856,0.856,18833500000.0,9392700000.0,15236900000.0,15236900000.0,0.0,0.014,0.091,0.024,0.124,0.0,2913800000.0,1.0,556497900.0,556497900.0,,27.38,73421200000.0,645300000.0,536200000.0,0.0,131.934,
67,L,MRT,2004-09-30,2004-09-30,2004-09-30,2021-09-07,0.0,71456000000.0,74705200000.0,,,0.208,20.579,-341700000.0,139100000.0,139100000.0,10498200000.0,1114800000.0,,5.096,5948000000.0,,,5948000000.0,4381100000.0,325100000.0,0.0,0.01,0.2,1776900000.0,2102000000.0,0.135,2102000000.0,1776900000.0,1452900000.0,1.71,,1.71,11451500000.0,11069375000.0,11451500000.0,17209841600.0,10.0,8.187,2755900000.0,4.952,1.0,5031900000.0,0.324,295000000.0,324000000.0,76969900000.0,80550025000.0,0.0,43264300000.0,,,58357900000.0,,,10851141600.0,-137300000.0,1075400000.0,401200000.0,-270300000.0,-216900000.0,-144400000.0,-3090500000.0,-3483800000.0,3097600000.0,0.0,951600000.0,951600000.0,951600000.0,-1400000.0,163200000.0,0.061,3053700000.0,1978200000.0,4544000000.0,0.117,0.948,11.403,11.404,3763100000.0,0.0,19.5,0.699,0.699,18892600000.0,,15530100000.0,15530100000.0,0.0,0.013,0.086,0.022,0.114,0.0,3053700000.0,1.0,556468800.0,556468800.0,,27.908,71161000000.0,674800000.0,501300000.0,0.0,127.88,
68,L,MRT,2004-06-30,2004-06-30,2004-06-30,2021-09-07,0.0,71951700000.0,76289600000.0,,,0.206,19.195,-263100000.0,190700000.0,190700000.0,13373500000.0,-546600000.0,,5.586,6549400000.0,,,6549400000.0,4610400000.0,325100000.0,0.0,0.01,0.2,-888100000.0,-563000000.0,-0.036,-563000000.0,-888100000.0,-1219700000.0,-1.227,,-1.227,10681200000.0,10827325000.0,10681200000.0,17464608448.0,-20.0,-31.021,3360100000.0,6.038,1.0,2309900000.0,0.147,298300000.0,331600000.0,78012100000.0,82325825000.0,0.0,40494100000.0,,,59663400000.0,,,11121908448.0,-40000000.0,1072300000.0,400400000.0,-520700000.0,-208600000.0,-379600000.0,-3283600000.0,-4606700000.0,3623200000.0,0.0,-683200000.0,-683200000.0,-683200000.0,-57200000.0,136600000.0,-0.044,3278700000.0,-968800000.0,5223300000.0,-0.163,1.041,-16.279,-16.289,3777700000.0,0.0,19.987,0.709,0.709,21323500000.0,,15683400000.0,15683400000.0,0.0,-0.009,-0.063,-0.011,-0.057,0.0,3278700000.0,1.0,556466400.0,556466400.0,,28.184,71653400000.0,996100000.0,-536500000.0,0.0,128.765,
69,L,MRT,2004-03-31,2004-03-31,2004-03-31,2021-09-07,0.0,77555800000.0,77226675000.0,,,0.207,19.991,-321700000.0,133300000.0,133300000.0,13962900000.0,-742300000.0,,5.824,6476000000.0,,,6476000000.0,4832600000.0,325100000.0,0.0,0.01,0.2,-1103000000.0,-777900000.0,-0.049,-777900000.0,-1103000000.0,-1436800000.0,-1.55,,-1.55,11121800000.0,11215125000.0,11121800000.0,17033702773.0,-15.0,-21.897,2876600000.0,5.171,1.0,2044300000.0,0.128,307500000.0,333800000.0,83591000000.0,83455775000.0,0.0,42136600000.0,,,64769300000.0,,,10952502773.0,-123200000.0,-375000000.0,400700000.0,302300000.0,-200300000.0,434400000.0,-3755900000.0,-3044800000.0,3198300000.0,0.0,-863300000.0,-863300000.0,-863300000.0,-57100000.0,121000000.0,-0.054,3269600000.0,-1225300000.0,6222400000.0,-0.129,0.985,-12.687,-12.701,3826500000.0,0.0,19.687,0.684,0.684,19143900000.0,,16007200000.0,16007200000.0,0.0,-0.011,-0.077,-0.013,-0.069,0.0,3269600000.0,1.0,556341150.0,556341150.0,,28.772,77248300000.0,599500000.0,-573500000.0,0.0,138.851,
70,L,MRT,2003-12-31,2003-12-31,2003-12-31,2021-09-07,760200000.0,77857300000.0,74186450000.0,,,0.222,19.813,-440300000.0,180800000.0,180800000.0,14213600000.0,-597200000.0,,5.912,6262000000.0,,,6262000000.0,5000100000.0,325100000.0,0.0,0.012,0.2,-930600000.0,-605500000.0,-0.037,-605500000.0,-930600000.0,-1239000000.0,-1.28,-1.28,-1.28,11023000000.0,11129100000.0,11023000000.0,15892756622.0,-17.0,-26.247,2620200000.0,4.71,1.0,2246100000.0,0.136,311400000.0,308400000.0,83627100000.0,79992650000.0,0.0,42514800000.0,,,65165700000.0,,,9170356622.0,-47600000.0,-375000000.0,399700000.0,-101100000.0,-191800000.0,20900000.0,-3129000000.0,-2299300000.0,3060500000.0,0.0,-712400000.0,-712400000.0,-712400000.0,-56800000.0,115200000.0,-0.043,3294800000.0,-1048700000.0,5480400000.0,-0.156,0.832,-12.872,-12.878,3879700000.0,0.0,16.483,0.557,0.557,20328500000.0,8570800000.0,16459700000.0,16459700000.0,0.0,-0.01,-0.064,-0.012,-0.057,0.0,3294800000.0,1.0,556341150.0,556341150.0,,29.586,77545900000.0,548700000.0,-526600000.0,0.0,139.386,
71,L,MRT,2003-09-30,2003-09-30,2003-09-30,2021-09-07,0.0,77793600000.0,76651450000.0,,,0.21,18.843,-526900000.0,233400000.0,233400000.0,14008500000.0,-701900000.0,,6.258,6955800000.0,,,6955800000.0,5237200000.0,312200000.0,0.0,0.015,0.2,-1106900000.0,-794700000.0,-0.049,-794700000.0,-1106900000.0,-1415000000.0,-1.473,,-1.473,10483300000.0,10795150000.0,10483300000.0,14765097409.0,-13.0,-18.579,2167900000.0,3.897,1.0,2084300000.0,0.13,442900000.0,308100000.0,84073100000.0,83098950000.0,0.0,42716900000.0,,,65600100000.0,,,7486497409.0,-76400000.0,-980900000.0,1069800000.0,-108400000.0,-183100000.0,-364900000.0,-2406300000.0,-62655400000.0,2694800000.0,0.0,-819200000.0,-819200000.0,-819200000.0,-57200000.0,117300000.0,-0.051,3303200000.0,-1218900000.0,4720000000.0,-0.136,0.714,-9.139,-9.136,3862300000.0,0.0,13.457,0.465,0.465,19892000000.0,,16092800000.0,16092800000.0,0.0,-0.011,-0.076,-0.013,-0.069,0.0,3340000000.0,1.0,556341150.0,556341150.0,,28.926,77350700000.0,425600000.0,-595800000.0,0.0,139.035,
72,L,MRT,2003-06-30,2003-06-30,2003-06-30,2021-09-07,0.0,75700000000.0,76641850000.0,,,0.212,21.988,-675500000.0,187700000.0,187700000.0,11490600000.0,920100000.0,,5.029,7466300000.0,,,7466300000.0,5198300000.0,312200000.0,0.0,0.013,0.2,1566600000.0,1878800000.0,0.116,1878800000.0,1566600000.0,1262300000.0,1.41,,1.41,12232400000.0,11493850000.0,12232400000.0,14788414348.0,9.0,7.871,894300000.0,1.608,1.0,4733500000.0,0.292,446700000.0,304300000.0,82531900000.0,84366600000.0,0.0,43016100000.0,,,61511400000.0,,,8769514348.0,4600000.0,-980400000.0,1027800000.0,-124600000.0,-183000000.0,-442900000.0,-1122300000.0,533600000.0,1569800000.0,0.0,785200000.0,785200000.0,785200000.0,-1800000.0,134900000.0,0.048,2993500000.0,1740000000.0,4958200000.0,0.142,0.717,11.169,11.18,3896200000.0,0.0,15.763,0.541,0.541,17740600000.0,,16224100000.0,16224100000.0,0.0,0.01,0.068,0.019,0.097,0.0,3030300000.0,1.0,556323600.0,556323600.0,,29.163,75253300000.0,139300000.0,477100000.0,0.0,135.269,
73,L,MRT,2003-03-31,2003-03-31,2003-03-31,2021-09-07,,,,,,,,-653300000.0,,,11870300000.0,904100000.0,,,,,,,,312200000.0,,0.015,0.2,1571300000.0,1883500000.0,0.113,1883500000.0,1571300000.0,1264500000.0,1.35,,1.35,,,,13406877408.0,9.0,7.118,1083600000.0,1.948,1.0,4765800000.0,0.286,,306800000.0,,,,,,,,,,7387977408.0,83300000.0,-177600000.0,823200000.0,-417000000.0,-183400000.0,-950200000.0,-703400000.0,127500000.0,1736900000.0,0.0,752800000.0,752800000.0,752800000.0,-1900000.0,151300000.0,0.045,2990200000.0,1775600000.0,,0.148,,9.814,9.837,,0.0,13.28,0.444,0.444,,,16636100000.0,16636100000.0,0.0,,,,0.094,0.0,3027000000.0,1.0,556323600.0,556323600.0,,29.904,,,511700000.0,,,
74,L,MRT,2002-12-31,2002-12-31,2002-12-31,2021-09-07,538300000.0,70515600000.0,74943000000.0,,,0.233,20.195,-486200000.0,183900000.0,183900000.0,12419000000.0,926900000.0,,5.108,6204300000.0,,,6204300000.0,4820000000.0,312200000.0,0.0,0.013,0.2,1684500000.0,1996700000.0,0.114,1996700000.0,1684500000.0,1374900000.0,1.397,,1.397,11235200000.0,10918800000.0,11235200000.0,15062515752.0,9.0,7.544,1302000000.0,2.34,1.0,5044900000.0,0.289,177800000.0,309600000.0,76358200000.0,81876725000.0,0.0,40136700000.0,,,57385100000.0,,,8244715752.0,3100000.0,-177600000.0,718900000.0,-287900000.0,-166400000.0,147400000.0,-1932500000.0,-1268700000.0,1788200000.0,0.0,786200000.0,786200000.0,786200000.0,27000000.0,140700000.0,0.045,3069200000.0,1975700000.0,3562400000.0,0.143,0.734,10.487,10.608,3125200000.0,0.0,14.82,0.472,0.472,16598000000.0,9404600000.0,17463900000.0,17463900000.0,0.0,0.01,0.072,0.021,0.096,0.0,3106000000.0,1.0,556323600.0,556323600.0,,31.392,70337800000.0,626100000.0,588700000.0,0.0,126.433,
75,L,MRT,2002-09-30,2002-09-30,2002-09-30,2021-09-07,0.0,75509300000.0,76065750000.0,,,0.243,19.894,-387700000.0,308800000.0,308800000.0,13191100000.0,880900000.0,,5.628,7126600000.0,,,7126600000.0,5002300000.0,371900000.0,0.0,0.014,0.2,1683200000.0,2055100000.0,0.111,2055100000.0,1683200000.0,1375500000.0,1.353,,1.353,11107000000.0,10467325000.0,11107000000.0,16862374826.0,10.0,8.205,1109500000.0,1.987,1.0,5309800000.0,0.287,202300000.0,307700000.0,82124800000.0,83294525000.0,0.0,42690100000.0,,,62511000000.0,,,7981974826.0,150400000.0,0.0,-352900000.0,452600000.0,-149500000.0,901400000.0,-2248200000.0,59896400000.0,1497200000.0,0.0,777100000.0,777100000.0,777100000.0,23400000.0,103800000.0,0.042,3421700000.0,1888100000.0,4765000000.0,0.148,0.719,10.271,10.567,3042800000.0,0.0,14.297,0.431,0.431,18416700000.0,,18500900000.0,18500900000.0,0.0,0.01,0.074,0.02,0.091,0.0,3232800000.0,1.0,558310200.0,558310200.0,,33.137,75307000000.0,595000000.0,598400000.0,0.0,134.884,
76,L,MRT,2002-06-30,2002-06-30,2002-06-30,2021-09-07,0.0,77583700000.0,76087775000.0,,,0.251,18.966,-363800000.0,182100000.0,182100000.0,13795500000.0,807500000.0,,6.039,9062500000.0,,,9062500000.0,4914100000.0,371900000.0,0.0,0.011,0.2,1611400000.0,1983300000.0,0.104,1983300000.0,1611400000.0,1303700000.0,1.287,,1.287,10755300000.0,10118075000.0,10755300000.0,16983232175.0,11.0,8.563,1168300000.0,2.06,1.0,5301500000.0,0.278,262800000.0,307700000.0,86201300000.0,83251325000.0,0.0,44040900000.0,,,64953300000.0,,,10016832175.0,16800000.0,0.0,-590900000.0,74600000.0,-133300000.0,339800000.0,-1855100000.0,-1491300000.0,1532100000.0,0.0,748100000.0,748100000.0,748100000.0,19200000.0,59400000.0,0.039,3539400000.0,1762100000.0,4635400000.0,0.155,0.931,13.39,13.724,2999800000.0,0.0,17.663,0.525,0.525,19113500000.0,,19097000000.0,19097000000.0,0.0,0.01,0.074,0.019,0.084,0.0,3350500000.0,1.0,567097500.0,567097500.0,,33.675,77320900000.0,724000000.0,555600000.0,0.0,136.345,
77,L,MRT,2002-03-31,2002-03-31,2002-03-31,2021-09-07,0.0,76163400000.0,75288525000.0,,,0.247,18.447,-392700000.0,129200000.0,129200000.0,15667800000.0,-806500000.0,,6.016,7095600000.0,,,7095600000.0,4960300000.0,371900000.0,0.0,0.013,0.25,-837600000.0,-465700000.0,-0.025,-465700000.0,-837600000.0,-1159800000.0,-1.387,,-1.387,10577700000.0,9849600000.0,10577700000.0,18538135164.0,-22.0,-39.807,90900000.0,0.159,1.0,2917900000.0,0.157,307200000.0,322200000.0,82822600000.0,82229500000.0,0.0,41248500000.0,,,63633800000.0,,,11196735164.0,-52600000.0,0.0,-385900000.0,15700000.0,-116600000.0,498000000.0,-1034200000.0,-641500000.0,483600000.0,0.0,-824500000.0,-824500000.0,-824500000.0,17300000.0,18000000.0,-0.044,3864900000.0,-947000000.0,5142900000.0,-0.18,1.059,-13.58,-14.078,3004100000.0,0.0,19.527,0.602,0.602,19948000000.0,,18585700000.0,18585700000.0,0.0,-0.011,-0.084,-0.01,-0.045,0.0,3619900000.0,1.0,573407400.0,573407400.0,,32.413,75856200000.0,759500000.0,-335300000.0,0.0,132.29,
78,L,MRT,2001-12-31,2001-12-31,2001-12-31,2021-09-07,194700000.0,75006600000.0,74628650000.0,,,0.251,16.414,-224100000.0,181300000.0,181300000.0,15366600000.0,-587100000.0,,6.748,7522700000.0,,,7522700000.0,4505300000.0,371900000.0,0.0,0.013,0.242,-433500000.0,-61600000.0,-0.003,-61600000.0,-433500000.0,-765500000.0,-1.003,,-1.003,9429300000.0,10153525000.0,9429300000.0,17319698954.0,-40.0,-281.164,314900000.0,0.548,1.0,3361600000.0,0.179,318600000.0,332000000.0,82029400000.0,82000500000.0,0.0,41159100000.0,,,63628400000.0,,,10604898954.0,-13800000.0,0.0,-281800000.0,-138100000.0,-112500000.0,-616800000.0,64000000.0,288100000.0,539000000.0,0.0,-587100000.0,-587100000.0,-587100000.0,-13900000.0,0.0,-0.031,3858700000.0,-497100000.0,4088500000.0,-0.241,1.125,-18.063,-18.405,3075300000.0,0.0,18.46,0.566,0.566,19452800000.0,8994900000.0,18728200000.0,18728200000.0,0.0,-0.008,-0.058,-0.005,-0.023,0.0,3607700000.0,1.0,574479900.0,574479900.0,,32.6,74688000000.0,738600000.0,-178400000.0,0.0,130.01,
79,L,MRT,2001-09-30,2001-09-30,2001-09-30,2021-09-07,0.0,75597400000.0,73837375000.0,,,0.253,16.564,-178500000.0,158500000.0,158500000.0,15453800000.0,-302400000.0,,6.577,6873300000.0,,,6873300000.0,4766500000.0,356600000.0,0.0,0.015,0.233,13400000.0,370000000.0,0.02,370000000.0,13400000.0,-333100000.0,-0.51,,-0.51,9710000000.0,10593975000.0,9710000000.0,17186026788.0,1283.0,46.449,-423700000.0,-0.723,1.0,3239800000.0,0.173,360200000.0,346500000.0,81952000000.0,81381425000.0,0.0,41404400000.0,,,63866500000.0,,,9108926788.0,-57800000.0,0.0,-279600000.0,-613200000.0,-108500000.0,-1174000000.0,1361400000.0,1539900000.0,-245200000.0,0.0,-302400000.0,-302400000.0,-302400000.0,-11200000.0,0.0,-0.016,3266700000.0,-26900000.0,4529400000.0,-0.457,0.938,-30.122,-30.248,3034200000.0,0.0,15.427,0.487,0.484,19018500000.0,,18693600000.0,18693600000.0,0.0,-0.004,-0.029,0.0,0.001,0.0,3210600000.0,1.0,590466300.0,586200000.0,,31.889,75237200000.0,839900000.0,-30700000.0,0.0,128.347,
80,L,MRT,2001-06-30,2001-06-30,2001-06-30,2021-09-07,0.0,74386700000.0,73301225000.0,,,0.27,16.365,-206000000.0,165400000.0,165400000.0,15501500000.0,211500000.0,,6.48,8242500000.0,,,8242500000.0,4756400000.0,356600000.0,0.0,0.01,0.225,808500000.0,1165100000.0,0.059,1165100000.0,808500000.0,446200000.0,0.357,,0.357,9681400000.0,10811325000.0,9681400000.0,21450666757.0,27.0,18.411,-603300000.0,-1.02,1.0,4282000000.0,0.216,349800000.0,362300000.0,82114000000.0,81069450000.0,0.0,41586800000.0,,,62733100000.0,,,12708166757.0,-70900000.0,0.0,400000.0,-217100000.0,-103500000.0,-547400000.0,873800000.0,1079800000.0,-397300000.0,0.0,211500000.0,211500000.0,211500000.0,-6600000.0,0.0,0.011,3435500000.0,846500000.0,1678900000.0,0.63,1.313,60.086,60.159,3009700000.0,0.0,21.477,0.642,0.642,17422200000.0,,19783500000.0,19783500000.0,0.0,0.003,0.02,0.01,0.041,0.0,3379400000.0,1.0,591719700.0,591600000.0,,33.441,74036900000.0,850000000.0,234700000.0,0.0,125.147,
81,L,MRT,2001-03-31,2001-03-31,2001-03-31,2021-09-07,0.0,73523900000.0,72510850000.0,,,0.289,19.935,-170300000.0,181900000.0,181900000.0,13664500000.0,2137300000.0,,5.04,8924400000.0,,,8924400000.0,0.0,356600000.0,0.0,0.008,0.167,3796000000.0,4152600000.0,0.198,4152600000.0,3796000000.0,3441200000.0,3.613,,3.613,11793400000.0,10882075000.0,11793400000.0,18871115521.0,5.0,4.544,-562300000.0,-0.95,1.0,7292800000.0,0.348,359800000.0,354800000.0,81906600000.0,80180050000.0,0.0,42381500000.0,,,59438400000.0,,,11717915521.0,-40100000.0,0.0,-17000000.0,139200000.0,-98600000.0,-286200000.0,638100000.0,808400000.0,-392000000.0,0.0,2137300000.0,2137300000.0,2137300000.0,-4700000.0,0.0,0.102,3201800000.0,4091000000.0,1511300000.0,0.046,0.994,5.483,5.481,3017900000.0,0.0,19.803,0.559,0.559,16212100000.0,,20957300000.0,20957300000.0,0.0,0.029,0.196,0.047,0.181,0.0,3201800000.0,1.0,591714300.0,591600000.0,,35.425,73164100000.0,351100000.0,1303900000.0,0.0,123.672,
82,L,MRT,2000-12-31,2000-12-31,2000-12-31,2021-09-07,756700000.0,71841500000.0,72236825000.0,,,0.286,18.914,-631100000.0,195200000.0,195200000.0,13890000000.0,1848600000.0,,5.222,8285500000.0,,,8285500000.0,4820600000.0,356600000.0,0.0,0.01,0.167,3295200000.0,3651800000.0,0.177,3651800000.0,3295200000.0,2938300000.0,3.1,,3.1,11191100000.0,10396600000.0,11191100000.0,17864710400.0,5.0,4.892,-1069900000.0,-1.808,1.0,6794100000.0,0.328,378700000.0,356900000.0,79553100000.0,79858225000.0,0.0,41332700000.0,,,58442500000.0,,,10216410400.0,11300000.0,0.0,-305700000.0,310300000.0,-99700000.0,-539500000.0,989600000.0,1620700000.0,-438800000.0,0.0,1848600000.0,1848600000.0,1848600000.0,-4500000.0,0.0,0.089,3286100000.0,3508000000.0,2352600000.0,0.054,0.913,5.527,5.57,3206300000.0,0.0,17.267,0.494,0.494,15301600000.0,10191600000.0,20684100000.0,20684100000.0,0.0,0.026,0.178,0.041,0.159,0.0,3286100000.0,1.0,591684000.0,591684000.0,,34.958,71462800000.0,404000000.0,1089700000.0,0.0,120.779,
83,L,MRT,2000-09-30,2000-09-30,2000-09-30,2021-09-07,0.0,73452800000.0,71642375000.0,,,0.287,17.883,-629500000.0,216300000.0,216300000.0,16220100000.0,1166000000.0,,5.731,7864600000.0,,,7864600000.0,0.0,395300000.0,0.0,0.012,0.167,2174900000.0,2570200000.0,0.125,2570200000.0,2174900000.0,1840800000.0,2.002,,2.002,10579400000.0,10093250000.0,10579400000.0,15958835320.0,7.0,6.209,-3355000000.0,-5.671,1.0,4343600000.0,0.211,397000000.0,334100000.0,80704100000.0,79025925000.0,0.0,42194400000.0,,,60634800000.0,,,8222435320.0,-146600000.0,0.0,-471900000.0,327700000.0,-101600000.0,-601300000.0,3180200000.0,3809700000.0,-2725500000.0,0.0,1166000000.0,1166000000.0,1166000000.0,0.0,0.0,0.057,2020000000.0,2323600000.0,2571400000.0,0.083,0.777,7.052,6.941,3199800000.0,0.0,13.897,0.4,0.4,15404400000.0,,20563700000.0,20563700000.0,0.0,0.016,0.116,0.028,0.106,0.0,1937000000.0,1.0,591684000.0,591600000.0,,34.759,73055800000.0,743200000.0,674800000.0,0.0,123.489,
84,L,MRT,2000-06-30,2000-06-30,2000-06-30,2021-09-07,0.0,71225200000.0,71431950000.0,,,0.284,16.835,-651500000.0,236300000.0,236300000.0,16052300000.0,757700000.0,,5.931,7972700000.0,,,7972700000.0,0.0,395300000.0,0.0,0.017,0.167,1550900000.0,1946200000.0,0.096,1946200000.0,1550900000.0,1218600000.0,1.272,,1.272,9964400000.0,9924775000.0,9964400000.0,14522691500.0,9.0,7.462,-4156300000.0,-7.022,1.0,4267900000.0,0.21,405200000.0,332300000.0,78556400000.0,78940475000.0,0.0,40177700000.0,,,59097600000.0,,,5916991500.0,-58600000.0,0.0,-598700000.0,184500000.0,-104000000.0,-848000000.0,4294200000.0,4945700000.0,-3504800000.0,0.0,757700000.0,757700000.0,757700000.0,0.0,0.0,0.037,2622000000.0,1645900000.0,1340000000.0,0.131,0.594,7.809,7.862,3156200000.0,0.0,10.0,0.291,0.291,15273700000.0,,20320200000.0,20320200000.0,0.0,0.011,0.076,0.02,0.076,0.0,2539000000.0,1.0,591699150.0,591900000.0,,34.33,70820000000.0,866600000.0,460900000.0,0.0,119.649,
85,L,MRT,2000-03-31,2000-03-31,2000-03-31,2021-09-07,0.0,72427800000.0,72063100000.0,,,0.286,16.161,-701000000.0,222000000.0,222000000.0,16075300000.0,501400000.0,,6.122,8827700000.0,,,8827700000.0,0.0,395300000.0,0.0,0.02,0.167,1150600000.0,1545900000.0,0.075,1545900000.0,1150600000.0,821600000.0,0.797,,0.797,9851500000.0,10015425000.0,9851500000.0,12139135000.0,11.0,7.852,-3294200000.0,-5.404,1.0,4542800000.0,0.22,414200000.0,329000000.0,80619300000.0,79730925000.0,0.0,41627100000.0,,,60306900000.0,,,4969435000.0,-178900000.0,0.0,-706700000.0,-211500000.0,-106600000.0,-1272300000.0,3686600000.0,4387600000.0,-2593200000.0,0.0,501400000.0,501400000.0,501400000.0,0.0,0.0,0.024,3292000000.0,1250800000.0,1216900000.0,0.21,0.504,9.911,10.456,3150000000.0,0.0,8.333,0.241,0.246,14849700000.0,,20618100000.0,20618100000.0,0.0,0.007,0.05,0.014,0.056,0.0,3209000000.0,1.0,596332200.0,609600000.0,,33.822,72013600000.0,770300000.0,320200000.0,0.0,118.133,
86,L,MRT,1999-12-31,1999-12-31,1999-12-31,2021-09-07,1016600000.0,69463700000.0,72281150000.0,,,0.297,15.681,-608800000.0,183900000.0,183900000.0,16149300000.0,363200000.0,,5.726,7353600000.0,,,7353600000.0,5103100000.0,395300000.0,0.0,0.017,0.167,1023000000.0,1418300000.0,0.066,1418300000.0,1023000000.0,668700000.0,0.557,,0.557,9977700000.0,10209000000.0,9977700000.0,14644892707.0,14.0,10.326,-2566100000.0,-4.033,1.0,5293400000.0,0.247,409500000.0,354300000.0,76223900000.0,79501775000.0,0.0,40633000000.0,,,57135700000.0,,,6436192707.0,-103500000.0,0.0,-601600000.0,-253000000.0,-108900000.0,-1074600000.0,2928400000.0,3537200000.0,-1957300000.0,0.0,363200000.0,363200000.0,363200000.0,0.0,0.0,0.017,3994900000.0,1298500000.0,516600000.0,0.3,0.645,17.721,18.16,2952700000.0,0.0,10.115,0.3,0.3,13540900000.0,8705900000.0,21442700000.0,21442700000.0,0.0,0.005,0.036,0.013,0.048,0.0,3911900000.0,1.0,636301800.0,636301800.0,,33.699,69054200000.0,773900000.0,305500000.0,0.0,108.524,
87,L,MRT,1999-09-30,1999-09-30,1999-09-30,2021-09-07,0.0,72611100000.0,72660075000.0,,,0.298,15.343,-790700000.0,362900000.0,362900000.0,13475200000.0,255200000.0,,6.085,8571600000.0,,,8571600000.0,0.0,437000000.0,0.0,0.014,0.167,876200000.0,1313200000.0,0.061,1313200000.0,876200000.0,502600000.0,0.422,,0.422,9905500000.0,10264875000.0,9905500000.0,15981394452.0,18.0,12.17,286400000.0,0.444,1.0,8171300000.0,0.377,457500000.0,373600000.0,80362300000.0,79633000000.0,0.0,44526800000.0,,,60276100000.0,,,7550394452.0,181900000.0,0.0,-543300000.0,-2200000.0,-110700000.0,-787400000.0,-107800000.0,682900000.0,1077100000.0,0.0,255200000.0,255200000.0,255200000.0,0.0,0.0,0.012,6974600000.0,1196700000.0,1249500000.0,0.396,0.762,29.586,27.721,3084500000.0,0.0,11.698,0.349,0.349,13147500000.0,,21646500000.0,21646500000.0,0.0,0.004,0.025,0.011,0.04,0.0,6613900000.0,1.0,645424800.0,645600000.0,,33.529,72153600000.0,1102400000.0,247400000.0,0.0,111.762,
88,L,MRT,1999-06-30,1999-06-30,1999-06-30,2021-09-07,0.0,73749800000.0,72257150000.0,,,0.306,15.762,-771900000.0,294900000.0,294900000.0,13219500000.0,601000000.0,,5.896,8725900000.0,,,8725900000.0,0.0,437000000.0,0.0,0.013,0.167,1439900000.0,1876900000.0,0.085,1876900000.0,1439900000.0,1068100000.0,0.898,,0.898,10327000000.0,10416275000.0,10327000000.0,15529341024.0,11.0,8.274,1110400000.0,1.695,1.0,8905500000.0,0.403,462600000.0,371800000.0,81718200000.0,78506775000.0,0.0,45889600000.0,,,60892200000.0,,,8644541024.0,108600000.0,0.0,-526600000.0,146800000.0,-112400000.0,-764400000.0,-1009300000.0,-237400000.0,1882300000.0,0.0,601000000.0,601000000.0,601000000.0,0.0,0.0,0.027,7113700000.0,1791800000.0,1776400000.0,0.186,0.837,14.384,14.686,2991800000.0,0.0,13.188,0.391,0.391,13354500000.0,,22125000000.0,22125000000.0,0.0,0.008,0.058,0.018,0.065,0.0,6722200000.0,1.0,655468800.0,655200000.0,,33.768,73287200000.0,808500000.0,467100000.0,0.0,111.855,
89,L,MRT,1999-03-31,1999-03-31,1999-03-31,2021-09-07,0.0,73300000000.0,71656125000.0,,,0.306,15.84,-754400000.0,400900000.0,400900000.0,12961000000.0,593900000.0,,5.653,7285700000.0,,,7285700000.0,0.0,437000000.0,0.0,0.013,0.167,1458700000.0,1895700000.0,0.086,1895700000.0,1458700000.0,1069600000.0,0.868,,0.868,10625800000.0,10285275000.0,10625800000.0,14561208388.0,10.0,7.681,-46100000.0,-0.069,1.0,8980800000.0,0.409,482100000.0,389100000.0,79702700000.0,77177650000.0,0.0,44744600000.0,,,60067300000.0,,,8302408388.0,102100000.0,0.0,-401600000.0,191400000.0,-113800000.0,-581900000.0,-24300000.0,730100000.0,708300000.0,0.0,593900000.0,593900000.0,593900000.0,0.0,0.0,0.027,7126100000.0,1854700000.0,1442800000.0,0.192,0.781,13.979,14.33,2942400000.0,0.0,12.438,0.378,0.38,14734000000.0,,21941800000.0,21941800000.0,0.0,0.008,0.058,0.019,0.066,0.0,6689500000.0,1.0,667485600.0,670800000.0,,32.71,72817900000.0,682200000.0,475700000.0,0.0,108.554,
90,L,MRT,1998-12-31,1998-12-31,1998-12-31,2021-09-07,892800000.0,70979400000.0,70942325000.0,,,0.3,14.955,-644000000.0,287400000.0,287400000.0,12728600000.0,464800000.0,,5.715,6546200000.0,,,6546200000.0,5039400000.0,437000000.0,0.0,0.01,0.167,1188500000.0,1625500000.0,0.076,1625500000.0,1188500000.0,819300000.0,0.677,,0.677,10201200000.0,10011175000.0,10201200000.0,16748321100.0,14.0,10.303,-737300000.0,-1.081,1.0,8567400000.0,0.402,489400000.0,369200000.0,76748800000.0,76173775000.0,0.0,42705200000.0,,,58300900000.0,,,11170121100.0,-210400000.0,0.0,-218000000.0,211900000.0,-114600000.0,-366800000.0,249700000.0,893700000.0,-93300000.0,0.0,464800000.0,464800000.0,464800000.0,0.0,0.0,0.022,7120800000.0,1446600000.0,1160800000.0,0.247,1.095,24.032,24.188,2848300000.0,0.0,16.375,0.525,0.525,13087400000.0,9033500000.0,21296000000.0,21296000000.0,0.0,0.007,0.046,0.016,0.056,0.0,6541800000.0,1.0,682144800.0,682144800.0,,31.219,70490000000.0,872600000.0,354500000.0,0.0,103.336,
91,L,MRT,1998-09-30,1998-09-30,1998-09-30,2021-09-07,0.0,70999400000.0,70693250000.0,,,0.307,15.273,-514500000.0,181000000.0,181000000.0,12449100000.0,1073500000.0,,5.517,5759200000.0,,,5759200000.0,0.0,341700000.0,0.0,0.012,0.167,2136700000.0,2478400000.0,0.114,2478400000.0,2136700000.0,1770400000.0,1.558,,1.558,10511100000.0,9877150000.0,10511100000.0,15492047932.0,7.0,6.251,-174800000.0,-0.254,1.0,9264100000.0,0.427,720200000.0,366300000.0,75857400000.0,75646375000.0,0.0,42155500000.0,,,57985400000.0,,,9679347932.0,-228200000.0,0.0,-110100000.0,-29400000.0,-114900000.0,-472800000.0,-95100000.0,419400000.0,339700000.0,0.0,1073500000.0,1073500000.0,1073500000.0,0.0,0.0,0.049,6793600000.0,2470500000.0,1821600000.0,0.107,0.921,9.017,9.027,2669800000.0,0.0,14.063,0.446,0.446,14960300000.0,,21713200000.0,21713200000.0,0.0,0.015,0.109,0.028,0.098,0.0,6376500000.0,1.0,688268400.0,688200000.0,,31.551,70279200000.0,661900000.0,696900000.0,0.0,102.12,
92,L,MRT,1998-06-30,1998-06-30,1998-06-30,2021-09-07,0.0,71345700000.0,70573825000.0,,,0.295,14.207,-514400000.0,186300000.0,186300000.0,12496000000.0,654000000.0,,6.018,5999000000.0,,,5999000000.0,0.0,341700000.0,0.0,0.012,0.167,1465600000.0,1807300000.0,0.087,1807300000.0,1465600000.0,1100300000.0,0.948,,0.948,9803000000.0,9574775000.0,9803000000.0,16016350000.0,11.0,8.862,-407100000.0,-0.59,1.0,8336300000.0,0.4,756700000.0,365300000.0,76401700000.0,75758800000.0,0.0,41426900000.0,,,58989600000.0,,,10019950000.0,-291900000.0,0.0,0.0,1203200000.0,-115000000.0,1031200000.0,-1430400000.0,-916000000.0,107300000.0,0.0,654000000.0,654000000.0,654000000.0,0.0,0.0,0.031,6515500000.0,1820800000.0,2151400000.0,0.176,1.022,15.321,15.318,2620000000.0,0.0,14.522,0.481,0.481,15686500000.0,,20832300000.0,20832300000.0,0.0,0.009,0.068,0.019,0.07,0.0,6129200000.0,1.0,690000000.0,690000000.0,,30.192,70589000000.0,882600000.0,446300000.0,0.0,102.303,
93,L,MRT,1998-03-31,1998-03-31,1998-03-31,2021-09-07,0.0,70444800000.0,70109750000.0,,,0.287,13.811,-671600000.0,298800000.0,298800000.0,12373100000.0,470600000.0,,6.135,6295200000.0,,,6295200000.0,0.0,341700000.0,0.0,0.01,0.167,1160200000.0,1501900000.0,0.075,1501900000.0,1160200000.0,817800000.0,0.682,,0.682,9529400000.0,9340975000.0,9529400000.0,17396250000.0,15.0,11.583,-216000000.0,-0.313,1.0,7779600000.0,0.386,754000000.0,342400000.0,75687200000.0,75301150000.0,0.0,42044200000.0,,,58458300000.0,,,11988750000.0,-159300000.0,0.0,0.0,1255600000.0,-115100000.0,1095100000.0,-1710000000.0,-1038400000.0,455600000.0,0.0,470600000.0,470600000.0,470600000.0,0.0,0.0,0.023,6294500000.0,1485100000.0,1806200000.0,0.245,1.258,25.475,25.477,2591400000.0,0.0,17.375,0.595,0.595,13913700000.0,,20152700000.0,20152700000.0,0.0,0.007,0.05,0.015,0.058,0.0,5953300000.0,1.0,690000000.0,690000000.0,,29.207,69690800000.0,995600000.0,347200000.0,0.0,101.001,
94,L,MRT,1997-12-31,1997-12-31,1997-12-31,2021-09-07,488900000.0,69983100000.0,69915350000.0,,,0.29,14.007,-702400000.0,497800000.0,497800000.0,12420200000.0,793600000.0,,5.986,5905300000.0,,,5905300000.0,4699900000.0,341700000.0,0.0,0.009,0.167,1612300000.0,1954000000.0,0.096,1954000000.0,1612300000.0,1288900000.0,1.15,,1.15,9665100000.0,9112400000.0,9665100000.0,18695400000.0,12.0,9.568,-458600000.0,-0.665,1.0,7846400000.0,0.387,751400000.0,323400000.0,74639200000.0,75239625000.0,0.0,41619100000.0,,,57853600000.0,,,12201500000.0,192100000.0,0.0,0.0,1379600000.0,-115000000.0,1230300000.0,-1282000000.0,-579600000.0,243800000.0,0.0,793600000.0,793600000.0,793600000.0,0.0,0.0,0.039,5929800000.0,1916600000.0,1559200000.0,0.145,1.262,15.375,15.377,2590200000.0,0.0,17.683,0.602,0.602,13754900000.0,8895400000.0,20266600000.0,20266600000.0,0.0,0.011,0.087,0.021,0.08,0.0,5731000000.0,1.0,690000000.0,690000000.0,,29.372,69231700000.0,944300000.0,495300000.0,0.0,100.336,
95,L,MRT,1997-09-30,1997-09-30,1997-09-30,2021-09-07,0.0,70521700000.0,69270300000.0,,,0.288,13.481,-727400000.0,409200000.0,409200000.0,12596200000.0,748500000.0,,6.338,6903100000.0,,,6903100000.0,0.0,285000000.0,0.0,0.009,0.167,1547700000.0,1832700000.0,0.092,1832700000.0,1547700000.0,1230600000.0,1.085,,1.085,9301600000.0,8878925000.0,9301600000.0,18625300000.0,12.0,10.163,-298300000.0,-0.432,1.0,7340400000.0,0.368,708500000.0,317100000.0,76307100000.0,74443275000.0,0.0,42098300000.0,,,58954100000.0,,,12995000000.0,102300000.0,0.0,0.0,1665000000.0,-115100000.0,1524400000.0,-1851200000.0,-1123800000.0,429100000.0,0.0,748500000.0,748500000.0,748500000.0,0.0,0.0,0.038,5518200000.0,1822200000.0,3870800000.0,0.154,1.397,17.361,17.358,2492900000.0,0.0,18.833,0.652,0.652,13831500000.0,,19936600000.0,19936600000.0,0.0,0.011,0.084,0.021,0.078,0.0,5518200000.0,1.0,690000000.0,690000000.0,,28.894,69813200000.0,928200000.0,482100000.0,0.0,101.179,
96,L,MRT,1997-06-30,1997-06-30,1997-06-30,2021-09-07,0.0,69489400000.0,,,,,12.852,-735800000.0,478200000.0,478200000.0,12570000000.0,939500000.0,,6.605,6108500000.0,,,6108500000.0,0.0,285000000.0,0.0,0.01,0.167,1790400000.0,2075400000.0,0.104,2075400000.0,1790400000.0,1481900000.0,1.36,,1.36,8867800000.0,,8867800000.0,17840200000.0,10.0,8.596,-323100000.0,-0.468,1.0,7471500000.0,0.373,548600000.0,308500000.0,74571100000.0,,0.0,40672100000.0,,,58572000000.0,,,11511500000.0,137000000.0,0.0,-78100000.0,408200000.0,-115000000.0,181300000.0,-457000000.0,278800000.0,412700000.0,0.0,939500000.0,939500000.0,939500000.0,0.0,0.0,0.047,5431900000.0,2039600000.0,3741500000.0,0.123,1.298,12.253,12.267,2437200000.0,0.0,16.683,0.574,0.574,14198600000.0,,20041500000.0,20041500000.0,0.0,,,,0.089,0.0,5431900000.0,1.0,690000000.0,690000000.0,,29.046,68940800000.0,1092100000.0,542400000.0,0.0,99.914,
97,L,MRT,1997-03-31,1997-03-31,1997-03-31,2021-09-07,0.0,69667200000.0,,,,,12.486,-579900000.0,458100000.0,458100000.0,12474700000.0,1254400000.0,,6.871,6786800000.0,,,6786800000.0,0.0,285000000.0,0.0,0.011,0.167,2255500000.0,2540500000.0,0.125,2540500000.0,2255500000.0,1953500000.0,1.81,,1.81,8615100000.0,,8615100000.0,14834500000.0,7.0,5.839,-305800000.0,-0.443,1.0,7862300000.0,0.387,554800000.0,302000000.0,75441100000.0,,0.0,41110900000.0,,,59194900000.0,,,10221200000.0,54800000.0,0.0,-215700000.0,395500000.0,-115400000.0,30600000.0,-249900000.0,330000000.0,274100000.0,0.0,1254400000.0,1254400000.0,1254400000.0,0.0,0.0,0.062,5375900000.0,2486400000.0,3750900000.0,0.092,1.186,8.148,8.184,2284100000.0,0.0,14.813,0.503,0.503,14120600000.0,,20337000000.0,20337000000.0,0.0,,,,0.111,0.0,5375900000.0,1.0,690000000.0,690000000.0,,29.474,69112400000.0,1225000000.0,699100000.0,0.0,100.163,
98,L,MRT,1996-12-31,1996-12-31,1996-12-31,2021-09-07,233600000.0,67402900000.0,66459900000.0,,,0.308,12.654,-545500000.0,305700000.0,305700000.0,12362600000.0,1383900000.0,,6.504,4919000000.0,,,4919000000.0,4658700000.0,285000000.0,0.0,0.011,0.167,2493300000.0,2778300000.0,0.136,2778300000.0,2493300000.0,2175300000.0,1.985,,1.985,8731200000.0,8484950000.0,8731200000.0,,,,404500000.0,0.586,1.0,8079800000.0,0.395,562400000.0,318000000.0,71453800000.0,70634750000.0,0.0,39917400000.0,,,56790800000.0,,,10838750000.0,64000000.0,0.0,-215700000.0,44000000.0,-116200000.0,-323800000.0,-562200000.0,-16700000.0,950000000.0,0.0,1383900000.0,1383900000.0,1383900000.0,0.0,0.0,0.068,5354000000.0,2725800000.0,966400000.0,0.084,1.241,7.832,7.914,2225100000.0,0.0,15.708,0.53,0.53,13427100000.0,8216800000.0,20442400000.0,20442400000.0,0.0,0.021,0.163,0.035,0.122,0.0,5354000000.0,1.0,690000000.0,690000000.0,,29.627,66840500000.0,1138000000.0,791400000.0,0.0,96.87,
99,L,MRT,1996-09-30,1996-09-30,1996-09-30,2021-09-07,,,,,,,,,,,,,,,,,,,,,,0.011,0.146,,,,,,,,,,,,,,,,,,1.0,,,,,,,,,,,,,,,,,,,,,,,,,,,,,,,,,,,,,,,,12.895,,,,,,,,,,,,,,1.0,,691200000.0,,,,,,,,
100,L,MRT,1996-06-30,1996-06-30,1996-06-30,2021-09-07,,,,,,,,,,,,,,,,,,,,,,0.01,0.125,,,,,,,,,,,,,,,,,,1.0,,,,,,,,,,,,,,,,,,,,,,,,,,,,,,,,,,,,,,,,13.042,,,,,,,,,,,,,,1.0,,699600000.0,,,,,,,,
101,L,MRT,1996-03-31,1996-03-31,1996-03-31,2021-09-07,,,,,,,,,,,,,,,,,,,,,,0.008,0.104,,,,,,,,,,,,,,,,,,1.0,,,,,,,,,,,,,,,,,,,,,,,,,,,,,,,,,,,,,,,,12.542,,,,,,,,,,,,,,1.0,,706800000.0,,,,,,,,
102,L,MRT,1995-12-31,1995-12-31,1995-12-31,2021-09-07,793100000.0,65516900000.0,,,,,,-241400000.0,241700000.0,241700000.0,10915800000.0,1765700000.0,,6.79,5022300000.0,,,5022300000.0,4549500000.0,225800000.0,0.0,0.006,0.083,2993500000.0,3219300000.0,0.172,3219300000.0,2993500000.0,2711000000.0,2.497,,2.497,8238700000.0,,8238700000.0,,,,1054500000.0,,1.0,7761600000.0,0.416,481800000.0,282500000.0,69815700000.0,,0.0,39630900000.0,,,55938900000.0,,,,81100000.0,279700000.0,-6000000.0,1126300000.0,-73800000.0,1034900000.0,-2249700000.0,-2288000000.0,1295900000.0,0.0,1765700000.0,1765700000.0,1765700000.0,0.0,0.0,0.095,4639800000.0,3121800000.0,2653100000.0,0.033,,,5.232,1437500000.0,0.0,13.063,,,13660100000.0,7157800000.0,18677400000.0,18677400000.0,0.0,,,,0.16,0.0,4639800000.0,1.0,,,,,65035100000.0,1205200000.0,945300000.0,0.0,,
103,L,MRT,1994-12-31,1994-12-31,1994-12-31,2021-09-07,,,,,,,,-111400000.0,,,9378100000.0,267800000.0,,,,,,,,160700000.0,,0.011,0.083,433400000.0,594100000.0,0.044,594100000.0,433400000.0,258800000.0,0.37,,0.37,,,,,,,1387900000.0,,1.0,4137100000.0,0.306,,174600000.0,,,,,,,,,,,4900000.0,184000000.0,-225100000.0,-54000000.0,-60200000.0,-328900000.0,-1165500000.0,-1238100000.0,1499300000.0,0.0,267800000.0,267800000.0,267800000.0,0.0,0.0,0.02,3696400000.0,440700000.0,,0.224,,,19.568,,0.0,7.24,,,,,13515200000.0,13515200000.0,0.0,,,,0.032,0.0,3696400000.0,1.0,,,,,,,-9000000.0,,,
