None,ticker,dimension,calendardate,datekey,reportperiod,lastupdated,accoci,assets,assetsavg,assetsc,assetsnc,assetturnover,bvps,capex,cashneq,cashnequsd,cor,consolinc,currentratio,de,debt,debtc,debtnc,debtusd,deferredrev,depamor,deposits,divyield,dps,ebit,ebitda,ebitdamargin,ebitdausd,ebitusd,ebt,eps,epsdil,epsusd,equity,equityavg,equityusd,ev,evebit,evebitda,fcf,fcfps,fxusd,gp,grossmargin,intangibles,intexp,invcap,invcapavg,inventory,investments,investmentsc,investmentsnc,liabilities,liabilitiesc,liabilitiesnc,marketcap,ncf,ncfbus,ncfcommon,ncfdebt,ncfdiv,ncff,ncfi,ncfinv,ncfo,ncfx,netinc,netinccmn,netinccmnusd,netincdis,netincnci,netmargin,opex,opinc,payables,payoutratio,pb,pe,pe1,ppnenet,prefdivis,price,ps,ps1,receivables,retearn,revenue,revenueusd,rnd,roa,roe,roic,ros,sbcomp,sgna,sharefactor,sharesbas,shareswa,shareswadil,sps,tangibles,taxassets,taxexp,taxliabilities,tbvps,workingcapital
0,RHT,MRY,2019-12-31,2019-02-28,2019-02-28,2019-06-28,-42622000.0,5588289000.0,5172433000.0,3463656000.0,2124633000.0,0.65,9.13,-71809000.0,1883096000.0,1883096000.0,498251000.0,433988000.0,1.272,2.463,301367000.0,69827000.0,231540000.0,301367000.0,2982424000.0,109046000.0,0.0,0.0,0.0,537893000.0,646939000.0,0.192,646939000.0,537893000.0,518055000.0,2.46,2.33,2.46,1613932000.0,1439827750.0,1613932000.0,31253314457.0,58.0,48.31,940973000.0,5.323,1.0,2863818000.0,0.852,1482936000.0,19838000.0,-198950000.0,164729500.0,0.0,541873000.0,293361000.0,248512000.0,3974357000.0,2722574000.0,1251783000.0,32276461457.0,158964000.0,-11550000.0,-480603000.0,-439323000.0,0.0,-919926000.0,109960000.0,194684000.0,1012782000.0,-43852000.0,433988000.0,433988000.0,433988000.0,0.0,0.0,0.129,2351586000.0,512232000.0,491259000.0,0.0,19.999,74.372,74.228,198969000.0,0.0,182.6,9.6,9.601,980188000.0,2054069000.0,3362069000.0,3362069000.0,668542000.0,0.084,0.301,3.265,0.16,209096000.0,1683044000.0,1.0,176760468.0,176773000,186321000.0,19.019,4105353000.0,112568000.0,84067000.0,0.0,23.224,741082000.0
1,RHT,MRY,2018-12-31,2018-02-28,2018-02-28,2019-06-28,-32596000.0,5474493000.0,4846449250.0,3142097000.0,2332396000.0,0.603,8.344,-101687000.0,1724132000.0,1724132000.0,431797000.0,261851000.0,1.363,2.704,768000000.0,23806000.0,744194000.0,768000000.0,2595172000.0,97138000.0,0.0,0.0,0.0,502560000.0,599698000.0,0.205,599698000.0,502560000.0,477991000.0,1.48,1.42,1.48,1478124000.0,1404288750.0,1478124000.0,25521628820.0,51.0,42.557,821451000.0,4.637,1.0,2488664000.0,0.852,1513783000.0,24569000.0,699071000.0,991349500.0,0.0,748800000.0,318358000.0,430442000.0,3996369000.0,2305507000.0,1690862000.0,26090433820.0,633324000.0,-315081000.0,-271516000.0,-1583000.0,0.0,-273099000.0,-76854000.0,340103000.0,923138000.0,60139000.0,261851000.0,261851000.0,261851000.0,0.0,0.0,0.09,2012932000.0,475732000.0,427139000.0,0.0,17.651,99.638,99.595,206105000.0,0.0,147.4,8.934,8.941,806744000.0,1619688000.0,2920461000.0,2920461000.0,578330000.0,0.054,0.186,0.507,0.172,192249000.0,1434602000.0,1.0,177004300.0,177150000,184602000.0,16.486,3960710000.0,92606000.0,216140000.0,0.0,22.358,836590000.0
2,RHT,MRY,2017-12-31,2017-02-28,2017-02-28,2019-06-28,-88352000.0,4535185000.0,4208328750.0,2315702000.0,2219483000.0,0.573,6.943,-80897000.0,1090808000.0,1090808000.0,354378000.0,255390000.0,1.225,2.636,745633000.0,0.0,745633000.0,745633000.0,2069956000.0,85309000.0,0.0,0.0,0.0,345832000.0,431141000.0,0.179,431141000.0,345832000.0,322010000.0,1.42,1.4,1.42,1247320000.0,1296713250.0,1247320000.0,14587503700.0,42.0,33.835,702820000.0,3.912,1.0,2057425000.0,0.853,1178476000.0,23822000.0,1120461000.0,1160104250.0,0.0,1042423000.0,369983000.0,672440000.0,3287865000.0,1891073000.0,1396792000.0,14764028700.0,163030000.0,-28667000.0,-502509000.0,-1684000.0,0.0,-504193000.0,-110133000.0,134000.0,783717000.0,-6361000.0,255390000.0,255390000.0,255390000.0,0.0,0.0,0.106,1723350000.0,334075000.0,376957000.0,0.0,11.837,57.81,58.317,189629000.0,0.0,82.81,6.122,6.168,634821000.0,1352991000.0,2411803000.0,2411803000.0,480668000.0,0.061,0.197,0.298,0.143,192530000.0,1242682000.0,1.0,178287993.0,179642000,182961000.0,13.426,3356709000.0,104833000.0,66620000.0,0.0,18.686,424629000.0
3,RHT,MRY,2016-12-31,2016-02-29,2016-02-29,2019-06-28,-74449000.0,4155099000.0,3904013750.0,1872433000.0,2282666000.0,0.526,7.299,-55517000.0,927778000.0,927778000.0,309629000.0,199365000.0,1.201,2.114,723942000.0,0.0,723942000.0,723942000.0,1722544000.0,76088000.0,0.0,0.0,0.0,297986000.0,374074000.0,0.182,374074000.0,297986000.0,274865000.0,1.09,1.07,1.09,1334432000.0,1349174500.0,1334432000.0,11721801814.0,39.0,31.336,680806000.0,3.724,1.0,1742601000.0,0.849,1173348000.0,23121000.0,1218738000.0,1205314250.0,0.0,1067612000.0,281142000.0,786470000.0,2820667000.0,1559177000.0,1261490000.0,11934553814.0,-119695000.0,-126459000.0,-325954000.0,-1843000.0,0.0,-327797000.0,-512108000.0,-326563000.0,736323000.0,-16113000.0,199365000.0,199365000.0,199365000.0,0.0,0.0,0.097,1454553000.0,288048000.0,284802000.0,0.0,8.944,59.863,59.954,166886000.0,0.0,65.35,5.815,5.822,509715000.0,1099738000.0,2052230000.0,2052230000.0,413322000.0,0.051,0.148,0.247,0.145,186465000.0,1041231000.0,1.0,182625154.0,182817000,186119000.0,11.226,2981751000.0,111456000.0,75500000.0,0.0,16.31,313256000.0
4,RHT,MRY,2015-12-31,2015-02-28,2015-02-28,2019-06-28,-60621000.0,3784569000.0,3367438500.0,1883443000.0,1901126000.0,0.531,6.907,-51771000.0,1047473000.0,1047473000.0,273199000.0,180201000.0,1.412,1.938,702939000.0,0.0,702939000.0,702939000.0,1482328000.0,76263000.0,0.0,0.0,0.0,264892000.0,341155000.0,0.191,341155000.0,264892000.0,255498000.0,0.97,0.95,0.97,1288338000.0,1390401000.0,1288338000.0,12504465793.0,47.0,36.653,576631000.0,3.091,1.0,1516290000.0,0.847,1061336000.0,9394000.0,1044666000.0,726527750.0,0.0,761270000.0,215254000.0,546016000.0,2496231000.0,1334033000.0,1162198000.0,12677610793.0,400731000.0,-296121000.0,-496314000.0,786987000.0,0.0,142633000.0,-325003000.0,11607000.0,628402000.0,-45301000.0,180201000.0,180201000.0,180201000.0,0.0,0.0,0.101,1266296000.0,249994000.0,237733000.0,0.0,9.84,70.353,71.258,172151000.0,0.0,69.12,7.084,7.205,468021000.0,900373000.0,1789489000.0,1789489000.0,367856000.0,0.054,0.13,0.365,0.148,140839000.0,898440000.0,1.0,183414508.0,186529000,189246000.0,9.594,2723233000.0,98892000.0,75297000.0,0.0,14.6,549410000.0
5,RHT,MRY,2014-12-31,2014-02-28,2014-02-28,2019-06-28,-4459000.0,3106619000.0,2838125250.0,1571182000.0,1535437000.0,0.541,8.167,-97559000.0,646742000.0,646742000.0,232600000.0,178292000.0,1.369,1.003,0.0,0.0,0.0,0.0,1289197000.0,74405000.0,0.0,0.0,0.0,239708000.0,314113000.0,0.205,314113000.0,239708000.0,239548000.0,0.94,0.93,0.94,1551165000.0,1464319750.0,1551165000.0,10538757151.0,44.0,33.551,443021000.0,2.333,1.0,1302015000.0,0.848,820829000.0,160000.0,490962000.0,367758500.0,0.0,840687000.0,335387000.0,505300000.0,1555454000.0,1148086000.0,407368000.0,11180868151.0,159658000.0,0.0,-274643000.0,-1304000.0,0.0,-263110000.0,-108262000.0,-8619000.0,540580000.0,-9550000.0,178292000.0,178292000.0,178292000.0,0.0,0.0,0.116,1069726000.0,232289000.0,179468000.0,0.0,7.208,62.711,62.755,173917000.0,0.0,58.99,7.286,7.3,360594000.0,720172000.0,1534615000.0,1534615000.0,317263000.0,0.063,0.122,0.652,0.156,113774000.0,750292000.0,1.0,189538365.0,189920000,192036000.0,8.08,2285790000.0,108264000.0,61256000.0,0.0,12.036,423096000.0
6,RHT,MRY,2013-12-31,2013-02-28,2013-02-28,2019-06-28,-7967000.0,2813660000.0,2641454500.0,1368749000.0,1444911000.0,0.503,7.87,-120038000.0,487084000.0,487084000.0,200600000.0,150204000.0,1.389,0.851,0.0,0.0,0.0,0.0,1089952000.0,62341000.0,0.0,0.0,0.0,210019000.0,272360000.0,0.205,272360000.0,210019000.0,209752000.0,0.78,0.77,0.78,1520161000.0,1475196750.0,1520161000.0,9210295092.0,44.0,33.817,345259000.0,1.788,1.0,1128217000.0,0.849,833154000.0,267000.0,507710000.0,471316750.0,0.0,831289000.0,392381000.0,438908000.0,1293499000.0,985712000.0,307787000.0,9816206092.0,-62133000.0,-135501000.0,-159168000.0,-1016000.0,0.0,-125965000.0,-389049000.0,-134127000.0,465297000.0,-12416000.0,150204000.0,150204000.0,150204000.0,0.0,0.0,0.113,927179000.0,201038000.0,154202000.0,0.0,6.457,65.352,65.141,141586000.0,0.0,50.81,7.387,7.385,302942000.0,541880000.0,1328817000.0,1328817000.0,263150000.0,0.057,0.102,0.446,0.158,98698000.0,660887000.0,1.0,193194373.0,193147000,195804000.0,6.88,1980506000.0,88765000.0,59548000.0,0.0,10.254,383037000.0
7,RHT,MRY,2012-12-31,2012-02-29,2012-02-29,2019-06-28,-5952000.0,2491099000.0,2356936000.0,1221355000.0,1269744000.0,0.481,7.242,-51618000.0,549217000.0,549217000.0,178548000.0,146626000.0,1.478,0.781,0.0,0.0,0.0,0.0,946736000.0,51372000.0,0.0,0.0,0.0,208009000.0,259381000.0,0.229,259381000.0,208009000.0,208009000.0,0.76,0.75,0.76,1398817000.0,1374472000.0,1398817000.0,9025906402.0,43.0,34.798,340265000.0,1.762,1.0,954555000.0,0.842,692201000.0,0.0,423376000.0,355788500.0,0.0,711136000.0,264298000.0,446838000.0,1092282000.0,826305000.0,265977000.0,9552571402.0,-93413000.0,-135210000.0,-152740000.0,-1027000.0,0.0,-123836000.0,-358860000.0,-171389000.0,391883000.0,-2600000.0,146626000.0,146626000.0,146626000.0,0.0,0.0,0.129,754642000.0,199913000.0,114078000.0,0.0,6.829,65.149,65.079,92065000.0,0.0,49.46,8.43,8.431,255180000.0,391676000.0,1133103000.0,1133103000.0,208662000.0,0.062,0.107,0.585,0.184,49336000.0,545980000.0,1.0,193137311.0,193151000,196451000.0,5.866,1798898000.0,69765000.0,61383000.0,0.0,9.313,395050000.0
8,RHT,MRY,2011-12-31,2011-02-28,2011-02-28,2019-06-28,-1819000.0,2199322000.0,2000874500.0,1184558000.0,1014764000.0,0.454,6.783,-46852000.0,642630000.0,642630000.0,150287000.0,107278000.0,1.743,0.704,0.0,0.0,0.0,0.0,772254000.0,47997000.0,0.0,0.0,0.0,153694000.0,201691000.0,0.222,201691000.0,153694000.0,153694000.0,0.56,0.55,0.56,1290699000.0,1195984750.0,1290699000.0,7370528299.0,48.0,36.544,243896000.0,1.282,1.0,758990000.0,0.835,573605000.0,0.0,303286000.0,244324750.0,0.0,549761000.0,217970000.0,331791000.0,908623000.0,679801000.0,228822000.0,7965442299.0,254512000.0,-31381000.0,-31953000.0,-558000.0,0.0,9780000.0,-54855000.0,19440000.0,290748000.0,8839000.0,107278000.0,107278000.0,107278000.0,0.0,0.0,0.118,613314000.0,145676000.0,106514000.0,0.0,6.171,74.25,73.714,75558000.0,0.0,41.28,8.76,8.639,184741000.0,245050000.0,909277000.0,909277000.0,171253000.0,0.054,0.09,0.629,0.169,18306000.0,442061000.0,1.0,192961296.0,190294000,196353000.0,4.778,1625717000.0,75720000.0,46416000.0,0.0,8.543,504757000.0
9,RHT,MRY,2010-12-31,2010-02-28,2010-02-28,2019-06-28,1056000.0,1870872000.0,1821399000.0,1003119000.0,867753000.0,0.411,5.915,-33112000.0,388118000.0,388118000.0,113845000.0,87253000.0,1.771,0.684,0.0,0.0,0.0,0.0,645860000.0,45861000.0,0.0,0.0,0.0,121502000.0,167363000.0,0.224,167363000.0,121502000.0,121502000.0,0.46,0.45,0.46,1111052000.0,1102324000.0,1111052000.0,4903612587.0,40.0,29.299,222137000.0,1.183,1.0,634391000.0,0.848,546962000.0,0.0,369525000.0,306005500.0,0.0,582067000.0,372656000.0,209411000.0,759820000.0,566267000.0,193553000.0,5293321587.0,-127430000.0,0.0,-144916000.0,-900000.0,0.0,-110247000.0,-276203000.0,-243091000.0,255249000.0,3771000.0,87253000.0,87253000.0,87253000.0,0.0,0.0,0.117,534042000.0,100349000.0,16483000.0,0.0,4.764,60.666,60.978,71708000.0,0.0,28.05,7.074,7.042,139436000.0,137772000.0,748236000.0,748236000.0,148360000.0,0.048,0.079,0.397,0.162,12719000.0,376932000.0,1.0,188710217.0,187845000,193546000.0,3.983,1323910000.0,57951000.0,34249000.0,0.0,7.048,436852000.0
10,RHT,MRY,2009-12-31,2009-02-28,2009-02-28,2019-06-28,10327000.0,1753636000.0,2017711750.0,890832000.0,862804000.0,0.323,5.798,-28417000.0,515548000.0,515548000.0,106126000.0,78721000.0,1.994,0.585,0.0,0.0,0.0,0.0,543082000.0,40309000.0,0.0,0.0,0.0,121532000.0,161841000.0,0.248,161841000.0,121532000.0,121532000.0,0.41,0.39,0.41,1106053000.0,1059974000.0,1106053000.0,2368055966.0,19.0,14.632,208022000.0,1.09,1.0,546446000.0,0.837,560286000.0,0.0,231153000.0,470535750.0,0.0,330541000.0,147178000.0,183363000.0,647583000.0,446649000.0,200934000.0,2602392966.0,-162172000.0,-148140000.0,-24673000.0,-565627000.0,0.0,-539163000.0,146216000.0,322773000.0,236439000.0,-5664000.0,78721000.0,78721000.0,78721000.0,0.0,0.0,0.121,463925000.0,82521000.0,9576000.0,0.0,2.353,33.058,33.39,67913000.0,0.0,13.69,3.988,4.002,128669000.0,50519000.0,652572000.0,652572000.0,130177000.0,0.039,0.074,0.258,0.186,-2822000.0,333748000.0,1.0,190094446.0,190772000,211344000.0,3.421,1193350000.0,0.0,42811000.0,0.0,6.255,444183000.0
11,RHT,MRY,2008-12-31,2008-02-29,2008-02-29,2019-06-28,1990000.0,2079982000.0,1974276250.0,1192356000.0,887626000.0,0.265,4.916,-47413000.0,677720000.0,677720000.0,80653000.0,76667000.0,1.23,1.187,570000000.0,570000000.0,0.0,570000000.0,472893000.0,33002000.0,0.0,0.0,0.0,130792000.0,163794000.0,0.313,163794000.0,130792000.0,124540000.0,0.4,0.36,0.4,951191000.0,914121500.0,951191000.0,3449368893.0,26.0,21.059,155663000.0,0.805,1.0,442363000.0,0.846,434137000.0,6252000.0,568377000.0,1059023250.0,0.0,654223000.0,312442000.0,341781000.0,1128791000.0,969748000.0,159043000.0,3466327893.0,150481000.0,-11784000.0,-51645000.0,2142000.0,0.0,11744000.0,-70156000.0,-10959000.0,203076000.0,5817000.0,76667000.0,76667000.0,76667000.0,0.0,0.0,0.147,371991000.0,70372000.0,17341000.0,0.0,3.644,45.213,44.575,68557000.0,0.0,17.83,6.628,6.596,127002000.0,-28202000.0,523016000.0,523016000.0,97417000.0,0.039,0.084,0.124,0.25,-24790000.0,274574000.0,1.0,194409865.0,193485000,221313000.0,2.703,1645845000.0,0.0,47873000.0,0.0,8.506,222608000.0
12,RHT,MRY,2007-12-31,2007-02-28,2007-02-28,2019-06-28,-1795000.0,1785854000.0,1629826500.0,1007065000.0,778789000.0,0.246,4.337,-22635000.0,527239000.0,527239000.0,64736000.0,59907000.0,3.353,1.175,570000000.0,0.0,570000000.0,570000000.0,338635000.0,23853000.0,0.0,0.0,0.0,95579000.0,119432000.0,0.298,119432000.0,95579000.0,89563000.0,0.32,0.29,0.32,821236000.0,711963000.0,821236000.0,4088333944.0,43.0,34.231,178921000.0,0.945,1.0,335888000.0,0.838,423151000.0,6016000.0,1105101000.0,972330500.0,0.0,628855000.0,350827000.0,278028000.0,964618000.0,300363000.0,664255000.0,4314325944.0,259692000.0,-149864000.0,24484000.0,-400000.0,0.0,40072000.0,16686000.0,189185000.0,201556000.0,1378000.0,59907000.0,59907000.0,59907000.0,0.0,0.0,0.15,283599000.0,52289000.0,12062000.0,0.0,5.253,72.017,70.156,45258000.0,0.0,22.45,10.769,10.611,87973000.0,-92092000.0,400624000.0,400624000.0,71038000.0,0.037,0.084,0.098,0.239,16446000.0,212561000.0,1.0,192174875.0,189347000,218823000.0,2.116,1362703000.0,0.0,29656000.0,0.0,7.197,706702000.0
13,RHT,MRY,2006-12-31,2006-02-28,2006-02-28,2019-06-28,-8482000.0,1314241000.0,1220456250.0,881239000.0,433002000.0,0.228,2.681,-16757000.0,267547000.0,267547000.0,48507000.0,79685000.0,4.386,1.752,570000000.0,0.0,570000000.0,570000000.0,223488000.0,15434000.0,0.0,0.0,0.0,88135000.0,103569000.0,0.372,103569000.0,88135000.0,82016000.0,0.45,0.41,0.45,477558000.0,414405000.0,477558000.0,5189987670.0,59.0,50.111,169795000.0,0.953,1.0,229823000.0,0.826,89409000.0,6119000.0,1326363000.0,1313510000.0,0.0,809993000.0,537324000.0,272669000.0,836683000.0,200922000.0,635761000.0,4801933670.0,127378000.0,-2803000.0,31807000.0,-26064000.0,0.0,5743000.0,-62266000.0,-42706000.0,186552000.0,-2651000.0,79685000.0,79685000.0,79685000.0,0.0,0.0,0.286,171741000.0,58082000.0,5627000.0,0.0,10.055,60.261,59.711,35822000.0,0.0,26.87,17.253,17.195,59792000.0,-152113000.0,278330000.0,278330000.0,40883000.0,0.065,0.192,0.067,0.317,4106000.0,130858000.0,1.0,178709850.0,178112000,207815000.0,1.563,1224832000.0,0.0,2331000.0,0.0,6.877,680317000.0
14,RHT,MRY,2005-12-31,2005-02-28,2005-02-28,2019-06-28,-9510000.0,1134036000.0,1147740500.0,385253000.0,748783000.0,0.171,1.991,-14921000.0,140169000.0,140169000.0,38487000.0,45426000.0,2.768,2.136,600000000.0,0.0,600000000.0,600000000.0,137316000.0,10911000.0,0.0,0.0,0.0,51377000.0,62288000.0,0.317,62288000.0,51377000.0,44941000.0,0.25,0.24,0.25,361671000.0,405403250.0,361671000.0,2434913793.0,47.0,39.091,107296000.0,0.591,1.0,157979000.0,0.804,90331000.0,6436000.0,1364337000.0,1354336750.0,0.0,788594000.0,181028000.0,607566000.0,772365000.0,139199000.0,633166000.0,2068736793.0,-321135000.0,-21053000.0,-82176000.0,0.0,0.0,-83371000.0,-360636000.0,-324662000.0,122217000.0,655000.0,45426000.0,45426000.0,45426000.0,0.0,0.0,0.231,131033000.0,26946000.0,8426000.0,0.0,5.72,45.541,45.88,32726000.0,0.0,11.47,10.53,10.604,51959000.0,-231798000.0,196466000.0,196466000.0,32468000.0,0.04,0.112,0.038,0.262,4619000.0,98565000.0,1.0,180360662.0,181636000,215882000.0,1.082,1043705000.0,0.0,-485000.0,0.0,5.746,246054000.0
15,RHT,MRY,2004-12-31,2004-02-29,2004-02-29,2019-06-28,6243000.0,1111653000.0,590988000.0,660038000.0,451615000.0,0.211,2.345,-13209000.0,461304000.0,461304000.0,33936000.0,13732000.0,7.637,1.724,601436000.0,898000.0,600538000.0,601436000.0,73696000.0,6871000.0,0.0,0.0,0.0,14812000.0,21683000.0,0.174,21683000.0,14812000.0,13732000.0,0.08,0.07,0.08,408030000.0,364581500.0,408030000.0,3110842724.0,210.0,143.469,48366000.0,0.278,1.0,90801000.0,0.728,69713000.0,1080000.0,1095650000.0,474749500.0,0.0,480080000.0,147297000.0,332783000.0,703264000.0,86422000.0,616842000.0,3170457724.0,421754000.0,3380000.0,28778000.0,569708000.0,0.0,597256000.0,-238382000.0,-228553000.0,61575000.0,1305000.0,13732000.0,13732000.0,13732000.0,0.0,0.0,0.11,87855000.0,2946000.0,7154000.0,0.0,7.77,230.881,226.125,29448000.0,0.0,18.09,25.417,25.235,42672000.0,-277224000.0,124737000.0,124737000.0,26483000.0,0.023,0.038,0.031,0.119,3144000.0,61372000.0,1.0,175260239.0,174003000,206358000.0,0.717,1041940000.0,0.0,0.0,0.0,5.988,573616000.0
16,RHT,MRY,2003-12-31,2003-02-28,2003-02-28,2019-06-28,5734000.0,390339000.0,379242750.0,120331000.0,270008000.0,0.238,1.976,-6766000.0,45250000.0,45250000.0,31019000.0,-6734000.0,2.67,0.16,2633000.0,1240000.0,1393000.0,2633000.0,17779000.0,6519000.0,0.0,0.0,0.0,-6734000.0,-215000.0,-0.002,-215000.0,-6734000.0,-6734000.0,-0.04,0.04,-0.04,336306000.0,330092750.0,336306000.0,979209282.0,-145.0,-4554.462,-7524000.0,-0.044,1.0,59256000.0,0.656,40828000.0,0.0,261828000.0,263300500.0,799000.0,247090000.0,45216000.0,201874000.0,53918000.0,45066000.0,8852000.0,1004127282.0,5682000.0,-1222000.0,2227000.0,3525000.0,0.0,5752000.0,-350000.0,7638000.0,-758000.0,1038000.0,-6734000.0,-6734000.0,-6734000.0,0.0,0.0,-0.075,76555000.0,-17299000.0,20510000.0,0.0,2.986,-149.113,-147.25,22972000.0,0.0,5.89,11.123,11.102,24407000.0,-290404000.0,90275000.0,90275000.0,22439000.0,-0.018,-0.02,-0.026,-0.075,3466000.0,51308000.0,1.0,170480014.0,170158000,170158000.0,0.531,349511000.0,0.0,0.0,0.0,2.054,75265000.0
17,RHT,MRY,2002-12-31,2002-02-28,2002-02-28,2019-06-28,-2714000.0,369865000.0,419153185.0,118569000.0,251296000.0,0.19,1.933,-6752000.0,55468000.0,55468000.0,28782000.0,-139949000.0,3.207,0.129,2612000.0,1049000.0,1563000.0,2612000.0,8624000.0,59720000.0,0.0,0.0,0.0,-139949000.0,-80229000.0,-1.009,-80229000.0,-139949000.0,-139949000.0,-0.83,-0.83,-0.83,327475000.0,381868789.0,327475000.0,942810649.0,-7.0,-11.751,-14231000.0,-0.084,1.0,50721000.0,0.638,35459000.0,0.0,244575000.0,232993755.0,885000.0,231509000.0,40928000.0,190581000.0,42316000.0,36975000.0,5341000.0,996362649.0,-29745000.0,-994000.0,-3449000.0,6808000.0,0.0,2493000.0,-23868000.0,-16122000.0,-7479000.0,-891000.0,-139949000.0,-139949000.0,-139949000.0,10355000.0,0.0,-1.76,185503000.0,-134782000.0,16267000.0,0.0,3.043,-7.119,-7.096,20399000.0,0.0,5.89,12.532,12.554,18646000.0,-283805000.0,79503000.0,79503000.0,20535000.0,-0.334,-0.366,-0.601,-1.76,9766000.0,57798000.0,1.0,169161740.0,169451000,169451000.0,0.469,334406000.0,0.0,0.0,0.0,1.973,81594000.0
18,RHT,MRY,2001-12-31,2001-02-28,2001-02-28,2019-06-28,193000.0,505251000.0,478246934.0,179681000.0,325570000.0,0.171,2.82,-11108000.0,85213000.0,85213000.0,35791000.0,-86715000.0,4.416,0.088,471000.0,194000.0,277000.0,471000.0,12151000.0,54997000.0,0.0,0.0,0.0,-86715000.0,-31718000.0,-0.389,-31718000.0,-86715000.0,-86715000.0,-0.53,-0.53,-0.53,464282000.0,444004520.0,464282000.0,962041488.0,-11.0,-30.331,-50738000.0,-0.308,1.0,45818000.0,0.561,147397000.0,0.0,232420000.0,229533806.0,740000.0,217468000.0,62911000.0,154557000.0,40969000.0,40692000.0,277000.0,1040340183.0,-164470000.0,4678000.0,-629000.0,1739000.0,0.0,-1465000.0,-122231000.0,-115801000.0,-39630000.0,-1144000.0,-86715000.0,-86715000.0,-86715000.0,12303000.0,0.0,-1.063,140996000.0,-95178000.0,12431000.0,0.0,2.241,-11.997,-12.147,14591000.0,0.0,6.438,12.748,12.99,28645000.0,-143589000.0,81609000.0,81609000.0,18782000.0,-0.181,-0.195,-0.378,-1.063,15564000.0,80540000.0,1.0,161593691.0,164659000,164659000.0,0.496,357854000.0,0.0,0.0,0.0,2.173,138989000.0
19,RHT,MRY,2000-12-31,2000-02-29,2000-02-29,2019-06-28,-515868.0,434861005.0,145549152.0,290828943.0,144032062.0,0.374,3.915,-7092000.0,249682724.0,249682724.0,33509000.0,-42427000.0,8.691,0.084,596578.0,366062.0,230516.0,596578.0,11030337.0,6191000.0,0.0,0.0,0.0,-42427000.0,-36236000.0,-0.666,-36236000.0,-42427000.0,-42427000.0,-0.41,-0.41,-0.41,401166666.0,125730715.0,401166666.0,9029697736.0,-213.0,-249.191,-25264000.0,-0.247,1.0,20872000.0,0.384,58267419.0,0.0,94043617.0,48634293.0,488977.0,99814434.0,27460222.0,72354212.0,33694339.0,33463823.0,230516.0,9039224288.0,229736000.0,-600000.0,340962000.0,-2275000.0,0.0,357392000.0,-109544000.0,-101852000.0,-18172000.0,60000.0,-42427000.0,-42509000.0,-42509000.0,3866000.0,0.0,-0.782,63503000.0,-42631000.0,13715664.0,0.0,22.532,-212.643,-148.02,8532718.0,82000.0,60.688,166.22,114.349,11077873.0,-51378113.0,54381000.0,54381000.0,12122000.0,-0.292,-0.338,-0.872,-0.78,5596000.0,48307000.0,1.0,148945826.0,102465000,102465000.0,0.531,376593586.0,0.0,0.0,0.0,3.675,257365120.0
20,RHT,MRY,1999-12-31,1999-02-28,1999-02-28,2019-06-28,0.0,32731223.0,17930929.0,28577046.0,4154177.0,3.537,-0.014,-2195013.0,19485586.0,19485586.0,38882951.0,-6388390.0,2.088,-47.047,3048511.0,1649048.0,1399463.0,3048511.0,6096465.0,1807723.0,0.0,,0.0,-5213586.0,-3405863.0,-0.054,-3405863.0,-5213586.0,-5551996.0,-0.13,-0.13,-0.13,-710815.0,-374510.0,-710815.0,,,,-5581304.0,-0.113,1.0,24545961.0,0.387,154249.0,338410.0,2456743.0,1631024.0,345630.0,2037992.0,2037992.0,0.0,33442038.0,13683156.0,19758882.0,,13245089.0,0.0,545781.0,2321260.0,0.0,19727467.0,-3096087.0,-901074.0,-3386291.0,0.0,-6388390.0,-6427746.0,-6427746.0,0.0,0.0,-0.101,30202303.0,-5656342.0,2728563.0,0.0,,,,3921798.0,39356.0,,,,5895173.0,-9663953.0,63428912.0,63428912.0,8590348.0,-0.358,17.163,-3.197,-0.082,1117360.0,21611955.0,1.0,,49577764,49577764.0,1.279,32576974.0,0.0,836394.0,0.0,0.657,14893890.0
21,RHT,MRY,1998-12-31,1998-02-28,1998-02-28,2019-06-28,0.0,3130634.0,,2662119.0,468515.0,,-0.001,-2115173.0,1292562.0,1292562.0,8448150.0,-2965846.0,2.376,-82.945,87829.0,22797.0,65032.0,87829.0,26207.0,1085106.0,0.0,,0.0,-2606106.0,-1521000.0,-0.067,-1521000.0,-2606106.0,-2750498.0,-0.063,-0.063,-0.063,-38204.0,,-38204.0,,,,-2960231.0,-0.063,1.0,14195300.0,0.627,0.0,144392.0,805304.0,,141176.0,150000.0,100000.0,50000.0,3168838.0,1120597.0,2048241.0,,4603187.0,0.0,95055.0,-148617.0,0.0,1943497.0,3504748.0,5619921.0,-845058.0,0.0,-2965846.0,-2965846.0,-2965846.0,0.0,0.0,-0.131,17310964.0,-3115664.0,1021259.0,0.0,,,,337327.0,0.0,,,,744551.0,-304204.0,22643450.0,22643450.0,4622409.0,,,,-0.115,0.0,12688555.0,1.0,,47000000,47000000.0,0.482,3130634.0,0.0,215348.0,0.0,0.067,1541522.0
22,RHT,MRY,1997-12-31,1997-02-28,1997-02-28,2019-06-28,,,,,,,,-201322.0,,,1204721.0,32611.0,,,,,,,,37134.0,,,0.0,55915.0,93049.0,0.036,93049.0,55915.0,32611.0,0.001,0.001,0.001,,,,,,,-96048.0,-0.002,1.0,1398410.0,0.537,,23304.0,,,,,,,,,,,,0.0,0.0,96048.0,0.0,96048.0,-201322.0,0.0,105274.0,,32611.0,32611.0,32611.0,0.0,0.0,0.013,1342695.0,55715.0,,0.0,,,,,0.0,,,,,,2603131.0,2603131.0,325244.0,,,,0.021,0.0,1017451.0,,,47000000,54465040.0,0.055,,,0.0,,,
0,RHT,MRQ,2019-06-30,2019-05-31,2019-05-31,2019-06-28,-47658000.0,5573939000.0,,3289450000.0,2284489000.0,,9.909,-27647000.0,2295396000.0,2295396000.0,144283000.0,141120000.0,1.235,2.171,376686000.0,188553000.0,188133000.0,376686000.0,2797531000.0,36754000.0,0.0,0.0,0.0,140606000.0,177360000.0,0.19,177360000.0,140606000.0,138647000.0,0.8,0.76,0.8,1757936000.0,,1757936000.0,31178658121.0,56.0,45.888,432307000.0,2.437,1.0,789828000.0,0.846,1472408000.0,1959000.0,-480932000.0,,0.0,365797000.0,177625000.0,188172000.0,3816003000.0,2663753000.0,1152250000.0,32760387121.0,412300000.0,0.0,-73404000.0,-102137000.0,0.0,-175541000.0,147559000.0,175330000.0,459954000.0,-19672000.0,141120000.0,141120000.0,141120000.0,0.0,0.0,0.151,657710000.0,132118000.0,458456000.0,0.0,18.636,70.923,70.344,424386000.0,0.0,184.3,9.407,9.388,529115000.0,2195189000.0,934111000.0,934111000.0,182961000.0,,,,,50168000.0,474749000.0,1.0,177755763.0,177400000,186635000.0,5.266,4101531000.0,119128000.0,-2473000.0,0.0,23.12,625697000.0
1,RHT,MRQ,2019-03-31,2019-02-28,2019-02-28,2019-06-28,-42622000.0,5588289000.0,,3463656000.0,2124633000.0,,9.128,-19837000.0,1883096000.0,1883096000.0,132505000.0,139494000.0,1.272,2.463,301367000.0,69827000.0,231540000.0,301367000.0,2982424000.0,28551000.0,0.0,0.0,0.0,164315000.0,192866000.0,0.219,192866000.0,164315000.0,159903000.0,0.79,0.76,0.79,1613932000.0,,1613932000.0,31253314457.0,58.0,48.31,377266000.0,2.134,1.0,746492000.0,0.849,1482936000.0,4412000.0,-198950000.0,,0.0,541873000.0,293361000.0,248512000.0,3974357000.0,2722574000.0,1251783000.0,32276461457.0,343824000.0,0.0,14660000.0,-196594000.0,0.0,-181934000.0,123168000.0,143384000.0,397103000.0,5487000.0,139494000.0,139494000.0,139494000.0,0.0,0.0,0.159,589930000.0,156562000.0,491259000.0,0.0,19.999,74.372,74.228,198969000.0,0.0,182.6,9.6,9.601,980188000.0,2054069000.0,878997000.0,878997000.0,171461000.0,,,,,54127000.0,418469000.0,1.0,176760468.0,176806000,182781000.0,4.972,4105353000.0,112568000.0,20409000.0,0.0,23.22,741082000.0
2,RHT,MRQ,2018-12-31,2018-11-30,2018-11-30,2019-06-28,-47137000.0,5103014000.0,,2970491000.0,2132523000.0,,8.078,-19232000.0,1539272000.0,1539272000.0,124117000.0,94450000.0,1.257,2.585,516125000.0,191972000.0,324153000.0,516125000.0,2529124000.0,26775000.0,0.0,0.0,0.0,115828000.0,142603000.0,0.168,142603000.0,115828000.0,111529000.0,0.54,0.51,0.54,1423631000.0,,1423631000.0,30434874944.0,58.0,48.421,117496000.0,0.667,1.0,722678000.0,0.853,1489116000.0,4299000.0,227166000.0,,0.0,683755000.0,387885000.0,295870000.0,3679383000.0,2363585000.0,1315798000.0,31421859944.0,35757000.0,-11550000.0,-30488000.0,-4237000.0,0.0,-34725000.0,-64266000.0,-33484000.0,136728000.0,-1980000.0,94450000.0,94450000.0,94450000.0,0.0,0.0,0.112,613720000.0,108958000.0,432662000.0,0.0,22.072,111.293,111.6,195249000.0,0.0,178.56,9.652,9.666,732833000.0,1914574000.0,846795000.0,846795000.0,164267000.0,,,,,56278000.0,449453000.0,1.0,175973678.0,176231000,186062000.0,4.805,3613898000.0,80958000.0,17079000.0,0.0,20.507,606906000.0
3,RHT,MRQ,2018-09-30,2018-08-31,2018-08-31,2019-06-28,-51636000.0,4806868000.0,,2577753000.0,2229115000.0,,7.298,-16911000.0,1503515000.0,1503515000.0,118930000.0,86854000.0,1.231,2.727,516530000.0,4435000.0,512095000.0,516530000.0,2393249000.0,26666000.0,0.0,0.0,0.0,139954000.0,166620000.0,0.203,166620000.0,139954000.0,135146000.0,0.49,0.46,0.49,1289804000.0,,1289804000.0,25184011917.0,48.0,39.727,115881000.0,0.656,1.0,703817000.0,0.855,1491738000.0,4808000.0,233693000.0,,0.0,654347000.0,264945000.0,389402000.0,3517064000.0,2094452000.0,1422612000.0,26203444917.0,-264965000.0,0.0,-253799000.0,-212240000.0,0.0,-466039000.0,87380000.0,104291000.0,132792000.0,-19098000.0,86854000.0,86854000.0,86854000.0,0.0,0.0,0.106,569261000.0,134556000.0,405970000.0,0.0,20.316,90.515,90.632,195230000.0,0.0,147.73,8.301,8.272,516008000.0,1820124000.0,822747000.0,822747000.0,166308000.0,,,,,52686000.0,402953000.0,1.0,177373891.0,176746000,186936000.0,4.655,3315130000.0,83761000.0,48292000.0,0.0,18.756,483301000.0
4,RHT,MRQ,2018-06-30,2018-05-31,2018-05-31,2019-06-28,-43501000.0,5191561000.0,,2905614000.0,2285947000.0,,8.076,-15829000.0,1768480000.0,1768480000.0,122699000.0,113190000.0,1.277,2.626,749047000.0,194544000.0,554503000.0,749047000.0,2444507000.0,27054000.0,0.0,0.0,0.0,117796000.0,144850000.0,0.178,144850000.0,117796000.0,111477000.0,0.64,0.59,0.64,1431944000.0,,1431944000.0,27901511300.0,53.0,44.318,330330000.0,1.863,1.0,690831000.0,0.849,1498884000.0,6319000.0,397009000.0,,0.0,758649000.0,329872000.0,428777000.0,3759617000.0,2276235000.0,1483382000.0,28857643300.0,44348000.0,0.0,-210976000.0,-26252000.0,0.0,-237228000.0,-36322000.0,-19507000.0,346159000.0,-28261000.0,113190000.0,113190000.0,113190000.0,0.0,0.0,0.139,578675000.0,112156000.0,359706000.0,0.0,20.153,96.28,96.107,196653000.0,0.0,162.42,9.439,9.42,498964000.0,1733270000.0,813530000.0,813530000.0,166506000.0,,,,,46005000.0,412169000.0,1.0,177672967.0,177302000,190739000.0,4.588,3692677000.0,82826000.0,-1713000.0,0.0,20.827,629379000.0
5,RHT,MRQ,2018-03-31,2018-02-28,2018-02-28,2019-06-28,-32596000.0,5474493000.0,,3142097000.0,2332396000.0,,8.349,-20548000.0,1724132000.0,1724132000.0,112625000.0,-12160000.0,1.363,2.704,768000000.0,23806000.0,744194000.0,768000000.0,2595172000.0,25597000.0,0.0,0.0,0.0,148872000.0,174469000.0,0.226,174469000.0,148872000.0,142649000.0,-0.07,-0.07,-0.07,1478124000.0,,1478124000.0,25521628820.0,51.0,42.557,341515000.0,1.929,1.0,659707000.0,0.854,1513783000.0,6223000.0,699071000.0,,0.0,748800000.0,318358000.0,430442000.0,3996369000.0,2305507000.0,1690862000.0,26090433820.0,392960000.0,-231116000.0,13887000.0,-370000.0,0.0,13517000.0,6226000.0,257974000.0,362063000.0,11154000.0,-12160000.0,-12160000.0,-12160000.0,0.0,0.0,-0.016,527227000.0,132480000.0,427139000.0,0.0,17.651,99.638,99.595,206105000.0,0.0,147.4,8.934,8.941,806744000.0,1619688000.0,772332000.0,772332000.0,153778000.0,,,,,49266000.0,373449000.0,1.0,177004300.0,177036000,188217000.0,4.363,3960710000.0,92606000.0,154809000.0,0.0,22.372,836590000.0
6,RHT,MRQ,2017-12-31,2017-11-30,2017-11-30,2019-06-28,-35895000.0,4759484000.0,,2504710000.0,2254774000.0,,8.094,-20013000.0,1331172000.0,1331172000.0,111759000.0,101609000.0,1.372,2.321,762367000.0,0.0,762367000.0,762367000.0,2105578000.0,25588000.0,0.0,0.0,0.0,122395000.0,147983000.0,0.198,147983000.0,122395000.0,116215000.0,0.57,0.55,0.57,1433140000.0,,1433140000.0,21976259917.0,48.0,40.227,140294000.0,0.792,1.0,636219000.0,0.851,1272407000.0,6180000.0,1093226000.0,,0.0,990001000.0,384717000.0,605284000.0,3326344000.0,1825046000.0,1501298000.0,22429824917.0,120864000.0,0.0,-126521000.0,-352000.0,0.0,-126873000.0,89725000.0,109654000.0,160307000.0,-2295000.0,101609000.0,101609000.0,101609000.0,0.0,0.0,0.136,517501000.0,118718000.0,341596000.0,0.0,15.651,65.68,66.021,201807000.0,0.0,126.76,8.077,8.082,531509000.0,1624346000.0,747978000.0,747978000.0,145580000.0,,,,,52318000.0,371921000.0,1.0,176947183.0,177063000,186160000.0,4.224,3487077000.0,108235000.0,14606000.0,0.0,19.694,679664000.0
7,RHT,MRQ,2017-09-30,2017-08-31,2017-08-31,2019-06-28,-33176000.0,4639384000.0,,2332363000.0,2307021000.0,,7.9,-33452000.0,1210308000.0,1210308000.0,106717000.0,97088000.0,1.299,2.313,756743000.0,0.0,756743000.0,756743000.0,2052511000.0,24136000.0,0.0,0.0,0.0,138142000.0,162278000.0,0.224,162278000.0,138142000.0,132061000.0,0.55,0.53,0.55,1400347000.0,,1400347000.0,18597629128.0,45.0,36.979,109444000.0,0.617,1.0,616638000.0,0.852,1278261000.0,6081000.0,1111732000.0,,0.0,1104108000.0,448981000.0,655127000.0,3239037000.0,1795826000.0,1443211000.0,19076913128.0,-20149000.0,-83965000.0,-70614000.0,-418000.0,0.0,-71032000.0,-121972000.0,-4366000.0,142896000.0,29959000.0,97088000.0,97088000.0,97088000.0,0.0,0.0,0.134,481848000.0,134790000.0,323245000.0,0.0,13.623,61.971,62.139,206195000.0,0.0,107.5,7.214,7.206,418449000.0,1523040000.0,723355000.0,723355000.0,141809000.0,,,,,46947000.0,340039000.0,1.0,177459657.0,177257000,183021000.0,4.081,3361123000.0,101778000.0,34973000.0,0.0,18.962,536537000.0
8,RHT,MRQ,2017-06-30,2017-05-31,2017-05-31,2019-06-28,-65740000.0,4512436000.0,,2301649000.0,2210787000.0,,7.366,-27674000.0,1230457000.0,1230457000.0,100696000.0,75314000.0,1.285,2.456,751173000.0,0.0,751173000.0,751173000.0,2054164000.0,21817000.0,0.0,0.0,0.0,93151000.0,114968000.0,0.17,114968000.0,93151000.0,87066000.0,0.42,0.41,0.42,1305544000.0,,1305544000.0,15578297723.0,43.0,34.838,230198000.0,1.299,1.0,576100000.0,0.851,1180403000.0,6085000.0,1061369000.0,,0.0,1079124000.0,408026000.0,671098000.0,3206892000.0,1791380000.0,1415512000.0,15923472723.0,139649000.0,0.0,-88268000.0,-443000.0,0.0,-88711000.0,-50833000.0,-23159000.0,257872000.0,21321000.0,75314000.0,75314000.0,75314000.0,0.0,0.0,0.111,486356000.0,89744000.0,303668000.0,0.0,12.197,59.081,59.318,195281000.0,0.0,89.57,6.317,6.298,429908000.0,1426181000.0,676796000.0,676796000.0,137163000.0,,,,,43718000.0,349193000.0,1.0,177776853.0,177243000,181810000.0,3.818,3332033000.0,92829000.0,11752000.0,0.0,18.799,510269000.0
9,RHT,MRQ,2017-03-31,2017-02-28,2017-02-28,2019-06-28,-88352000.0,4535185000.0,,2315702000.0,2219483000.0,,7.014,-21749000.0,1090808000.0,1090808000.0,92207000.0,67490000.0,1.225,2.636,745633000.0,0.0,745633000.0,745633000.0,2069956000.0,21577000.0,0.0,0.0,0.0,99505000.0,121082000.0,0.193,121082000.0,99505000.0,93503000.0,0.38,0.38,0.38,1247320000.0,,1247320000.0,14587503700.0,42.0,33.835,296510000.0,1.667,1.0,536633000.0,0.853,1178476000.0,6002000.0,1120461000.0,,0.0,1042423000.0,369983000.0,672440000.0,3287865000.0,1891073000.0,1396792000.0,14764028700.0,174130000.0,0.0,-130510000.0,-316000.0,0.0,-131655000.0,-14788000.0,7461000.0,318259000.0,2314000.0,67490000.0,67490000.0,67490000.0,0.0,0.0,0.107,440578000.0,96055000.0,376957000.0,0.0,11.837,57.81,58.317,189629000.0,0.0,82.81,6.122,6.168,634821000.0,1352991000.0,628840000.0,628840000.0,121918000.0,,,,,51157000.0,318660000.0,1.0,178287993.0,177833000,181485000.0,3.536,3356709000.0,104833000.0,26013000.0,0.0,18.876,424629000.0
10,RHT,MRQ,2016-12-31,2016-11-30,2016-11-30,2019-06-28,-89118000.0,4085093000.0,,1880572000.0,2204521000.0,,7.096,-19567000.0,916678000.0,916678000.0,90453000.0,67943000.0,1.255,2.212,740153000.0,0.0,740153000.0,740153000.0,1707978000.0,21870000.0,0.0,0.0,0.0,82727000.0,104597000.0,0.17,104597000.0,82727000.0,76718000.0,0.38,0.37,0.38,1271802000.0,,1271802000.0,13971976256.0,44.0,34.599,116792000.0,0.652,1.0,524807000.0,0.853,1184821000.0,6009000.0,1225809000.0,,0.0,1054692000.0,378189000.0,676503000.0,2813291000.0,1497938000.0,1315353000.0,14207845256.0,-53891000.0,0.0,-142727000.0,-462000.0,0.0,-143273000.0,-24052000.0,-4393000.0,136359000.0,-22925000.0,67943000.0,67943000.0,67943000.0,0.0,0.0,0.11,444034000.0,80773000.0,270763000.0,0.0,11.171,58.97,59.037,174450000.0,0.0,79.11,6.107,6.095,427436000.0,1287188000.0,615260000.0,615260000.0,122469000.0,,,,,54741000.0,321565000.0,1.0,179596072.0,179233000,182682000.0,3.433,2900272000.0,108955000.0,8775000.0,0.0,16.182,382634000.0
11,RHT,MRQ,2016-09-30,2016-08-31,2016-08-31,2019-06-28,-69722000.0,4100756000.0,,1848220000.0,2252536000.0,,7.311,-19060000.0,970569000.0,970569000.0,87671000.0,58772000.0,1.225,2.11,734700000.0,0.0,734700000.0,734700000.0,1680652000.0,21160000.0,0.0,0.0,0.0,85360000.0,106520000.0,0.178,106520000.0,85360000.0,79435000.0,0.33,0.32,0.33,1318396000.0,,1318396000.0,12914138005.0,42.0,33.038,77742000.0,0.431,1.0,512134000.0,0.854,1196666000.0,5925000.0,1158941000.0,,0.0,1072076000.0,365128000.0,706948000.0,2782360000.0,1509280000.0,1273080000.0,13216396005.0,-60996000.0,-28667000.0,-133095000.0,-463000.0,0.0,-133143000.0,-33242000.0,14485000.0,96802000.0,8587000.0,58772000.0,58772000.0,58772000.0,0.0,0.0,0.098,430250000.0,81884000.0,273568000.0,0.0,10.025,60.118,59.82,172312000.0,0.0,72.98,5.914,5.889,359893000.0,1219246000.0,599805000.0,599805000.0,121265000.0,,,,,45357000.0,308985000.0,1.0,181096136.0,180322000,183346000.0,3.326,2904090000.0,122131000.0,20663000.0,0.0,16.105,338940000.0
12,RHT,MRQ,2016-06-30,2016-05-31,2016-05-31,2019-06-28,-67747000.0,4112281000.0,,1883953000.0,2228328000.0,,7.448,-20521000.0,1031565000.0,1031565000.0,84048000.0,61184000.0,1.252,2.048,729307000.0,0.0,729307000.0,729307000.0,1692156000.0,20702000.0,0.0,0.0,0.0,78240000.0,98942000.0,0.174,98942000.0,78240000.0,72353000.0,0.34,0.33,0.34,1349335000.0,,1349335000.0,13850201672.0,46.0,36.35,211776000.0,1.169,1.0,483851000.0,0.852,1170340000.0,5887000.0,1135206000.0,,0.0,1088311000.0,364850000.0,723461000.0,2762946000.0,1504477000.0,1258469000.0,14054037672.0,103787000.0,0.0,-96177000.0,-445000.0,0.0,-96122000.0,-38051000.0,-17419000.0,232297000.0,5663000.0,61184000.0,61184000.0,61184000.0,0.0,0.0,0.108,408488000.0,75363000.0,251401000.0,0.0,10.416,66.148,66.205,168015000.0,0.0,77.46,6.57,6.56,326334000.0,1160472000.0,567899000.0,567899000.0,115016000.0,,,,,41275000.0,293472000.0,1.0,181436066.0,181168000,184187000.0,3.135,2941941000.0,116393000.0,11169000.0,0.0,16.239,379476000.0
13,RHT,MRQ,2016-03-31,2016-02-29,2016-02-29,2019-06-28,-74449000.0,4155099000.0,,1872433000.0,2282666000.0,,7.328,-17965000.0,927778000.0,927778000.0,81220000.0,53036000.0,1.201,2.114,723942000.0,0.0,723942000.0,723942000.0,1722544000.0,19144000.0,0.0,0.0,0.0,74624000.0,93768000.0,0.173,93768000.0,74624000.0,68768000.0,0.29,0.29,0.29,1334432000.0,,1334432000.0,11721801814.0,39.0,31.336,231732000.0,1.273,1.0,462282000.0,0.851,1173348000.0,5856000.0,1218738000.0,,0.0,1067612000.0,281142000.0,786470000.0,2820667000.0,1559177000.0,1261490000.0,11934553814.0,-14259000.0,252000.0,-120199000.0,-491000.0,0.0,-120690000.0,-150159000.0,-132126000.0,249697000.0,6893000.0,53036000.0,53036000.0,53036000.0,0.0,0.0,0.098,390510000.0,71772000.0,284802000.0,0.0,8.944,59.863,59.954,166886000.0,0.0,65.35,5.815,5.822,509715000.0,1099738000.0,543502000.0,543502000.0,108498000.0,,,,,48012000.0,282012000.0,1.0,182625154.0,182106000,185234000.0,2.985,2981751000.0,111456000.0,15732000.0,0.0,16.374,313256000.0
14,RHT,MRQ,2015-12-31,2015-11-30,2015-11-30,2019-06-28,-82606000.0,3899205000.0,,1773941000.0,2125264000.0,,7.355,-10583000.0,942037000.0,942037000.0,81048000.0,46848000.0,1.353,1.899,729285000.0,0.0,729285000.0,729285000.0,1487134000.0,19858000.0,0.0,0.0,0.0,71800000.0,91658000.0,0.175,91658000.0,71800000.0,65983000.0,0.26,0.25,0.26,1344793000.0,,1344793000.0,14615030816.0,49.0,39.064,137776000.0,0.753,1.0,442532000.0,0.845,1177336000.0,5817000.0,1197583000.0,,0.0,929419000.0,193993000.0,735426000.0,2554412000.0,1311534000.0,1242878000.0,14882016816.0,-49570000.0,-125011000.0,-105328000.0,-615000.0,0.0,-105943000.0,-80497000.0,55187000.0,148359000.0,-11489000.0,46848000.0,46848000.0,46848000.0,0.0,0.0,0.089,373655000.0,68877000.0,229059000.0,0.0,11.066,76.7,76.802,161015000.0,0.0,81.41,7.544,7.546,396545000.0,1046702000.0,523580000.0,523580000.0,104906000.0,,,,,52163000.0,268749000.0,1.0,182803302.0,182850000,186094000.0,2.863,2721869000.0,104869000.0,19135000.0,0.0,14.886,462407000.0
15,RHT,MRQ,2015-09-30,2015-08-31,2015-08-31,2019-06-28,-65449000.0,3801471000.0,,1705961000.0,2095510000.0,,7.468,-12345000.0,991607000.0,991607000.0,75964000.0,51395000.0,1.351,1.779,724621000.0,0.0,724621000.0,724621000.0,1413440000.0,18538000.0,0.0,0.0,0.0,78120000.0,96658000.0,0.192,96658000.0,78120000.0,72387000.0,0.28,0.28,0.28,1368050000.0,,1368050000.0,12978412065.0,44.0,34.881,110744000.0,0.605,1.0,428184000.0,0.849,1056066000.0,5733000.0,1216020000.0,,0.0,1004223000.0,180806000.0,823417000.0,2433421000.0,1262399000.0,1171022000.0,13249333065.0,685000.0,-1700000.0,-77325000.0,-385000.0,0.0,-77710000.0,-41200000.0,-25996000.0,123089000.0,-3494000.0,51395000.0,51395000.0,51395000.0,0.0,0.0,0.102,351714000.0,76470000.0,212828000.0,0.0,9.685,67.906,68.123,164718000.0,0.0,72.21,6.955,6.944,302098000.0,999854000.0,504148000.0,504148000.0,102488000.0,,,,,43349000.0,249226000.0,1.0,183483355.0,183179000,186750000.0,2.752,2745405000.0,99184000.0,20992000.0,0.0,14.988,443562000.0
16,RHT,MRQ,2015-06-30,2015-05-31,2015-05-31,2019-06-28,-66604000.0,3760280000.0,,1700914000.0,2059366000.0,,7.369,-14625000.0,990922000.0,990922000.0,71397000.0,48086000.0,1.366,1.787,720001000.0,0.0,720001000.0,720001000.0,1436119000.0,18547000.0,0.0,0.0,0.0,73442000.0,91989000.0,0.191,91989000.0,73442000.0,67727000.0,0.26,0.26,0.26,1349423000.0,,1349423000.0,13832961086.0,49.0,38.318,200552000.0,1.095,1.0,409604000.0,0.852,1055457000.0,5715000.0,1188916000.0,,0.0,977552000.0,192818000.0,784734000.0,2410857000.0,1244986000.0,1165871000.0,14165032086.0,-56551000.0,0.0,-23102000.0,0.0,0.0,-23453000.0,-240253000.0,-223628000.0,215177000.0,-8022000.0,48086000.0,48086000.0,48086000.0,0.0,0.0,0.1,338674000.0,70930000.0,176965000.0,0.0,10.497,74.341,75.019,168391000.0,0.0,77.27,7.67,7.662,284582000.0,948459000.0,481001000.0,481001000.0,97431000.0,,,,,42941000.0,241243000.0,1.0,183318650.0,183130000,186175000.0,2.627,2704823000.0,81782000.0,19641000.0,0.0,14.77,455928000.0
17,RHT,MRQ,2015-03-31,2015-02-28,2015-02-28,2019-06-28,-60621000.0,3784569000.0,,1883443000.0,1901126000.0,,7.02,-12775000.0,1047473000.0,1047473000.0,70217000.0,47700000.0,1.412,1.938,702939000.0,0.0,702939000.0,702939000.0,1482328000.0,19149000.0,0.0,0.0,0.0,74680000.0,93829000.0,0.202,93829000.0,74680000.0,68877000.0,0.26,0.25,0.26,1288338000.0,,1288338000.0,12504465793.0,47.0,36.653,210216000.0,1.145,1.0,393724000.0,0.849,1061336000.0,5803000.0,1044666000.0,,0.0,761270000.0,215254000.0,546016000.0,2496231000.0,1334033000.0,1162198000.0,12677610793.0,163484000.0,0.0,-2868000.0,-1015000.0,0.0,-8780000.0,-34844000.0,-30434000.0,222991000.0,-15883000.0,47700000.0,47700000.0,47700000.0,0.0,0.0,0.103,326117000.0,67607000.0,237733000.0,0.0,9.84,70.353,71.258,172151000.0,0.0,69.12,7.084,7.205,468021000.0,900373000.0,463941000.0,463941000.0,92039000.0,,,,,41897000.0,234078000.0,1.0,183414508.0,183517000,186741000.0,2.528,2723233000.0,98892000.0,21177000.0,0.0,14.839,549410000.0
18,RHT,MRQ,2014-12-31,2014-11-30,2014-11-30,2019-06-28,-31780000.0,3547871000.0,,1705017000.0,1842854000.0,,6.668,-14361000.0,883989000.0,883989000.0,71365000.0,47933000.0,1.454,1.876,710844000.0,0.0,710844000.0,710844000.0,1300125000.0,18651000.0,0.0,0.0,0.0,70952000.0,89603000.0,0.197,89603000.0,70952000.0,67511000.0,0.26,0.26,0.26,1233807000.0,,1233807000.0,11087776126.0,44.0,33.797,118627000.0,0.641,1.0,384530000.0,0.843,1083750000.0,3441000.0,1118355000.0,,0.0,762532000.0,231420000.0,531112000.0,2314064000.0,1172621000.0,1141443000.0,11673157126.0,298608000.0,-78317000.0,-316513000.0,789992000.0,0.0,328927000.0,-140546000.0,-48350000.0,132988000.0,-22761000.0,47933000.0,47933000.0,47933000.0,0.0,0.0,0.105,317333000.0,67197000.0,229272000.0,0.0,9.461,65.739,65.421,173599000.0,0.0,62.15,6.763,6.663,354870000.0,852673000.0,455895000.0,455895000.0,90613000.0,,,,,33623000.0,226720000.0,1.0,187822319.0,185039000,187674000.0,2.464,2464121000.0,106282000.0,19578000.0,0.0,13.317,532396000.0
19,RHT,MRQ,2014-09-30,2014-08-31,2014-08-31,2019-06-28,-16025000.0,3067304000.0,,1325564000.0,1741740000.0,,8.05,-15488000.0,585381000.0,585381000.0,67174000.0,46823000.0,1.169,1.025,0.0,0.0,0.0,0.0,1251797000.0,19539000.0,0.0,0.0,0.0,66045000.0,85584000.0,0.192,85584000.0,66045000.0,65948000.0,0.25,0.25,0.25,1514656000.0,,1514656000.0,10955600728.0,45.0,34.3,92249000.0,0.49,1.0,378725000.0,0.849,1016967000.0,97000.0,330947000.0,,0.0,731562000.0,217659000.0,513903000.0,1552648000.0,1134009000.0,418639000.0,11519748728.0,21233000.0,-66183000.0,-83215000.0,-1635000.0,0.0,-84427000.0,6825000.0,89534000.0,107737000.0,-8902000.0,46823000.0,46823000.0,46823000.0,0.0,0.0,0.105,314498000.0,64227000.0,211552000.0,0.0,7.606,63.413,63.458,175844000.0,0.0,60.92,6.912,6.878,283952000.0,804740000.0,445899000.0,445899000.0,95265000.0,,,,,36605000.0,219233000.0,1.0,189096335.0,188162000,190755000.0,2.37,2050337000.0,111522000.0,19125000.0,0.0,10.897,191555000.0
20,RHT,MRQ,2014-06-30,2014-05-31,2014-05-31,2019-06-28,-5358000.0,3070010000.0,,1308901000.0,1761109000.0,,8.052,-9147000.0,564148000.0,564148000.0,64443000.0,37745000.0,1.153,1.013,0.0,0.0,0.0,0.0,1272569000.0,18924000.0,0.0,0.0,0.0,53215000.0,72139000.0,0.17,72139000.0,53215000.0,53162000.0,0.2,0.2,0.2,1524803000.0,,1524803000.0,8843193364.0,38.0,28.475,155539000.0,0.821,1.0,359311000.0,0.848,958605000.0,53000.0,412143000.0,,0.0,835934000.0,239039000.0,596895000.0,1545207000.0,1135114000.0,410093000.0,9489935364.0,-82594000.0,-151621000.0,-93717000.0,-355000.0,0.0,-93086000.0,-156439000.0,857000.0,164686000.0,2245000.0,37745000.0,37745000.0,37745000.0,0.0,0.0,0.089,308348000.0,50963000.0,185910000.0,0.0,6.224,54.029,53.892,172792000.0,0.0,50.12,5.949,5.95,265663000.0,757917000.0,423754000.0,423754000.0,89939000.0,,,,,28714000.0,218409000.0,1.0,189344281.0,189372000,191457000.0,2.238,2111405000.0,114253000.0,15417000.0,0.0,11.15,173787000.0
21,RHT,MRQ,2014-03-31,2014-02-28,2014-02-28,2019-06-28,-4459000.0,3106619000.0,,1571182000.0,1535437000.0,,8.181,-22523000.0,646742000.0,646742000.0,60536000.0,45068000.0,1.369,1.003,0.0,0.0,0.0,0.0,1289197000.0,19079000.0,0.0,0.0,0.0,61665000.0,80744000.0,0.202,80744000.0,61665000.0,61619000.0,0.24,0.24,0.24,1551165000.0,,1551165000.0,10538757151.0,44.0,33.551,162159000.0,0.855,1.0,339861000.0,0.849,820829000.0,46000.0,490962000.0,,0.0,840687000.0,335387000.0,505300000.0,1555454000.0,1148086000.0,407368000.0,11180868151.0,4631000.0,0.0,-3469000.0,-325000.0,0.0,-28000.0,-180281000.0,-157758000.0,184682000.0,258000.0,45068000.0,45068000.0,45068000.0,0.0,0.0,0.113,280561000.0,59300000.0,179468000.0,0.0,7.208,62.711,62.755,173917000.0,0.0,58.99,7.286,7.3,360594000.0,720172000.0,400397000.0,400397000.0,82644000.0,,,,,30578000.0,197917000.0,1.0,189538365.0,189608000,191997000.0,2.112,2285790000.0,108264000.0,16551000.0,0.0,12.055,423096000.0
22,RHT,MRQ,2013-12-31,2013-11-30,2013-11-30,2019-06-28,-5243000.0,2851368000.0,,1468600000.0,1382768000.0,,7.763,-14009000.0,642111000.0,642111000.0,60427000.0,52025000.0,1.432,0.938,0.0,0.0,0.0,0.0,1123293000.0,18955000.0,0.0,0.0,0.0,61982000.0,80937000.0,0.204,80937000.0,61982000.0,61931000.0,0.27,0.27,0.27,1471203000.0,,1471203000.0,8281254670.0,36.0,27.313,81145000.0,0.428,1.0,336109000.0,0.848,823563000.0,51000.0,360148000.0,,0.0,684538000.0,324424000.0,360114000.0,1380165000.0,1025546000.0,354619000.0,8878048670.0,45317000.0,0.0,-58102000.0,-362000.0,0.0,-55036000.0,2289000.0,16448000.0,95154000.0,2910000.0,52025000.0,52025000.0,52025000.0,0.0,0.0,0.131,275317000.0,60792000.0,190868000.0,0.0,6.035,50.387,50.924,168604000.0,0.0,46.85,5.99,5.991,309753000.0,675104000.0,396536000.0,396536000.0,82519000.0,,,,,30190000.0,192798000.0,1.0,189499438.0,189514000,191365000.0,2.092,2027805000.0,93711000.0,9906000.0,0.0,10.7,443054000.0
23,RHT,MRQ,2013-09-30,2013-08-31,2013-08-31,2019-06-28,-11922000.0,2739581000.0,,1281660000.0,1457921000.0,,7.61,-32006000.0,596794000.0,596794000.0,55580000.0,40808000.0,1.313,0.9,0.0,0.0,0.0,0.0,1059597000.0,18439000.0,0.0,0.0,0.0,58297000.0,76736000.0,0.205,76736000.0,58297000.0,58297000.0,0.22,0.21,0.22,1441604000.0,,1441604000.0,8965663521.0,41.0,30.968,86923000.0,0.459,1.0,318843000.0,0.852,832589000.0,0.0,334257000.0,,0.0,693877000.0,266841000.0,427036000.0,1297977000.0,975941000.0,322036000.0,9563661521.0,-1204000.0,0.0,-23207000.0,-312000.0,0.0,-20909000.0,-97648000.0,-63516000.0,118929000.0,-1576000.0,40808000.0,40808000.0,40808000.0,0.0,0.0,0.109,263269000.0,55574000.0,178904000.0,0.0,6.634,60.173,60.867,167343000.0,0.0,50.52,6.692,6.696,232884000.0,623079000.0,374423000.0,374423000.0,78299000.0,,,,,29874000.0,182799000.0,1.0,189304464.0,189437000,191432000.0,1.977,1906992000.0,88325000.0,17489000.0,0.0,10.067,305719000.0
24,RHT,MRQ,2013-06-30,2013-05-31,2013-05-31,2019-06-28,-12228000.0,2654933000.0,,1262533000.0,1392400000.0,,7.29,-29021000.0,597998000.0,597998000.0,56057000.0,40391000.0,1.338,0.905,0.0,0.0,0.0,0.0,1059894000.0,17932000.0,0.0,0.0,0.0,57701000.0,75633000.0,0.208,75633000.0,57701000.0,57701000.0,0.21,0.21,0.21,1393307000.0,,1393307000.0,8657254597.0,41.0,31.049,112794000.0,0.59,1.0,307202000.0,0.846,827843000.0,0.0,285667000.0,,0.0,630290000.0,255638000.0,374652000.0,1261626000.0,943425000.0,318201000.0,9144338597.0,110914000.0,0.0,-189866000.0,-305000.0,0.0,-187138000.0,167378000.0,196207000.0,141815000.0,-11141000.0,40391000.0,40391000.0,40391000.0,0.0,0.0,0.111,250579000.0,56623000.0,141593000.0,0.0,6.563,59.715,61.051,158876000.0,0.0,48.23,6.639,6.692,227747000.0,582271000.0,363259000.0,363259000.0,73802000.0,,,,,23131000.0,176777000.0,1.0,189598561.0,191114000,192969000.0,1.901,1827090000.0,88595000.0,17310000.0,0.0,9.56,319108000.0
25,RHT,MRQ,2013-03-31,2013-02-28,2013-02-28,2019-06-28,-7967000.0,2813660000.0,,1368749000.0,1444911000.0,,7.868,-23046000.0,487084000.0,487084000.0,53605000.0,42973000.0,1.389,0.851,0.0,0.0,0.0,0.0,1089952000.0,17568000.0,0.0,0.0,0.0,52326000.0,69894000.0,0.201,69894000.0,52326000.0,52059000.0,0.22,0.22,0.22,1520161000.0,,1520161000.0,9210295092.0,44.0,33.817,113838000.0,0.589,1.0,294280000.0,0.846,833154000.0,267000.0,507710000.0,,0.0,831289000.0,392381000.0,438908000.0,1293499000.0,985712000.0,307787000.0,9816206092.0,-118827000.0,-104262000.0,-39466000.0,-334000.0,0.0,-33481000.0,-217517000.0,-90562000.0,136884000.0,-4713000.0,42973000.0,42973000.0,42973000.0,0.0,0.0,0.124,244049000.0,50231000.0,154202000.0,0.0,6.457,65.352,65.141,141586000.0,0.0,50.81,7.387,7.385,302942000.0,541880000.0,347885000.0,347885000.0,71249000.0,,,,,53855000.0,172800000.0,1.0,193194373.0,193207000,195522000.0,1.801,1980506000.0,88765000.0,9086000.0,0.0,10.251,383037000.0
26,RHT,MRQ,2012-12-31,2012-11-30,2012-11-30,2019-06-28,-7321000.0,2661899000.0,,1290292000.0,1371607000.0,,7.66,-33886000.0,605911000.0,605911000.0,53118000.0,34765000.0,1.446,0.797,0.0,0.0,0.0,0.0,987732000.0,16126000.0,0.0,0.0,0.0,51125000.0,67251000.0,0.196,67251000.0,51125000.0,51125000.0,0.18,0.18,0.18,1481222000.0,,1481222000.0,8978673615.0,43.0,33.73,66270000.0,0.343,1.0,290488000.0,0.845,738174000.0,0.0,425384000.0,,0.0,743986000.0,280433000.0,463553000.0,1180677000.0,892430000.0,288247000.0,9550249615.0,34335000.0,-21188000.0,-70648000.0,-205000.0,0.0,-62753000.0,-8715000.0,46425000.0,100156000.0,5647000.0,34765000.0,34765000.0,34765000.0,0.0,0.0,0.101,240569000.0,49919000.0,155768000.0,0.0,6.448,66.692,66.757,128743000.0,0.0,49.4,7.473,7.475,254787000.0,498907000.0,343606000.0,343606000.0,68655000.0,,,,,18578000.0,171914000.0,1.0,193324891.0,193374000,195666000.0,1.777,1923725000.0,63342000.0,16360000.0,0.0,9.948,397862000.0
27,RHT,MRQ,2012-09-30,2012-08-31,2012-08-31,2019-06-28,-13112000.0,2605641000.0,,1244669000.0,1360972000.0,,7.685,-44685000.0,571576000.0,571576000.0,47858000.0,35005000.0,1.474,0.756,0.0,0.0,0.0,0.0,944400000.0,14568000.0,0.0,0.0,0.0,51478000.0,66046000.0,0.205,66046000.0,51478000.0,51478000.0,0.18,0.18,0.18,1483683000.0,,1483683000.0,10308574602.0,48.0,38.645,59168000.0,0.306,1.0,274737000.0,0.852,718139000.0,0.0,471330000.0,,0.0,788044000.0,297876000.0,490168000.0,1121958000.0,844596000.0,277362000.0,10817190602.0,62960000.0,-10051000.0,-4101000.0,-213000.0,0.0,5286000.0,-49670000.0,5066000.0,103853000.0,3491000.0,35005000.0,35005000.0,35005000.0,0.0,0.0,0.109,224757000.0,49980000.0,139060000.0,0.0,7.291,73.749,73.737,113092000.0,0.0,56.04,8.835,8.837,215433000.0,464142000.0,322595000.0,322595000.0,63366000.0,,,,,14259000.0,161391000.0,1.0,193026242.0,193064000,195795000.0,1.671,1887502000.0,72007000.0,16473000.0,0.0,9.777,400073000.0
28,RHT,MRQ,2012-06-30,2012-05-31,2012-05-31,2019-06-28,-15591000.0,2484618000.0,,1173961000.0,1310657000.0,,7.337,-18421000.0,508616000.0,508616000.0,46019000.0,37461000.0,1.455,0.755,0.0,0.0,0.0,0.0,913341000.0,14079000.0,0.0,0.0,0.0,55089000.0,69168000.0,0.22,69168000.0,55089000.0,55089000.0,0.19,0.19,0.19,1415721000.0,,1415721000.0,9359848722.0,43.0,34.823,105983000.0,0.549,1.0,268712000.0,0.854,688091000.0,0.0,480843000.0,,0.0,791484000.0,310342000.0,481142000.0,1068897000.0,807068000.0,261829000.0,9909065722.0,-40601000.0,0.0,-44953000.0,-264000.0,0.0,-35017000.0,-113147000.0,-95056000.0,124404000.0,-16841000.0,37461000.0,37461000.0,37461000.0,0.0,0.0,0.119,217804000.0,50908000.0,123678000.0,0.0,6.999,65.347,65.038,101538000.0,0.0,51.38,8.376,8.379,195831000.0,429137000.0,314731000.0,314731000.0,59880000.0,,,,,12006000.0,154782000.0,1.0,192858422.0,192947000,195937000.0,1.631,1796527000.0,71734000.0,17628000.0,0.0,9.311,366893000.0
29,RHT,MRQ,2012-03-31,2012-02-29,2012-02-29,2019-06-28,-5952000.0,2491099000.0,,1221355000.0,1269744000.0,,7.243,-16079000.0,549217000.0,549217000.0,44273000.0,35969000.0,1.478,0.781,0.0,0.0,0.0,0.0,946736000.0,13094000.0,0.0,0.0,0.0,50630000.0,63724000.0,0.215,63724000.0,50630000.0,50630000.0,0.19,0.19,0.19,1398817000.0,,1398817000.0,9025906402.0,43.0,34.798,111932000.0,0.58,1.0,252738000.0,0.851,692201000.0,0.0,423376000.0,,0.0,711136000.0,264298000.0,446838000.0,1092282000.0,826305000.0,265977000.0,9552571402.0,22552000.0,0.0,-79237000.0,-268000.0,0.0,-73872000.0,-34086000.0,-18640000.0,128011000.0,2499000.0,35969000.0,35969000.0,35969000.0,0.0,0.0,0.121,204233000.0,48505000.0,114078000.0,0.0,6.829,65.149,65.079,92065000.0,0.0,49.46,8.43,8.431,255180000.0,391676000.0,297011000.0,297011000.0,55147000.0,,,,,17924000.0,149086000.0,1.0,193137311.0,193118000,196325000.0,1.538,1798898000.0,69765000.0,14661000.0,0.0,9.315,395050000.0
30,RHT,MRQ,2011-12-31,2011-11-30,2011-11-30,2019-06-28,-8544000.0,2380274000.0,,1153818000.0,1226456000.0,,7.277,-11758000.0,526665000.0,526665000.0,45189000.0,38240000.0,1.572,0.691,0.0,0.0,0.0,0.0,819615000.0,12392000.0,0.0,0.0,0.0,55420000.0,67812000.0,0.234,67812000.0,55420000.0,55420000.0,0.2,0.19,0.2,1407397000.0,,1407397000.0,8919927734.0,45.0,35.872,84798000.0,0.438,1.0,244837000.0,0.844,695627000.0,0.0,424092000.0,,0.0,690102000.0,281647000.0,408455000.0,972877000.0,733890000.0,238987000.0,9657385734.0,-210793000.0,-135210000.0,-12979000.0,-70000.0,0.0,-5423000.0,-281329000.0,-132739000.0,96556000.0,-20597000.0,38240000.0,38240000.0,38240000.0,0.0,0.0,0.132,191265000.0,53572000.0,22405000.0,0.0,6.862,66.976,66.773,83925000.0,0.0,50.08,8.935,8.96,206449000.0,355707000.0,290026000.0,290026000.0,53739000.0,,,,,13144000.0,137526000.0,1.0,192839172.0,193393000,196468000.0,1.5,1684647000.0,69460000.0,17180000.0,0.0,8.711,419928000.0
31,RHT,MRQ,2011-09-30,2011-08-31,2011-08-31,2019-06-28,-1007000.0,2308530000.0,,1260789000.0,1047741000.0,,7.055,-12582000.0,737458000.0,737458000.0,46639000.0,39968000.0,1.783,0.696,0.0,0.0,0.0,0.0,813154000.0,13147000.0,0.0,0.0,0.0,54931000.0,68078000.0,0.242,68078000.0,54931000.0,54931000.0,0.21,0.2,0.21,1361171000.0,,1361171000.0,6921883685.0,38.0,29.746,64519000.0,0.334,1.0,234681000.0,0.834,567921000.0,0.0,296189000.0,,0.0,563643000.0,199781000.0,363862000.0,947359000.0,706962000.0,240397000.0,7632106685.0,27235000.0,0.0,-37588000.0,-94000.0,0.0,-29570000.0,-24644000.0,-11743000.0,77101000.0,4348000.0,39968000.0,39968000.0,39968000.0,0.0,0.0,0.142,182203000.0,52478000.0,16142000.0,0.0,5.607,57.833,57.304,81478000.0,0.0,39.54,7.436,7.432,175703000.0,317467000.0,281320000.0,281320000.0,51488000.0,,,,,10641000.0,130715000.0,1.0,193022425.0,192937000,196171000.0,1.458,1740609000.0,79707000.0,14963000.0,0.0,9.022,553827000.0
32,RHT,MRQ,2011-06-30,2011-05-31,2011-05-31,2019-06-28,1636000.0,2247841000.0,,1208235000.0,1039606000.0,,6.888,-11200000.0,710223000.0,710223000.0,42447000.0,32450000.0,1.761,0.689,0.0,0.0,0.0,0.0,786041000.0,12739000.0,0.0,0.0,0.0,47029000.0,59768000.0,0.226,59768000.0,47029000.0,47029000.0,0.17,0.17,0.17,1330503000.0,,1330503000.0,7773234843.0,47.0,36.545,79012000.0,0.409,1.0,222299000.0,0.84,572024000.0,0.0,279497000.0,,0.0,556518000.0,200258000.0,356260000.0,917338000.0,686097000.0,231241000.0,8415864843.0,67593000.0,0.0,-22936000.0,-594000.0,0.0,-14970000.0,-18802000.0,-7602000.0,90212000.0,11153000.0,32450000.0,32450000.0,32450000.0,0.0,0.0,0.123,176940000.0,45359000.0,16357000.0,0.0,6.325,72.766,71.475,77754000.0,0.0,43.6,8.722,8.728,154939000.0,277500000.0,264746000.0,264746000.0,48288000.0,,,,,7627000.0,128652000.0,1.0,193024423.0,193155000,196287000.0,1.371,1675817000.0,75192000.0,14579000.0,0.0,8.676,522138000.0
33,RHT,MRQ,2011-03-31,2011-02-28,2011-02-28,2019-06-28,-1819000.0,2199322000.0,,1184558000.0,1014764000.0,,6.689,-21681000.0,642630000.0,642630000.0,41604000.0,33534000.0,1.743,0.704,0.0,0.0,0.0,0.0,772254000.0,12757000.0,0.0,0.0,0.0,40242000.0,52999000.0,0.217,52999000.0,40242000.0,40242000.0,0.17,0.17,0.17,1290699000.0,,1290699000.0,7370528299.0,48.0,36.544,73319000.0,0.38,1.0,203192000.0,0.83,573605000.0,0.0,303286000.0,,0.0,549761000.0,217970000.0,331791000.0,908623000.0,679801000.0,228822000.0,7965442299.0,47716000.0,0.0,-9862000.0,-16000.0,0.0,414000.0,-59172000.0,-53855000.0,95000000.0,11474000.0,33534000.0,33534000.0,33534000.0,0.0,0.0,0.137,163782000.0,39410000.0,106514000.0,0.0,6.171,74.25,73.714,75558000.0,0.0,41.28,8.76,8.639,184741000.0,245050000.0,244796000.0,244796000.0,45151000.0,,,,,6116000.0,118631000.0,1.0,192961296.0,192946000,198243000.0,1.269,1625717000.0,75720000.0,6708000.0,0.0,8.426,504757000.0
34,RHT,MRQ,2010-12-31,2010-11-30,2010-11-30,2019-06-28,-3795000.0,2028713000.0,,1088386000.0,940327000.0,,6.325,-10079000.0,594914000.0,594914000.0,39744000.0,26017000.0,1.77,0.677,0.0,0.0,0.0,0.0,685235000.0,11829000.0,0.0,0.0,0.0,40026000.0,51855000.0,0.22,51855000.0,40026000.0,40026000.0,0.14,0.13,0.14,1209956000.0,,1209956000.0,7621060768.0,52.0,39.039,60741000.0,0.318,1.0,195832000.0,0.831,576532000.0,0.0,242377000.0,,0.0,502066000.0,250528000.0,251538000.0,818757000.0,614890000.0,203867000.0,8290287768.0,-74313000.0,-31381000.0,9755000.0,335000.0,0.0,20890000.0,-172568000.0,-121627000.0,70820000.0,6545000.0,26017000.0,26017000.0,26017000.0,0.0,0.0,0.11,157876000.0,37956000.0,19101000.0,0.0,6.852,85.351,83.654,74860000.0,0.0,43.5,9.636,9.672,151612000.0,211516000.0,235576000.0,235576000.0,43083000.0,,,,,4540000.0,114793000.0,1.0,190581328.0,191296000,196908000.0,1.231,1452181000.0,37004000.0,14009000.0,0.0,7.591,473496000.0
35,RHT,MRQ,2010-09-30,2010-08-31,2010-08-31,2019-06-28,-4357000.0,1943595000.0,,1219834000.0,723761000.0,,6.253,-8371000.0,669227000.0,669227000.0,35702000.0,23656000.0,2.149,0.644,0.0,0.0,0.0,0.0,649635000.0,11689000.0,0.0,0.0,0.0,36394000.0,48083000.0,0.219,48083000.0,36394000.0,36394000.0,0.13,0.12,0.13,1181992000.0,,1181992000.0,6049364101.0,45.0,33.569,55913000.0,0.296,1.0,184059000.0,0.838,539788000.0,0.0,166938000.0,,0.0,380924000.0,305991000.0,74933000.0,761603000.0,567642000.0,193961000.0,6527734101.0,190857000.0,0.0,11882000.0,0.0,0.0,22074000.0,96704000.0,106399000.0,64284000.0,7795000.0,23656000.0,23656000.0,23656000.0,0.0,0.0,0.108,149988000.0,34071000.0,13368000.0,0.0,5.523,74.578,73.511,71544000.0,0.0,34.55,7.969,7.973,125993000.0,185499000.0,219761000.0,219761000.0,42361000.0,,,,,5483000.0,107627000.0,1.0,188935864.0,189027000,193560000.0,1.163,1403807000.0,68618000.0,12738000.0,0.0,7.426,652192000.0
36,RHT,MRQ,2010-06-30,2010-05-31,2010-05-31,2019-06-28,-2220000.0,1831868000.0,,1035451000.0,796417000.0,,5.86,-8343000.0,478370000.0,478370000.0,33238000.0,24071000.0,1.896,0.663,0.0,0.0,0.0,0.0,625614000.0,11722000.0,0.0,0.0,0.0,37032000.0,48754000.0,0.233,48754000.0,37032000.0,37032000.0,0.13,0.12,0.13,1101292000.0,,1101292000.0,5141036409.0,40.0,29.074,52301000.0,0.278,1.0,175906000.0,0.841,542532000.0,0.0,264698000.0,,0.0,489395000.0,345428000.0,143967000.0,730576000.0,546268000.0,184308000.0,5529154409.0,90252000.0,0.0,-43729000.0,-877000.0,0.0,-33599000.0,80180000.0,88523000.0,60644000.0,-16973000.0,24071000.0,24071000.0,24071000.0,0.0,0.0,0.115,141667000.0,34239000.0,11028000.0,0.0,5.021,59.575,59.816,69952000.0,0.0,29.31,7.062,7.035,117426000.0,161843000.0,209144000.0,209144000.0,40658000.0,,,,,2167000.0,101009000.0,1.0,188643958.0,187926000,193266000.0,1.113,1289336000.0,50099000.0,12961000.0,0.0,6.861,489183000.0
37,RHT,MRQ,2010-03-31,2010-02-28,2010-02-28,2019-06-28,1056000.0,1870872000.0,,1003119000.0,867753000.0,,5.913,-11794000.0,388118000.0,388118000.0,29338000.0,23388000.0,1.771,0.684,0.0,0.0,0.0,0.0,645860000.0,12014000.0,0.0,0.0,0.0,34509000.0,46523000.0,0.238,46523000.0,34509000.0,34509000.0,0.12,0.12,0.12,1111052000.0,,1111052000.0,4903612587.0,40.0,29.299,66097000.0,0.352,1.0,166530000.0,0.85,546962000.0,0.0,369525000.0,,0.0,582067000.0,372656000.0,209411000.0,759820000.0,566267000.0,193553000.0,5293321587.0,-1591000.0,0.0,-53190000.0,0.0,0.0,-44901000.0,-23904000.0,-15027000.0,77891000.0,-10677000.0,23388000.0,23388000.0,23388000.0,0.0,0.0,0.119,138571000.0,27959000.0,16483000.0,0.0,4.764,60.666,60.978,71708000.0,0.0,28.05,7.074,7.042,139436000.0,137772000.0,195868000.0,195868000.0,38292000.0,,,,,5753000.0,100279000.0,1.0,188710217.0,187911000,194086000.0,1.042,1323910000.0,57951000.0,11121000.0,0.0,7.045,436852000.0
38,RHT,MRQ,2009-12-31,2009-11-30,2009-11-30,2019-06-28,4528000.0,1855829000.0,,971718000.0,884111000.0,,5.907,-8655000.0,389709000.0,389709000.0,29598000.0,16414000.0,1.806,0.676,0.0,0.0,0.0,0.0,618736000.0,11595000.0,0.0,0.0,0.0,25252000.0,36847000.0,0.19,36847000.0,25252000.0,25252000.0,0.09,0.08,0.09,1107200000.0,,1107200000.0,4520571419.0,42.0,29.679,45494000.0,0.243,1.0,164748000.0,0.848,551543000.0,0.0,376644000.0,,0.0,569378000.0,348187000.0,221191000.0,748629000.0,537933000.0,210696000.0,5013623419.0,-103343000.0,0.0,-14058000.0,0.0,0.0,-4534000.0,-159257000.0,-149755000.0,54149000.0,6299000.0,16414000.0,16414000.0,16414000.0,0.0,0.0,0.084,144955000.0,19793000.0,17496000.0,0.0,4.528,62.786,63.571,73220000.0,0.0,26.7,6.977,6.965,137237000.0,114384000.0,194346000.0,194346000.0,38605000.0,,,,,3033000.0,97600000.0,1.0,187776158.0,187450000,193733000.0,1.037,1304286000.0,0.0,8838000.0,0.0,6.958,433785000.0
39,RHT,MRQ,2009-09-30,2009-08-31,2009-08-31,2019-06-28,9768000.0,1793072000.0,,940823000.0,852249000.0,,5.866,-6635000.0,493052000.0,493052000.0,28440000.0,28937000.0,1.899,0.634,0.0,0.0,0.0,0.0,580935000.0,11442000.0,0.0,0.0,0.0,33258000.0,44700000.0,0.243,44700000.0,33258000.0,33258000.0,0.15,0.15,0.15,1097524000.0,,1097524000.0,3806026809.0,32.0,23.67,55370000.0,0.296,1.0,155193000.0,0.845,554646000.0,0.0,250020000.0,,0.0,418754000.0,228384000.0,190370000.0,695548000.0,495354000.0,200194000.0,4316642809.0,-17564000.0,0.0,-33499000.0,0.0,0.0,-29943000.0,-51660000.0,-43944000.0,62005000.0,2034000.0,28937000.0,28937000.0,28937000.0,0.0,0.0,0.158,127651000.0,27542000.0,17938000.0,0.0,3.933,49.196,49.913,70276000.0,0.0,22.96,6.26,6.23,112837000.0,97970000.0,183633000.0,183633000.0,36360000.0,,,,,7457000.0,91291000.0,1.0,188007091.0,187099000,192659000.0,0.981,1238426000.0,0.0,4321000.0,0.0,6.619,445469000.0
40,RHT,MRQ,2009-06-30,2009-05-31,2009-05-31,2019-06-28,12215000.0,1765823000.0,,919533000.0,846290000.0,,5.788,-7017000.0,510616000.0,510616000.0,26468000.0,18514000.0,1.961,0.615,0.0,0.0,0.0,0.0,567340000.0,10810000.0,0.0,0.0,0.0,28483000.0,39293000.0,0.225,39293000.0,28483000.0,28483000.0,0.1,0.1,0.1,1093520000.0,,1093520000.0,3254191312.0,27.0,20.074,54186000.0,0.287,1.0,147920000.0,0.848,558539000.0,0.0,227833000.0,,0.0,373919000.0,206891000.0,167028000.0,672303000.0,468835000.0,203468000.0,3769739312.0,-4932000.0,0.0,-44169000.0,-900000.0,0.0,-30869000.0,-41381000.0,-34364000.0,61203000.0,6115000.0,18514000.0,18514000.0,18514000.0,0.0,0.0,0.106,122864000.0,25056000.0,13089000.0,0.0,3.447,47.154,47.5,69619000.0,0.0,19.95,5.624,5.622,106639000.0,69033000.0,174388000.0,174388000.0,35102000.0,,,,,-3524000.0,87762000.0,1.0,188959364.0,188916000,194382000.0,0.923,1207284000.0,0.0,9969000.0,0.0,6.391,450698000.0
41,RHT,MRQ,2009-03-31,2009-02-28,2009-02-28,2019-06-28,10327000.0,1753636000.0,,890832000.0,862804000.0,,5.817,-10253000.0,515548000.0,515548000.0,25653000.0,15988000.0,1.994,0.585,0.0,0.0,0.0,0.0,543082000.0,10823000.0,0.0,0.0,0.0,20655000.0,31478000.0,0.189,31478000.0,20655000.0,25020000.0,0.08,0.09,0.08,1106053000.0,,1106053000.0,2368055966.0,19.0,14.632,49409000.0,0.26,1.0,140568000.0,0.846,560286000.0,-4365000.0,231153000.0,,0.0,330541000.0,147178000.0,183363000.0,647583000.0,446649000.0,200934000.0,2602392966.0,-4289000.0,0.0,-3314000.0,-285497000.0,0.0,-276920000.0,214464000.0,221596000.0,59662000.0,-1495000.0,15988000.0,15988000.0,15988000.0,0.0,0.0,0.096,120331000.0,20237000.0,9576000.0,0.0,2.353,33.058,33.39,67913000.0,0.0,13.69,3.988,4.002,128669000.0,50519000.0,166221000.0,166221000.0,34993000.0,,,,,2742000.0,85338000.0,1.0,190094446.0,190154000,198561000.0,0.874,1193350000.0,0.0,9032000.0,0.0,6.276,444183000.0
42,RHT,MRQ,2008-12-31,2008-11-30,2008-11-30,2019-06-28,10208000.0,1964479000.0,,949935000.0,1014544000.0,,5.664,-4212000.0,519837000.0,519837000.0,26536000.0,24305000.0,1.341,0.819,285500000.0,285500000.0,0.0,285500000.0,505117000.0,10561000.0,0.0,0.0,0.0,34765000.0,45326000.0,0.274,45326000.0,34765000.0,33516000.0,0.13,0.12,0.13,1079881000.0,,1079881000.0,1556262653.0,11.0,8.842,54936000.0,0.288,1.0,138796000.0,0.839,563973000.0,1249000.0,457946000.0,,0.0,556615000.0,238794000.0,317821000.0,884598000.0,708223000.0,176375000.0,1773719653.0,-267620000.0,-101338000.0,-30771000.0,-280106000.0,0.0,-296087000.0,-28831000.0,77498000.0,59148000.0,-1850000.0,24305000.0,24305000.0,24305000.0,0.0,0.0,0.147,117826000.0,20970000.0,10779000.0,0.0,1.643,20.932,20.556,68249000.0,0.0,9.25,2.825,2.809,113162000.0,34531000.0,165332000.0,165332000.0,34544000.0,,,,,-2539000.0,83282000.0,1.0,191753476.0,190665000,208408000.0,0.867,1400506000.0,0.0,9211000.0,0.0,7.345,241712000.0
43,RHT,MRQ,2008-09-30,2008-08-31,2008-08-31,2019-06-28,11376000.0,2215386000.0,,1241824000.0,973562000.0,,5.549,-4430000.0,787457000.0,787457000.0,27508000.0,21138000.0,1.269,1.085,570000000.0,570000000.0,0.0,570000000.0,496859000.0,9828000.0,0.0,0.0,0.0,36182000.0,46010000.0,0.28,46010000.0,36182000.0,34652000.0,0.11,0.1,0.11,1062569000.0,,1062569000.0,3977462177.0,29.0,22.988,49836000.0,0.26,1.0,136875000.0,0.833,470551000.0,1530000.0,548573000.0,,0.0,642503000.0,274268000.0,368235000.0,1152817000.0,978805000.0,174012000.0,4018002177.0,176917000.0,-3052000.0,5123000.0,-66000.0,0.0,20546000.0,104582000.0,112791000.0,54266000.0,-2477000.0,21138000.0,21138000.0,21138000.0,0.0,0.0,0.129,115471000.0,21404000.0,9313000.0,0.0,3.781,49.779,50.0,70803000.0,0.0,21.0,6.72,6.726,110898000.0,10226000.0,164383000.0,164383000.0,31728000.0,,,,,-4619000.0,83743000.0,1.0,191333437.0,191485000,220039000.0,0.858,1744835000.0,0.0,13514000.0,0.0,9.112,263019000.0
44,RHT,MRQ,2008-06-30,2008-05-31,2008-05-31,2019-06-28,-4208000.0,2137346000.0,,1096758000.0,1040588000.0,,5.197,-11137000.0,610540000.0,610540000.0,26429000.0,17290000.0,1.118,1.156,570000000.0,570000000.0,0.0,570000000.0,491824000.0,9097000.0,0.0,0.0,0.0,29930000.0,39027000.0,0.249,39027000.0,29930000.0,28344000.0,0.09,0.08,0.09,991393000.0,,991393000.0,4536051525.0,34.0,27.153,52225000.0,0.274,1.0,130206000.0,0.831,471167000.0,1586000.0,644471000.0,,0.0,738608000.0,285535000.0,453073000.0,1145953000.0,981168000.0,164785000.0,4643771525.0,-67180000.0,-43750000.0,4289000.0,43000.0,0.0,13299000.0,-143999000.0,-89112000.0,63362000.0,158000.0,17290000.0,17290000.0,17290000.0,0.0,0.0,0.11,110296000.0,19910000.0,11932000.0,0.0,4.684,59.738,60.9,73341000.0,0.0,24.36,8.281,8.287,114975000.0,-10912000.0,156635000.0,156635000.0,28911000.0,,,,,1594000.0,81385000.0,1.0,190631015.0,190779000,218853000.0,0.821,1666179000.0,0.0,11054000.0,0.0,8.734,115590000.0
45,RHT,MRQ,2008-03-31,2008-02-29,2008-02-29,2019-06-28,1990000.0,2079982000.0,,1192356000.0,887626000.0,,5.014,-21661000.0,677720000.0,677720000.0,21399000.0,22006000.0,1.23,1.187,570000000.0,570000000.0,0.0,570000000.0,472893000.0,9105000.0,0.0,0.0,0.0,36543000.0,45648000.0,0.323,45648000.0,36543000.0,34932000.0,0.12,0.1,0.12,951191000.0,,951191000.0,3449368893.0,26.0,21.059,32852000.0,0.173,1.0,120093000.0,0.849,434137000.0,1611000.0,568377000.0,,0.0,654223000.0,312442000.0,341781000.0,1128791000.0,969748000.0,159043000.0,3466327893.0,90761000.0,0.0,-64947000.0,1000.0,0.0,-47905000.0,82011000.0,98897000.0,54513000.0,2142000.0,22006000.0,22006000.0,22006000.0,0.0,0.0,0.156,101922000.0,18171000.0,17341000.0,0.0,3.644,45.213,44.575,68557000.0,0.0,17.83,6.628,6.596,127002000.0,-28202000.0,141492000.0,141492000.0,26316000.0,,,,,-7006000.0,75606000.0,1.0,194409865.0,189717000,217032000.0,0.746,1645845000.0,0.0,12926000.0,0.0,8.675,222608000.0
46,RHT,MRQ,2007-12-31,2007-11-30,2007-11-30,2019-06-28,-582000.0,2037740000.0,,1223775000.0,813965000.0,,4.936,-10971000.0,586959000.0,586959000.0,20926000.0,20283000.0,3.396,1.127,570000000.0,0.0,570000000.0,570000000.0,422594000.0,8443000.0,0.0,0.0,0.0,33893000.0,42336000.0,0.313,42336000.0,33893000.0,32312000.0,0.1,0.1,0.1,957827000.0,,957827000.0,3926450532.0,32.0,25.689,48667000.0,0.251,1.0,114455000.0,0.845,435517000.0,1581000.0,1224887000.0,,0.0,742742000.0,454361000.0,288381000.0,1079913000.0,360377000.0,719536000.0,3881069532.0,62340000.0,0.0,4908000.0,0.0,0.0,21995000.0,-21617000.0,-10224000.0,59638000.0,2324000.0,20283000.0,20283000.0,20283000.0,0.0,0.0,0.15,95002000.0,19453000.0,10439000.0,0.0,4.052,51.646,52.684,58138000.0,0.0,20.02,7.878,7.885,108329000.0,-50208000.0,135381000.0,135381000.0,25930000.0,,,,,-7632000.0,69072000.0,1.0,193859617.0,194038000,221547000.0,0.698,1602223000.0,0.0,12029000.0,0.0,8.257,863398000.0
47,RHT,MRQ,2007-09-30,2007-08-31,2007-08-31,2019-06-28,-1461000.0,1921775000.0,,1025370000.0,896405000.0,,4.64,-8375000.0,524619000.0,524619000.0,20064000.0,18157000.0,3.144,1.139,570000000.0,0.0,570000000.0,570000000.0,377034000.0,8219000.0,0.0,0.0,0.0,31826000.0,40045000.0,0.315,40045000.0,31826000.0,30261000.0,0.09,0.09,0.09,898538000.0,,898538000.0,3895505718.0,34.0,27.471,40826000.0,0.211,1.0,107206000.0,0.842,436834000.0,1565000.0,1204230000.0,,0.0,729027000.0,353764000.0,375263000.0,1023237000.0,326092000.0,697145000.0,3762889718.0,87235000.0,0.0,5319000.0,-90000.0,0.0,19738000.0,16823000.0,26063000.0,49201000.0,1473000.0,18157000.0,18157000.0,18157000.0,0.0,0.0,0.143,89410000.0,17796000.0,10085000.0,0.0,4.188,54.154,54.028,51363000.0,0.0,19.45,8.126,8.133,89125000.0,-70491000.0,127270000.0,127270000.0,23384000.0,,,,,-5928000.0,66026000.0,1.0,193464767.0,193634000,221688000.0,0.657,1484941000.0,0.0,12104000.0,0.0,7.669,699278000.0
48,RHT,MRQ,2007-06-30,2007-05-31,2007-05-31,2019-06-28,-2744000.0,1857608000.0,,983149000.0,874459000.0,,4.397,-6407000.0,437384000.0,437384000.0,18264000.0,16221000.0,3.158,1.188,570000000.0,0.0,570000000.0,570000000.0,363058000.0,7234000.0,0.0,0.0,0.0,28530000.0,35764000.0,0.301,35764000.0,28530000.0,27035000.0,0.08,0.08,0.08,848930000.0,,848930000.0,4787263102.0,47.0,37.535,33318000.0,0.173,1.0,100609000.0,0.846,440296000.0,1495000.0,1238599000.0,,0.0,753700000.0,400074000.0,353626000.0,1008678000.0,311329000.0,697349000.0,4744502102.0,-89855000.0,-11784000.0,3074000.0,2232000.0,0.0,17916000.0,-147374000.0,-125695000.0,39725000.0,-122000.0,16221000.0,16221000.0,16221000.0,0.0,0.0,0.136,85657000.0,14952000.0,7958000.0,0.0,5.589,76.064,74.424,47713000.0,0.0,24.56,10.895,10.889,92412000.0,-88648000.0,118873000.0,118873000.0,21787000.0,,,,,-4224000.0,63870000.0,1.0,193180053.0,193082000,221407000.0,0.616,1417312000.0,0.0,10814000.0,0.0,7.34,671820000.0
49,RHT,MRQ,2007-03-31,2007-02-28,2007-02-28,2019-06-28,-1795000.0,1785854000.0,,1007065000.0,778789000.0,,4.272,-7884000.0,527239000.0,527239000.0,17430000.0,20487000.0,3.353,1.175,570000000.0,0.0,570000000.0,570000000.0,338635000.0,6162000.0,0.0,0.0,0.0,28541000.0,34703000.0,0.312,34703000.0,28541000.0,26992000.0,0.11,0.1,0.11,821236000.0,,821236000.0,4088333944.0,43.0,34.231,37740000.0,0.196,1.0,93692000.0,0.843,423151000.0,1549000.0,1105101000.0,,0.0,628855000.0,350827000.0,278028000.0,964618000.0,300363000.0,664255000.0,4314325944.0,-268753000.0,0.0,9612000.0,-145000.0,0.0,20212000.0,-334117000.0,-326233000.0,45624000.0,-472000.0,20487000.0,20487000.0,20487000.0,0.0,0.0,0.184,77053000.0,16639000.0,12062000.0,0.0,5.253,72.017,70.156,45258000.0,0.0,22.45,10.769,10.611,87973000.0,-92092000.0,111122000.0,111122000.0,19954000.0,,,,,-2732000.0,57099000.0,1.0,192174875.0,192251000,219519000.0,0.578,1362703000.0,0.0,6505000.0,0.0,7.088,706702000.0
50,RHT,MRQ,2006-12-31,2006-11-30,2006-11-30,2019-06-28,-2683000.0,1712906000.0,,1092239000.0,620667000.0,,4.048,-5766000.0,795992000.0,795992000.0,17440000.0,14620000.0,3.911,1.212,570000000.0,0.0,570000000.0,570000000.0,311695000.0,6594000.0,0.0,0.0,0.0,24700000.0,31294000.0,0.296,31294000.0,24700000.0,23206000.0,0.08,0.07,0.08,774411000.0,,774411000.0,3328192834.0,35.0,28.708,53910000.0,0.282,1.0,88386000.0,0.835,424838000.0,1494000.0,782819000.0,,0.0,301186000.0,180873000.0,120313000.0,938495000.0,279257000.0,659238000.0,3326373834.0,227811000.0,-302000.0,4414000.0,-223000.0,0.0,6559000.0,160742000.0,166810000.0,59676000.0,834000.0,14620000.0,14620000.0,14620000.0,0.0,0.0,0.138,74799000.0,13587000.0,10742000.0,0.0,4.295,49.844,48.333,42278000.0,0.0,17.4,9.034,9.04,81251000.0,-112579000.0,105826000.0,105826000.0,19200000.0,,,,,6127000.0,55599000.0,1.0,191170910.0,191298000,219458000.0,0.553,1288068000.0,0.0,8586000.0,0.0,6.733,812982000.0
51,RHT,MRQ,2006-09-30,2006-08-31,2006-08-31,2019-06-28,-4910000.0,1640571000.0,,936161000.0,704410000.0,,3.889,-5107000.0,568181000.0,568181000.0,16420000.0,11047000.0,3.709,1.217,570000000.0,0.0,570000000.0,570000000.0,284109000.0,6754000.0,0.0,0.0,0.0,19025000.0,25779000.0,0.259,25779000.0,19025000.0,17535000.0,0.06,0.05,0.06,739962000.0,,739962000.0,4396317744.0,46.0,38.504,38777000.0,0.204,1.0,83253000.0,0.835,434080000.0,1490000.0,955917000.0,,0.0,465777000.0,269775000.0,196002000.0,900609000.0,252393000.0,648216000.0,4423234744.0,-28736000.0,-147651000.0,2995000.0,-31000.0,0.0,3704000.0,-74849000.0,77909000.0,43884000.0,-1475000.0,11047000.0,11047000.0,11047000.0,0.0,0.0,0.111,73801000.0,9452000.0,7642000.0,0.0,5.978,58.727,56.585,40055000.0,0.0,23.2,13.184,13.159,70346000.0,-127199000.0,99673000.0,99673000.0,18068000.0,,,,,7560000.0,55733000.0,1.0,190656670.0,190292000,219940000.0,0.524,1206491000.0,0.0,6488000.0,0.0,6.34,683768000.0
52,RHT,MRQ,2006-06-30,2006-05-31,2006-05-31,2019-06-28,-7572000.0,1379975000.0,,1015976000.0,363999000.0,,2.79,-3878000.0,596917000.0,596917000.0,13445000.0,13753000.0,4.588,1.694,570000000.0,0.0,570000000.0,570000000.0,254749000.0,4344000.0,0.0,0.0,0.0,23314000.0,27658000.0,0.329,27658000.0,23314000.0,21830000.0,0.07,0.07,0.07,512243000.0,,512243000.0,5124224002.0,53.0,45.631,48495000.0,0.264,1.0,70557000.0,0.84,86142000.0,1484000.0,1045485000.0,,0.0,540691000.0,335383000.0,205308000.0,867732000.0,221431000.0,646301000.0,4821771002.0,329370000.0,-1911000.0,7462000.0,0.0,0.0,9597000.0,264910000.0,270699000.0,52373000.0,2490000.0,13753000.0,13753000.0,13753000.0,0.0,0.0,0.164,57945000.0,12612000.0,6661000.0,0.0,9.413,59.525,59.591,36714000.0,0.0,26.22,15.99,15.962,65361000.0,-138246000.0,84002000.0,84002000.0,13815000.0,,,,,5491000.0,44130000.0,1.0,183896682.0,183579000,214325000.0,0.458,1293833000.0,0.0,8077000.0,0.0,7.048,794545000.0
53,RHT,MRQ,2006-03-31,2006-02-28,2006-02-28,2019-06-28,-8482000.0,1314241000.0,,881239000.0,433002000.0,,2.641,-4368000.0,267547000.0,267547000.0,12428000.0,27316000.0,4.386,1.752,570000000.0,0.0,570000000.0,570000000.0,223488000.0,3991000.0,0.0,0.0,0.0,27212000.0,31203000.0,0.396,31203000.0,27212000.0,25705000.0,0.15,0.14,0.15,477558000.0,,477558000.0,5189987670.0,59.0,50.111,45711000.0,0.253,1.0,66292000.0,0.842,89409000.0,1507000.0,1326363000.0,,0.0,809993000.0,537324000.0,272669000.0,836683000.0,200922000.0,635761000.0,4801933670.0,85601000.0,0.0,31032000.0,237000.0,0.0,30716000.0,3798000.0,8166000.0,50079000.0,1008000.0,27316000.0,27316000.0,27316000.0,0.0,0.0,0.347,46532000.0,19760000.0,5627000.0,0.0,10.055,60.261,59.711,35822000.0,0.0,26.87,17.253,17.195,59792000.0,-152113000.0,78720000.0,78720000.0,11037000.0,,,,,312000.0,35495000.0,1.0,178709850.0,180848000,204368000.0,0.435,1224832000.0,0.0,-1611000.0,0.0,6.773,680317000.0
54,RHT,MRQ,2005-12-31,2005-11-30,2005-11-30,2019-06-28,-10512000.0,1230033000.0,,738338000.0,491695000.0,,2.353,-4401000.0,181946000.0,181946000.0,11857000.0,23203000.0,3.887,1.943,570000000.0,0.0,570000000.0,570000000.0,199688000.0,4145000.0,0.0,0.0,0.0,25394000.0,29539000.0,0.404,29539000.0,25394000.0,23904000.0,0.13,0.12,0.13,417928000.0,,417928000.0,4592638718.0,62.0,51.494,49712000.0,0.28,1.0,61255000.0,0.838,89810000.0,1490000.0,1338328000.0,,0.0,818173000.0,486394000.0,331779000.0,812105000.0,189949000.0,622156000.0,4170694718.0,33890000.0,-303000.0,7811000.0,0.0,0.0,8281000.0,-26648000.0,-21944000.0,54113000.0,-1856000.0,23203000.0,23203000.0,23203000.0,0.0,0.0,0.317,42506000.0,18749000.0,5161000.0,0.0,9.979,64.954,65.472,34989000.0,0.0,23.57,16.224,16.285,55656000.0,-179429000.0,73112000.0,73112000.0,9644000.0,,,,,1299000.0,32862000.0,1.0,176949288.0,177615000,211783000.0,0.412,1140223000.0,0.0,701000.0,0.0,6.42,548389000.0
55,RHT,MRQ,2005-09-30,2005-08-31,2005-08-31,2019-06-28,-8821000.0,1179776000.0,,590159000.0,589617000.0,,2.183,-4716000.0,148056000.0,148056000.0,11592000.0,16732000.0,3.303,2.05,570000000.0,0.0,570000000.0,570000000.0,184034000.0,3751000.0,0.0,0.0,0.0,20147000.0,23898000.0,0.364,23898000.0,20147000.0,18591000.0,0.09,0.09,0.09,386764000.0,,386764000.0,2857241081.0,46.0,38.005,41040000.0,0.232,1.0,54126000.0,0.824,90821000.0,1556000.0,1332251000.0,,0.0,817562000.0,369364000.0,448198000.0,793012000.0,178648000.0,614364000.0,2511562081.0,-96312000.0,-2500000.0,-5372000.0,-18091000.0,0.0,-23048000.0,-118062000.0,-110846000.0,45756000.0,-958000.0,16732000.0,16732000.0,16732000.0,0.0,0.0,0.255,42199000.0,11927000.0,4892000.0,0.0,6.494,48.438,49.0,34037000.0,0.0,14.21,10.693,10.721,59585000.0,-202632000.0,65718000.0,65718000.0,10450000.0,,,,,1310000.0,31749000.0,1.0,176746100.0,177208000,208583000.0,0.371,1088955000.0,0.0,1859000.0,0.0,6.145,411511000.0
56,RHT,MRQ,2005-06-30,2005-05-31,2005-05-31,2019-06-28,-8241000.0,1157775000.0,,498347000.0,659428000.0,,2.123,-3272000.0,244368000.0,244368000.0,12628000.0,12435000.0,3.219,2.084,590047000.0,47000.0,590000000.0,590047000.0,157908000.0,3547000.0,0.0,0.0,0.0,15382000.0,18929000.0,0.311,18929000.0,15382000.0,13816000.0,0.07,0.07,0.07,375370000.0,,375370000.0,2694213345.0,50.0,40.557,33332000.0,0.189,1.0,48152000.0,0.792,91542000.0,1566000.0,1257098000.0,,0.0,707170000.0,190134000.0,517036000.0,782405000.0,154814000.0,627591000.0,2234003345.0,104199000.0,0.0,-1664000.0,-8210000.0,0.0,-10206000.0,78647000.0,81919000.0,36604000.0,-846000.0,12435000.0,12435000.0,12435000.0,0.0,0.0,0.205,40505000.0,7647000.0,4219000.0,0.0,5.951,47.589,48.615,33137000.0,0.0,12.64,10.367,10.37,50433000.0,-219364000.0,60780000.0,60780000.0,9848000.0,,,,,1166000.0,30657000.0,1.0,176740771.0,176781000,206907000.0,0.344,1066233000.0,0.0,1381000.0,0.0,6.031,343533000.0
57,RHT,MRQ,2005-03-31,2005-02-28,2005-02-28,2019-06-28,-9510000.0,1134036000.0,,385253000.0,748783000.0,,2.029,-4374000.0,140169000.0,140169000.0,11207000.0,11840000.0,2.768,2.136,600000000.0,0.0,600000000.0,600000000.0,137316000.0,3639000.0,0.0,0.0,0.0,13183000.0,16822000.0,0.293,16822000.0,13183000.0,11549000.0,0.07,0.06,0.07,361671000.0,,361671000.0,2434913793.0,47.0,39.091,26187000.0,0.147,1.0,46246000.0,0.805,90331000.0,1634000.0,1364337000.0,,0.0,788594000.0,181028000.0,607566000.0,772365000.0,139199000.0,633166000.0,2068736793.0,-29549000.0,-20750000.0,-51382000.0,0.0,0.0,-51625000.0,-7842000.0,17282000.0,30561000.0,-643000.0,11840000.0,11840000.0,11840000.0,0.0,0.0,0.206,38779000.0,7467000.0,8426000.0,0.0,5.72,45.541,45.88,32726000.0,0.0,11.47,10.53,10.604,51959000.0,-231798000.0,57453000.0,57453000.0,8827000.0,,,,,1112000.0,29952000.0,1.0,180360662.0,178294000,210344000.0,0.322,1043705000.0,0.0,-291000.0,0.0,5.854,246054000.0
58,RHT,MRQ,2004-12-31,2004-11-30,2004-11-30,2019-06-28,-5489000.0,1156613000.0,,362087000.0,794526000.0,,2.21,-2609000.0,234436000.0,234436000.0,10089000.0,10844000.0,2.932,1.868,600613000.0,459000.0,600154000.0,600613000.0,121437000.0,2557000.0,0.0,0.0,0.0,12975000.0,15532000.0,0.305,15532000.0,12975000.0,11291000.0,0.06,0.06,0.06,403032000.0,,403032000.0,3008620986.0,69.0,56.345,27107000.0,0.149,1.0,40836000.0,0.802,69810000.0,1684000.0,1329470000.0,,2085000.0,744586000.0,69751000.0,674835000.0,753044000.0,123510000.0,629534000.0,2657177986.0,1032000.0,-303000.0,-43777000.0,0.0,0.0,-44122000.0,12314000.0,15226000.0,29716000.0,3124000.0,10844000.0,10844000.0,10844000.0,0.0,0.0,0.213,33245000.0,7591000.0,6445000.0,0.0,6.593,69.248,68.952,30954000.0,0.0,14.48,15.116,15.02,47234000.0,-243638000.0,50925000.0,50925000.0,7931000.0,,,,,1109000.0,25314000.0,1.0,183506767.0,182340000,215671000.0,0.279,1086803000.0,0.0,447000.0,0.0,5.96,238577000.0
59,RHT,MRQ,2004-09-30,2004-08-31,2004-08-31,2019-06-28,-2297000.0,1166834000.0,,339539000.0,827295000.0,,2.386,-2570000.0,249452000.0,249452000.0,8846000.0,11825000.0,3.206,1.665,600895000.0,683000.0,600212000.0,600895000.0,99735000.0,2409000.0,0.0,0.0,0.0,12739000.0,15148000.0,0.327,15148000.0,12739000.0,11184000.0,0.06,0.06,0.06,437611000.0,,437611000.0,2656739298.0,76.0,60.617,28253000.0,0.154,1.0,37478000.0,0.809,69662000.0,1555000.0,1342712000.0,,2779000.0,748297000.0,41836000.0,706461000.0,728819000.0,105903000.0,622916000.0,2246936298.0,32995000.0,0.0,1701000.0,0.0,0.0,1342000.0,1352000.0,3922000.0,30823000.0,-522000.0,11825000.0,11825000.0,11825000.0,0.0,0.0,0.255,30734000.0,6744000.0,7339000.0,0.0,5.135,70.683,72.118,30701000.0,0.0,12.26,14.244,14.256,39351000.0,-254483000.0,46324000.0,46324000.0,8435000.0,,,,,1110000.0,22299000.0,1.0,183273760.0,183422000,218836000.0,0.253,1097172000.0,0.0,-641000.0,0.0,5.982,233636000.0
60,RHT,MRQ,2004-06-30,2004-05-31,2004-05-31,2019-06-28,-6430000.0,1133479000.0,,279181000.0,854298000.0,,2.298,-5368000.0,191356000.0,191356000.0,8345000.0,10917000.0,3.012,1.702,601159000.0,896000.0,600263000.0,601159000.0,87843000.0,2306000.0,0.0,0.0,0.0,12480000.0,14786000.0,0.354,14786000.0,12480000.0,10917000.0,0.06,0.06,0.06,419299000.0,,419299000.0,5060327282.0,194.0,149.431,25749000.0,0.141,1.0,33419000.0,0.8,69770000.0,1563000.0,1380828000.0,,2503000.0,773122000.0,38806000.0,734316000.0,713848000.0,92684000.0,621164000.0,5003780282.0,-325613000.0,0.0,11282000.0,-248000.0,0.0,11034000.0,-366460000.0,-361092000.0,31117000.0,-1304000.0,10917000.0,10917000.0,10917000.0,0.0,0.0,0.261,28275000.0,5144000.0,6417000.0,0.0,11.934,212.007,210.231,30764000.0,0.0,27.33,35.645,35.527,40259000.0,-265852000.0,41764000.0,41764000.0,7275000.0,,,,,1288000.0,20841000.0,1.0,183087460.0,182482000,219078000.0,0.229,1063709000.0,0.0,0.0,0.0,5.829,186497000.0
61,RHT,MRQ,2004-03-31,2004-02-29,2004-02-29,2019-06-28,6243000.0,1111653000.0,,660038000.0,451615000.0,,2.283,-7949000.0,461304000.0,461304000.0,8917000.0,4786000.0,7.637,1.724,601436000.0,898000.0,600538000.0,601436000.0,73696000.0,2297000.0,0.0,0.0,0.0,5633000.0,7930000.0,0.216,7930000.0,5633000.0,4786000.0,0.03,0.02,0.03,408030000.0,,408030000.0,3110842724.0,210.0,143.469,25692000.0,0.144,1.0,27854000.0,0.757,69713000.0,847000.0,1095650000.0,,0.0,480080000.0,147297000.0,332783000.0,703264000.0,86422000.0,616842000.0,3170457724.0,405689000.0,3380000.0,12273000.0,570773000.0,0.0,581816000.0,-209885000.0,-205316000.0,33641000.0,117000.0,4786000.0,4786000.0,4786000.0,0.0,0.0,0.13,25531000.0,2323000.0,7154000.0,0.0,7.77,230.881,226.125,29448000.0,0.0,18.09,25.417,25.235,42672000.0,-277224000.0,36771000.0,36771000.0,6928000.0,,,,,1305000.0,18641000.0,1.0,175260239.0,178761000,206358000.0,0.206,1041940000.0,0.0,0.0,0.0,5.829,573616000.0
62,RHT,MRQ,2003-12-31,2003-11-30,2003-11-30,2019-06-28,4074000.0,439843000.0,,138453000.0,301390000.0,,2.08,-1416000.0,61315000.0,61315000.0,8793000.0,4261000.0,1.934,0.214,1700000.0,1116000.0,584000.0,1700000.0,42270000.0,1654000.0,0.0,0.0,0.0,4310000.0,5964000.0,0.181,5964000.0,4310000.0,4261000.0,0.02,0.02,0.02,361992000.0,,361992000.0,2257015314.0,263.0,153.497,10623000.0,0.061,1.0,24090000.0,0.733,41048000.0,49000.0,267604000.0,,614000.0,267494000.0,36269000.0,231225000.0,77559000.0,71576000.0,5983000.0,2298345314.0,17947000.0,0.0,11297000.0,-452000.0,0.0,10845000.0,-5746000.0,-4330000.0,12039000.0,809000.0,4261000.0,4261000.0,4261000.0,0.0,0.0,0.13,22474000.0,1616000.0,19631000.0,0.0,6.349,269.222,266.4,24745000.0,0.0,13.32,20.302,20.472,35656000.0,-281403000.0,32883000.0,32883000.0,7229000.0,,,,,384000.0,15222000.0,1.0,172548447.0,173996000,184210000.0,0.189,398795000.0,0.0,0.0,0.0,2.292,66877000.0
63,RHT,MRQ,2003-09-30,2003-08-31,2003-08-31,2019-06-28,3466000.0,411982000.0,,132685000.0,279297000.0,,2.008,-2351000.0,43368000.0,43368000.0,7844000.0,3638000.0,2.215,0.192,2038000.0,1189000.0,849000.0,2038000.0,30381000.0,1546000.0,0.0,0.0,0.0,3638000.0,5184000.0,0.179,5184000.0,3638000.0,3638000.0,0.02,0.02,0.02,345557000.0,,345557000.0,1200410984.0,267.0,114.314,8040000.0,0.047,1.0,21115000.0,0.729,40927000.0,0.0,269832000.0,,864000.0,263365000.0,54335000.0,209030000.0,66181000.0,59893000.0,6288000.0,1243051984.0,-1619000.0,0.0,3191000.0,-232000.0,0.0,2959000.0,-14752000.0,-12401000.0,10391000.0,-217000.0,3638000.0,3638000.0,3638000.0,0.0,0.0,0.126,20973000.0,142000.0,20696000.0,0.0,3.597,276.849,241.667,24848000.0,0.0,7.25,11.884,11.93,28643000.0,-285548000.0,28959000.0,28959000.0,6307000.0,,,,,555000.0,14252000.0,1.0,171455446.0,172127000,182377000.0,0.168,371055000.0,0.0,0.0,0.0,2.156,72792000.0
64,RHT,MRQ,2003-06-30,2003-05-31,2003-05-31,2019-06-28,7752000.0,400474000.0,,111269000.0,289205000.0,,2.003,-1493000.0,44987000.0,44987000.0,8382000.0,1047000.0,2.182,0.168,2346000.0,1240000.0,1106000.0,2346000.0,24110000.0,1374000.0,0.0,0.0,0.0,1047000.0,2421000.0,0.093,2421000.0,1047000.0,1047000.0,0.01,0.01,0.01,342747000.0,,342747000.0,1232827559.0,-1122.0,246.664,4011000.0,0.023,1.0,17742000.0,0.679,40919000.0,0.0,265912000.0,,818000.0,255019000.0,34955000.0,220064000.0,57584000.0,51002000.0,6582000.0,1275444559.0,-263000.0,0.0,2017000.0,-381000.0,0.0,1636000.0,-7999000.0,-6506000.0,5504000.0,596000.0,1047000.0,1047000.0,1047000.0,0.0,0.0,0.04,19276000.0,-1534000.0,18502000.0,0.0,3.721,-1160.55,,23975000.0,0.0,7.45,13.166,13.161,25761000.0,-288898000.0,26124000.0,26124000.0,6019000.0,,,,,900000.0,13257000.0,1.0,171200612.0,171146000,180671000.0,0.153,359555000.0,0.0,0.0,0.0,2.101,60267000.0
65,RHT,MRQ,2003-03-31,2003-02-28,2003-02-28,2019-06-28,5734000.0,390339000.0,,120331000.0,270008000.0,,1.971,-2157000.0,45250000.0,45250000.0,7943000.0,-409000.0,2.67,0.16,2633000.0,1240000.0,1393000.0,2633000.0,17779000.0,1544000.0,0.0,0.0,0.0,-409000.0,1135000.0,0.045,1135000.0,-409000.0,-409000.0,0.0,0.08,0.0,336306000.0,,336306000.0,979209282.0,-145.0,-4554.462,840000.0,0.005,1.0,17298000.0,0.685,40828000.0,0.0,261828000.0,,799000.0,247090000.0,45216000.0,201874000.0,53918000.0,45066000.0,8852000.0,1004127282.0,33730000.0,0.0,1039000.0,-368000.0,0.0,671000.0,29682000.0,31839000.0,2997000.0,380000.0,-409000.0,-409000.0,-409000.0,0.0,0.0,-0.016,19792000.0,-2494000.0,20510000.0,,2.986,-149.113,-147.25,22972000.0,0.0,5.89,11.123,11.102,24407000.0,-290404000.0,25241000.0,25241000.0,6480000.0,,,,,807000.0,11394000.0,1.0,170480014.0,170647000,170647000.0,0.148,349511000.0,0.0,0.0,0.0,2.048,75265000.0
66,RHT,MRQ,2002-12-31,2002-11-30,2002-11-30,2019-06-28,1514000.0,377440000.0,,104649000.0,272791000.0,,1.942,-1398000.0,27420000.0,27420000.0,8188000.0,214000.0,2.577,0.142,2502000.0,1444000.0,1058000.0,2502000.0,10136000.0,1547000.0,0.0,0.0,0.0,214000.0,1761000.0,0.073,1761000.0,214000.0,214000.0,0.0,0.0,0.0,330516000.0,,330516000.0,1144653383.0,-24.0,-36.014,-387000.0,-0.002,1.0,16090000.0,0.663,46275000.0,0.0,265638000.0,,1117000.0,259189000.0,52860000.0,206329000.0,46830000.0,40609000.0,6221000.0,1168252383.0,1082000.0,-1222000.0,208000.0,-381000.0,0.0,-173000.0,275000.0,2895000.0,1011000.0,-31000.0,214000.0,214000.0,214000.0,0.0,0.0,0.009,18984000.0,-2894000.0,21120000.0,,3.535,-24.183,-23.69,15597000.0,0.0,6.87,13.875,13.886,18429000.0,-290130000.0,24278000.0,24278000.0,5661000.0,,,,,814000.0,13045000.0,1.0,170051293.0,170183000,178268000.0,0.143,331165000.0,0.0,0.0,0.0,1.946,64040000.0
67,RHT,MRQ,2002-09-30,2002-08-31,2002-08-31,2019-06-28,1576000.0,375581000.0,,113383000.0,262198000.0,,1.93,-1752000.0,26338000.0,26338000.0,7619000.0,-1951000.0,2.76,0.145,2739000.0,1151000.0,1588000.0,2739000.0,10850000.0,1632000.0,0.0,0.0,0.0,-1951000.0,-319000.0,-0.015,-319000.0,-1951000.0,-1951000.0,-0.01,-0.01,-0.01,328053000.0,,328053000.0,769050454.0,-12.0,-22.095,-1171000.0,-0.007,1.0,13615000.0,0.641,42468000.0,0.0,268436000.0,,944000.0,262207000.0,61787000.0,200420000.0,47434000.0,41078000.0,6356000.0,806984454.0,-14093000.0,0.0,421000.0,-438000.0,0.0,-17000.0,-15010000.0,-13258000.0,581000.0,353000.0,-1951000.0,-1951000.0,-1951000.0,0.0,0.0,-0.092,18313000.0,-4698000.0,20987000.0,0.0,2.46,-12.693,-12.5,14691000.0,0.0,4.75,10.091,10.096,19636000.0,-290344000.0,21234000.0,21234000.0,5155000.0,,,,,910000.0,12945000.0,1.0,169891464.0,169977000,169977000.0,0.125,333113000.0,0.0,0.0,0.0,1.96,72305000.0
68,RHT,MRQ,2002-06-30,2002-05-31,2002-05-31,2019-06-28,-1600000.0,373611000.0,,128334000.0,245277000.0,,1.917,-1459000.0,40431000.0,40431000.0,7269000.0,-4588000.0,3.046,0.148,2497000.0,822000.0,1675000.0,2497000.0,9359000.0,1796000.0,0.0,0.0,0.0,-4588000.0,-2792000.0,-0.143,-2792000.0,-4588000.0,-4588000.0,-0.03,-0.03,-0.03,325496000.0,,325496000.0,764513721.0,-7.0,-10.406,-6806000.0,-0.04,1.0,12253000.0,0.628,36242000.0,0.0,257300000.0,,1201000.0,246126000.0,62079000.0,184047000.0,48033000.0,42135000.0,5898000.0,817369721.0,-15037000.0,0.0,559000.0,4712000.0,0.0,5271000.0,-15297000.0,-13838000.0,-5347000.0,336000.0,-4588000.0,-4588000.0,-4588000.0,0.0,0.0,-0.235,19466000.0,-7213000.0,21633000.0,0.0,2.511,-6.987,-6.871,20251000.0,0.0,4.81,10.524,10.518,21327000.0,-288393000.0,19522000.0,19522000.0,5143000.0,,,,,935000.0,13924000.0,1.0,169931335.0,169826000,169826000.0,0.115,337369000.0,0.0,0.0,0.0,1.987,86199000.0
69,RHT,MRQ,2002-03-31,2002-02-28,2002-02-28,2019-06-28,-2714000.0,369865000.0,,118569000.0,251296000.0,,1.901,-1437000.0,55468000.0,55468000.0,6633000.0,-41983000.0,3.207,0.129,2612000.0,1049000.0,1563000.0,2612000.0,8624000.0,11549000.0,0.0,0.0,0.0,-41983000.0,-30434000.0,-1.588,-30434000.0,-41983000.0,-41983000.0,-0.25,-0.25,-0.25,327475000.0,,327475000.0,942810649.0,-7.0,-11.751,-2593000.0,-0.015,1.0,12529000.0,0.654,35459000.0,0.0,244575000.0,,885000.0,231509000.0,40928000.0,190581000.0,42316000.0,36975000.0,5341000.0,996362649.0,717000.0,0.0,834000.0,-201000.0,0.0,633000.0,1608000.0,3045000.0,-1156000.0,-368000.0,-41983000.0,-41983000.0,-41983000.0,2637000.0,0.0,-2.191,45085000.0,-32556000.0,16267000.0,0.0,3.043,-7.119,-7.096,20399000.0,0.0,5.89,12.532,12.554,18646000.0,-283805000.0,19162000.0,19162000.0,4619000.0,,,,,1656000.0,13352000.0,1.0,169161740.0,172298000,172298000.0,0.111,334406000.0,0.0,0.0,0.0,1.941,81594000.0
70,RHT,MRQ,2001-12-31,2001-11-30,2001-11-30,2019-06-28,-85000.0,407382000.0,,92566000.0,314816000.0,,2.185,-1086000.0,54751000.0,54751000.0,7308000.0,-15056000.0,2.514,0.101,1199000.0,590000.0,609000.0,1199000.0,9773000.0,13795000.0,0.0,0.0,0.0,-15056000.0,-1261000.0,-0.063,-1261000.0,-15056000.0,-15056000.0,-0.09,-0.09,-0.09,369866000.0,,369866000.0,1251690235.0,-10.0,-22.292,-2268000.0,-0.013,1.0,12745000.0,0.636,70100000.0,0.0,246909000.0,,1060000.0,236883000.0,13315000.0,223568000.0,37430000.0,36821000.0,609000.0,1357071235.0,-51783000.0,0.0,-5554000.0,-103000.0,0.0,-5657000.0,-44794000.0,-43708000.0,-1182000.0,-150000.0,-15056000.0,-15056000.0,-15056000.0,3009000.0,0.0,-0.751,28306000.0,-15561000.0,18039000.0,0.0,3.669,-11.107,-10.932,16296000.0,0.0,7.98,20.706,20.606,20849000.0,-241554000.0,20053000.0,20053000.0,4181000.0,,,,,1432000.0,11927000.0,1.0,170059052.0,169242000,169242000.0,0.118,337282000.0,0.0,0.0,0.0,1.993,55745000.0
71,RHT,MRQ,2001-09-30,2001-08-31,2001-08-31,2019-06-28,269000.0,428247000.0,,151762000.0,276485000.0,,2.291,-1603000.0,106534000.0,106534000.0,6329000.0,-55350000.0,3.976,0.1,1153000.0,537000.0,616000.0,1153000.0,9425000.0,16368000.0,0.0,0.0,0.0,-55350000.0,-38982000.0,-2.06,-38982000.0,-55350000.0,-55350000.0,-0.33,-0.33,-0.33,389398000.0,,389398000.0,529183709.0,-4.0,-8.41,-4497000.0,-0.026,1.0,12598000.0,0.666,82369000.0,0.0,202327000.0,,774000.0,193379000.0,20872000.0,172507000.0,38786000.0,38170000.0,616000.0,601149999.0,34075000.0,0.0,470000.0,9841000.0,0.0,9445000.0,27420000.0,29023000.0,-2894000.0,104000.0,-55350000.0,-55350000.0,-55350000.0,3020000.0,0.0,-2.924,68912000.0,-56314000.0,18316000.0,0.0,1.544,-4.547,-4.481,16741000.0,0.0,3.54,8.049,8.057,19764000.0,-226498000.0,18927000.0,18927000.0,5889000.0,,,,,3165000.0,13715000.0,1.0,169816384.0,169968000,169968000.0,0.111,345878000.0,0.0,0.0,0.0,2.035,113592000.0
72,RHT,MRQ,2001-06-30,2001-05-31,2001-05-31,2019-06-28,-108037.0,471118740.0,,144055087.0,327063653.0,,2.608,-2626000.0,72459166.0,72459166.0,8512000.0,-27560000.0,4.783,0.069,492876.0,265388.0,227488.0,492876.0,12638837.0,18008000.0,0.0,0.0,0.0,-27560000.0,-9552000.0,-0.447,-9552000.0,-27560000.0,-27560000.0,-0.16,-0.16,-0.16,440736156.0,,440736156.0,833506553.0,-9.0,-73.185,-4872000.0,-0.029,1.0,12849000.0,0.602,130871143.0,0.0,238164021.0,,1357792.0,222128248.0,47076615.0,175051633.0,30344774.0,30117286.0,227488.0,918248150.0,-12754000.0,-994000.0,801000.0,-2728000.0,0.0,-1927000.0,-8103000.0,-4483000.0,-2246000.0,-478000.0,-27560000.0,-27560000.0,-27560000.0,1689000.0,0.0,-1.29,43200000.0,-30351000.0,3909384.0,0.0,2.083,-9.481,-9.397,15776131.0,0.0,5.45,11.363,11.398,20874443.0,-171148542.0,21361000.0,21361000.0,5846000.0,,,,,3514000.0,18804000.0,1.0,168485899.0,169003000,169003000.0,0.126,340247597.0,0.0,0.0,0.0,2.013,113937801.0
73,RHT,MRQ,2001-03-31,2001-02-28,2001-02-28,2019-06-28,193000.0,505251000.0,,179681000.0,325570000.0,,2.762,-2002000.0,85213000.0,85213000.0,-1135000.0,-24220000.0,4.416,0.088,471000.0,194000.0,277000.0,471000.0,12151000.0,17864000.0,0.0,0.0,0.0,-24220000.0,-6356000.0,-1.222,-6356000.0,-24220000.0,-24220000.0,-0.15,-0.15,-0.15,464282000.0,,464282000.0,962041488.0,-11.0,-30.331,-8253000.0,-0.049,1.0,6335000.0,1.218,147397000.0,0.0,232420000.0,,740000.0,217468000.0,62911000.0,154557000.0,40969000.0,40692000.0,277000.0,1040340183.0,191000.0,-483000.0,-6159000.0,-3148000.0,0.0,-9307000.0,16116000.0,18601000.0,-6251000.0,-367000.0,-24220000.0,-24220000.0,-24220000.0,12303000.0,0.0,-4.658,22850000.0,-16515000.0,12431000.0,0.0,2.241,-11.997,-12.147,14591000.0,0.0,6.438,12.748,12.99,28645000.0,-143589000.0,5200000.0,5200000.0,5326000.0,,,,,5082000.0,9467000.0,1.0,161593691.0,168091000,168091000.0,0.031,357854000.0,0.0,0.0,0.0,2.129,138989000.0
74,RHT,MRQ,2000-12-31,2000-11-30,2000-11-30,2019-06-28,-1115095.0,486739163.0,,172886548.0,313852615.0,,2.709,-1868000.0,78818621.0,78818621.0,13196000.0,-25067000.0,5.125,0.075,519926.0,356162.0,163764.0,519926.0,12522665.0,17035000.0,0.0,0.0,0.0,-25067000.0,-8032000.0,-0.275,-8032000.0,-25067000.0,-25067000.0,-0.15,-0.15,-0.15,452841354.0,,452841354.0,897193350.0,-10.0,-31.799,-5618000.0,-0.034,1.0,15999000.0,0.548,131272742.0,0.0,243433681.0,,819193.0,234393821.0,73749940.0,160643881.0,33897809.0,33734045.0,163764.0,1004891381.0,-24824000.0,254000.0,1556000.0,1986000.0,0.0,3542000.0,-24287000.0,-22673000.0,-3750000.0,-329000.0,-25067000.0,-25067000.0,-25067000.0,0.0,0.0,-0.859,46228000.0,-30229000.0,5257560.0,0.0,2.219,-11.204,-10.246,13173104.0,0.0,6.25,9.904,10.295,17341104.0,-100585198.0,29195000.0,29195000.0,6004000.0,,,,,4337000.0,24562000.0,1.0,160782621.0,167144000,167144000.0,0.175,355466421.0,0.0,0.0,0.0,2.127,139152503.0
75,RHT,MRQ,2000-09-30,2000-08-31,2000-08-31,2019-06-28,-541145.0,472124475.0,,190132335.0,281992140.0,,2.693,-4855000.0,108202836.0,108202836.0,12508000.0,-20006000.0,6.267,0.069,504805.0,356162.0,148643.0,504805.0,10527739.0,32522000.0,0.0,0.0,0.0,-19971000.0,12551000.0,0.501,12551000.0,-19971000.0,-19971000.0,-0.12,-0.12,-0.12,441638645.0,,441638645.0,3839028848.0,-54.0,-152.158,-16917000.0,-0.103,1.0,12545000.0,0.501,115890139.0,0.0,218199118.0,,134365.0,211965498.0,66058915.0,145906583.0,30485830.0,30337187.0,148643.0,3944522214.0,-144000.0,-557000.0,1038000.0,2941000.0,0.0,3923000.0,8541000.0,13953000.0,-12062000.0,-546000.0,-20006000.0,-20006000.0,-20006000.0,0.0,0.0,-0.799,38140000.0,-25595000.0,4090197.0,0.0,8.932,-55.619,-49.265,12654421.0,0.0,25.125,47.626,49.744,13558930.0,-79171809.0,25053000.0,25053000.0,3895000.0,,,,,9227000.0,23000000.0,1.0,156995909.0,163976000,163976000.0,0.153,356234336.0,0.0,35000.0,0.0,2.172,159795148.0
76,RHT,MRQ,2000-06-30,2000-05-31,2000-05-31,2019-06-28,-1338988.0,448873098.0,,168133475.0,280739623.0,,2.617,-2382994.0,106050164.0,106050164.0,11220067.0,-17422183.0,5.35,0.076,556798.0,366315.0,190483.0,556798.0,12030907.0,7674152.0,0.0,0.0,0.0,-17357769.0,-9683617.0,-0.437,-9683617.0,-17357769.0,-17357769.0,-0.11,-0.11,-0.11,417256079.0,,417256079.0,2251156932.0,-40.0,-54.373,-18697340.0,-0.117,1.0,10938547.0,0.494,87870770.0,0.0,224082426.0,,1343816.0,224574772.0,48314139.0,176260633.0,31617019.0,31426536.0,190483.0,2492986386.0,-138440221.0,5463761.0,2935209.0,-39780.0,0.0,376816.0,-122600915.0,-125681682.0,-16314346.0,98224.0,-17422183.0,-17422183.0,-17422183.0,0.0,0.0,-0.786,33778007.0,-22839460.0,5950546.0,0.0,5.975,-44.678,-34.92,8894542.0,0.0,16.063,28.63,29.417,10250190.0,-63458936.0,22158614.0,22158614.0,3556638.0,,,,,3063274.0,23511977.0,1.0,155200547.0,159463590,159463590.0,0.139,361002328.0,0.0,64414.0,0.0,2.264,136706939.0
77,RHT,MRQ,2000-03-31,2000-02-29,2000-02-29,2019-06-28,-515868.0,434861005.0,,290828943.0,144032062.0,,3.915,-2354708.0,249682724.0,249682724.0,17567076.0,-27194113.0,8.691,0.084,596578.0,366062.0,230516.0,596578.0,11030337.0,4825355.0,0.0,0.0,0.0,-27875002.0,-23049647.0,-0.92,-23049647.0,-27875002.0,-27435094.0,-0.23,-0.23,-0.23,401166666.0,,401166666.0,9029697736.0,-213.0,-249.191,-11213686.0,-0.109,1.0,7494524.0,0.299,58267419.0,-439908.0,94043617.0,,488977.0,99814434.0,27460222.0,72354212.0,33694339.0,33463823.0,230516.0,9039224288.0,227831877.0,-600000.0,249134440.0,-780712.0,0.0,258999442.0,-22336363.0,-19381655.0,-8858978.0,27776.0,-27194113.0,-27193640.0,-27193640.0,3866000.0,0.0,-1.085,33065360.0,-25570836.0,13715664.0,0.0,22.532,-212.643,-148.02,8532718.0,-473.0,60.688,166.22,114.349,11077873.0,-51378113.0,25061600.0,25061600.0,4655651.0,,,,,3954493.0,27007475.0,1.0,148945826.0,102465000,102465000.0,0.245,376593586.0,0.0,-240981.0,0.0,3.675,257365120.0
78,RHT,MRQ,1999-12-31,1999-11-30,1999-11-30,2019-06-28,0.0,15275803.0,,13853917.0,1421886.0,,0.0,-3373530.0,10055227.0,10055227.0,6212915.0,-6298628.0,5.032,-3197.443,528675.0,108897.0,419778.0,528675.0,33352.0,1098510.0,0.0,0.0,0.0,-6146763.0,-5048253.0,-0.479,-5048253.0,-6146763.0,-6259516.0,-0.05,-0.05,-0.05,-4779.0,,-4779.0,7216553519.0,-356.0,-444.999,-10861923.0,-0.078,1.0,4336365.0,0.411,0.0,112753.0,2995866.0,,345630.0,2037992.0,2037992.0,0.0,15280582.0,2753385.0,12527197.0,7223433420.0,4607580.0,0.0,368647.0,-1437482.0,0.0,3802416.0,8261333.0,11634863.0,-7488393.0,32224.0,-6298628.0,-6298628.0,-6298628.0,0.0,0.0,-0.597,12021627.0,-7685262.0,2231379.0,0.0,-1511494.752,-329.436,-157.186,1270576.0,0.0,52.5,69.186,69.937,1241338.0,-434628.0,10549280.0,10549280.0,2663056.0,,,,,1641507.0,8645465.0,1.0,137589208.0,139082115,139082115.0,0.076,15275803.0,0.0,39112.0,0.0,0.11,11100532.0
79,RHT,MRQ,1999-09-30,1999-08-31,1999-08-31,2019-06-28,-72714.0,109897341.0,,11086814.0,98810527.0,,1.485,-804259.0,7351770.0,7351770.0,15483227.0,-4844726.0,1.467,0.078,471869.0,90466.0,381403.0,471869.0,3245275.0,1084079.0,0.0,0.0,0.0,-4704433.0,-3620354.0,-0.124,-3620354.0,-4704433.0,-4704433.0,-0.07,-0.07,-0.07,101957069.0,,101957069.0,2737177281.0,-197.0,-253.481,-2950400.0,-0.043,1.0,13822965.0,0.472,0.0,0.0,95458571.0,,887136.0,96070486.0,417124.0,95653362.0,7940272.0,7558869.0,381403.0,2750665540.0,-8453095.0,0.0,89764746.0,-147759.0,0.0,89616987.0,-95923941.0,-95119682.0,-2146141.0,0.0,-4844726.0,-4884119.0,-4884119.0,0.0,0.0,-0.167,27358225.0,-13535260.0,3625707.0,0.0,26.979,-177.187,-73.493,2369799.0,39393.0,20.578,28.305,14.536,1715279.0,-5714414.0,29306192.0,29306192.0,7224804.0,,,,,1433546.0,19547684.0,1.0,133670208.0,68647928,68647928.0,0.427,109897341.0,114145.0,140293.0,0.0,1.601,3527945.0
80,RHT,MRQ,1999-06-30,1999-05-31,1999-05-31,2019-06-28,0.0,22162458.0,,19852228.0,2310230.0,,-0.004,-632084.0,13982093.0,13982093.0,3974791.0,-4089533.0,2.992,-114.018,493834.0,108897.0,384937.0,493834.0,2983734.0,214001.0,0.0,,0.0,-3808744.0,-3594743.0,-0.437,-3594743.0,-3808744.0,-4027957.0,-0.08,-0.08,-0.08,-196096.0,,-196096.0,,,,-3556170.0,-0.071,1.0,4259257.0,0.517,0.0,219213.0,2039116.0,,1074190.0,1023518.0,1023518.0,0.0,22358554.0,6635083.0,15723471.0,,6473922.0,0.0,1840852.0,-1167686.0,0.0,9015618.0,382390.0,1014474.0,-2924086.0,0.0,-4089533.0,-4132613.0,-4132613.0,0.0,0.0,-0.502,8515141.0,-4255884.0,3356987.0,0.0,,,,1797790.0,43080.0,,,,3321175.0,-2567098.0,8234048.0,8234048.0,2381782.0,,,,,307540.0,5760436.0,1.0,,49925913,49925913.0,0.165,22162458.0,114145.0,61576.0,0.0,0.444,13217145.0
81,RHT,MRQ,1999-03-31,1999-02-28,1999-02-28,2019-06-28,0.0,32731223.0,,28577046.0,4154177.0,,-0.012,-1968753.0,19485586.0,19485586.0,36235926.0,-6587972.0,2.088,-47.047,3048511.0,1649048.0,1399463.0,3048511.0,6096465.0,1680583.0,0.0,,0.0,-5634250.0,-3953667.0,-0.07,-3953667.0,-5634250.0,-5966264.0,-0.134,-0.132,-0.134,-710815.0,,-710815.0,,,,-6159951.0,-0.108,1.0,20079919.0,0.357,154249.0,332014.0,2456743.0,,345630.0,2037992.0,2037992.0,0.0,33442038.0,13683156.0,19758882.0,,5755993.0,0.0,545781.0,2300074.0,0.0,12817018.0,-2869827.0,-901074.0,-4191198.0,0.0,-6587972.0,-6611328.0,-6611328.0,0.0,0.0,-0.117,26088717.0,-6008798.0,2728563.0,0.0,,,,3921798.0,23356.0,,,,5895173.0,-9663953.0,56315845.0,56315845.0,7167879.0,,,,,1117360.0,18920838.0,1.0,,57154816,49577764.0,0.985,32576974.0,0.0,621708.0,0.0,0.57,14893890.0
82,RHT,MRQ,1998-12-31,1998-11-30,1998-11-30,2019-06-28,0.0,3130634.0,,2662119.0,468515.0,,-0.001,-118737.0,1292562.0,1292562.0,1179367.0,119937.0,2.376,-82.945,87829.0,22797.0,65032.0,87829.0,26207.0,95761.0,0.0,,0.0,274666.0,370427.0,0.111,370427.0,274666.0,272965.0,0.004,0.002,0.004,-38204.0,,-38204.0,,,,587767.0,0.012,1.0,2144835.0,0.645,0.0,1701.0,805304.0,,141176.0,150000.0,100000.0,50000.0,3168838.0,1120597.0,2048241.0,,7406990.0,0.0,0.0,29960.0,0.0,6919223.0,-218737.0,-100000.0,706504.0,0.0,119937.0,103937.0,103937.0,0.0,0.0,0.031,1906616.0,238219.0,1021259.0,0.0,,,,337327.0,16000.0,,,,744551.0,-304204.0,3324202.0,3324202.0,623791.0,,,,,0.0,1282825.0,1.0,,47156240,105145075.0,0.07,3130634.0,0.0,153028.0,0.0,0.066,1541522.0
83,RHT,MRQ,1998-09-30,1998-08-31,1998-08-31,2019-06-28,,,,,,,,-35986.0,,,785243.0,132146.0,,,,,,,,0.0,,,0.0,198499.0,198499.0,0.089,198499.0,198499.0,193804.0,0.005,0.0,0.005,,,,,,,33540.0,0.001,1.0,1452657.0,0.649,,4695.0,,,,,,,,,,,32503.0,0.0,0.0,-1037.0,0.0,-1037.0,-35986.0,0.0,69526.0,0.0,132146.0,132146.0,132146.0,0.0,0.0,0.059,1270696.0,181961.0,,0.0,,,,,0.0,,,,,,2237900.0,2237900.0,457713.0,,,,,0.0,812983.0,1.0,,47000000,81685600.0,0.048,,,61658.0,,,
84,RHT,MRQ,1998-06-30,1998-05-31,1998-05-31,2019-06-28,,,,,,,,-71537.0,,,682415.0,-52501.0,,,,,,,,31379.0,,,0.0,-52501.0,-21122.0,-0.014,-21122.0,-52501.0,-52501.0,-0.001,-0.001,-0.001,,,,,,,-42660.0,-0.001,1.0,868550.0,0.56,,0.0,,,,,,,,,,,49603.0,0.0,0.0,-7737.0,0.0,-7737.0,28463.0,100000.0,28877.0,0.0,-52501.0,-52501.0,-52501.0,0.0,0.0,-0.034,936274.0,-67724.0,,0.0,,,,,0.0,,,,,,1550965.0,1550965.0,340965.0,,,,,0.0,595309.0,1.0,,47000000,47000000.0,0.033,,,0.0,,,
85,RHT,MRQ,1998-03-31,1998-02-28,1998-02-28,2019-06-28,0.0,3130634.0,,2662119.0,468515.0,,-0.001,,1292562.0,1292562.0,,,2.376,-82.945,87829.0,22797.0,65032.0,87829.0,26207.0,,0.0,,0.0,,,,,,,,,,-38204.0,,-38204.0,,,,,,1.0,,,0.0,,805304.0,,141176.0,150000.0,100000.0,50000.0,3168838.0,1120597.0,2048241.0,,,,,,,,,,,,,,,,,,,,1021259.0,,,,,337327.0,,,,,744551.0,-304204.0,,,,,,,,,,1.0,,47000000,,,3130634.0,0.0,,0.0,0.067,1541522.0
0,RHT,MRT,2019-06-30,2019-05-31,2019-05-31,2019-06-28,-47658000.0,5573939000.0,5268027500.0,3289450000.0,2284489000.0,0.661,9.909,-83627000.0,2295396000.0,2295396000.0,519835000.0,461918000.0,1.235,2.171,376686000.0,188553000.0,188133000.0,376686000.0,2797531000.0,118746000.0,0.0,0.0,0.0,560703000.0,679449000.0,0.195,679449000.0,560703000.0,545225000.0,2.62,2.49,2.62,1757936000.0,1521325750.0,1757936000.0,31178658121.0,56.0,45.888,1042950000.0,5.879,1.0,2962815000.0,0.851,1472408000.0,15478000.0,-480932000.0,-54755750.0,0.0,365797000.0,177625000.0,188172000.0,3816003000.0,2663753000.0,1152250000.0,32760387121.0,526916000.0,-11550000.0,-343031000.0,-515208000.0,0.0,-858239000.0,293841000.0,389521000.0,1126577000.0,-35263000.0,461918000.0,461918000.0,461918000.0,0.0,0.0,0.133,2430621000.0,532194000.0,458456000.0,0.0,18.636,70.923,70.344,424386000.0,0.0,184.3,9.407,9.388,529115000.0,2195189000.0,3482650000.0,3482650000.0,684997000.0,0.088,0.304,-10.24,0.161,213259000.0,1745624000.0,1.0,177755763.0,177400000,186635000.0,19.632,4101531000.0,119128000.0,83307000.0,0.0,23.12,625697000.0
1,RHT,MRT,2019-03-31,2019-02-28,2019-02-28,2019-06-28,-42622000.0,5588289000.0,5172433000.0,3463656000.0,2124633000.0,0.65,9.13,-71809000.0,1883096000.0,1883096000.0,498251000.0,433988000.0,1.272,2.463,301367000.0,69827000.0,231540000.0,301367000.0,2982424000.0,109046000.0,0.0,0.0,0.0,537893000.0,646939000.0,0.192,646939000.0,537893000.0,518055000.0,2.46,2.33,2.46,1613932000.0,1439827750.0,1613932000.0,31253314457.0,58.0,48.31,940973000.0,5.323,1.0,2863818000.0,0.852,1482936000.0,19838000.0,-198950000.0,164729500.0,0.0,541873000.0,293361000.0,248512000.0,3974357000.0,2722574000.0,1251783000.0,32276461457.0,158964000.0,-11550000.0,-480603000.0,-439323000.0,0.0,-919926000.0,109960000.0,194684000.0,1012782000.0,-43852000.0,433988000.0,433988000.0,433988000.0,0.0,0.0,0.129,2351586000.0,512232000.0,491259000.0,0.0,19.999,74.372,74.228,198969000.0,0.0,182.6,9.6,9.601,980188000.0,2054069000.0,3362069000.0,3362069000.0,668542000.0,0.084,0.301,3.265,0.16,209096000.0,1683044000.0,1.0,176760468.0,176773000,186321000.0,19.019,4105353000.0,112568000.0,84067000.0,0.0,23.224,741082000.0
2,RHT,MRT,2018-12-31,2018-11-30,2018-11-30,2019-06-28,-47137000.0,5103014000.0,5143984000.0,2970491000.0,2132523000.0,0.633,8.078,-72520000.0,1539272000.0,1539272000.0,478371000.0,282334000.0,1.257,2.585,516125000.0,191972000.0,324153000.0,516125000.0,2529124000.0,106092000.0,0.0,0.0,0.0,522450000.0,628542000.0,0.193,628542000.0,522450000.0,500801000.0,1.6,1.49,1.6,1423631000.0,1405875750.0,1423631000.0,30434874944.0,58.0,48.421,905222000.0,5.137,1.0,2777033000.0,0.853,1489116000.0,21649000.0,227166000.0,389234750.0,0.0,683755000.0,387885000.0,295870000.0,3679383000.0,2363585000.0,1315798000.0,31421859944.0,208100000.0,-242666000.0,-481376000.0,-243099000.0,0.0,-724475000.0,-6982000.0,309274000.0,977742000.0,-38185000.0,282334000.0,282334000.0,282334000.0,0.0,0.0,0.087,2288883000.0,488150000.0,432662000.0,0.0,22.072,111.293,111.6,195249000.0,0.0,178.56,9.652,9.666,732833000.0,1914574000.0,3255404000.0,3255404000.0,650859000.0,0.055,0.201,1.342,0.16,204235000.0,1638024000.0,1.0,175973678.0,176231000,186062000.0,18.472,3613898000.0,80958000.0,218467000.0,0.0,20.507,606906000.0
3,RHT,MRT,2018-09-30,2018-08-31,2018-08-31,2019-06-28,-51636000.0,4806868000.0,5058101500.0,2577753000.0,2229115000.0,0.624,7.298,-73301000.0,1503515000.0,1503515000.0,466013000.0,289493000.0,1.231,2.727,516530000.0,4435000.0,512095000.0,516530000.0,2393249000.0,104905000.0,0.0,0.0,0.0,529017000.0,633922000.0,0.201,633922000.0,529017000.0,505487000.0,1.63,1.53,1.63,1289804000.0,1408253000.0,1289804000.0,25184011917.0,48.0,39.727,928020000.0,5.251,1.0,2690574000.0,0.852,1491738000.0,23530000.0,233693000.0,605749750.0,0.0,654347000.0,264945000.0,389402000.0,3517064000.0,2094452000.0,1422612000.0,26203444917.0,293207000.0,-231116000.0,-577409000.0,-239214000.0,0.0,-816623000.0,147009000.0,452412000.0,1001321000.0,-38500000.0,289493000.0,289493000.0,289493000.0,0.0,0.0,0.092,2192664000.0,497910000.0,405970000.0,0.0,20.316,90.515,90.632,195230000.0,0.0,147.73,8.301,8.272,516008000.0,1820124000.0,3156587000.0,3156587000.0,632172000.0,0.057,0.206,0.873,0.168,200275000.0,1560492000.0,1.0,177373891.0,176746000,186936000.0,17.859,3315130000.0,83761000.0,215994000.0,0.0,18.756,483301000.0
4,RHT,MRT,2018-06-30,2018-05-31,2018-05-31,2019-06-28,-43501000.0,5191561000.0,5016230500.0,2905614000.0,2285947000.0,0.609,8.076,-89842000.0,1768480000.0,1768480000.0,453800000.0,299727000.0,1.277,2.626,749047000.0,194544000.0,554503000.0,749047000.0,2444507000.0,102375000.0,0.0,0.0,0.0,527205000.0,629580000.0,0.206,629580000.0,527205000.0,502402000.0,1.69,1.6,1.69,1431944000.0,1435888750.0,1431944000.0,27901511300.0,53.0,44.318,921583000.0,5.198,1.0,2603395000.0,0.852,1498884000.0,24803000.0,397009000.0,825259500.0,0.0,758649000.0,329872000.0,428777000.0,3759617000.0,2276235000.0,1483382000.0,28857643300.0,538023000.0,-315081000.0,-394224000.0,-27392000.0,0.0,-421616000.0,-62343000.0,343755000.0,1011425000.0,10557000.0,299727000.0,299727000.0,299727000.0,0.0,0.0,0.098,2105251000.0,498144000.0,359706000.0,0.0,20.153,96.28,96.107,196653000.0,0.0,162.42,9.439,9.42,498964000.0,1733270000.0,3057195000.0,3057195000.0,607673000.0,0.06,0.209,0.639,0.172,194536000.0,1497578000.0,1.0,177672967.0,177302000,190739000.0,17.243,3692677000.0,82826000.0,202675000.0,0.0,20.827,629379000.0
5,RHT,MRT,2018-03-31,2018-02-28,2018-02-28,2019-06-28,-32596000.0,5474493000.0,4846449250.0,3142097000.0,2332396000.0,0.603,8.344,-101687000.0,1724132000.0,1724132000.0,431797000.0,261851000.0,1.363,2.704,768000000.0,23806000.0,744194000.0,768000000.0,2595172000.0,97138000.0,0.0,0.0,0.0,502560000.0,599698000.0,0.205,599698000.0,502560000.0,477991000.0,1.48,1.42,1.48,1478124000.0,1404288750.0,1478124000.0,25521628820.0,51.0,42.557,821451000.0,4.637,1.0,2488664000.0,0.852,1513783000.0,24569000.0,699071000.0,991349500.0,0.0,748800000.0,318358000.0,430442000.0,3996369000.0,2305507000.0,1690862000.0,26090433820.0,633324000.0,-315081000.0,-271516000.0,-1583000.0,0.0,-273099000.0,-76854000.0,340103000.0,923138000.0,60139000.0,261851000.0,261851000.0,261851000.0,0.0,0.0,0.09,2012932000.0,475732000.0,427139000.0,0.0,17.651,99.638,99.595,206105000.0,0.0,147.4,8.934,8.941,806744000.0,1619688000.0,2920461000.0,2920461000.0,578330000.0,0.054,0.186,0.507,0.172,192249000.0,1434602000.0,1.0,177004300.0,177150000,184602000.0,16.486,3960710000.0,92606000.0,216140000.0,0.0,22.358,836590000.0
6,RHT,MRT,2017-12-31,2017-11-30,2017-11-30,2019-06-28,-35895000.0,4759484000.0,4611622250.0,2504710000.0,2254774000.0,0.602,8.094,-102888000.0,1331172000.0,1331172000.0,411379000.0,341501000.0,1.372,2.321,762367000.0,0.0,762367000.0,762367000.0,2105578000.0,93118000.0,0.0,0.0,0.0,453193000.0,546311000.0,0.197,546311000.0,453193000.0,428845000.0,1.92,1.87,1.92,1433140000.0,1346587750.0,1433140000.0,21976259917.0,48.0,40.227,776446000.0,4.385,1.0,2365590000.0,0.852,1272407000.0,24348000.0,1093226000.0,1096697000.0,0.0,990001000.0,384717000.0,605284000.0,3326344000.0,1825046000.0,1501298000.0,22429824917.0,414494000.0,-83965000.0,-415913000.0,-1529000.0,0.0,-418271000.0,-97868000.0,89590000.0,879334000.0,51299000.0,341501000.0,341501000.0,341501000.0,0.0,0.0,0.123,1926283000.0,439307000.0,341596000.0,0.0,15.651,65.68,66.021,201807000.0,0.0,126.76,8.077,8.082,531509000.0,1624346000.0,2776969000.0,2776969000.0,546470000.0,0.074,0.254,0.413,0.163,194140000.0,1379813000.0,1.0,176947183.0,177063000,186160000.0,15.684,3487077000.0,108235000.0,87344000.0,0.0,19.694,679664000.0
7,RHT,MRT,2017-09-30,2017-08-31,2017-08-31,2019-06-28,-33176000.0,4639384000.0,4443024500.0,2332363000.0,2307021000.0,0.595,7.9,-102442000.0,1210308000.0,1210308000.0,390073000.0,307835000.0,1.299,2.313,756743000.0,0.0,756743000.0,756743000.0,2052511000.0,89400000.0,0.0,0.0,0.0,413525000.0,502925000.0,0.19,502925000.0,413525000.0,389348000.0,1.73,1.69,1.73,1400347000.0,1306253250.0,1400347000.0,18597629128.0,45.0,36.979,752944000.0,4.248,1.0,2254178000.0,0.852,1278261000.0,24177000.0,1111732000.0,1129842750.0,0.0,1104108000.0,448981000.0,655127000.0,3239037000.0,1795826000.0,1443211000.0,19076913128.0,239739000.0,-83965000.0,-432119000.0,-1639000.0,0.0,-434671000.0,-211645000.0,-24457000.0,855386000.0,30669000.0,307835000.0,307835000.0,307835000.0,0.0,0.0,0.116,1852816000.0,401362000.0,323245000.0,0.0,13.623,61.971,62.139,206195000.0,0.0,107.5,7.214,7.206,418449000.0,1523040000.0,2644251000.0,2644251000.0,523359000.0,0.069,0.236,0.366,0.156,196563000.0,1329457000.0,1.0,177459657.0,177257000,183021000.0,14.918,3361123000.0,101778000.0,81513000.0,0.0,18.962,536537000.0
8,RHT,MRT,2017-06-30,2017-05-31,2017-05-31,2019-06-28,-65740000.0,4512436000.0,4308367500.0,2301649000.0,2210787000.0,0.585,7.366,-88050000.0,1230457000.0,1230457000.0,371027000.0,269519000.0,1.285,2.456,751173000.0,0.0,751173000.0,751173000.0,2054164000.0,86424000.0,0.0,0.0,0.0,360743000.0,447167000.0,0.177,447167000.0,360743000.0,336722000.0,1.51,1.48,1.51,1305544000.0,1285765500.0,1305544000.0,15578297723.0,43.0,34.838,721242000.0,4.069,1.0,2149674000.0,0.853,1180403000.0,24021000.0,1061369000.0,1141645000.0,0.0,1079124000.0,408026000.0,671098000.0,3206892000.0,1791380000.0,1415512000.0,15923472723.0,198892000.0,-28667000.0,-494600000.0,-1684000.0,0.0,-496782000.0,-122915000.0,-5606000.0,809292000.0,9297000.0,269519000.0,269519000.0,269519000.0,0.0,0.0,0.107,1801218000.0,348456000.0,303668000.0,0.0,12.197,59.081,59.318,195281000.0,0.0,89.57,6.317,6.298,429908000.0,1426181000.0,2520701000.0,2520701000.0,502815000.0,0.063,0.21,0.316,0.143,194973000.0,1298403000.0,1.0,177776853.0,177243000,181810000.0,14.222,3332033000.0,92829000.0,67203000.0,0.0,18.799,510269000.0
9,RHT,MRT,2017-03-31,2017-02-28,2017-02-28,2019-06-28,-88352000.0,4535185000.0,4208328750.0,2315702000.0,2219483000.0,0.573,6.943,-80897000.0,1090808000.0,1090808000.0,354378000.0,255390000.0,1.225,2.636,745633000.0,0.0,745633000.0,745633000.0,2069956000.0,85309000.0,0.0,0.0,0.0,345832000.0,431141000.0,0.179,431141000.0,345832000.0,322010000.0,1.42,1.4,1.42,1247320000.0,1296713250.0,1247320000.0,14587503700.0,42.0,33.835,702820000.0,3.912,1.0,2057425000.0,0.853,1178476000.0,23822000.0,1120461000.0,1160104250.0,0.0,1042423000.0,369983000.0,672440000.0,3287865000.0,1891073000.0,1396792000.0,14764028700.0,163030000.0,-28667000.0,-502509000.0,-1684000.0,0.0,-504193000.0,-110133000.0,134000.0,783717000.0,-6361000.0,255390000.0,255390000.0,255390000.0,0.0,0.0,0.106,1723350000.0,334075000.0,376957000.0,0.0,11.837,57.81,58.317,189629000.0,0.0,82.81,6.122,6.168,634821000.0,1352991000.0,2411803000.0,2411803000.0,480668000.0,0.061,0.197,0.298,0.143,192530000.0,1242682000.0,1.0,178287993.0,179642000,182961000.0,13.426,3356709000.0,104833000.0,66620000.0,0.0,18.686,424629000.0
10,RHT,MRT,2016-12-31,2016-11-30,2016-11-30,2019-06-28,-89118000.0,4085093000.0,4113307250.0,1880572000.0,2204521000.0,0.566,7.096,-77113000.0,916678000.0,916678000.0,343392000.0,240935000.0,1.255,2.212,740153000.0,0.0,740153000.0,740153000.0,1707978000.0,82876000.0,0.0,0.0,0.0,320951000.0,403827000.0,0.174,403827000.0,320951000.0,297274000.0,1.34,1.31,1.34,1271802000.0,1318491250.0,1271802000.0,13971976256.0,44.0,34.599,638042000.0,3.56,1.0,1983074000.0,0.852,1184821000.0,23677000.0,1225809000.0,1184673500.0,0.0,1054692000.0,378189000.0,676503000.0,2813291000.0,1497938000.0,1315353000.0,14207845256.0,-25359000.0,-28415000.0,-492198000.0,-1861000.0,0.0,-493228000.0,-245504000.0,-139453000.0,715155000.0,-1782000.0,240935000.0,240935000.0,240935000.0,0.0,0.0,0.104,1673282000.0,309792000.0,270763000.0,0.0,11.171,58.97,59.037,174450000.0,0.0,79.11,6.107,6.095,427436000.0,1287188000.0,2326466000.0,2326466000.0,467248000.0,0.059,0.183,0.271,0.138,189385000.0,1206034000.0,1.0,179596072.0,179233000,182682000.0,12.98,2900272000.0,108955000.0,56339000.0,0.0,16.182,382634000.0
11,RHT,MRT,2016-09-30,2016-08-31,2016-08-31,2019-06-28,-69722000.0,4100756000.0,4066835250.0,1848220000.0,2252536000.0,0.55,7.311,-68129000.0,970569000.0,970569000.0,333987000.0,219840000.0,1.225,2.11,734700000.0,0.0,734700000.0,734700000.0,1680652000.0,80864000.0,0.0,0.0,0.0,310024000.0,390888000.0,0.175,390888000.0,310024000.0,286539000.0,1.22,1.19,1.22,1318396000.0,1336739000.0,1318396000.0,12914138005.0,42.0,33.038,659026000.0,3.655,1.0,1900799000.0,0.851,1196666000.0,23485000.0,1158941000.0,1177617000.0,0.0,1072076000.0,365128000.0,706948000.0,2782360000.0,1509280000.0,1273080000.0,13216396005.0,-21038000.0,-153426000.0,-454799000.0,-2014000.0,0.0,-455898000.0,-301949000.0,-79873000.0,727155000.0,9654000.0,219840000.0,219840000.0,219840000.0,0.0,0.0,0.098,1602903000.0,297896000.0,273568000.0,0.0,10.025,60.118,59.82,172312000.0,0.0,72.98,5.914,5.889,359893000.0,1219246000.0,2234786000.0,2234786000.0,449685000.0,0.054,0.164,0.263,0.139,186807000.0,1153218000.0,1.0,181096136.0,180322000,183346000.0,12.393,2904090000.0,122131000.0,66699000.0,0.0,16.105,338940000.0
12,RHT,MRT,2016-06-30,2016-05-31,2016-05-31,2019-06-28,-67747000.0,4112281000.0,3992014000.0,1883953000.0,2228328000.0,0.536,7.448,-61414000.0,1031565000.0,1031565000.0,322280000.0,212463000.0,1.252,2.048,729307000.0,0.0,729307000.0,729307000.0,1692156000.0,78242000.0,0.0,0.0,0.0,302784000.0,381026000.0,0.178,381026000.0,302784000.0,279491000.0,1.17,1.15,1.17,1349335000.0,1349152500.0,1349335000.0,13850201672.0,46.0,36.35,692028000.0,3.82,1.0,1816849000.0,0.849,1170340000.0,23293000.0,1135206000.0,1191886750.0,0.0,1088311000.0,364850000.0,723461000.0,2762946000.0,1504477000.0,1258469000.0,14054037672.0,40643000.0,-126459000.0,-399029000.0,-1936000.0,0.0,-400465000.0,-309907000.0,-120354000.0,753442000.0,-2427000.0,212463000.0,212463000.0,212463000.0,0.0,0.0,0.099,1524367000.0,292482000.0,251401000.0,0.0,10.416,66.148,66.205,168015000.0,0.0,77.46,6.57,6.56,326334000.0,1160472000.0,2139129000.0,2139129000.0,430908000.0,0.053,0.157,0.254,0.142,184799000.0,1093459000.0,1.0,181436066.0,181168000,184187000.0,11.807,2941941000.0,116393000.0,67028000.0,0.0,16.239,379476000.0
13,RHT,MRT,2016-03-31,2016-02-29,2016-02-29,2019-06-28,-74449000.0,4155099000.0,3904013750.0,1872433000.0,2282666000.0,0.526,7.299,-55517000.0,927778000.0,927778000.0,309629000.0,199365000.0,1.201,2.114,723942000.0,0.0,723942000.0,723942000.0,1722544000.0,76088000.0,0.0,0.0,0.0,297986000.0,374074000.0,0.182,374074000.0,297986000.0,274865000.0,1.09,1.07,1.09,1334432000.0,1349174500.0,1334432000.0,11721801814.0,39.0,31.336,680806000.0,3.724,1.0,1742601000.0,0.849,1173348000.0,23121000.0,1218738000.0,1205314250.0,0.0,1067612000.0,281142000.0,786470000.0,2820667000.0,1559177000.0,1261490000.0,11934553814.0,-119695000.0,-126459000.0,-325954000.0,-1843000.0,0.0,-327797000.0,-512108000.0,-326563000.0,736323000.0,-16113000.0,199365000.0,199365000.0,199365000.0,0.0,0.0,0.097,1454553000.0,288048000.0,284802000.0,0.0,8.944,59.863,59.954,166886000.0,0.0,65.35,5.815,5.822,509715000.0,1099738000.0,2052230000.0,2052230000.0,413322000.0,0.051,0.148,0.247,0.145,186465000.0,1041231000.0,1.0,182625154.0,182817000,186119000.0,11.226,2981751000.0,111456000.0,75500000.0,0.0,16.31,313256000.0
14,RHT,MRT,2015-12-31,2015-11-30,2015-11-30,2019-06-28,-82606000.0,3899205000.0,3811381250.0,1773941000.0,2125264000.0,0.518,7.355,-50328000.0,942037000.0,942037000.0,298626000.0,194029000.0,1.353,1.899,729285000.0,0.0,729285000.0,729285000.0,1487134000.0,76092000.0,0.0,0.0,0.0,298042000.0,374134000.0,0.19,374134000.0,298042000.0,274974000.0,1.06,1.04,1.06,1344793000.0,1337651000.0,1344793000.0,14615030816.0,49.0,39.064,659288000.0,3.606,1.0,1674044000.0,0.849,1177336000.0,23068000.0,1197583000.0,1161796250.0,0.0,929419000.0,193993000.0,735426000.0,2554412000.0,1311534000.0,1242878000.0,14882016816.0,58048000.0,-126711000.0,-208623000.0,-2015000.0,0.0,-215886000.0,-396794000.0,-224871000.0,709616000.0,-38888000.0,194029000.0,194029000.0,194029000.0,0.0,0.0,0.098,1390160000.0,283884000.0,229059000.0,0.0,11.066,76.7,76.802,161015000.0,0.0,81.41,7.544,7.546,396545000.0,1046702000.0,1972670000.0,1972670000.0,396864000.0,0.051,0.145,0.257,0.151,180350000.0,993296000.0,1.0,182803302.0,182850000,186094000.0,10.788,2721869000.0,104869000.0,80945000.0,0.0,14.886,462407000.0
15,RHT,MRT,2015-09-30,2015-08-31,2015-08-31,2019-06-28,-65449000.0,3801471000.0,3723547750.0,1705961000.0,2095510000.0,0.512,7.468,-54106000.0,991607000.0,991607000.0,288943000.0,195114000.0,1.351,1.779,724621000.0,0.0,724621000.0,724621000.0,1413440000.0,74885000.0,0.0,0.0,0.0,297194000.0,372079000.0,0.195,372079000.0,297194000.0,276502000.0,1.06,1.05,1.06,1368050000.0,1309904500.0,1368050000.0,12978412065.0,44.0,34.881,640139000.0,3.495,1.0,1616042000.0,0.848,1056066000.0,20692000.0,1216020000.0,1141989250.0,0.0,1004223000.0,180806000.0,823417000.0,2433421000.0,1262399000.0,1171022000.0,13249333065.0,406226000.0,-80017000.0,-419808000.0,788592000.0,0.0,218984000.0,-456843000.0,-328408000.0,694245000.0,-50160000.0,195114000.0,195114000.0,195114000.0,0.0,0.0,0.102,1333838000.0,282204000.0,212828000.0,0.0,9.685,67.906,68.123,164718000.0,0.0,72.21,6.955,6.944,302098000.0,999854000.0,1904985000.0,1904985000.0,382571000.0,0.052,0.149,0.26,0.156,161810000.0,951267000.0,1.0,183483355.0,183179000,186750000.0,10.4,2745405000.0,99184000.0,81388000.0,0.0,14.988,443562000.0
16,RHT,MRT,2015-06-30,2015-05-31,2015-05-31,2019-06-28,-66604000.0,3760280000.0,3540006000.0,1700914000.0,2059366000.0,0.522,7.369,-57249000.0,990922000.0,990922000.0,280153000.0,190542000.0,1.366,1.787,720001000.0,0.0,720001000.0,720001000.0,1436119000.0,75886000.0,0.0,0.0,0.0,285119000.0,361005000.0,0.195,361005000.0,285119000.0,270063000.0,1.03,1.02,1.03,1349423000.0,1346556000.0,1349423000.0,13832961086.0,49.0,38.318,621644000.0,3.395,1.0,1566583000.0,0.848,1055457000.0,15056000.0,1188916000.0,920721000.0,0.0,977552000.0,192818000.0,784734000.0,2410857000.0,1244986000.0,1165871000.0,14165032086.0,426774000.0,-144500000.0,-425698000.0,787342000.0,0.0,212267000.0,-408818000.0,-212878000.0,678893000.0,-55568000.0,190542000.0,190542000.0,190542000.0,0.0,0.0,0.103,1296622000.0,269961000.0,176965000.0,0.0,10.497,74.341,75.019,168391000.0,0.0,77.27,7.67,7.662,284582000.0,948459000.0,1846736000.0,1846736000.0,375348000.0,0.054,0.142,0.31,0.154,155066000.0,921274000.0,1.0,183318650.0,183130000,186175000.0,10.084,2704823000.0,81782000.0,79521000.0,0.0,14.77,455928000.0
17,RHT,MRT,2015-03-31,2015-02-28,2015-02-28,2019-06-28,-60621000.0,3784569000.0,3367438500.0,1883443000.0,1901126000.0,0.531,6.907,-51771000.0,1047473000.0,1047473000.0,273199000.0,180201000.0,1.412,1.938,702939000.0,0.0,702939000.0,702939000.0,1482328000.0,76263000.0,0.0,0.0,0.0,264892000.0,341155000.0,0.191,341155000.0,264892000.0,255498000.0,0.97,0.95,0.97,1288338000.0,1390401000.0,1288338000.0,12504465793.0,47.0,36.653,576631000.0,3.091,1.0,1516290000.0,0.847,1061336000.0,9394000.0,1044666000.0,726527750.0,0.0,761270000.0,215254000.0,546016000.0,2496231000.0,1334033000.0,1162198000.0,12677610793.0,400731000.0,-296121000.0,-496314000.0,786987000.0,0.0,142633000.0,-325003000.0,11607000.0,628402000.0,-45301000.0,180201000.0,180201000.0,180201000.0,0.0,0.0,0.101,1266296000.0,249994000.0,237733000.0,0.0,9.84,70.353,71.258,172151000.0,0.0,69.12,7.084,7.205,468021000.0,900373000.0,1789489000.0,1789489000.0,367856000.0,0.054,0.13,0.365,0.148,140839000.0,898440000.0,1.0,183414508.0,186529000,189246000.0,9.594,2723233000.0,98892000.0,75297000.0,0.0,14.6,549410000.0
18,RHT,MRT,2014-12-31,2014-11-30,2014-11-30,2019-06-28,-31780000.0,3547871000.0,3197951000.0,1705017000.0,1842854000.0,0.54,6.668,-61519000.0,883989000.0,883989000.0,263518000.0,177569000.0,1.454,1.876,710844000.0,0.0,710844000.0,710844000.0,1300125000.0,76193000.0,0.0,0.0,0.0,251877000.0,328070000.0,0.19,328070000.0,251877000.0,248240000.0,0.95,0.95,0.95,1233807000.0,1456107750.0,1233807000.0,11087776126.0,44.0,33.797,528574000.0,2.857,1.0,1462427000.0,0.847,1083750000.0,3637000.0,1118355000.0,588101750.0,0.0,762532000.0,231420000.0,531112000.0,2314064000.0,1172621000.0,1141443000.0,11673157126.0,241878000.0,-296121000.0,-496914000.0,787677000.0,0.0,151386000.0,-470441000.0,-115717000.0,590093000.0,-29160000.0,177569000.0,177569000.0,177569000.0,0.0,0.0,0.103,1220740000.0,241687000.0,229272000.0,0.0,9.461,65.739,65.421,173599000.0,0.0,62.15,6.763,6.663,354870000.0,852673000.0,1725945000.0,1725945000.0,358461000.0,0.056,0.122,0.428,0.146,129520000.0,862279000.0,1.0,187822319.0,185039000,187674000.0,9.327,2464121000.0,106282000.0,70671000.0,0.0,13.317,532396000.0
19,RHT,MRT,2014-09-30,2014-08-31,2014-08-31,2019-06-28,-16025000.0,3067304000.0,3023825250.0,1325564000.0,1741740000.0,0.551,8.05,-61167000.0,585381000.0,585381000.0,252580000.0,181661000.0,1.169,1.025,0.0,0.0,0.0,0.0,1251797000.0,76497000.0,0.0,0.0,0.0,242907000.0,319404000.0,0.192,319404000.0,242907000.0,242660000.0,0.96,0.96,0.96,1514656000.0,1515456750.0,1514656000.0,10955600728.0,45.0,34.3,491092000.0,2.61,1.0,1414006000.0,0.848,1016967000.0,247000.0,330947000.0,398550000.0,0.0,731562000.0,217659000.0,513903000.0,1552648000.0,1134009000.0,418639000.0,11519748728.0,-11413000.0,-217804000.0,-238503000.0,-2677000.0,0.0,-232577000.0,-327606000.0,-50919000.0,552259000.0,-3489000.0,181661000.0,181661000.0,181661000.0,0.0,0.0,0.109,1178724000.0,235282000.0,211552000.0,0.0,7.606,63.413,63.458,175844000.0,0.0,60.92,6.912,6.878,283952000.0,804740000.0,1666586000.0,1666586000.0,350367000.0,0.06,0.12,0.609,0.146,126087000.0,828357000.0,1.0,189096335.0,188162000,190755000.0,8.857,2050337000.0,111522000.0,60999000.0,0.0,10.897,191555000.0
20,RHT,MRT,2014-06-30,2014-05-31,2014-05-31,2019-06-28,-5358000.0,3070010000.0,2941894500.0,1308901000.0,1761109000.0,0.542,8.052,-77685000.0,564148000.0,564148000.0,240986000.0,175646000.0,1.153,1.013,0.0,0.0,0.0,0.0,1272569000.0,75397000.0,0.0,0.0,0.0,235159000.0,310556000.0,0.195,310556000.0,235159000.0,235009000.0,0.93,0.92,0.93,1524803000.0,1497193750.0,1524803000.0,8843193364.0,38.0,28.475,485766000.0,2.565,1.0,1354124000.0,0.849,958605000.0,150000.0,412143000.0,399377500.0,0.0,835934000.0,239039000.0,596895000.0,1545207000.0,1135114000.0,410093000.0,9489935364.0,-33850000.0,-151621000.0,-178495000.0,-1354000.0,0.0,-169059000.0,-432079000.0,-203969000.0,563451000.0,3837000.0,175646000.0,175646000.0,175646000.0,0.0,0.0,0.11,1127495000.0,226629000.0,185910000.0,0.0,6.224,54.029,53.892,172792000.0,0.0,50.12,5.949,5.95,265663000.0,757917000.0,1595110000.0,1595110000.0,333401000.0,0.06,0.117,0.589,0.147,119356000.0,791923000.0,1.0,189344281.0,189372000,191457000.0,8.423,2111405000.0,114253000.0,59363000.0,0.0,11.15,173787000.0
21,RHT,MRT,2014-03-31,2014-02-28,2014-02-28,2019-06-28,-4459000.0,3106619000.0,2838125250.0,1571182000.0,1535437000.0,0.541,8.167,-97559000.0,646742000.0,646742000.0,232600000.0,178292000.0,1.369,1.003,0.0,0.0,0.0,0.0,1289197000.0,74405000.0,0.0,0.0,0.0,239708000.0,314113000.0,0.205,314113000.0,239708000.0,239548000.0,0.94,0.93,0.94,1551165000.0,1464319750.0,1551165000.0,10538757151.0,44.0,33.551,443021000.0,2.333,1.0,1302015000.0,0.848,820829000.0,160000.0,490962000.0,367758500.0,0.0,840687000.0,335387000.0,505300000.0,1555454000.0,1148086000.0,407368000.0,11180868151.0,159658000.0,0.0,-274643000.0,-1304000.0,0.0,-263110000.0,-108262000.0,-8619000.0,540580000.0,-9550000.0,178292000.0,178292000.0,178292000.0,0.0,0.0,0.116,1069726000.0,232289000.0,179468000.0,0.0,7.208,62.711,62.755,173917000.0,0.0,58.99,7.286,7.3,360594000.0,720172000.0,1534615000.0,1534615000.0,317263000.0,0.063,0.122,0.652,0.156,113774000.0,750292000.0,1.0,189538365.0,189920000,192036000.0,8.08,2285790000.0,108264000.0,61256000.0,0.0,12.036,423096000.0
22,RHT,MRT,2013-12-31,2013-11-30,2013-11-30,2019-06-28,-5243000.0,2851368000.0,2764885500.0,1468600000.0,1382768000.0,0.536,7.763,-98082000.0,642111000.0,642111000.0,225669000.0,176197000.0,1.432,0.938,0.0,0.0,0.0,0.0,1123293000.0,72894000.0,0.0,0.0,0.0,230306000.0,303200000.0,0.205,303200000.0,230306000.0,229988000.0,0.92,0.91,0.92,1471203000.0,1456568750.0,1471203000.0,8281254670.0,36.0,27.313,394700000.0,2.083,1.0,1256434000.0,0.848,823563000.0,318000.0,360148000.0,371945500.0,0.0,684538000.0,324424000.0,360114000.0,1380165000.0,1025546000.0,354619000.0,8878048670.0,36200000.0,-104262000.0,-310641000.0,-1313000.0,0.0,-296564000.0,-145498000.0,58577000.0,492782000.0,-14520000.0,176197000.0,176197000.0,176197000.0,0.0,0.0,0.119,1033214000.0,223220000.0,190868000.0,0.0,6.035,50.387,50.924,168604000.0,0.0,46.85,5.99,5.991,309753000.0,675104000.0,1482103000.0,1482103000.0,305869000.0,0.064,0.121,0.619,0.155,137050000.0,725174000.0,1.0,189499438.0,189514000,191365000.0,7.821,2027805000.0,93711000.0,53791000.0,0.0,10.7,443054000.0
23,RHT,MRT,2013-09-30,2013-08-31,2013-08-31,2019-06-28,-11922000.0,2739581000.0,2717518250.0,1281660000.0,1457921000.0,0.526,7.61,-117959000.0,596794000.0,596794000.0,218360000.0,158937000.0,1.313,0.9,0.0,0.0,0.0,0.0,1059597000.0,70065000.0,0.0,0.0,0.0,219449000.0,289514000.0,0.203,289514000.0,219449000.0,219182000.0,0.83,0.82,0.83,1441604000.0,1459073500.0,1441604000.0,8965663521.0,41.0,30.968,379825000.0,2.005,1.0,1210813000.0,0.847,832589000.0,267000.0,334257000.0,388254500.0,0.0,693877000.0,266841000.0,427036000.0,1297977000.0,975941000.0,322036000.0,9563661521.0,25218000.0,-125450000.0,-323187000.0,-1156000.0,0.0,-304281000.0,-156502000.0,88554000.0,497784000.0,-11783000.0,158937000.0,158937000.0,158937000.0,0.0,0.0,0.111,998466000.0,212347000.0,178904000.0,0.0,6.634,60.173,60.867,167343000.0,0.0,50.52,6.692,6.696,232884000.0,623079000.0,1429173000.0,1429173000.0,292005000.0,0.058,0.109,0.565,0.154,125438000.0,704290000.0,1.0,189304464.0,189437000,191432000.0,7.544,1906992000.0,88325000.0,60245000.0,0.0,10.067,305719000.0
24,RHT,MRT,2013-06-30,2013-05-31,2013-05-31,2019-06-28,-12228000.0,2654933000.0,2684033250.0,1262533000.0,1392400000.0,0.513,7.29,-130638000.0,597998000.0,597998000.0,210638000.0,153134000.0,1.338,0.905,0.0,0.0,0.0,0.0,1059894000.0,66194000.0,0.0,0.0,0.0,212630000.0,278824000.0,0.202,278824000.0,212630000.0,212363000.0,0.79,0.79,0.79,1393307000.0,1469593250.0,1393307000.0,8657254597.0,41.0,31.049,352070000.0,1.842,1.0,1166707000.0,0.847,827843000.0,267000.0,285667000.0,422522750.0,0.0,630290000.0,255638000.0,374652000.0,1261626000.0,943425000.0,318201000.0,9144338597.0,89382000.0,-135501000.0,-304081000.0,-1057000.0,0.0,-278086000.0,-108524000.0,157136000.0,482708000.0,-6716000.0,153134000.0,153134000.0,153134000.0,0.0,0.0,0.111,959954000.0,206753000.0,141593000.0,0.0,6.563,59.715,61.051,158876000.0,0.0,48.23,6.639,6.692,227747000.0,582271000.0,1377345000.0,1377345000.0,277072000.0,0.057,0.104,0.503,0.154,109823000.0,682882000.0,1.0,189598561.0,191114000,192969000.0,7.207,1827090000.0,88595000.0,59229000.0,0.0,9.56,319108000.0
25,RHT,MRT,2013-03-31,2013-02-28,2013-02-28,2019-06-28,-7967000.0,2813660000.0,2641454500.0,1368749000.0,1444911000.0,0.503,7.87,-120038000.0,487084000.0,487084000.0,200600000.0,150204000.0,1.389,0.851,0.0,0.0,0.0,0.0,1089952000.0,62341000.0,0.0,0.0,0.0,210019000.0,272360000.0,0.205,272360000.0,210019000.0,209752000.0,0.78,0.77,0.78,1520161000.0,1475196750.0,1520161000.0,9210295092.0,44.0,33.817,345259000.0,1.788,1.0,1128217000.0,0.849,833154000.0,267000.0,507710000.0,471316750.0,0.0,831289000.0,392381000.0,438908000.0,1293499000.0,985712000.0,307787000.0,9816206092.0,-62133000.0,-135501000.0,-159168000.0,-1016000.0,0.0,-125965000.0,-389049000.0,-134127000.0,465297000.0,-12416000.0,150204000.0,150204000.0,150204000.0,0.0,0.0,0.113,927179000.0,201038000.0,154202000.0,0.0,6.457,65.352,65.141,141586000.0,0.0,50.81,7.387,7.385,302942000.0,541880000.0,1328817000.0,1328817000.0,263150000.0,0.057,0.102,0.446,0.158,98698000.0,660887000.0,1.0,193194373.0,193147000,195804000.0,6.88,1980506000.0,88765000.0,59548000.0,0.0,10.254,383037000.0
26,RHT,MRT,2012-12-31,2012-11-30,2012-11-30,2019-06-28,-7321000.0,2661899000.0,2560814250.0,1290292000.0,1371607000.0,0.499,7.66,-113071000.0,605911000.0,605911000.0,191268000.0,143200000.0,1.446,0.797,0.0,0.0,0.0,0.0,987732000.0,57867000.0,0.0,0.0,0.0,208322000.0,266189000.0,0.208,266189000.0,208322000.0,208322000.0,0.74,0.74,0.74,1481222000.0,1444860750.0,1481222000.0,8978673615.0,43.0,33.73,343353000.0,1.776,1.0,1086675000.0,0.85,738174000.0,0.0,425384000.0,450233250.0,0.0,743986000.0,280433000.0,463553000.0,1180677000.0,892430000.0,288247000.0,9550249615.0,79246000.0,-31239000.0,-198939000.0,-950000.0,0.0,-166356000.0,-205618000.0,-62205000.0,456424000.0,-5204000.0,143200000.0,143200000.0,143200000.0,0.0,0.0,0.112,887363000.0,199312000.0,155768000.0,0.0,6.448,66.692,66.757,128743000.0,0.0,49.4,7.473,7.475,254787000.0,498907000.0,1277943000.0,1277943000.0,247048000.0,0.056,0.099,0.463,0.163,62767000.0,637173000.0,1.0,193324891.0,193374000,195666000.0,6.609,1923725000.0,63342000.0,65122000.0,0.0,9.948,397862000.0
27,RHT,MRT,2012-09-30,2012-08-31,2012-08-31,2019-06-28,-13112000.0,2605641000.0,2490408000.0,1244669000.0,1360972000.0,0.492,7.685,-90943000.0,571576000.0,571576000.0,183339000.0,146675000.0,1.474,0.756,0.0,0.0,0.0,0.0,944400000.0,54133000.0,0.0,0.0,0.0,212617000.0,266750000.0,0.218,266750000.0,212617000.0,212617000.0,0.76,0.75,0.76,1483683000.0,1426404500.0,1483683000.0,10308574602.0,48.0,38.645,361881000.0,1.874,1.0,1041024000.0,0.85,718139000.0,0.0,471330000.0,449910250.0,0.0,788044000.0,297876000.0,490168000.0,1121958000.0,844596000.0,277362000.0,10817190602.0,-165882000.0,-145261000.0,-141270000.0,-815000.0,0.0,-109026000.0,-478232000.0,-241369000.0,452824000.0,-31448000.0,146675000.0,146675000.0,146675000.0,0.0,0.0,0.12,838059000.0,202965000.0,139060000.0,0.0,7.291,73.749,73.737,113092000.0,0.0,56.04,8.835,8.837,215433000.0,464142000.0,1224363000.0,1224363000.0,232132000.0,0.059,0.103,0.473,0.174,57333000.0,602785000.0,1.0,193026242.0,193064000,195795000.0,6.342,1887502000.0,72007000.0,65942000.0,0.0,9.777,400073000.0
28,RHT,MRT,2012-06-30,2012-05-31,2012-05-31,2019-06-28,-15591000.0,2484618000.0,2416130250.0,1173961000.0,1310657000.0,0.49,7.337,-58840000.0,508616000.0,508616000.0,182120000.0,151638000.0,1.455,0.755,0.0,0.0,0.0,0.0,913341000.0,52712000.0,0.0,0.0,0.0,216070000.0,268782000.0,0.227,268782000.0,216070000.0,216070000.0,0.79,0.77,0.79,1415721000.0,1395776500.0,1415721000.0,9359848722.0,43.0,34.823,367232000.0,1.903,1.0,1000968000.0,0.846,688091000.0,0.0,480843000.0,406125000.0,0.0,791484000.0,310342000.0,481142000.0,1068897000.0,807068000.0,261829000.0,9909065722.0,-201607000.0,-135210000.0,-174757000.0,-696000.0,0.0,-143882000.0,-453206000.0,-258178000.0,426072000.0,-30591000.0,151638000.0,151638000.0,151638000.0,0.0,0.0,0.128,795505000.0,205463000.0,123678000.0,0.0,6.999,65.347,65.038,101538000.0,0.0,51.38,8.376,8.379,195831000.0,429137000.0,1183088000.0,1183088000.0,220254000.0,0.063,0.109,0.532,0.183,53715000.0,572109000.0,1.0,192858422.0,192947000,195937000.0,6.132,1796527000.0,71734000.0,64432000.0,0.0,9.311,366893000.0
29,RHT,MRT,2012-03-31,2012-02-29,2012-02-29,2019-06-28,-5952000.0,2491099000.0,2356936000.0,1221355000.0,1269744000.0,0.481,7.242,-51618000.0,549217000.0,549217000.0,178548000.0,146626000.0,1.478,0.781,0.0,0.0,0.0,0.0,946736000.0,51372000.0,0.0,0.0,0.0,208009000.0,259381000.0,0.229,259381000.0,208009000.0,208009000.0,0.76,0.75,0.76,1398817000.0,1374472000.0,1398817000.0,9025906402.0,43.0,34.798,340265000.0,1.762,1.0,954555000.0,0.842,692201000.0,0.0,423376000.0,355788500.0,0.0,711136000.0,264298000.0,446838000.0,1092282000.0,826305000.0,265977000.0,9552571402.0,-93413000.0,-135210000.0,-152740000.0,-1027000.0,0.0,-123836000.0,-358860000.0,-171389000.0,391883000.0,-2600000.0,146626000.0,146626000.0,146626000.0,0.0,0.0,0.129,754642000.0,199913000.0,114078000.0,0.0,6.829,65.149,65.079,92065000.0,0.0,49.46,8.43,8.431,255180000.0,391676000.0,1133103000.0,1133103000.0,208662000.0,0.062,0.107,0.585,0.184,49336000.0,545980000.0,1.0,193137311.0,193151000,196451000.0,5.866,1798898000.0,69765000.0,61383000.0,0.0,9.313,395050000.0
30,RHT,MRT,2011-12-31,2011-11-30,2011-11-30,2019-06-28,-8544000.0,2380274000.0,2283991750.0,1153818000.0,1226456000.0,0.473,7.277,-57221000.0,526665000.0,526665000.0,175879000.0,144192000.0,1.572,0.691,0.0,0.0,0.0,0.0,819615000.0,51035000.0,0.0,0.0,0.0,197622000.0,248657000.0,0.23,248657000.0,197622000.0,197622000.0,0.75,0.73,0.75,1407397000.0,1347442500.0,1407397000.0,8919927734.0,45.0,35.872,301648000.0,1.56,1.0,905009000.0,0.837,695627000.0,0.0,424092000.0,325766000.0,0.0,690102000.0,281647000.0,408455000.0,972877000.0,733890000.0,238987000.0,9657385734.0,-68249000.0,-135210000.0,-83365000.0,-774000.0,0.0,-49549000.0,-383947000.0,-205939000.0,358869000.0,6378000.0,144192000.0,144192000.0,144192000.0,0.0,0.0,0.133,714190000.0,190819000.0,22405000.0,0.0,6.862,66.976,66.773,83925000.0,0.0,50.08,8.935,8.96,206449000.0,355707000.0,1080888000.0,1080888000.0,198666000.0,0.063,0.107,0.607,0.183,37528000.0,515524000.0,1.0,192839172.0,193393000,196468000.0,5.589,1684647000.0,69460000.0,53430000.0,0.0,8.711,419928000.0
31,RHT,MRT,2011-09-30,2011-08-31,2011-08-31,2019-06-28,-1007000.0,2308530000.0,2196101500.0,1260789000.0,1047741000.0,0.467,7.055,-55542000.0,737458000.0,737458000.0,170434000.0,131969000.0,1.783,0.696,0.0,0.0,0.0,0.0,813154000.0,50472000.0,0.0,0.0,0.0,182228000.0,232700000.0,0.227,232700000.0,182228000.0,182228000.0,0.69,0.67,0.69,1361171000.0,1298082250.0,1361171000.0,6921883685.0,38.0,29.746,277591000.0,1.439,1.0,856004000.0,0.834,567921000.0,0.0,296189000.0,280337250.0,0.0,563643000.0,199781000.0,363862000.0,947359000.0,706962000.0,240397000.0,7632106685.0,68231000.0,-31381000.0,-60631000.0,-369000.0,0.0,-23236000.0,-275186000.0,-194827000.0,333133000.0,33520000.0,131969000.0,131969000.0,131969000.0,0.0,0.0,0.129,680801000.0,175203000.0,16142000.0,0.0,5.607,57.833,57.304,81478000.0,0.0,39.54,7.436,7.432,175703000.0,317467000.0,1026438000.0,1026438000.0,188010000.0,0.06,0.102,0.65,0.178,28924000.0,492791000.0,1.0,193022425.0,192937000,196171000.0,5.32,1740609000.0,79707000.0,50259000.0,0.0,9.022,553827000.0
32,RHT,MRT,2011-06-30,2011-05-31,2011-05-31,2019-06-28,1636000.0,2247841000.0,2104867750.0,1208235000.0,1039606000.0,0.458,6.888,-51331000.0,710223000.0,710223000.0,159497000.0,115657000.0,1.761,0.689,0.0,0.0,0.0,0.0,786041000.0,49014000.0,0.0,0.0,0.0,163691000.0,212705000.0,0.22,212705000.0,163691000.0,163691000.0,0.61,0.59,0.61,1330503000.0,1253287500.0,1330503000.0,7773234843.0,47.0,36.545,268985000.0,1.393,1.0,805382000.0,0.835,572024000.0,0.0,279497000.0,248024500.0,0.0,556518000.0,200258000.0,356260000.0,917338000.0,686097000.0,231241000.0,8415864843.0,231853000.0,-31381000.0,-11161000.0,-275000.0,0.0,28408000.0,-153838000.0,-76685000.0,320316000.0,36967000.0,115657000.0,115657000.0,115657000.0,0.0,0.0,0.12,648586000.0,156796000.0,16357000.0,0.0,6.325,72.766,71.475,77754000.0,0.0,43.6,8.722,8.728,154939000.0,277500000.0,964879000.0,964879000.0,178883000.0,0.055,0.092,0.66,0.17,23766000.0,469703000.0,1.0,193024423.0,193155000,196287000.0,4.995,1675817000.0,75192000.0,48034000.0,0.0,8.676,522138000.0
33,RHT,MRT,2011-03-31,2011-02-28,2011-02-28,2019-06-28,-1819000.0,2199322000.0,2000874500.0,1184558000.0,1014764000.0,0.454,6.783,-46852000.0,642630000.0,642630000.0,150287000.0,107278000.0,1.743,0.704,0.0,0.0,0.0,0.0,772254000.0,47997000.0,0.0,0.0,0.0,153694000.0,201691000.0,0.222,201691000.0,153694000.0,153694000.0,0.56,0.55,0.56,1290699000.0,1195984750.0,1290699000.0,7370528299.0,48.0,36.544,243896000.0,1.282,1.0,758990000.0,0.835,573605000.0,0.0,303286000.0,244324750.0,0.0,549761000.0,217970000.0,331791000.0,908623000.0,679801000.0,228822000.0,7965442299.0,254512000.0,-31381000.0,-31953000.0,-558000.0,0.0,9780000.0,-54855000.0,19440000.0,290748000.0,8839000.0,107278000.0,107278000.0,107278000.0,0.0,0.0,0.118,613314000.0,145676000.0,106514000.0,0.0,6.171,74.25,73.714,75558000.0,0.0,41.28,8.76,8.639,184741000.0,245050000.0,909277000.0,909277000.0,171253000.0,0.054,0.09,0.629,0.169,18306000.0,442061000.0,1.0,192961296.0,190294000,196353000.0,4.778,1625717000.0,75720000.0,46416000.0,0.0,8.543,504757000.0
34,RHT,MRT,2010-12-31,2010-11-30,2010-11-30,2019-06-28,-3795000.0,2028713000.0,1918762000.0,1088386000.0,940327000.0,0.448,6.325,-38587000.0,594914000.0,594914000.0,138022000.0,97132000.0,1.77,0.677,0.0,0.0,0.0,0.0,685235000.0,47254000.0,0.0,0.0,0.0,147961000.0,195215000.0,0.227,195215000.0,147961000.0,147961000.0,0.52,0.49,0.52,1209956000.0,1151073000.0,1209956000.0,7621060768.0,52.0,39.039,235052000.0,1.229,1.0,722327000.0,0.84,576532000.0,0.0,242377000.0,260884500.0,0.0,502066000.0,250528000.0,251538000.0,818757000.0,614890000.0,203867000.0,8290287768.0,205205000.0,-31381000.0,-75282000.0,-542000.0,0.0,-35536000.0,-19588000.0,58268000.0,273639000.0,-13310000.0,97132000.0,97132000.0,97132000.0,0.0,0.0,0.113,588102000.0,134225000.0,19101000.0,0.0,6.852,85.351,83.654,74860000.0,0.0,43.5,9.636,9.672,151612000.0,211516000.0,860349000.0,860349000.0,164394000.0,0.051,0.084,0.567,0.172,17943000.0,423708000.0,1.0,190581328.0,191296000,196908000.0,4.497,1452181000.0,37004000.0,50829000.0,0.0,7.591,473496000.0
35,RHT,MRT,2010-09-30,2010-08-31,2010-08-31,2019-06-28,-4357000.0,1943595000.0,1875541000.0,1219834000.0,723761000.0,0.437,6.253,-37163000.0,669227000.0,669227000.0,127876000.0,87529000.0,2.149,0.644,0.0,0.0,0.0,0.0,649635000.0,47020000.0,0.0,0.0,0.0,133187000.0,180207000.0,0.22,180207000.0,133187000.0,133187000.0,0.47,0.44,0.47,1181992000.0,1125384000.0,1181992000.0,6049364101.0,45.0,33.569,219805000.0,1.163,1.0,691243000.0,0.844,539788000.0,0.0,166938000.0,294451250.0,0.0,380924000.0,305991000.0,74933000.0,761603000.0,567642000.0,193961000.0,6527734101.0,176175000.0,0.0,-99095000.0,-877000.0,0.0,-60960000.0,-6277000.0,30140000.0,256968000.0,-13556000.0,87529000.0,87529000.0,87529000.0,0.0,0.0,0.107,575181000.0,116062000.0,13368000.0,0.0,5.523,74.578,73.511,71544000.0,0.0,34.55,7.969,7.973,125993000.0,185499000.0,819119000.0,819119000.0,159916000.0,0.047,0.078,0.452,0.163,16436000.0,406515000.0,1.0,188935864.0,189027000,193560000.0,4.333,1403807000.0,68618000.0,45658000.0,0.0,7.426,652192000.0
36,RHT,MRT,2010-06-30,2010-05-31,2010-05-31,2019-06-28,-2220000.0,1831868000.0,1837910250.0,1035451000.0,796417000.0,0.426,5.86,-35427000.0,478370000.0,478370000.0,120614000.0,92810000.0,1.896,0.663,0.0,0.0,0.0,0.0,625614000.0,46773000.0,0.0,0.0,0.0,130051000.0,176824000.0,0.226,176824000.0,130051000.0,130051000.0,0.49,0.47,0.49,1101292000.0,1104267000.0,1101292000.0,5141036409.0,40.0,29.074,219262000.0,1.167,1.0,662377000.0,0.846,542532000.0,0.0,264698000.0,315221750.0,0.0,489395000.0,345428000.0,143967000.0,730576000.0,546268000.0,184308000.0,5529154409.0,-32246000.0,0.0,-144476000.0,-877000.0,0.0,-112977000.0,-154641000.0,-120203000.0,254689000.0,-19317000.0,92810000.0,92810000.0,92810000.0,0.0,0.0,0.119,552844000.0,109533000.0,11028000.0,0.0,5.021,59.575,59.816,69952000.0,0.0,29.31,7.062,7.035,117426000.0,161843000.0,782991000.0,782991000.0,153915000.0,0.05,0.084,0.413,0.166,18410000.0,390179000.0,1.0,188643958.0,187926000,193266000.0,4.166,1289336000.0,50099000.0,37241000.0,0.0,6.861,489183000.0
37,RHT,MRT,2010-03-31,2010-02-28,2010-02-28,2019-06-28,1056000.0,1870872000.0,1821399000.0,1003119000.0,867753000.0,0.411,5.915,-33112000.0,388118000.0,388118000.0,113845000.0,87253000.0,1.771,0.684,0.0,0.0,0.0,0.0,645860000.0,45861000.0,0.0,0.0,0.0,121502000.0,167363000.0,0.224,167363000.0,121502000.0,121502000.0,0.46,0.45,0.46,1111052000.0,1102324000.0,1111052000.0,4903612587.0,40.0,29.299,222137000.0,1.183,1.0,634391000.0,0.848,546962000.0,0.0,369525000.0,306005500.0,0.0,582067000.0,372656000.0,209411000.0,759820000.0,566267000.0,193553000.0,5293321587.0,-127430000.0,0.0,-144916000.0,-900000.0,0.0,-110247000.0,-276203000.0,-243091000.0,255249000.0,3771000.0,87253000.0,87253000.0,87253000.0,0.0,0.0,0.117,534042000.0,100349000.0,16483000.0,0.0,4.764,60.666,60.978,71708000.0,0.0,28.05,7.074,7.042,139436000.0,137772000.0,748236000.0,748236000.0,148360000.0,0.048,0.079,0.397,0.162,12719000.0,376932000.0,1.0,188710217.0,187845000,193546000.0,3.983,1323910000.0,57951000.0,34249000.0,0.0,7.048,436852000.0
38,RHT,MRT,2009-12-31,2009-11-30,2009-11-30,2019-06-28,4528000.0,1855829000.0,1792090000.0,971718000.0,884111000.0,0.401,5.907,-32560000.0,389709000.0,389709000.0,110159000.0,79853000.0,1.806,0.676,0.0,0.0,0.0,0.0,618736000.0,44670000.0,0.0,0.0,0.0,107648000.0,152318000.0,0.212,152318000.0,107648000.0,112013000.0,0.42,0.42,0.42,1107200000.0,1101074250.0,1107200000.0,4520571419.0,42.0,29.679,204459000.0,1.091,1.0,608429000.0,0.847,551543000.0,-4365000.0,376644000.0,271412500.0,0.0,569378000.0,348187000.0,221191000.0,748629000.0,537933000.0,210696000.0,5013623419.0,-130128000.0,0.0,-95040000.0,-286397000.0,0.0,-342266000.0,-37834000.0,-6467000.0,237019000.0,12953000.0,79853000.0,79853000.0,79853000.0,0.0,0.0,0.111,515801000.0,92628000.0,17496000.0,0.0,4.528,62.786,63.571,73220000.0,0.0,26.7,6.977,6.965,137237000.0,114384000.0,718588000.0,718588000.0,145060000.0,0.045,0.073,0.397,0.15,9708000.0,361991000.0,1.0,187776158.0,187450000,193733000.0,3.833,1304286000.0,0.0,32160000.0,0.0,6.958,433785000.0
39,RHT,MRT,2009-09-30,2009-08-31,2009-08-31,2019-06-28,9768000.0,1793072000.0,1819252500.0,940823000.0,852249000.0,0.379,5.866,-28117000.0,493052000.0,493052000.0,107097000.0,87744000.0,1.899,0.634,0.0,0.0,0.0,0.0,580935000.0,43636000.0,0.0,0.0,0.0,117161000.0,160797000.0,0.233,160797000.0,117161000.0,120277000.0,0.46,0.46,0.46,1097524000.0,1094244500.0,1097524000.0,3806026809.0,32.0,23.67,213901000.0,1.143,1.0,582477000.0,0.845,554646000.0,-3116000.0,250020000.0,291738000.0,0.0,418754000.0,228384000.0,190370000.0,695548000.0,495354000.0,200194000.0,4316642809.0,-294405000.0,-101338000.0,-111753000.0,-566503000.0,0.0,-633819000.0,92592000.0,220786000.0,242018000.0,4804000.0,87744000.0,87744000.0,87744000.0,0.0,0.0,0.127,488672000.0,93805000.0,17938000.0,0.0,3.933,49.196,49.913,70276000.0,0.0,22.96,6.26,6.23,112837000.0,97970000.0,689574000.0,689574000.0,140999000.0,0.048,0.08,0.402,0.17,4136000.0,347673000.0,1.0,188007091.0,187099000,192659000.0,3.686,1238426000.0,0.0,32533000.0,0.0,6.619,445469000.0
40,RHT,MRT,2009-06-30,2009-05-31,2009-05-31,2019-06-28,12215000.0,1765823000.0,1924831000.0,919533000.0,846290000.0,0.348,5.788,-25912000.0,510616000.0,510616000.0,106165000.0,79945000.0,1.961,0.615,0.0,0.0,0.0,0.0,567340000.0,42022000.0,0.0,0.0,0.0,120085000.0,162107000.0,0.242,162107000.0,120085000.0,121671000.0,0.42,0.41,0.42,1093520000.0,1085505750.0,1093520000.0,3254191312.0,27.0,20.074,208367000.0,1.103,1.0,564159000.0,0.842,558539000.0,-1586000.0,227833000.0,366376250.0,0.0,373919000.0,206891000.0,167028000.0,672303000.0,468835000.0,203468000.0,3769739312.0,-99924000.0,-104390000.0,-73131000.0,-566569000.0,0.0,-583330000.0,248834000.0,377521000.0,234279000.0,293000.0,79945000.0,79945000.0,79945000.0,0.0,0.0,0.119,476492000.0,87667000.0,13089000.0,0.0,3.447,47.154,47.5,69619000.0,0.0,19.95,5.624,5.622,106639000.0,69033000.0,670324000.0,670324000.0,136367000.0,0.042,0.074,0.328,0.179,-7940000.0,340125000.0,1.0,188959364.0,188916000,194382000.0,3.548,1207284000.0,0.0,41726000.0,0.0,6.391,450698000.0
41,RHT,MRT,2009-03-31,2009-02-28,2009-02-28,2019-06-28,10327000.0,1753636000.0,2017711750.0,890832000.0,862804000.0,0.323,5.798,-28417000.0,515548000.0,515548000.0,106126000.0,78721000.0,1.994,0.585,0.0,0.0,0.0,0.0,543082000.0,40309000.0,0.0,0.0,0.0,121532000.0,161841000.0,0.248,161841000.0,121532000.0,121532000.0,0.41,0.39,0.41,1106053000.0,1059974000.0,1106053000.0,2368055966.0,19.0,14.632,208022000.0,1.09,1.0,546446000.0,0.837,560286000.0,0.0,231153000.0,470535750.0,0.0,330541000.0,147178000.0,183363000.0,647583000.0,446649000.0,200934000.0,2602392966.0,-162172000.0,-148140000.0,-24673000.0,-565627000.0,0.0,-539163000.0,146216000.0,322773000.0,236439000.0,-5664000.0,78721000.0,78721000.0,78721000.0,0.0,0.0,0.121,463925000.0,82521000.0,9576000.0,0.0,2.353,33.058,33.39,67913000.0,0.0,13.69,3.988,4.002,128669000.0,50519000.0,652572000.0,652572000.0,130177000.0,0.039,0.074,0.258,0.186,-2822000.0,333748000.0,1.0,190094446.0,190772000,211344000.0,3.421,1193350000.0,0.0,42811000.0,0.0,6.255,444183000.0
42,RHT,MRT,2008-12-31,2008-11-30,2008-11-30,2019-06-28,10208000.0,1964479000.0,2099298250.0,949935000.0,1014544000.0,0.299,5.664,-41440000.0,519837000.0,519837000.0,101872000.0,84739000.0,1.341,0.819,285500000.0,285500000.0,0.0,285500000.0,505117000.0,38591000.0,0.0,0.0,0.0,137420000.0,176011000.0,0.28,176011000.0,137420000.0,131444000.0,0.45,0.4,0.45,1079881000.0,1021258500.0,1079881000.0,1556262653.0,11.0,8.842,189849000.0,0.996,1.0,525970000.0,0.838,563973000.0,5976000.0,457946000.0,554841750.0,0.0,556615000.0,238794000.0,317821000.0,884598000.0,708223000.0,176375000.0,1773719653.0,-67122000.0,-148140000.0,-86306000.0,-280128000.0,0.0,-310147000.0,13763000.0,200074000.0,231289000.0,-2027000.0,84739000.0,84739000.0,84739000.0,0.0,0.0,0.135,445515000.0,80455000.0,10779000.0,0.0,1.643,20.932,20.556,68249000.0,0.0,9.25,2.825,2.809,113162000.0,34531000.0,627842000.0,627842000.0,121499000.0,0.04,0.083,0.248,0.219,-12570000.0,324016000.0,1.0,191753476.0,190665000,208408000.0,3.293,1400506000.0,0.0,46705000.0,0.0,7.345,241712000.0
43,RHT,MRT,2008-09-30,2008-08-31,2008-08-31,2019-06-28,11376000.0,2215386000.0,2117613500.0,1241824000.0,973562000.0,0.282,5.549,-48199000.0,787457000.0,787457000.0,96262000.0,80717000.0,1.269,1.085,570000000.0,570000000.0,0.0,570000000.0,496859000.0,36473000.0,0.0,0.0,0.0,136548000.0,173021000.0,0.289,173021000.0,136548000.0,130240000.0,0.42,0.38,0.42,1062569000.0,990745000.0,1062569000.0,3977462177.0,29.0,22.988,183580000.0,0.959,1.0,501629000.0,0.839,470551000.0,6308000.0,548573000.0,746577000.0,0.0,642503000.0,274268000.0,368235000.0,1152817000.0,978805000.0,174012000.0,4018002177.0,262838000.0,-46802000.0,-50627000.0,-22000.0,0.0,7935000.0,20977000.0,112352000.0,231779000.0,2147000.0,80717000.0,80717000.0,80717000.0,0.0,0.0,0.135,422691000.0,78938000.0,9313000.0,0.0,3.781,49.779,50.0,70803000.0,0.0,21.0,6.72,6.726,110898000.0,10226000.0,597891000.0,597891000.0,112885000.0,0.038,0.081,0.183,0.228,-17663000.0,309806000.0,1.0,191333437.0,191485000,220039000.0,3.122,1744835000.0,0.0,49523000.0,0.0,9.112,263019000.0
44,RHT,MRT,2008-06-30,2008-05-31,2008-05-31,2019-06-28,-4208000.0,2137346000.0,2044210750.0,1096758000.0,1040588000.0,0.274,5.197,-52144000.0,610540000.0,610540000.0,88818000.0,77736000.0,1.118,1.156,570000000.0,570000000.0,0.0,570000000.0,491824000.0,34864000.0,0.0,0.0,0.0,132192000.0,167056000.0,0.298,167056000.0,132192000.0,125849000.0,0.4,0.37,0.4,991393000.0,949737250.0,991393000.0,4536051525.0,34.0,27.153,174570000.0,0.915,1.0,471960000.0,0.842,471167000.0,6343000.0,644471000.0,910491250.0,0.0,738608000.0,285535000.0,453073000.0,1145953000.0,981168000.0,164785000.0,4643771525.0,173156000.0,-43750000.0,-50431000.0,-46000.0,0.0,7127000.0,-66782000.0,25624000.0,226714000.0,6097000.0,77736000.0,77736000.0,77736000.0,0.0,0.0,0.139,396630000.0,75330000.0,11932000.0,0.0,4.684,59.738,60.9,73341000.0,0.0,24.36,8.281,8.287,114975000.0,-10912000.0,560778000.0,560778000.0,104541000.0,0.038,0.082,0.145,0.236,-18972000.0,292089000.0,1.0,190631015.0,190779000,218853000.0,2.939,1666179000.0,0.0,48113000.0,0.0,8.734,115590000.0
45,RHT,MRT,2008-03-31,2008-02-29,2008-02-29,2019-06-28,1990000.0,2079982000.0,1974276250.0,1192356000.0,887626000.0,0.265,4.916,-47413000.0,677720000.0,677720000.0,80653000.0,76667000.0,1.23,1.187,570000000.0,570000000.0,0.0,570000000.0,472893000.0,33002000.0,0.0,0.0,0.0,130792000.0,163794000.0,0.313,163794000.0,130792000.0,124540000.0,0.4,0.36,0.4,951191000.0,914121500.0,951191000.0,3449368893.0,26.0,21.059,155663000.0,0.805,1.0,442363000.0,0.846,434137000.0,6252000.0,568377000.0,1059023250.0,0.0,654223000.0,312442000.0,341781000.0,1128791000.0,969748000.0,159043000.0,3466327893.0,150481000.0,-11784000.0,-51645000.0,2142000.0,0.0,11744000.0,-70156000.0,-10959000.0,203076000.0,5817000.0,76667000.0,76667000.0,76667000.0,0.0,0.0,0.147,371991000.0,70372000.0,17341000.0,0.0,3.644,45.213,44.575,68557000.0,0.0,17.83,6.628,6.596,127002000.0,-28202000.0,523016000.0,523016000.0,97417000.0,0.039,0.084,0.124,0.25,-24790000.0,274574000.0,1.0,194409865.0,193485000,221313000.0,2.703,1645845000.0,0.0,47873000.0,0.0,8.506,222608000.0
46,RHT,MRT,2007-12-31,2007-11-30,2007-11-30,2019-06-28,-582000.0,2037740000.0,1900744250.0,1223775000.0,813965000.0,0.259,4.936,-33637000.0,586959000.0,586959000.0,76684000.0,75148000.0,3.396,1.127,570000000.0,0.0,570000000.0,570000000.0,422594000.0,30058000.0,0.0,0.0,0.0,122790000.0,152848000.0,0.31,152848000.0,122790000.0,116600000.0,0.38,0.37,0.38,957827000.0,881632750.0,957827000.0,3926450532.0,32.0,25.689,160551000.0,0.827,1.0,415962000.0,0.844,435517000.0,6190000.0,1224887000.0,1193204250.0,0.0,742742000.0,454361000.0,288381000.0,1079913000.0,360377000.0,719536000.0,3881069532.0,-209033000.0,-11784000.0,22913000.0,1997000.0,0.0,79861000.0,-486285000.0,-436089000.0,194188000.0,3203000.0,75148000.0,75148000.0,75148000.0,0.0,0.0,0.153,347122000.0,68840000.0,10439000.0,0.0,4.052,51.646,52.684,58138000.0,0.0,20.02,7.878,7.885,108329000.0,-50208000.0,492646000.0,492646000.0,91055000.0,0.04,0.085,0.103,0.249,-20516000.0,256067000.0,1.0,193859617.0,194038000,221547000.0,2.539,1602223000.0,0.0,41452000.0,0.0,8.257,863398000.0
47,RHT,MRT,2007-09-30,2007-08-31,2007-08-31,2019-06-28,-1461000.0,1921775000.0,1819535750.0,1025370000.0,896405000.0,0.255,4.64,-28432000.0,524619000.0,524619000.0,73198000.0,69485000.0,3.144,1.139,570000000.0,0.0,570000000.0,570000000.0,377034000.0,28209000.0,0.0,0.0,0.0,113597000.0,141806000.0,0.306,141806000.0,113597000.0,107494000.0,0.36,0.34,0.36,898538000.0,835778750.0,898538000.0,3895505718.0,34.0,27.471,165794000.0,0.856,1.0,389893000.0,0.842,436834000.0,6103000.0,1204230000.0,1082687250.0,0.0,729027000.0,353764000.0,375263000.0,1023237000.0,326092000.0,697145000.0,3762889718.0,-43562000.0,-12086000.0,22419000.0,1774000.0,0.0,64425000.0,-303926000.0,-259055000.0,194226000.0,1713000.0,69485000.0,69485000.0,69485000.0,0.0,0.0,0.15,326919000.0,62974000.0,10085000.0,0.0,4.188,54.154,54.028,51363000.0,0.0,19.45,8.126,8.133,89125000.0,-70491000.0,463091000.0,463091000.0,84325000.0,0.038,0.083,0.105,0.245,-6757000.0,242594000.0,1.0,193464767.0,193634000,221688000.0,2.392,1484941000.0,0.0,38009000.0,0.0,7.669,699278000.0
48,RHT,MRT,2007-06-30,2007-05-31,2007-05-31,2019-06-28,-2744000.0,1857608000.0,1749234750.0,983149000.0,874459000.0,0.249,4.397,-25164000.0,437384000.0,437384000.0,69554000.0,62375000.0,3.158,1.188,570000000.0,0.0,570000000.0,570000000.0,363058000.0,26744000.0,0.0,0.0,0.0,100796000.0,127540000.0,0.293,127540000.0,100796000.0,94768000.0,0.33,0.3,0.33,848930000.0,796134750.0,848930000.0,4787263102.0,47.0,37.535,163745000.0,0.848,1.0,365940000.0,0.84,440296000.0,6028000.0,1238599000.0,1020609000.0,0.0,753700000.0,400074000.0,353626000.0,1008678000.0,311329000.0,697349000.0,4744502102.0,-159533000.0,-159737000.0,20095000.0,1833000.0,0.0,48391000.0,-395598000.0,-207209000.0,188909000.0,-1235000.0,62375000.0,62375000.0,62375000.0,0.0,0.0,0.143,311310000.0,54630000.0,7958000.0,0.0,5.589,76.064,74.424,47713000.0,0.0,24.56,10.895,10.889,92412000.0,-88648000.0,435494000.0,435494000.0,79009000.0,0.036,0.078,0.099,0.231,6731000.0,232301000.0,1.0,193180053.0,193082000,221407000.0,2.255,1417312000.0,0.0,32393000.0,0.0,7.34,671820000.0
49,RHT,MRT,2007-03-31,2007-02-28,2007-02-28,2019-06-28,-1795000.0,1785854000.0,1629826500.0,1007065000.0,778789000.0,0.246,4.337,-22635000.0,527239000.0,527239000.0,64736000.0,59907000.0,3.353,1.175,570000000.0,0.0,570000000.0,570000000.0,338635000.0,23853000.0,0.0,0.0,0.0,95579000.0,119432000.0,0.298,119432000.0,95579000.0,89563000.0,0.32,0.29,0.32,821236000.0,711963000.0,821236000.0,4088333944.0,43.0,34.231,178921000.0,0.945,1.0,335888000.0,0.838,423151000.0,6016000.0,1105101000.0,972330500.0,0.0,628855000.0,350827000.0,278028000.0,964618000.0,300363000.0,664255000.0,4314325944.0,259692000.0,-149864000.0,24484000.0,-400000.0,0.0,40072000.0,16686000.0,189185000.0,201556000.0,1378000.0,59907000.0,59907000.0,59907000.0,0.0,0.0,0.15,283599000.0,52289000.0,12062000.0,0.0,5.253,72.017,70.156,45258000.0,0.0,22.45,10.769,10.611,87973000.0,-92092000.0,400624000.0,400624000.0,71038000.0,0.037,0.084,0.098,0.239,16446000.0,212561000.0,1.0,192174875.0,189347000,218823000.0,2.116,1362703000.0,0.0,29656000.0,0.0,7.197,706702000.0
50,RHT,MRT,2006-12-31,2006-11-30,2006-11-30,2019-06-28,-2683000.0,1712906000.0,1511923250.0,1092239000.0,620667000.0,0.244,4.048,-19119000.0,795992000.0,795992000.0,59733000.0,66736000.0,3.911,1.212,570000000.0,0.0,570000000.0,570000000.0,311695000.0,21683000.0,0.0,0.0,0.0,94251000.0,115934000.0,0.315,115934000.0,94251000.0,88276000.0,0.36,0.33,0.36,774411000.0,626043500.0,774411000.0,3328192834.0,35.0,28.708,186893000.0,0.977,1.0,308488000.0,0.838,424838000.0,5975000.0,782819000.0,1027646000.0,0.0,301186000.0,180873000.0,120313000.0,938495000.0,279257000.0,659238000.0,3326373834.0,614046000.0,-149864000.0,45903000.0,-17000.0,0.0,50576000.0,354601000.0,523584000.0,206012000.0,2857000.0,66736000.0,66736000.0,66736000.0,0.0,0.0,0.181,253077000.0,55411000.0,10742000.0,0.0,4.295,49.844,48.333,42278000.0,0.0,17.4,9.034,9.04,81251000.0,-112579000.0,368221000.0,368221000.0,62120000.0,0.044,0.107,0.092,0.256,19490000.0,190957000.0,1.0,191170910.0,191298000,219458000.0,1.925,1288068000.0,0.0,21540000.0,0.0,6.733,812982000.0
51,RHT,MRT,2006-09-30,2006-08-31,2006-08-31,2019-06-28,-4910000.0,1640571000.0,1391205000.0,936161000.0,704410000.0,0.241,3.889,-17754000.0,568181000.0,568181000.0,54150000.0,75319000.0,3.709,1.217,570000000.0,0.0,570000000.0,570000000.0,284109000.0,19234000.0,0.0,0.0,0.0,94945000.0,114179000.0,0.34,114179000.0,94945000.0,88974000.0,0.41,0.38,0.41,739962000.0,536922750.0,739962000.0,4396317744.0,46.0,38.504,182695000.0,0.96,1.0,281357000.0,0.839,434080000.0,5971000.0,955917000.0,1166523250.0,0.0,465777000.0,269775000.0,196002000.0,900609000.0,252393000.0,648216000.0,4423234744.0,420125000.0,-149865000.0,49300000.0,206000.0,0.0,52298000.0,167211000.0,334830000.0,200449000.0,167000.0,75319000.0,75319000.0,75319000.0,0.0,0.0,0.224,220784000.0,60573000.0,7642000.0,0.0,5.978,58.727,56.585,40055000.0,0.0,23.2,13.184,13.159,70346000.0,-127199000.0,335507000.0,335507000.0,52564000.0,0.054,0.14,0.081,0.283,14662000.0,168220000.0,1.0,190656670.0,190292000,219940000.0,1.763,1206491000.0,0.0,13655000.0,0.0,6.34,683768000.0
52,RHT,MRT,2006-06-30,2006-05-31,2006-05-31,2019-06-28,-7572000.0,1379975000.0,1276006250.0,1015976000.0,363999000.0,0.236,2.79,-17363000.0,596917000.0,596917000.0,49322000.0,81004000.0,4.588,1.694,570000000.0,0.0,570000000.0,570000000.0,254749000.0,16231000.0,0.0,0.0,0.0,96067000.0,112298000.0,0.372,112298000.0,96067000.0,90030000.0,0.44,0.42,0.44,512243000.0,448623250.0,512243000.0,5124224002.0,53.0,45.631,184958000.0,1.008,1.0,252230000.0,0.836,86142000.0,6037000.0,1045485000.0,1260606750.0,0.0,540691000.0,335383000.0,205308000.0,867732000.0,221431000.0,646301000.0,4821771002.0,352549000.0,-4714000.0,40933000.0,-17854000.0,0.0,25546000.0,123998000.0,146075000.0,202321000.0,684000.0,81004000.0,81004000.0,81004000.0,0.0,0.0,0.269,189182000.0,63048000.0,6661000.0,0.0,9.413,59.525,59.591,36714000.0,0.0,26.22,15.99,15.962,65361000.0,-138246000.0,301552000.0,301552000.0,44946000.0,0.063,0.181,0.076,0.319,8412000.0,144236000.0,1.0,183896682.0,183579000,214325000.0,1.643,1293833000.0,0.0,9026000.0,0.0,7.048,794545000.0
53,RHT,MRT,2006-03-31,2006-02-28,2006-02-28,2019-06-28,-8482000.0,1314241000.0,1220456250.0,881239000.0,433002000.0,0.228,2.681,-16757000.0,267547000.0,267547000.0,48507000.0,79685000.0,4.386,1.752,570000000.0,0.0,570000000.0,570000000.0,223488000.0,15434000.0,0.0,0.0,0.0,88135000.0,103569000.0,0.372,103569000.0,88135000.0,82016000.0,0.45,0.41,0.45,477558000.0,414405000.0,477558000.0,5189987670.0,59.0,50.111,169795000.0,0.953,1.0,229823000.0,0.826,89409000.0,6119000.0,1326363000.0,1313510000.0,0.0,809993000.0,537324000.0,272669000.0,836683000.0,200922000.0,635761000.0,4801933670.0,127378000.0,-2803000.0,31807000.0,-26064000.0,0.0,5743000.0,-62266000.0,-42706000.0,186552000.0,-2651000.0,79685000.0,79685000.0,79685000.0,0.0,0.0,0.286,171741000.0,58082000.0,5627000.0,0.0,10.055,60.261,59.711,35822000.0,0.0,26.87,17.253,17.195,59792000.0,-152113000.0,278330000.0,278330000.0,40883000.0,0.065,0.192,0.067,0.317,4106000.0,130858000.0,1.0,178709850.0,178112000,207815000.0,1.563,1224832000.0,0.0,2331000.0,0.0,6.877,680317000.0
54,RHT,MRT,2005-12-31,2005-11-30,2005-11-30,2019-06-28,-10512000.0,1230033000.0,1175405000.0,738338000.0,491695000.0,0.219,2.353,-16763000.0,181946000.0,181946000.0,47284000.0,64210000.0,3.887,1.943,570000000.0,0.0,570000000.0,570000000.0,199688000.0,15082000.0,0.0,0.0,0.0,74106000.0,89188000.0,0.347,89188000.0,74106000.0,67860000.0,0.36,0.34,0.36,417928000.0,385433250.0,417928000.0,4592638718.0,62.0,51.494,150271000.0,0.846,1.0,209779000.0,0.816,89810000.0,6246000.0,1338328000.0,1323003500.0,0.0,818173000.0,486394000.0,331779000.0,812105000.0,189949000.0,622156000.0,4170694718.0,12228000.0,-23553000.0,-50607000.0,-26301000.0,0.0,-76598000.0,-73905000.0,-33589000.0,167034000.0,-4303000.0,64210000.0,64210000.0,64210000.0,0.0,0.0,0.25,163989000.0,45790000.0,5161000.0,0.0,9.979,64.954,65.472,34989000.0,0.0,23.57,16.224,16.285,55656000.0,-179429000.0,257063000.0,257063000.0,38769000.0,0.055,0.167,0.056,0.288,4887000.0,125220000.0,1.0,176949288.0,177615000,211783000.0,1.447,1140223000.0,0.0,3650000.0,0.0,6.42,548389000.0
55,RHT,MRT,2005-09-30,2005-08-31,2005-08-31,2019-06-28,-8821000.0,1179776000.0,1157050000.0,590159000.0,589617000.0,0.203,2.183,-14971000.0,148056000.0,148056000.0,45516000.0,51851000.0,3.303,2.05,570000000.0,0.0,570000000.0,570000000.0,184034000.0,13494000.0,0.0,0.0,0.0,61687000.0,75181000.0,0.32,75181000.0,61687000.0,55247000.0,0.29,0.28,0.29,386764000.0,381709250.0,386764000.0,2857241081.0,46.0,38.005,127666000.0,0.72,1.0,189360000.0,0.806,90821000.0,6440000.0,1332251000.0,1320789000.0,0.0,817562000.0,369364000.0,448198000.0,793012000.0,178648000.0,614364000.0,2511562081.0,-20630000.0,-23553000.0,-102195000.0,-26301000.0,0.0,-129001000.0,-34943000.0,3581000.0,142637000.0,677000.0,51851000.0,51851000.0,51851000.0,0.0,0.0,0.221,154728000.0,34632000.0,4892000.0,0.0,6.494,48.438,49.0,34037000.0,0.0,14.21,10.693,10.721,59585000.0,-202632000.0,234876000.0,234876000.0,37056000.0,0.045,0.136,0.047,0.263,4697000.0,117672000.0,1.0,176746100.0,177208000,208583000.0,1.325,1088955000.0,0.0,3396000.0,0.0,6.145,411511000.0
56,RHT,MRT,2005-06-30,2005-05-31,2005-05-31,2019-06-28,-8241000.0,1157775000.0,1153814500.0,498347000.0,659428000.0,0.187,2.123,-12825000.0,244368000.0,244368000.0,42770000.0,46944000.0,3.219,2.084,590047000.0,47000.0,590000000.0,590047000.0,157908000.0,12152000.0,0.0,0.0,0.0,54279000.0,66431000.0,0.308,66431000.0,54279000.0,47840000.0,0.26,0.25,0.26,375370000.0,394421000.0,375370000.0,2694213345.0,50.0,40.557,114879000.0,0.65,1.0,172712000.0,0.802,91542000.0,6439000.0,1257098000.0,1323404250.0,0.0,707170000.0,190134000.0,517036000.0,782405000.0,154814000.0,627591000.0,2234003345.0,108677000.0,-21053000.0,-95122000.0,-8210000.0,0.0,-104611000.0,84471000.0,118349000.0,127704000.0,1113000.0,46944000.0,46944000.0,46944000.0,0.0,0.0,0.218,143263000.0,29449000.0,4219000.0,0.0,5.951,47.589,48.615,33137000.0,0.0,12.64,10.367,10.37,50433000.0,-219364000.0,215482000.0,215482000.0,35041000.0,0.041,0.119,0.041,0.252,4497000.0,108222000.0,1.0,176740771.0,176781000,206907000.0,1.219,1066233000.0,0.0,896000.0,0.0,6.031,343533000.0
57,RHT,MRT,2005-03-31,2005-02-28,2005-02-28,2019-06-28,-9510000.0,1134036000.0,1147740500.0,385253000.0,748783000.0,0.171,1.991,-14921000.0,140169000.0,140169000.0,38487000.0,45426000.0,2.768,2.136,600000000.0,0.0,600000000.0,600000000.0,137316000.0,10911000.0,0.0,0.0,0.0,51377000.0,62288000.0,0.317,62288000.0,51377000.0,44941000.0,0.25,0.24,0.25,361671000.0,405403250.0,361671000.0,2434913793.0,47.0,39.091,107296000.0,0.591,1.0,157979000.0,0.804,90331000.0,6436000.0,1364337000.0,1354336750.0,0.0,788594000.0,181028000.0,607566000.0,772365000.0,139199000.0,633166000.0,2068736793.0,-321135000.0,-21053000.0,-82176000.0,0.0,0.0,-83371000.0,-360636000.0,-324662000.0,122217000.0,655000.0,45426000.0,45426000.0,45426000.0,0.0,0.0,0.231,131033000.0,26946000.0,8426000.0,0.0,5.72,45.541,45.88,32726000.0,0.0,11.47,10.53,10.604,51959000.0,-231798000.0,196466000.0,196466000.0,32468000.0,0.04,0.112,0.038,0.262,4619000.0,98565000.0,1.0,180360662.0,181636000,215882000.0,1.082,1043705000.0,0.0,-485000.0,0.0,5.746,246054000.0
58,RHT,MRT,2004-12-31,2004-11-30,2004-11-30,2019-06-28,-5489000.0,1156613000.0,1142144750.0,362087000.0,794526000.0,0.154,2.21,-18496000.0,234436000.0,234436000.0,36197000.0,38372000.0,2.932,1.868,600613000.0,459000.0,600154000.0,600613000.0,121437000.0,9569000.0,0.0,0.0,0.0,43827000.0,53396000.0,0.304,53396000.0,43827000.0,38178000.0,0.21,0.2,0.21,403032000.0,416993000.0,403032000.0,3008620986.0,69.0,56.345,106801000.0,0.586,1.0,139587000.0,0.794,69810000.0,5649000.0,1329470000.0,1287165000.0,2085000.0,744586000.0,69751000.0,674835000.0,753044000.0,123510000.0,629534000.0,2657177986.0,114103000.0,3077000.0,-18521000.0,570525000.0,0.0,550070000.0,-562679000.0,-547260000.0,125297000.0,1415000.0,38372000.0,38372000.0,38372000.0,0.0,0.0,0.218,117785000.0,21802000.0,6445000.0,0.0,6.593,69.248,68.952,30954000.0,0.0,14.48,15.116,15.02,47234000.0,-243638000.0,175784000.0,175784000.0,30569000.0,0.034,0.092,0.034,0.249,4812000.0,87095000.0,1.0,183506767.0,182340000,215671000.0,0.964,1086803000.0,0.0,-194000.0,0.0,5.96,238577000.0
59,RHT,MRT,2004-09-30,2004-08-31,2004-08-31,2019-06-28,-2297000.0,1166834000.0,962952250.0,339539000.0,827295000.0,0.164,2.386,-17303000.0,249452000.0,249452000.0,34901000.0,31789000.0,3.206,1.665,600895000.0,683000.0,600212000.0,600895000.0,99735000.0,8666000.0,0.0,0.0,0.0,35162000.0,43828000.0,0.278,43828000.0,35162000.0,31148000.0,0.17,0.16,0.17,437611000.0,406733000.0,437611000.0,2656739298.0,76.0,60.617,90317000.0,0.492,1.0,122841000.0,0.779,69662000.0,4014000.0,1342712000.0,1021698500.0,2779000.0,748297000.0,41836000.0,706461000.0,728819000.0,105903000.0,622916000.0,2246936298.0,131018000.0,3380000.0,36553000.0,570073000.0,0.0,605037000.0,-580739000.0,-566816000.0,107620000.0,-900000.0,31789000.0,31789000.0,31789000.0,0.0,0.0,0.202,107014000.0,15827000.0,7339000.0,0.0,5.135,70.683,72.118,30701000.0,0.0,12.26,14.244,14.256,39351000.0,-254483000.0,157742000.0,157742000.0,29867000.0,0.033,0.078,0.034,0.223,4087000.0,77003000.0,1.0,183273760.0,183422000,218836000.0,0.86,1097172000.0,0.0,-641000.0,0.0,5.982,233636000.0
60,RHT,MRT,2004-06-30,2004-05-31,2004-05-31,2019-06-28,-6430000.0,1133479000.0,774239250.0,279181000.0,854298000.0,0.181,2.298,-17084000.0,191356000.0,191356000.0,33899000.0,23602000.0,3.012,1.702,601159000.0,896000.0,600263000.0,601159000.0,87843000.0,7803000.0,0.0,0.0,0.0,26061000.0,33864000.0,0.241,33864000.0,26061000.0,23602000.0,0.13,0.12,0.13,419299000.0,383719500.0,419299000.0,5060327282.0,194.0,149.431,70104000.0,0.384,1.0,106478000.0,0.759,69770000.0,2459000.0,1380828000.0,753478500.0,2503000.0,773122000.0,38806000.0,734316000.0,713848000.0,92684000.0,621164000.0,5003780282.0,96404000.0,3380000.0,38043000.0,569841000.0,0.0,606654000.0,-596843000.0,-583139000.0,87188000.0,-595000.0,23602000.0,23602000.0,23602000.0,0.0,0.0,0.168,97253000.0,9225000.0,6417000.0,0.0,11.934,212.007,210.231,30764000.0,0.0,27.33,35.645,35.527,40259000.0,-265852000.0,140377000.0,140377000.0,27739000.0,0.03,0.062,0.035,0.186,3532000.0,68956000.0,1.0,183087460.0,182482000,219078000.0,0.769,1063709000.0,0.0,0.0,0.0,5.829,186497000.0
61,RHT,MRT,2004-03-31,2004-02-29,2004-02-29,2019-06-28,6243000.0,1111653000.0,590988000.0,660038000.0,451615000.0,0.211,2.345,-13209000.0,461304000.0,461304000.0,33936000.0,13732000.0,7.637,1.724,601436000.0,898000.0,600538000.0,601436000.0,73696000.0,6871000.0,0.0,0.0,0.0,14812000.0,21683000.0,0.174,21683000.0,14812000.0,13732000.0,0.08,0.07,0.08,408030000.0,364581500.0,408030000.0,3110842724.0,210.0,143.469,48366000.0,0.278,1.0,90801000.0,0.728,69713000.0,1080000.0,1095650000.0,474749500.0,0.0,480080000.0,147297000.0,332783000.0,703264000.0,86422000.0,616842000.0,3170457724.0,421754000.0,3380000.0,28778000.0,569708000.0,0.0,597256000.0,-238382000.0,-228553000.0,61575000.0,1305000.0,13732000.0,13732000.0,13732000.0,0.0,0.0,0.11,87855000.0,2946000.0,7154000.0,0.0,7.77,230.881,226.125,29448000.0,0.0,18.09,25.417,25.235,42672000.0,-277224000.0,124737000.0,124737000.0,26483000.0,0.023,0.038,0.031,0.119,3144000.0,61372000.0,1.0,175260239.0,174003000,206358000.0,0.717,1041940000.0,0.0,0.0,0.0,5.988,573616000.0
62,RHT,MRT,2003-12-31,2003-11-30,2003-11-30,2019-06-28,4074000.0,439843000.0,410659500.0,138453000.0,301390000.0,0.276,2.08,-7417000.0,61315000.0,61315000.0,32962000.0,8537000.0,1.934,0.214,1700000.0,1116000.0,584000.0,1700000.0,42270000.0,6118000.0,0.0,0.0,0.0,8586000.0,14704000.0,0.13,14704000.0,8586000.0,8537000.0,0.05,0.13,0.05,361992000.0,346650500.0,361992000.0,2257015314.0,263.0,153.497,23514000.0,0.135,1.0,80245000.0,0.709,41048000.0,49000.0,267604000.0,266294000.0,614000.0,267494000.0,36269000.0,231225000.0,77559000.0,71576000.0,5983000.0,2298345314.0,49795000.0,0.0,17544000.0,-1433000.0,0.0,16111000.0,1185000.0,8602000.0,30931000.0,1568000.0,8537000.0,8537000.0,8537000.0,0.0,0.0,0.075,82515000.0,-2270000.0,19631000.0,0.0,6.349,269.222,266.4,24745000.0,0.0,13.32,20.302,20.472,35656000.0,-281403000.0,113207000.0,113207000.0,26035000.0,0.021,0.025,0.032,0.076,2646000.0,54125000.0,1.0,172548447.0,173996000,184210000.0,0.651,398795000.0,0.0,0.0,0.0,2.292,66877000.0
63,RHT,MRT,2003-09-30,2003-08-31,2003-08-31,2019-06-28,3466000.0,411982000.0,395058750.0,132685000.0,279297000.0,0.265,2.008,-7399000.0,43368000.0,43368000.0,32357000.0,4490000.0,2.215,0.192,2038000.0,1189000.0,849000.0,2038000.0,30381000.0,6011000.0,0.0,0.0,0.0,4490000.0,10501000.0,0.1,10501000.0,4490000.0,4490000.0,0.03,0.11,0.03,345557000.0,338781500.0,345557000.0,1200410984.0,267.0,114.314,12504000.0,0.073,1.0,72245000.0,0.691,40927000.0,0.0,269832000.0,265802500.0,864000.0,263365000.0,54335000.0,209030000.0,66181000.0,59893000.0,6288000.0,1243051984.0,32930000.0,-1222000.0,6455000.0,-1362000.0,0.0,5093000.0,7206000.0,15827000.0,19903000.0,728000.0,4490000.0,4490000.0,4490000.0,0.0,0.0,0.043,79025000.0,-6780000.0,20696000.0,0.0,3.597,276.849,241.667,24848000.0,0.0,7.25,11.884,11.93,28643000.0,-285548000.0,104602000.0,104602000.0,24467000.0,0.011,0.013,0.017,0.043,3076000.0,51948000.0,1.0,171455446.0,172127000,182377000.0,0.608,371055000.0,0.0,0.0,0.0,2.156,72792000.0
64,RHT,MRT,2003-06-30,2003-05-31,2003-05-31,2019-06-28,7752000.0,400474000.0,385958500.0,111269000.0,289205000.0,0.251,2.003,-6800000.0,44987000.0,44987000.0,32132000.0,-1099000.0,2.182,0.168,2346000.0,1240000.0,1106000.0,2346000.0,24110000.0,6097000.0,0.0,0.0,0.0,-1099000.0,4998000.0,0.052,4998000.0,-1099000.0,-1099000.0,0.0,0.08,0.0,342747000.0,334405500.0,342747000.0,1232827559.0,-1122.0,246.664,3293000.0,0.019,1.0,64745000.0,0.668,40919000.0,0.0,265912000.0,265453500.0,818000.0,255019000.0,34955000.0,220064000.0,57584000.0,51002000.0,6582000.0,1275444559.0,20456000.0,-1222000.0,3685000.0,-1568000.0,0.0,2117000.0,6948000.0,14970000.0,10093000.0,1298000.0,-1099000.0,-1099000.0,-1099000.0,0.0,0.0,-0.011,76365000.0,-11620000.0,18502000.0,,3.721,-1160.55,,23975000.0,0.0,7.45,13.166,13.161,25761000.0,-288898000.0,96877000.0,96877000.0,23315000.0,-0.003,-0.003,-0.004,-0.011,3431000.0,50641000.0,1.0,171200612.0,171146000,180671000.0,0.566,359555000.0,0.0,0.0,0.0,2.101,60267000.0
65,RHT,MRT,2003-03-31,2003-02-28,2003-02-28,2019-06-28,5734000.0,390339000.0,379242750.0,120331000.0,270008000.0,0.238,1.976,-6766000.0,45250000.0,45250000.0,31019000.0,-6734000.0,2.67,0.16,2633000.0,1240000.0,1393000.0,2633000.0,17779000.0,6519000.0,0.0,0.0,0.0,-6734000.0,-215000.0,-0.002,-215000.0,-6734000.0,-6734000.0,-0.04,0.04,-0.04,336306000.0,330092750.0,336306000.0,979209282.0,-145.0,-4554.462,-7524000.0,-0.044,1.0,59256000.0,0.656,40828000.0,0.0,261828000.0,263300500.0,799000.0,247090000.0,45216000.0,201874000.0,53918000.0,45066000.0,8852000.0,1004127282.0,5682000.0,-1222000.0,2227000.0,3525000.0,0.0,5752000.0,-350000.0,7638000.0,-758000.0,1038000.0,-6734000.0,-6734000.0,-6734000.0,0.0,0.0,-0.075,76555000.0,-17299000.0,20510000.0,0.0,2.986,-149.113,-147.25,22972000.0,0.0,5.89,11.123,11.102,24407000.0,-290404000.0,90275000.0,90275000.0,22439000.0,-0.018,-0.02,-0.026,-0.075,3466000.0,51308000.0,1.0,170480014.0,170158000,170158000.0,0.531,349511000.0,0.0,0.0,0.0,2.054,75265000.0
66,RHT,MRT,2002-12-31,2002-11-30,2002-11-30,2019-06-28,1514000.0,377440000.0,374124250.0,104649000.0,272791000.0,0.225,1.942,-6046000.0,27420000.0,27420000.0,29709000.0,-48308000.0,2.577,0.142,2502000.0,1444000.0,1058000.0,2502000.0,10136000.0,16524000.0,0.0,0.0,0.0,-48308000.0,-31784000.0,-0.378,-31784000.0,-48308000.0,-48308000.0,-0.29,-0.29,-0.29,330516000.0,327885000.0,330516000.0,1144653383.0,-24.0,-36.014,-10957000.0,-0.064,1.0,54487000.0,0.647,46275000.0,0.0,265638000.0,258987250.0,1117000.0,259189000.0,52860000.0,206329000.0,46830000.0,40609000.0,6221000.0,1168252383.0,-27331000.0,-1222000.0,2022000.0,3692000.0,0.0,5714000.0,-28424000.0,-21156000.0,-4911000.0,290000.0,-48308000.0,-48308000.0,-48308000.0,2637000.0,0.0,-0.574,101848000.0,-47361000.0,21120000.0,0.0,3.535,-24.183,-23.69,15597000.0,0.0,6.87,13.875,13.886,18429000.0,-290130000.0,84196000.0,84196000.0,20578000.0,-0.129,-0.147,-0.187,-0.574,4315000.0,53266000.0,1.0,170051293.0,170183000,178268000.0,0.495,331165000.0,0.0,0.0,0.0,1.946,64040000.0
67,RHT,MRT,2002-09-30,2002-08-31,2002-08-31,2019-06-28,1576000.0,375581000.0,381609750.0,113383000.0,262198000.0,0.21,1.93,-5734000.0,26338000.0,26338000.0,28829000.0,-63578000.0,2.76,0.145,2739000.0,1151000.0,1588000.0,2739000.0,10850000.0,28772000.0,0.0,0.0,0.0,-63578000.0,-34806000.0,-0.435,-34806000.0,-63578000.0,-63578000.0,-0.38,-0.38,-0.38,328053000.0,337722500.0,328053000.0,769050454.0,-12.0,-22.095,-12838000.0,-0.076,1.0,51142000.0,0.64,42468000.0,0.0,268436000.0,254305000.0,944000.0,262207000.0,61787000.0,200420000.0,47434000.0,41078000.0,6356000.0,806984454.0,-80196000.0,0.0,-3740000.0,3970000.0,0.0,230000.0,-73493000.0,-67759000.0,-7104000.0,171000.0,-63578000.0,-63578000.0,-63578000.0,5646000.0,0.0,-0.795,111170000.0,-60028000.0,20987000.0,0.0,2.46,-12.693,-12.5,14691000.0,0.0,4.75,10.091,10.096,19636000.0,-290344000.0,79971000.0,79971000.0,19098000.0,-0.167,-0.188,-0.25,-0.795,4933000.0,52148000.0,1.0,169891464.0,169977000,169977000.0,0.47,333113000.0,0.0,0.0,0.0,1.96,72305000.0
68,RHT,MRT,2002-06-30,2002-05-31,2002-05-31,2019-06-28,-1600000.0,373611000.0,394776250.0,128334000.0,245277000.0,0.197,1.917,-5585000.0,40431000.0,40431000.0,27539000.0,-116977000.0,3.046,0.148,2497000.0,822000.0,1675000.0,2497000.0,9359000.0,43508000.0,0.0,0.0,0.0,-116977000.0,-73469000.0,-0.946,-73469000.0,-116977000.0,-116977000.0,-0.7,-0.7,-0.7,325496000.0,353058750.0,325496000.0,764513721.0,-7.0,-10.406,-16164000.0,-0.095,1.0,50125000.0,0.645,36242000.0,0.0,257300000.0,237777750.0,1201000.0,246126000.0,62079000.0,184047000.0,48033000.0,42135000.0,5898000.0,817369721.0,-32028000.0,0.0,-3691000.0,14249000.0,0.0,9692000.0,-31063000.0,-25478000.0,-10579000.0,-78000.0,-116977000.0,-116977000.0,-116977000.0,8666000.0,0.0,-1.506,161769000.0,-111644000.0,21633000.0,0.0,2.511,-6.987,-6.871,20251000.0,0.0,4.81,10.524,10.518,21327000.0,-288393000.0,77664000.0,77664000.0,19832000.0,-0.296,-0.331,-0.492,-1.506,7188000.0,52918000.0,1.0,169931335.0,169826000,169826000.0,0.457,337369000.0,0.0,0.0,0.0,1.987,86199000.0
69,RHT,MRT,2002-03-31,2002-02-28,2002-02-28,2019-06-28,-2714000.0,369865000.0,419153185.0,118569000.0,251296000.0,0.19,1.933,-6752000.0,55468000.0,55468000.0,28782000.0,-139949000.0,3.207,0.129,2612000.0,1049000.0,1563000.0,2612000.0,8624000.0,59720000.0,0.0,0.0,0.0,-139949000.0,-80229000.0,-1.009,-80229000.0,-139949000.0,-139949000.0,-0.83,-0.83,-0.83,327475000.0,381868789.0,327475000.0,942810649.0,-7.0,-11.751,-14231000.0,-0.084,1.0,50721000.0,0.638,35459000.0,0.0,244575000.0,232993755.0,885000.0,231509000.0,40928000.0,190581000.0,42316000.0,36975000.0,5341000.0,996362649.0,-29745000.0,-994000.0,-3449000.0,6808000.0,0.0,2493000.0,-23868000.0,-16122000.0,-7479000.0,-891000.0,-139949000.0,-139949000.0,-139949000.0,10355000.0,0.0,-1.76,185503000.0,-134782000.0,16267000.0,0.0,3.043,-7.119,-7.096,20399000.0,0.0,5.89,12.532,12.554,18646000.0,-283805000.0,79503000.0,79503000.0,20535000.0,-0.334,-0.366,-0.601,-1.76,9766000.0,57798000.0,1.0,169161740.0,169451000,169451000.0,0.469,334406000.0,0.0,0.0,0.0,1.973,81594000.0
70,RHT,MRT,2001-12-31,2001-11-30,2001-11-30,2019-06-28,-85000.0,407382000.0,452999685.0,92566000.0,314816000.0,0.145,2.185,-7317000.0,54751000.0,54751000.0,21014000.0,-122186000.0,2.514,0.101,1199000.0,590000.0,609000.0,1199000.0,9773000.0,66035000.0,0.0,0.0,0.0,-122186000.0,-56151000.0,-0.857,-56151000.0,-122186000.0,-122186000.0,-0.73,-0.73,-0.73,369866000.0,416070539.0,369866000.0,1251690235.0,-10.0,-22.292,-19890000.0,-0.118,1.0,44527000.0,0.679,70100000.0,0.0,246909000.0,229955005.0,1060000.0,236883000.0,13315000.0,223568000.0,37430000.0,36821000.0,609000.0,1357071235.0,-30271000.0,-1477000.0,-10442000.0,3862000.0,0.0,-7446000.0,-9361000.0,-567000.0,-12573000.0,-891000.0,-122186000.0,-122186000.0,-122186000.0,20021000.0,0.0,-1.864,163268000.0,-118741000.0,18039000.0,0.0,3.669,-11.107,-10.932,16296000.0,0.0,7.98,20.706,20.606,20849000.0,-241554000.0,65541000.0,65541000.0,21242000.0,-0.27,-0.294,-0.531,-1.864,13193000.0,53913000.0,1.0,170059052.0,169242000,169242000.0,0.387,337282000.0,0.0,0.0,0.0,1.993,55745000.0
71,RHT,MRT,2001-09-30,2001-08-31,2001-08-31,2019-06-28,269000.0,428247000.0,472838976.0,151762000.0,276485000.0,0.158,2.291,-8099000.0,106534000.0,106534000.0,26902000.0,-132197000.0,3.976,0.1,1153000.0,537000.0,616000.0,1153000.0,9425000.0,69275000.0,0.0,0.0,0.0,-132197000.0,-62922000.0,-0.843,-62922000.0,-132197000.0,-132197000.0,-0.79,-0.79,-0.79,389398000.0,436814378.0,389398000.0,529183709.0,-4.0,-8.41,-23240000.0,-0.137,1.0,47781000.0,0.64,82369000.0,0.0,202327000.0,229086176.0,774000.0,193379000.0,20872000.0,172507000.0,38786000.0,38170000.0,616000.0,601149999.0,-3312000.0,-1223000.0,-3332000.0,5951000.0,0.0,1753000.0,11146000.0,20468000.0,-15141000.0,-1070000.0,-132197000.0,-132197000.0,-132197000.0,17012000.0,0.0,-1.77,181190000.0,-133409000.0,18316000.0,0.0,1.544,-4.547,-4.481,16741000.0,0.0,3.54,8.049,8.057,19764000.0,-226498000.0,74683000.0,74683000.0,23065000.0,-0.28,-0.303,-0.577,-1.77,16098000.0,66548000.0,1.0,169816384.0,169968000,169968000.0,0.439,345878000.0,0.0,0.0,0.0,2.035,113592000.0
72,RHT,MRT,2001-06-30,2001-05-31,2001-05-31,2019-06-28,-108037.0,471118740.0,483808345.0,144055087.0,327063653.0,0.167,2.608,-11351000.0,72459166.0,72459166.0,33081000.0,-96853000.0,4.783,0.069,492876.0,265388.0,227488.0,492876.0,12638837.0,85429000.0,0.0,0.0,0.0,-96818000.0,-11389000.0,-0.141,-11389000.0,-96818000.0,-96818000.0,-0.58,-0.58,-0.58,440736156.0,449874539.0,440736156.0,833506553.0,-9.0,-73.185,-35660000.0,-0.211,1.0,47728000.0,0.591,130871143.0,0.0,238164021.0,233054205.0,1357792.0,222128248.0,47076615.0,175051633.0,30344774.0,30117286.0,227488.0,918248150.0,-37531000.0,-1780000.0,-2764000.0,-949000.0,0.0,-3769000.0,-7733000.0,5398000.0,-24309000.0,-1720000.0,-96853000.0,-96853000.0,-96853000.0,13992000.0,0.0,-1.199,150418000.0,-102690000.0,3909384.0,0.0,2.083,-9.481,-9.397,15776131.0,0.0,5.45,11.363,11.398,20874443.0,-171148542.0,80809000.0,80809000.0,21071000.0,-0.2,-0.215,-0.415,-1.198,22160000.0,75833000.0,1.0,168485899.0,169003000,169003000.0,0.478,340247597.0,0.0,35000.0,0.0,2.013,113937801.0
73,RHT,MRT,2001-03-31,2001-02-28,2001-02-28,2019-06-28,193000.0,505251000.0,478246934.0,179681000.0,325570000.0,0.171,2.82,-11108000.0,85213000.0,85213000.0,35791000.0,-86715000.0,4.416,0.088,471000.0,194000.0,277000.0,471000.0,12151000.0,54997000.0,0.0,0.0,0.0,-86715000.0,-31718000.0,-0.389,-31718000.0,-86715000.0,-86715000.0,-0.53,-0.53,-0.53,464282000.0,444004520.0,464282000.0,962041488.0,-11.0,-30.331,-50738000.0,-0.308,1.0,45818000.0,0.561,147397000.0,0.0,232420000.0,229533806.0,740000.0,217468000.0,62911000.0,154557000.0,40969000.0,40692000.0,277000.0,1040340183.0,-164470000.0,4678000.0,-629000.0,1739000.0,0.0,-1465000.0,-122231000.0,-115801000.0,-39630000.0,-1144000.0,-86715000.0,-86715000.0,-86715000.0,12303000.0,0.0,-1.063,140996000.0,-95178000.0,12431000.0,0.0,2.241,-11.997,-12.147,14591000.0,0.0,6.438,12.748,12.99,28645000.0,-143589000.0,81609000.0,81609000.0,18782000.0,-0.181,-0.195,-0.378,-1.063,15564000.0,80540000.0,1.0,161593691.0,164659000,164659000.0,0.496,357854000.0,0.0,0.0,0.0,2.173,138989000.0
74,RHT,MRT,2000-12-31,2000-11-30,2000-11-30,2019-06-28,-1115095.0,486739163.0,460649435.0,172886548.0,313852615.0,0.22,2.709,-11460702.0,78818621.0,78818621.0,54491143.0,-89689296.0,5.125,0.075,519926.0,356162.0,163764.0,519926.0,12522665.0,62056507.0,0.0,0.0,0.0,-90270771.0,-28214264.0,-0.278,-28214264.0,-90270771.0,-89830863.0,-0.61,-0.61,-0.61,452841354.0,428225686.0,452841354.0,897193350.0,-10.0,-31.799,-52446026.0,-0.314,1.0,46977071.0,0.463,131272742.0,-439908.0,243433681.0,194939711.0,819193.0,234393821.0,73749940.0,160643881.0,33897809.0,33734045.0,163764.0,1004891381.0,64423656.0,4560761.0,254663649.0,4106508.0,0.0,266841258.0,-160683278.0,-153783337.0,-40985324.0,-749000.0,-89689296.0,-89688823.0,-89688823.0,3866000.0,0.0,-0.884,151211367.0,-104234296.0,5257560.0,0.0,2.219,-11.204,-10.246,13173104.0,-473.0,6.25,9.904,10.295,17341104.0,-100585198.0,101468214.0,101468214.0,18111289.0,-0.195,-0.209,-0.463,-0.89,20581767.0,98081452.0,1.0,160782621.0,167144000,167144000.0,0.607,355466421.0,0.0,-141567.0,0.0,2.127,139152503.0
75,RHT,MRT,2000-09-30,2000-08-31,2000-08-31,2019-06-28,-541145.0,472124475.0,342783595.0,190132335.0,281992140.0,0.242,2.693,-12966232.0,108202836.0,108202836.0,47508058.0,-70920924.0,6.267,0.069,504805.0,356162.0,148643.0,504805.0,10527739.0,46120017.0,0.0,0.0,0.0,-71350534.0,-25230517.0,-0.305,-25230517.0,-71350534.0,-71023379.0,-0.51,-0.51,-0.51,441638645.0,315014153.0,441638645.0,3839028848.0,-54.0,-152.158,-57689949.0,-0.352,1.0,35314436.0,0.426,115890139.0,-327155.0,218199118.0,134830257.0,134365.0,211965498.0,66058915.0,145906583.0,30485830.0,30337187.0,148643.0,3944522214.0,93855236.0,4306761.0,253476296.0,683026.0,0.0,267101674.0,-128134945.0,-119475474.0,-44723717.0,-387776.0,-70920924.0,-70920451.0,-70920451.0,3866000.0,0.0,-0.856,117004994.0,-81690558.0,4090197.0,0.0,8.932,-55.619,-49.265,12654421.0,-473.0,25.125,47.626,49.744,13558930.0,-79171809.0,82822494.0,82822494.0,14770345.0,-0.207,-0.225,-0.529,-0.861,17886274.0,82164917.0,1.0,156995909.0,163976000,163976000.0,0.505,356234336.0,0.0,-102455.0,0.0,2.172,159795148.0
76,RHT,MRT,2000-06-30,2000-05-31,2000-05-31,2019-06-28,-1338988.0,448873098.0,252226812.0,168133475.0,280739623.0,0.345,2.617,-8915491.0,106050164.0,106050164.0,50483285.0,-55759650.0,5.35,0.076,556798.0,366315.0,190483.0,556798.0,12030907.0,14682096.0,0.0,0.0,0.0,-56083967.0,-41401871.0,-0.475,-41401871.0,-56083967.0,-55756812.0,-0.46,-0.46,-0.46,417256079.0,230093759.0,417256079.0,2251156932.0,-40.0,-54.373,-43723349.0,-0.274,1.0,36592401.0,0.42,87870770.0,-327155.0,224082426.0,104145120.0,1343816.0,224574772.0,48314139.0,176260633.0,31617019.0,31426536.0,190483.0,2492986386.0,85546141.0,4863761.0,342203042.0,-2405733.0,0.0,352795661.0,-232599886.0,-228548156.0,-34807858.0,158224.0,-55759650.0,-55798570.0,-55798570.0,3866000.0,0.0,-0.641,106223219.0,-69630818.0,5950546.0,0.0,5.975,-44.678,-34.92,8894542.0,38920.0,16.063,28.63,29.417,10250190.0,-63458936.0,87075686.0,87075686.0,18100149.0,-0.221,-0.243,-0.539,-0.644,10092820.0,78712601.0,1.0,155200547.0,159463590,159463590.0,0.546,361002328.0,0.0,2838.0,0.0,2.264,136706939.0
77,RHT,MRT,2000-03-31,2000-02-29,2000-02-29,2019-06-28,-515868.0,434861005.0,145549152.0,290828943.0,144032062.0,0.374,3.915,-7092000.0,249682724.0,249682724.0,33509000.0,-42427000.0,8.691,0.084,596578.0,366062.0,230516.0,596578.0,11030337.0,6191000.0,0.0,0.0,0.0,-42427000.0,-36236000.0,-0.666,-36236000.0,-42427000.0,-42427000.0,-0.41,-0.41,-0.41,401166666.0,125730715.0,401166666.0,9029697736.0,-213.0,-249.191,-25264000.0,-0.247,1.0,20872000.0,0.384,58267419.0,0.0,94043617.0,48634293.0,488977.0,99814434.0,27460222.0,72354212.0,33694339.0,33463823.0,230516.0,9039224288.0,229736000.0,-600000.0,340962000.0,-2275000.0,0.0,357392000.0,-109544000.0,-101852000.0,-18172000.0,60000.0,-42427000.0,-42509000.0,-42509000.0,3866000.0,0.0,-0.782,63503000.0,-42631000.0,13715664.0,0.0,22.532,-212.643,-148.02,8532718.0,82000.0,60.688,166.22,114.349,11077873.0,-51378113.0,54381000.0,54381000.0,12122000.0,-0.292,-0.338,-0.872,-0.78,5596000.0,48307000.0,1.0,148945826.0,102465000,102465000.0,0.531,376593586.0,0.0,0.0,0.0,3.675,257365120.0
78,RHT,MRT,1999-12-31,1999-11-30,1999-11-30,2019-06-28,0.0,15275803.0,45016706.0,13853917.0,1421886.0,2.319,0.0,-6778626.0,10055227.0,10055227.0,61906859.0,-21820859.0,5.032,-3197.443,528675.0,108897.0,419778.0,528675.0,33352.0,4077173.0,0.0,0.0,0.0,-20294190.0,-16217017.0,-0.155,-16217017.0,-20294190.0,-20958170.0,-0.334,-0.332,-0.334,-4779.0,25261345.0,-4779.0,7216553519.0,-356.0,-444.999,-23528444.0,-0.169,1.0,42498506.0,0.407,0.0,663980.0,2995866.0,25737574.0,345630.0,2037992.0,2037992.0,0.0,15280582.0,2753385.0,12527197.0,7223433420.0,8384400.0,0.0,92520026.0,-452853.0,0.0,115252039.0,-90150045.0,-83371419.0,-16749818.0,32224.0,-21820859.0,-21926688.0,-21926688.0,0.0,0.0,-0.21,73983710.0,-31485204.0,2231379.0,0.0,-1511494.752,-329.436,-157.186,1270576.0,105829.0,52.5,69.186,69.937,1241338.0,-434628.0,104405365.0,104405365.0,19437521.0,-0.487,-0.868,-0.789,-0.194,4499953.0,52874423.0,1.0,137589208.0,139082115,139082115.0,0.751,15275803.0,0.0,862689.0,0.0,0.11,11100532.0
79,RHT,MRT,1999-09-30,1999-08-31,1999-08-31,2019-06-28,-72714.0,109897341.0,41980414.0,11086814.0,98810527.0,2.315,1.485,-3523833.0,7351770.0,7351770.0,56873311.0,-15402294.0,1.467,0.078,471869.0,90466.0,381403.0,471869.0,3245275.0,3074424.0,0.0,0.0,0.0,-13872761.0,-10798337.0,-0.111,-10798337.0,-13872761.0,-14425689.0,-0.28,-0.28,-0.28,101957069.0,25252989.0,101957069.0,2737177281.0,-197.0,-253.481,-12078754.0,-0.176,1.0,40306976.0,0.415,0.0,552928.0,95458571.0,25189934.0,887136.0,96070486.0,417124.0,95653362.0,7940272.0,7558869.0,381403.0,2750665540.0,11183810.0,0.0,92151379.0,1014589.0,0.0,118368846.0,-98630115.0,-95106282.0,-8554921.0,0.0,-15402294.0,-15524123.0,-15524123.0,0.0,0.0,-0.16,63868699.0,-23561723.0,3625707.0,0.0,26.979,-177.187,-73.493,2369799.0,121829.0,20.578,28.305,14.536,1715279.0,-5714414.0,97180287.0,97180287.0,17398256.0,-0.37,-0.615,-0.551,-0.143,2858446.0,45511783.0,1.0,133670208.0,68647928,68647928.0,1.416,109897341.0,114145.0,976605.0,0.0,1.601,3527945.0
80,RHT,MRT,1999-06-30,1999-05-31,1999-05-31,2019-06-28,0.0,22162458.0,,19852228.0,2310230.0,,-0.004,-2755560.0,13982093.0,13982093.0,42175327.0,-10425422.0,2.992,-114.018,493834.0,108897.0,384937.0,493834.0,2983734.0,1990345.0,0.0,,0.0,-8969829.0,-6979484.0,-0.1,-6979484.0,-8969829.0,-9527452.0,-0.205,-0.21,-0.205,-196096.0,,-196096.0,,,,-9094814.0,-0.182,1.0,27936668.0,0.398,0.0,557623.0,2039116.0,,1074190.0,1023518.0,1023518.0,0.0,22358554.0,6635083.0,15723471.0,,19669408.0,0.0,2386633.0,1161311.0,0.0,28750822.0,-2742160.0,13400.0,-6339254.0,0.0,-10425422.0,-10507858.0,-10507858.0,0.0,0.0,-0.15,37781170.0,-9844502.0,3356987.0,0.0,,,,1797790.0,82436.0,,,,3321175.0,-2567098.0,70111995.0,70111995.0,10631165.0,,,,-0.128,1424900.0,26777082.0,1.0,,49925913,49925913.0,1.404,22162458.0,114145.0,897970.0,0.0,0.444,13217145.0
81,RHT,MRT,1999-03-31,1999-02-28,1999-02-28,2019-06-28,0.0,32731223.0,17930929.0,28577046.0,4154177.0,3.537,-0.014,-2195013.0,19485586.0,19485586.0,38882951.0,-6388390.0,2.088,-47.047,3048511.0,1649048.0,1399463.0,3048511.0,6096465.0,1807723.0,0.0,,0.0,-5213586.0,-3405863.0,-0.054,-3405863.0,-5213586.0,-5551996.0,-0.13,-0.13,-0.13,-710815.0,-374510.0,-710815.0,,,,-5581304.0,-0.113,1.0,24545961.0,0.387,154249.0,338410.0,2456743.0,1631024.0,345630.0,2037992.0,2037992.0,0.0,33442038.0,13683156.0,19758882.0,,13245089.0,0.0,545781.0,2321260.0,0.0,19727467.0,-3096087.0,-901074.0,-3386291.0,0.0,-6388390.0,-6427746.0,-6427746.0,0.0,0.0,-0.101,30202303.0,-5656342.0,2728563.0,0.0,,,,3921798.0,39356.0,,,,5895173.0,-9663953.0,63428912.0,63428912.0,8590348.0,-0.358,17.163,-3.197,-0.082,1117360.0,21611955.0,1.0,,49577764,49577764.0,1.279,32576974.0,0.0,836394.0,0.0,0.657,14893890.0
82,RHT,MRT,1998-12-31,1998-11-30,1998-11-30,2019-06-28,0.0,3130634.0,,2662119.0,468515.0,,-0.001,,1292562.0,1292562.0,,,2.376,-82.945,87829.0,22797.0,65032.0,87829.0,26207.0,,0.0,,0.0,,,,,,,,,,-38204.0,,-38204.0,,,,,,1.0,,,0.0,,805304.0,,141176.0,150000.0,100000.0,50000.0,3168838.0,1120597.0,2048241.0,,,,,,,,,,,,,,,,,,,,1021259.0,,,,,337327.0,,,,,744551.0,-304204.0,,,,,,,,,,1.0,,47156240,,,3130634.0,0.0,,0.0,0.066,1541522.0
83,RHT,MRT,1998-09-30,1998-08-31,1998-08-31,2019-06-28,,,,,,,,,,,,,,,,,,,,,,,0.0,,,,,,,,,,,,,,,,,,1.0,,,,,,,,,,,,,,,,,,,,,,,,,,,,,,,,,,,,,,,,,,,,,,,,,,,,,,1.0,,47000000,,,,,,,,
84,RHT,MRT,1998-06-30,1998-05-31,1998-05-31,2019-06-28,,,,,,,,,,,,,,,,,,,,,,,0.0,,,,,,,,,,,,,,,,,,1.0,,,,,,,,,,,,,,,,,,,,,,,,,,,,,,,,,,,,,,,,,,,,,,,,,,,,,,1.0,,47000000,,,,,,,,
85,RHT,MRT,1998-03-31,1998-02-28,1998-02-28,2019-06-28,0.0,3130634.0,,2662119.0,468515.0,,-0.001,-2115173.0,1292562.0,1292562.0,8448150.0,-2965846.0,2.376,-82.945,87829.0,22797.0,65032.0,87829.0,26207.0,1085106.0,0.0,,0.0,-2606106.0,-1521000.0,-0.067,-1521000.0,-2606106.0,-2750498.0,-0.063,-0.063,-0.063,-38204.0,,-38204.0,,,,-2960231.0,-0.063,1.0,14195300.0,0.627,0.0,144392.0,805304.0,,141176.0,150000.0,100000.0,50000.0,3168838.0,1120597.0,2048241.0,,4603187.0,0.0,95055.0,-148617.0,0.0,1943497.0,3504748.0,5619921.0,-845058.0,0.0,-2965846.0,-2965846.0,-2965846.0,0.0,0.0,-0.131,17310964.0,-3115664.0,1021259.0,0.0,,,,337327.0,0.0,,,,744551.0,-304204.0,22643450.0,22643450.0,4622409.0,,,,-0.115,0.0,12688555.0,1.0,,47000000,47000000.0,0.482,3130634.0,0.0,215348.0,0.0,0.067,1541522.0
86,RHT,MRT,1997-03-31,1997-02-28,1997-02-28,2019-06-28,,,,,,,,-201322.0,,,1204721.0,32611.0,,,,,,,,37134.0,,,0.0,55915.0,93049.0,0.036,93049.0,55915.0,32611.0,0.001,0.001,0.001,,,,,,,-96048.0,-0.002,1.0,1398410.0,0.537,,23304.0,,,,,,,,,,,,0.0,0.0,96048.0,0.0,96048.0,-201322.0,0.0,105274.0,,32611.0,32611.0,32611.0,0.0,0.0,0.013,1342695.0,55715.0,,0.0,,,,,0.0,,,,,,2603131.0,2603131.0,325244.0,,,,0.021,0.0,1017451.0,,,47000000,54465040.0,0.055,,,0.0,,,
