None,ticker,dimension,calendardate,datekey,reportperiod,lastupdated,accoci,assets,assetsavg,assetsc,assetsnc,assetturnover,bvps,capex,cashneq,cashnequsd,cor,consolinc,currentratio,de,debt,debtc,debtnc,debtusd,deferredrev,depamor,deposits,divyield,dps,ebit,ebitda,ebitdamargin,ebitdausd,ebitusd,ebt,eps,epsdil,epsusd,equity,equityavg,equityusd,ev,evebit,evebitda,fcf,fcfps,fxusd,gp,grossmargin,intangibles,intexp,invcap,invcapavg,inventory,investments,investmentsc,investmentsnc,liabilities,liabilitiesc,liabilitiesnc,marketcap,ncf,ncfbus,ncfcommon,ncfdebt,ncfdiv,ncff,ncfi,ncfinv,ncfo,ncfx,netinc,netinccmn,netinccmnusd,netincdis,netincnci,netmargin,opex,opinc,payables,payoutratio,pb,pe,pe1,ppnenet,prefdivis,price,ps,ps1,receivables,retearn,revenue,revenueusd,rnd,roa,roe,roic,ros,sbcomp,sgna,sharefactor,sharesbas,shareswa,shareswadil,sps,tangibles,taxassets,taxexp,taxliabilities,tbvps,workingcapital
0,ADS,MRY,2020-12-31,2020-12-31,2020-12-31,2021-08-05,-5000000.0,22547100000.0,22690575000.0,19634400000.0,2912700000.0,0.199,31.833,-54000000.0,3081500000.0,3081500000.0,2077300000.0,213700000.0,1.884,13.818,8815600000.0,1975700000.0,6839900000.0,8815600000.0,1004000000.0,183800000.0,9792600000.0,0.017,1.26,807100000.0,990900000.0,0.219,990900000.0,807100000.0,313200000.0,4.47,4.46,4.47,1521600000.0,1271625000.0,1521600000.0,7902984194.0,10.0,7.976,1828700000.0,38.257,1.0,2444100000.0,0.541,1451300000.0,493900000.0,16408000000.0,15445500000.0,164300000.0,14776400000.0,14776400000.0,0.0,21025500000.0,10421900000.0,10603600000.0,3536184194.0,-494900000.0,-240100000.0,2800000.0,-1739800000.0,-60600000.0,-4166500000.0,1774300000.0,2109100000.0,1882700000.0,14600000.0,213700000.0,213700000.0,213700000.0,81300000.0,0.0,0.047,1555700000.0,888400000.0,328200000.0,0.282,2.324,16.547,16.577,544100000.0,0.0,74.1,0.782,0.783,383800000.0,4832100000.0,4521400000.0,4521400000.0,0.0,0.009,0.168,0.052,0.179,21300000.0,105700000.0,1.0,47721784.0,47800000,47900000.0,94.59,21095800000.0,359200000.0,99500000.0,0.0,441.335,9212500000.0
1,ADS,MRY,2019-12-31,2019-12-31,2019-12-31,2021-08-05,-99900000.0,26494800000.0,28456350000.0,24112700000.0,2382100000.0,0.196,31.766,-142300000.0,3874400000.0,3874400000.0,2687800000.0,278000000.0,2.031,15.681,10448200000.0,3154800000.0,7293400000.0,10448200000.0,922000000.0,249300000.0,12151700000.0,0.022,2.52,1012800000.0,1262100000.0,0.226,1262100000.0,1012800000.0,443800000.0,5.36,5.46,5.36,1588300000.0,1929100000.0,1588300000.0,10701806089.0,11.0,8.479,1075400000.0,21.508,1.0,2893500000.0,0.518,1108200000.0,569000000.0,20088400000.0,23667050000.0,218000000.0,18292000000.0,18292000000.0,0.0,24906500000.0,11872000000.0,13034500000.0,5167506089.0,-9600000.0,4403000000.0,-963700000.0,-3329200000.0,-127400000.0,-4091700000.0,2860800000.0,-1410000000.0,1217700000.0,3600000.0,278000000.0,278000000.0,278000000.0,294600000.0,0.0,0.05,1514200000.0,1379300000.0,300800000.0,0.47,3.253,18.588,20.933,546600000.0,0.0,112.2,0.926,1.005,859100000.0,5163300000.0,5581300000.0,5581300000.0,0.0,0.01,0.144,0.043,0.181,54800000.0,150600000.0,1.0,46056204.0,50000000,50900000.0,111.626,25386600000.0,45200000.0,165800000.0,80000000.0,507.732,12240700000.0
2,ADS,MRY,2018-12-31,2018-12-31,2018-12-31,2021-08-05,-138100000.0,30387700000.0,29623625000.0,24711700000.0,5676000000.0,0.191,42.479,-199800000.0,3817400000.0,3817400000.0,2537200000.0,963100000.0,2.152,12.03,13377100000.0,2856500000.0,10520600000.0,13377100000.0,875300000.0,487300000.0,11793700000.0,0.015,2.28,1774900000.0,2262200000.0,0.399,2262200000.0,1774900000.0,1232600000.0,17.56,17.49,17.56,2332100000.0,2186000000.0,2332100000.0,17852686182.0,10.0,7.892,2555100000.0,46.541,1.0,3129400000.0,0.552,1172200000.0,542300000.0,27291200000.0,25130225000.0,248000000.0,16816700000.0,16816700000.0,0.0,28055600000.0,11484000000.0,16571600000.0,8175386182.0,-347000000.0,0.0,-425600000.0,-1499900000.0,-125200000.0,-1217900000.0,-1872000000.0,-1638200000.0,2754900000.0,-12000000.0,963100000.0,963100000.0,963100000.0,-17600000.0,0.0,0.17,1372100000.0,1757300000.0,486200000.0,0.13,3.506,8.489,8.547,288200000.0,0.0,150.08,1.443,1.454,2355600000.0,5012400000.0,5666600000.0,5666600000.0,0.0,0.033,0.441,0.071,0.313,80800000.0,162500000.0,1.0,54473522.0,54900000,55100000.0,103.217,29215500000.0,44000000.0,269500000.0,256500000.0,532.158,13227700000.0
3,ADS,MRY,2017-12-31,2017-12-31,2017-12-31,2021-08-05,-140200000.0,30684800000.0,27237475000.0,24705600000.0,5979200000.0,0.201,33.309,-225400000.0,4190000000.0,4190000000.0,2469500000.0,788700000.0,2.435,15.539,14886900000.0,1471200000.0,13415700000.0,14886900000.0,966900000.0,497600000.0,10930900000.0,0.008,2.08,1537400000.0,2035000000.0,0.372,2035000000.0,1537400000.0,1082000000.0,14.17,14.1,14.17,1855300000.0,1559300000.0,1855300000.0,23787132111.0,15.0,11.689,2373700000.0,42.616,1.0,3005200000.0,0.549,4680700000.0,455400000.0,26554300000.0,23470825000.0,234100000.0,18520800000.0,18520800000.0,0.0,28829500000.0,10146700000.0,18682800000.0,14004432111.0,2346200000.0,-945600000.0,-535300000.0,2141800000.0,-115500000.0,4004900000.0,-4268100000.0,-2861400000.0,2599100000.0,10300000.0,788700000.0,788700000.0,788700000.0,-19500000.0,0.0,0.144,1487300000.0,1517900000.0,651200000.0,0.147,7.548,17.756,17.888,613900000.0,0.0,253.48,2.558,2.579,822300000.0,4167100000.0,5474700000.0,5474700000.0,0.0,0.029,0.506,0.066,0.281,75100000.0,159300000.0,1.0,55248667.0,55700000,55900000.0,98.289,26004100000.0,28100000.0,293300000.0,211200000.0,466.86,14558900000.0
4,ADS,MRY,2016-12-31,2016-12-31,2016-12-31,2021-08-05,-150700000.0,25514100000.0,23581050000.0,19589300000.0,5924800000.0,0.303,28.297,-207000000.0,1859200000.0,1859200000.0,4276800000.0,517600000.0,2.122,14.387,12556800000.0,2453500000.0,10103300000.0,12556800000.0,931500000.0,512100000.0,8391900000.0,0.002,0.52,1263700000.0,1775800000.0,0.249,1775800000.0,1263700000.0,835200000.0,7.37,7.34,7.37,1658200000.0,1728225000.0,1658200000.0,23422776972.0,19.0,13.19,1920200000.0,32.768,1.0,2861300000.0,0.401,4804000000.0,428500000.0,22178200000.0,21505100000.0,271300000.0,16013200000.0,16013200000.0,0.0,23855900000.0,9229500000.0,14626400000.0,13197976972.0,487100000.0,0.0,-780400000.0,1041400000.0,-30000000.0,2637400000.0,-4291500000.0,-4006700000.0,2127200000.0,14000000.0,515800000.0,515800000.0,515800000.0,0.0,1800000.0,0.072,1595800000.0,1265500000.0,568300000.0,0.071,7.959,25.587,31.004,586000000.0,0.0,228.5,1.849,1.876,797200000.0,3494800000.0,7138100000.0,7138100000.0,0.0,0.022,0.298,0.059,0.177,76500000.0,143200000.0,1.0,57759199.0,58600000,58900000.0,121.811,20710100000.0,20100000.0,319400000.0,334800000.0,353.415,10359800000.0
5,ADS,MRY,2015-12-31,2015-12-31,2015-12-31,2021-08-05,-137300000.0,22349900000.0,20312625500.0,16250400000.0,6099500000.0,0.317,32.472,-191700000.0,1168000000.0,1168000000.0,3814400000.0,605400000.0,2.538,10.036,11500100000.0,1418700000.0,10081400000.0,11500100000.0,844900000.0,492200000.0,5605900000.0,0.0,0.0,1252900000.0,1745100000.0,0.271,1745100000.0,1252900000.0,922700000.0,8.91,8.85,8.91,2010000000.0,1957116500.0,2010000000.0,26004024567.0,21.0,14.901,1568100000.0,25.333,1.0,2625300000.0,0.408,5017800000.0,330200000.0,21261100000.0,18442828750.0,228000000.0,13153400000.0,13153400000.0,0.0,20172500000.0,6403100000.0,13769400000.0,16909021567.0,90800000.0,-45400000.0,-933600000.0,2130800000.0,0.0,1718900000.0,-3362600000.0,-3115300000.0,1759800000.0,-25300000.0,596500000.0,596500000.0,596500000.0,0.0,8900000.0,0.093,1363500000.0,1261800000.0,442400000.0,0.0,8.412,28.347,31.04,576700000.0,0.0,276.57,2.626,2.658,706500000.0,3092500000.0,6439700000.0,6439700000.0,0.0,0.029,0.305,0.068,0.195,91300000.0,138500000.0,1.0,61138307.0,61900000,62300000.0,104.034,17332100000.0,288700000.0,326200000.0,633200000.0,280.002,9847300000.0
6,ADS,MRY,2014-12-31,2014-12-31,2014-12-31,2021-08-05,-75453000.0,20263977000.0,15857355000.0,13814776000.0,6449201000.0,0.334,42.489,-158700000.0,1077152000.0,1077152000.0,3218800000.0,516100000.0,2.191,7.358,9401162000.0,1266914000.0,8134248000.0,9401162000.0,1013177000.0,313100000.0,4773541000.0,0.0,0.0,1088600000.0,1401700000.0,0.264,1401700000.0,1088600000.0,828100000.0,8.72,7.87,8.72,2396380000.0,1343570250.0,2396380000.0,23768855513.0,22.0,16.957,1185500000.0,21.02,1.0,2084100000.0,0.393,5381478000.0,260500000.0,16901026000.0,14236646000.0,0.0,10798769000.0,10798769000.0,0.0,17632031000.0,6305483000.0,11326548000.0,16994728513.0,107400000.0,-1195800000.0,-269500000.0,276000000.0,0.0,3516100000.0,-4737100000.0,-3332400000.0,1344200000.0,-15800000.0,506300000.0,506300000.0,506300000.0,0.0,9800000.0,0.095,985700000.0,1098400000.0,455656000.0,0.0,7.092,33.567,32.804,559628000.0,0.0,286.05,3.205,3.042,743294000.0,2540948000.0,5302900000.0,5302900000.0,0.0,0.032,0.377,0.076,0.205,72500000.0,141500000.0,1.0,59411741.0,56400000,62400000.0,94.023,14882499000.0,219036000.0,321800000.0,691105000.0,263.874,7509293000.0
7,ADS,MRY,2013-12-31,2013-12-31,2013-12-31,2021-08-05,-18227000.0,13244257000.0,12250685750.0,10400842000.0,2843415000.0,0.353,17.397,-135376000.0,969822000.0,969822000.0,2549159000.0,496170000.0,2.305,14.477,7392197000.0,1389489000.0,6002708000.0,7392197000.0,1137186000.0,216119000.0,2816361000.0,0.0,0.0,1098912000.0,1315031000.0,0.304,1315031000.0,1098912000.0,793412000.0,10.09,7.42,10.09,855761000.0,688138500.0,855761000.0,18689209638.0,17.0,14.212,868116000.0,17.648,1.0,1769904000.0,0.41,2196107000.0,305500000.0,12958027000.0,11770117750.0,0.0,8131795000.0,8131795000.0,0.0,12388496000.0,4512498000.0,7875998000.0,12808023638.0,76470000.0,0.0,-216995000.0,-740356000.0,0.0,704152000.0,-1619416000.0,-1499868000.0,1003492000.0,-11758000.0,496170000.0,496170000.0,496170000.0,0.0,0.0,0.115,670992000.0,1098912000.0,210019000.0,0.0,14.967,25.814,26.058,299188000.0,0.0,262.93,2.965,2.995,394822000.0,2049430000.0,4319063000.0,4319063000.0,0.0,0.041,0.721,0.093,0.254,59183000.0,109115000.0,1.0,48712675.0,49190000,66866000.0,87.804,11048150000.0,218649000.0,297242000.0,275757000.0,224.602,5888344000.0
8,ADS,MRY,2012-12-31,2012-12-31,2012-12-31,2021-08-05,-21861000.0,12000139000.0,10285418250.0,9132143000.0,2867996000.0,0.354,10.568,-116455000.0,893352000.0,893352000.0,2106612000.0,422256000.0,1.815,21.707,6985809000.0,2277323000.0,4708486000.0,6985809000.0,1249061000.0,166876000.0,2228411000.0,0.0,0.0,974364000.0,1141240000.0,0.313,1141240000.0,974364000.0,682904000.0,8.44,6.58,8.44,528487000.0,418884500.0,528487000.0,12409355132.0,13.0,10.874,1017735000.0,20.351,1.0,1534778000.0,0.421,2333927000.0,291460000.0,10725892000.0,9377734250.0,0.0,6967674000.0,6967674000.0,0.0,11471652000.0,5032777000.0,6438875000.0,7217111132.0,677139000.0,-463964000.0,-105144000.0,1419350000.0,0.0,2209019000.0,-2671350000.0,-2169773000.0,1134190000.0,5280000.0,422256000.0,422256000.0,422256000.0,0.0,0.0,0.116,560414000.0,974364000.0,215470000.0,0.0,13.656,17.092,17.152,253028000.0,0.0,144.76,1.982,1.988,370110000.0,1553260000.0,3641390000.0,3641390000.0,0.0,0.041,1.008,0.104,0.268,30298000.0,108059000.0,1.0,49855700.0,50008000,64143000.0,72.816,9666212000.0,267295000.0,260648000.0,277354000.0,193.293,4099366000.0
9,ADS,MRY,2011-12-31,2011-12-31,2011-12-31,2021-08-05,-23056000.0,8980249000.0,8582016500.0,6606967000.0,2373282000.0,0.37,3.472,-73502000.0,216213000.0,216213000.0,1811882000.0,315286000.0,1.714,50.034,5443761000.0,1714032000.0,3729729000.0,5443761000.0,1226436000.0,153153000.0,1353775000.0,0.0,0.0,812680000.0,965833000.0,0.304,965833000.0,812680000.0,514095000.0,6.22,5.45,6.22,175966000.0,115026250.0,175966000.0,10286661886.0,13.0,10.651,937845000.0,18.503,1.0,1361405000.0,0.429,1833009000.0,298585000.0,8519617000.0,8149122500.0,0.0,5197690000.0,5197690000.0,0.0,8804283000.0,3855171000.0,4949112000.0,5188724886.0,77099000.0,-359076000.0,-211465000.0,-185063000.0,0.0,109250000.0,-1040710000.0,-679407000.0,1011347000.0,-2788000.0,315286000.0,315286000.0,315286000.0,0.0,0.0,0.099,548725000.0,812680000.0,149812000.0,0.0,29.487,16.457,16.695,195397000.0,0.0,103.84,1.635,1.659,300895000.0,1131004000.0,3173287000.0,3173287000.0,0.0,0.037,2.741,0.1,0.256,28458000.0,95256000.0,1.0,49968460.0,50687000,57804000.0,62.606,7147240000.0,295711000.0,198809000.0,151746000.0,141.007,2751796000.0
10,ADS,MRY,2010-12-31,2010-12-31,2010-12-31,2021-08-05,-34500000.0,8272152000.0,8092279500.0,6129535000.0,2142617000.0,0.345,0.44,-68755000.0,139114000.0,139114000.0,1545380000.0,193737000.0,1.587,357.195,5529914000.0,1999506000.0,3530408000.0,5529914000.0,1221242000.0,143226000.0,859100000.0,0.0,0.0,627319000.0,770545000.0,0.276,770545000.0,627319000.0,308989000.0,3.69,3.48,3.69,23094000.0,12523750.0,23094000.0,8593473064.0,14.0,11.152,833954000.0,15.875,1.0,1246041000.0,0.446,1536214000.0,318330000.0,8264550000.0,8706107250.0,0.0,4838354000.0,4838354000.0,0.0,8249058000.0,3862188000.0,4386870000.0,3693243064.0,-155817000.0,-117000000.0,-114863000.0,-7871000.0,0.0,-715675000.0,-340784000.0,-244898000.0,902709000.0,-2067000.0,193737000.0,193737000.0,193737000.0,1901000.0,0.0,0.069,616821000.0,629220000.0,121856000.0,0.0,159.922,19.063,19.249,170627000.0,0.0,71.03,1.323,1.337,260945000.0,815718000.0,2791421000.0,2791421000.0,0.0,0.024,15.47,0.072,0.225,37135000.0,85773000.0,1.0,51995538.0,52534000,55710000.0,53.136,6735938000.0,325970000.0,115252000.0,82637000.0,128.221,2267347000.0
11,ADS,MRY,2009-12-31,2009-12-31,2009-12-31,2021-08-05,-65741000.0,5225667000.0,4748443500.0,2359505000.0,2866162000.0,0.414,4.892,-52970000.0,213378000.0,213378000.0,1354138000.0,143734000.0,1.108,18.157,1782352000.0,51963000.0,1730389000.0,1782352000.0,1146146000.0,50537000.0,1465000000.0,0.0,0.0,374772000.0,425309000.0,0.217,425309000.0,374772000.0,229961000.0,2.58,2.49,2.58,272776000.0,294460000.0,272776000.0,4738125064.0,13.0,11.14,305444000.0,5.477,1.0,610203000.0,0.311,1482872000.0,144811000.0,3181757000.0,2850558000.0,0.0,616298000.0,616298000.0,0.0,4952891000.0,2130012000.0,2822879000.0,3375828064.0,56467000.0,-158901000.0,-386977000.0,328163000.0,0.0,570189000.0,-888022000.0,-310292000.0,358414000.0,15886000.0,143734000.0,143734000.0,143734000.0,32985000.0,0.0,0.073,223673000.0,386530000.0,103891000.0,0.0,12.376,23.487,25.035,165012000.0,0.0,64.59,1.719,1.834,225212000.0,1033039000.0,1964341000.0,1964341000.0,0.0,0.03,0.488,0.131,0.191,44662000.0,99823000.0,1.0,52265491.0,55765000,57706000.0,35.225,3742795000.0,197455000.0,86227000.0,140712000.0,67.117,229493000.0
12,ADS,MRY,2008-12-31,2008-12-31,2008-12-31,2021-08-05,-47849000.0,4341989000.0,4149045500.0,1924649000.0,2417340000.0,0.488,7.654,-49556000.0,156911000.0,156911000.0,1341958000.0,206402000.0,0.987,6.934,1491275000.0,275549000.0,1215726000.0,1491275000.0,995634000.0,143810000.0,688900000.0,0.0,0.0,434441000.0,578251000.0,0.286,578251000.0,434441000.0,354001000.0,2.88,2.8,2.88,547298000.0,797425500.0,547298000.0,4288610692.0,10.0,7.417,401463000.0,5.615,1.0,683296000.0,0.337,1431566000.0,80440000.0,2295435000.0,2545897500.0,0.0,612940000.0,612940000.0,0.0,3794691000.0,1949352000.0,1845339000.0,3003055692.0,-108928000.0,135484000.0,-875748000.0,702266000.0,0.0,-20306000.0,-512518000.0,-4055000.0,451019000.0,-27123000.0,206402000.0,206402000.0,206402000.0,26150000.0,0.0,0.102,222705000.0,460591000.0,107209000.0,0.0,5.487,14.55,16.156,168208000.0,0.0,46.53,1.483,1.643,218170000.0,889305000.0,2025254000.0,2025254000.0,0.0,0.05,0.259,0.171,0.215,52064000.0,82804000.0,1.0,64540204.0,71502000,73640000.0,28.324,2910423000.0,201895000.0,147599000.0,123476000.0,40.704,-24703000.0
13,ADS,MRY,2007-12-31,2007-12-31,2007-12-31,2021-08-05,24040000.0,4162395000.0,3898901750.0,1993113000.0,2169282000.0,0.503,15.267,-116652000.0,219210000.0,219210000.0,1304631000.0,164061000.0,0.989,2.477,957650000.0,313589000.0,644061000.0,957650000.0,828348000.0,166632000.0,370400000.0,0.0,0.0,370845000.0,537477000.0,0.274,537477000.0,370845000.0,301464000.0,2.09,2.03,2.09,1196966000.0,1120831000.0,1196966000.0,6692106167.0,18.0,12.451,454869000.0,5.802,1.0,657528000.0,0.335,1529175000.0,69381000.0,1356664000.0,1844264000.0,0.0,652434000.0,652434000.0,0.0,2965429000.0,2014996000.0,950433000.0,5904771167.0,85764000.0,-425816000.0,-87644000.0,181519000.0,0.0,197075000.0,-694808000.0,-125691000.0,571521000.0,11976000.0,164061000.0,164061000.0,164061000.0,50380000.0,0.0,0.084,236303000.0,421225000.0,133857000.0,0.0,4.933,35.991,35.88,192759000.0,0.0,74.99,3.009,2.996,228582000.0,682903000.0,1962159000.0,1962159000.0,0.0,0.042,0.146,0.201,0.189,48080000.0,80898000.0,1.0,78740781.0,78403000,80811000.0,25.027,2633220000.0,187390000.0,137403000.0,58801000.0,33.586,-21883000.0
14,ADS,MRY,2006-12-31,2006-12-31,2006-12-31,2021-08-05,9248000.0,3404015000.0,3060301750.0,1309975000.0,2094040000.0,0.539,13.439,-100352000.0,180075000.0,180075000.0,1095929000.0,189605000.0,1.492,2.177,745377000.0,7902000.0,737475000.0,745377000.0,651506000.0,125040000.0,299000000.0,0.0,0.0,362856000.0,487896000.0,0.296,487896000.0,362856000.0,315866000.0,2.38,2.32,2.38,1071533000.0,1026179750.0,1071533000.0,5437638179.0,15.0,11.145,297558000.0,3.732,1.0,554620000.0,0.336,1233905000.0,46990000.0,1857692000.0,1533186750.0,0.0,569389000.0,569389000.0,0.0,2332482000.0,877720000.0,1454762000.0,4980829179.0,36862000.0,-205567000.0,-97167000.0,276065000.0,0.0,112270000.0,-472102000.0,-132894000.0,397910000.0,-1216000.0,189605000.0,189605000.0,189605000.0,16792000.0,0.0,0.115,181240000.0,373380000.0,112582000.0,0.0,4.648,26.27,26.248,208327000.0,0.0,62.47,3.018,3.018,271563000.0,527686000.0,1650549000.0,1650549000.0,0.0,0.062,0.185,0.237,0.22,25532000.0,91815000.0,1.0,79731538.0,79735000,81686000.0,20.7,2170110000.0,88722000.0,126261000.0,44234000.0,27.217,432255000.0
15,ADS,MRY,2005-12-31,2005-12-31,2005-12-31,2021-08-05,8089000.0,2926082000.0,2442643500.0,1042453000.0,1883629000.0,0.636,11.205,-65900000.0,143213000.0,143213000.0,1124590000.0,138745000.0,0.994,2.177,457844000.0,235843000.0,222001000.0,457844000.0,610533000.0,99707000.0,379100000.0,0.0,0.0,240625000.0,340332000.0,0.219,340332000.0,240625000.0,222126000.0,1.69,1.64,1.69,921107000.0,941891500.0,921107000.0,3088523202.0,13.0,9.075,43181000.0,0.525,1.0,427847000.0,0.276,1123470000.0,18499000.0,1068672000.0,953604250.0,0.0,479108000.0,479108000.0,0.0,2004975000.0,1048571000.0,956404000.0,2920483202.0,58804000.0,-140901000.0,-115937000.0,110116000.0,0.0,278579000.0,-330951000.0,-106785000.0,109081000.0,2095000.0,138745000.0,138745000.0,138745000.0,0.0,0.0,0.089,191239000.0,236608000.0,67384000.0,0.0,3.171,21.049,21.065,162972000.0,0.0,35.6,1.881,1.885,203883000.0,338081000.0,1552437000.0,1552437000.0,0.0,0.057,0.147,0.252,0.155,27791000.0,91532000.0,1.0,82036045.0,82208000,84637000.0,18.884,1802612000.0,70221000.0,83381000.0,62847000.0,21.927,-6118000.0
16,ADS,MRY,2004-12-31,2004-12-31,2004-12-31,2021-08-05,4470000.0,2239080000.0,1907027250.0,617346000.0,1621734000.0,0.659,10.799,-48329000.0,84409000.0,84409000.0,916201000.0,102371000.0,1.101,1.572,342823000.0,135962000.0,206861000.0,342823000.0,547123000.0,91398000.0,94700000.0,0.0,0.0,173845000.0,265243000.0,0.211,265243000.0,173845000.0,164319000.0,1.27,1.22,1.27,870520000.0,802151000.0,870520000.0,3820976054.0,22.0,14.406,300300000.0,3.725,1.0,341237000.0,0.271,942925000.0,9526000.0,993950000.0,871518500.0,0.0,248074000.0,248074000.0,0.0,1368560000.0,560619000.0,807941000.0,3877813054.0,16664000.0,-329493000.0,34528000.0,137541000.0,0.0,66369000.0,-399859000.0,-48441000.0,348629000.0,1525000.0,102371000.0,102371000.0,102371000.0,0.0,0.0,0.081,169138000.0,172099000.0,56214000.0,0.0,4.455,37.88,37.386,147531000.0,0.0,47.48,3.084,3.044,158236000.0,199336000.0,1257438000.0,1257438000.0,0.0,0.054,0.128,0.199,0.138,26976000.0,77740000.0,1.0,81672558.0,80614000,84040000.0,15.598,1296155000.0,49606000.0,61948000.0,49283000.0,16.079,56727000.0
17,ADS,MRY,2003-12-31,2003-12-31,2003-12-31,2021-08-05,-833000.0,1867424000.0,1688488000.0,581306000.0,1286118000.0,0.62,9.004,-46955000.0,67745000.0,67745000.0,788874000.0,67298000.0,1.211,1.659,189751000.0,4990000.0,184761000.0,189751000.0,476387000.0,74561000.0,200400000.0,0.0,0.0,123663000.0,198224000.0,0.189,198224000.0,123663000.0,108982000.0,0.86,0.84,0.86,702331000.0,647060000.0,702331000.0,2408447236.0,19.0,12.15,69921000.0,0.896,1.0,257670000.0,0.246,628148000.0,14681000.0,881262000.0,794117750.0,0.0,271396000.0,271396000.0,0.0,1165093000.0,480020000.0,685073000.0,2204472236.0,37306000.0,-51656000.0,81438000.0,-20635000.0,0.0,165003000.0,-247729000.0,-74402000.0,116876000.0,3156000.0,67298000.0,67298000.0,67298000.0,0.0,0.0,0.064,126881000.0,130789000.0,63466000.0,0.0,3.139,32.757,32.186,133746000.0,0.0,27.68,2.106,2.063,124377000.0,96965000.0,1046544000.0,1046544000.0,0.0,0.04,0.104,0.156,0.118,7954000.0,52320000.0,1.0,79641338.0,78003000,80313000.0,13.417,1239276000.0,45881000.0,41684000.0,6744000.0,15.888,101286000.0
18,ADS,MRY,2002-12-31,2002-12-31,2002-12-31,2021-08-05,-3916000.0,1448355000.0,1497127750.0,388940000.0,1059415000.0,0.578,7.29,-42379000.0,30439000.0,30439000.0,670544000.0,23659000.0,0.918,1.669,196711000.0,94993000.0,101718000.0,196711000.0,353804000.0,66475000.0,96200000.0,0.0,0.0,61643000.0,128118000.0,0.148,128118000.0,61643000.0,41719000.0,0.32,0.31,0.32,542558000.0,527270000.0,542558000.0,1536996029.0,25.0,11.997,80190000.0,1.078,1.0,194753000.0,0.225,505119000.0,19924000.0,685898000.0,717856750.0,0.0,147899000.0,147899000.0,0.0,905797000.0,423610000.0,482187000.0,1326532029.0,-87096000.0,-35891000.0,9529000.0,-25199000.0,0.0,-15670000.0,-192603000.0,0.0,122569000.0,-1392000.0,23659000.0,23659000.0,23659000.0,0.0,0.0,0.027,120259000.0,74494000.0,72586000.0,0.0,2.445,56.069,55.375,119638000.0,0.0,17.72,1.533,1.524,89097000.0,29667000.0,865297000.0,865297000.0,0.0,0.016,0.045,0.086,0.071,2948000.0,53784000.0,1.0,74860724.0,74422000,76696000.0,11.627,943236000.0,52711000.0,18060000.0,0.0,12.674,-34670000.0
19,ADS,MRY,2001-12-31,2001-12-31,2001-12-31,2021-08-05,-6740000.0,1477218000.0,1404166000.0,463503000.0,1013715000.0,0.551,7.834,-36637000.0,117535000.0,117535000.0,603493000.0,-10362000.0,1.079,1.921,310425000.0,111325000.0,199100000.0,310425000.0,329549000.0,74204000.0,0.0,0.0,0.0,29435000.0,103639000.0,0.134,103639000.0,29435000.0,-662000.0,-0.21,-0.21,-0.21,505728000.0,443078750.0,505728000.0,1599139954.0,54.0,15.43,129772000.0,2.01,1.0,170226000.0,0.22,491997000.0,30097000.0,748382000.0,770484000.0,0.0,128793000.0,128793000.0,0.0,971490000.0,429729000.0,541761000.0,1407120954.0,594000.0,-88977000.0,156346000.0,-125635000.0,0.0,30711000.0,-190982000.0,0.0,166409000.0,-5544000.0,-10362000.0,-10362000.0,-10362000.0,0.0,0.0,-0.013,119635000.0,50591000.0,82290000.0,0.0,2.782,-135.796,-91.19,112190000.0,0.0,19.15,1.819,1.598,88444000.0,8138000.0,773719000.0,773719000.0,0.0,-0.007,-0.023,0.038,0.038,1786000.0,45431000.0,1.0,73478901.0,64555000,64555000.0,11.985,985221000.0,63231000.0,9700000.0,0.0,15.262,33774000.0
20,ADS,MRY,2000-12-31,2000-12-31,2000-12-31,2021-08-05,-177000.0,1421179000.0,,524348000.0,896831000.0,,5.112,-33083000.0,116941000.0,116941000.0,547985000.0,-21323000.0,1.065,4.357,436060000.0,161725000.0,274335000.0,436060000.0,290186000.0,76144000.0,0.0,,0.0,19388000.0,95532000.0,0.141,95532000.0,19388000.0,-19482000.0,-0.6,-0.6,-0.6,242991000.0,,242991000.0,,,,54100000.0,1.138,1.0,130210000.0,0.192,444549000.0,38870000.0,803338000.0,,0.0,137865000.0,137865000.0,0.0,1058788000.0,492411000.0,566377000.0,,60395000.0,0.0,149000.0,995000.0,0.0,1144000.0,-24457000.0,0.0,87183000.0,-3475000.0,-21323000.0,-21323000.0,-21323000.0,0.0,0.0,-0.031,108345000.0,21865000.0,64143000.0,0.0,,,,92178000.0,0.0,,,,98455000.0,16370000.0,678195000.0,678195000.0,0.0,,,,0.029,0.0,32201000.0,1.0,70936136.0,47538000,47538000.0,14.266,976630000.0,77731000.0,1841000.0,0.0,20.544,31937000.0
21,ADS,MRY,1999-12-31,1999-12-31,1999-12-31,2021-08-05,,,,,,,,-36302000.0,,,466856000.0,-29841000.0,,,,,,,,77800000.0,,,0.0,6406000.0,84206000.0,0.144,84206000.0,6406000.0,-36379000.0,-0.7,-0.7,-0.7,,,,,,,215336000.0,4.534,1.0,116226000.0,0.199,,42785000.0,,,,,,,,,,,9510000.0,-171423000.0,377000.0,-44848000.0,0.0,74929000.0,-309451000.0,-33817000.0,251638000.0,-7606000.0,-29841000.0,-29841000.0,-29841000.0,-7688000.0,0.0,-0.051,113771000.0,2455000.0,,0.0,,,,,0.0,,,,,,583082000.0,583082000.0,0.0,,,,0.011,0.0,35971000.0,1.0,,47498000,47498000.0,12.276,,,-6538000.0,,,
0,ADS,MRQ,2021-06-30,2021-06-30,2021-06-30,2021-08-05,-33100000.0,21812400000.0,,18908200000.0,2904200000.0,,41.205,-22700000.0,3001900000.0,3001900000.0,494500000.0,273500000.0,1.789,9.651,7644400000.0,1684500000.0,5959900000.0,7644400000.0,1042800000.0,31500000.0,9619800000.0,0.008,0.21,473300000.0,504800000.0,0.499,504800000.0,473300000.0,371600000.0,5.5,5.47,5.5,2047900000.0,,2047900000.0,9236005843.0,6.0,5.722,193300000.0,3.889,1.0,517900000.0,0.512,1428900000.0,101700000.0,14456000000.0,,162300000.0,14088500000.0,14088500000.0,0.0,19764500000.0,10570000000.0,9194500000.0,5180705843.0,120200000.0,0.0,0.0,722800000.0,-10400000.0,376200000.0,-474400000.0,-425400000.0,216000000.0,2400000.0,273500000.0,273500000.0,273500000.0,0.0,0.0,0.27,44600000.0,473300000.0,351800000.0,0.038,2.53,7.349,7.291,510700000.0,0.0,104.19,1.217,1.216,369000000.0,5370800000.0,1012400000.0,1012400000.0,0.0,,,,,9200000.0,27200000.0,1.0,49723638.0,49700000,50000000.0,20.37,20383500000.0,336900000.0,98100000.0,0.0,410.131,8338200000.0
1,ADS,MRQ,2021-03-31,2021-03-31,2021-03-31,2021-08-05,-42300000.0,21162900000.0,,18295400000.0,2867500000.0,,35.499,-12200000.0,2858600000.0,2858600000.0,497500000.0,286200000.0,1.703,10.995,6913900000.0,1986700000.0,4927200000.0,6913900000.0,1022600000.0,34000000.0,9956900000.0,0.007,0.21,503100000.0,537100000.0,0.495,537100000.0,503100000.0,394400000.0,5.76,5.74,5.76,1764300000.0,,1764300000.0,11304418267.0,10.0,8.53,505000000.0,10.161,1.0,587400000.0,0.541,1426000000.0,108700000.0,13052100000.0,,146000000.0,13693300000.0,13693300000.0,0.0,19398600000.0,10740100000.0,8658500000.0,5570318267.0,-216300000.0,0.0,0.0,-1889700000.0,-10700000.0,-1740800000.0,1009000000.0,1034400000.0,517200000.0,-1700000.0,286200000.0,286200000.0,286200000.0,0.0,0.0,0.264,84300000.0,503100000.0,331900000.0,0.036,3.157,11.854,11.676,514500000.0,0.0,112.09,1.319,1.319,351900000.0,5108000000.0,1084900000.0,1084900000.0,0.0,,,,,6800000.0,16900000.0,1.0,49695051.0,49700000,49800000.0,21.829,19736900000.0,383500000.0,108200000.0,0.0,397.121,7555300000.0
2,ADS,MRQ,2020-12-31,2020-12-31,2020-12-31,2021-08-05,-5000000.0,22547100000.0,,19634400000.0,2912700000.0,,31.634,-16100000.0,3081500000.0,3081500000.0,602600000.0,12000000.0,1.884,13.818,8815600000.0,1975700000.0,6839900000.0,8815600000.0,1004000000.0,63500000.0,9792600000.0,0.017,0.21,177500000.0,241000000.0,0.217,241000000.0,177500000.0,64900000.0,0.24,0.23,0.24,1521600000.0,,1521600000.0,7902984194.0,10.0,7.976,378000000.0,7.859,1.0,507300000.0,0.457,1451300000.0,112600000.0,16408000000.0,,164300000.0,14776400000.0,14776400000.0,0.0,21025500000.0,10421900000.0,10603600000.0,3536184194.0,-287700000.0,-266800000.0,2800000.0,1265900000.0,-10100000.0,897800000.0,-1590500000.0,-1323200000.0,394100000.0,10900000.0,12000000.0,12000000.0,12000000.0,81300000.0,0.0,0.011,248500000.0,258800000.0,328200000.0,0.875,2.324,16.547,16.577,544100000.0,0.0,74.1,0.782,0.783,383800000.0,4832100000.0,1109900000.0,1109900000.0,0.0,,,,,5100000.0,32500000.0,1.0,47721784.0,48100000,48500000.0,23.075,21095800000.0,359200000.0,52900000.0,0.0,438.582,9212500000.0
3,ADS,MRQ,2020-09-30,2020-09-30,2020-09-30,2021-08-05,-47700000.0,21112900000.0,,18661300000.0,2451600000.0,,27.727,-11800000.0,3078400000.0,3078400000.0,482700000.0,133300000.0,1.737,14.963,7445200000.0,2218300000.0,5226900000.0,7445200000.0,937100000.0,40200000.0,10148500000.0,0.04,0.21,291000000.0,331200000.0,0.315,331200000.0,291000000.0,175900000.0,2.79,2.79,2.79,1322600000.0,,1322600000.0,5553276582.0,6.0,5.195,409300000.0,8.581,1.0,567800000.0,0.541,1058700000.0,115100000.0,13679900000.0,,202800000.0,13517800000.0,13517800000.0,0.0,19790300000.0,10741100000.0,9049200000.0,2003076582.0,-1700200000.0,1300000.0,0.0,-1072000000.0,-10100000.0,-2152700000.0,24800000.0,73000000.0,421100000.0,6600000.0,133300000.0,133300000.0,133300000.0,0.0,0.0,0.127,276800000.0,291000000.0,276700000.0,0.075,1.514,6.695,6.749,498900000.0,0.0,41.98,0.411,0.411,376900000.0,4830300000.0,1050500000.0,1050500000.0,0.0,,,,,5200000.0,29000000.0,1.0,47715021.0,47700000,47800000.0,22.023,20054200000.0,285100000.0,42600000.0,0.0,420.423,7920200000.0
4,ADS,MRQ,2020-06-30,2020-06-30,2020-06-30,2021-08-05,-87500000.0,22867400000.0,,20644200000.0,2223200000.0,,24.256,-10400000.0,4960000000.0,4960000000.0,492800000.0,38400000.0,1.814,18.805,8510200000.0,2735500000.0,5774700000.0,8510200000.0,894300000.0,41300000.0,11221500000.0,0.047,0.21,174700000.0,216000000.0,0.221,216000000.0,174700000.0,47000000.0,0.81,0.81,0.81,1154600000.0,,1154600000.0,7433873645.0,11.0,8.667,484600000.0,10.181,1.0,486500000.0,0.497,1053900000.0,127700000.0,13985700000.0,,194000000.0,13712700000.0,13712700000.0,0.0,21712800000.0,11378000000.0,10334800000.0,2148973645.0,685200000.0,0.0,0.0,-1232700000.0,-10100000.0,-1408200000.0,1593700000.0,1623900000.0,495000000.0,4700000.0,38400000.0,38400000.0,38400000.0,0.0,0.0,0.039,311800000.0,174700000.0,263500000.0,0.259,1.861,36.861,37.289,504900000.0,0.0,45.12,0.409,0.408,511600000.0,4707100000.0,979300000.0,979300000.0,0.0,,,,,6300000.0,20400000.0,1.0,47627962.0,47600000,47700000.0,20.574,21813500000.0,46100000.0,8600000.0,51900000.0,458.267,9266200000.0
5,ADS,MRQ,2020-03-31,2020-03-31,2020-03-31,2021-08-05,-118100000.0,24234900000.0,,21704300000.0,2530600000.0,,22.851,-15700000.0,4456800000.0,4456800000.0,499200000.0,30000000.0,2.019,21.281,9741700000.0,2644100000.0,7097600000.0,9741700000.0,851900000.0,38800000.0,11385700000.0,0.075,0.63,164000000.0,202800000.0,0.147,202800000.0,164000000.0,25400000.0,0.63,0.63,0.63,1087700000.0,,1087700000.0,8176469110.0,10.0,8.03,556800000.0,11.697,1.0,882600000.0,0.639,1059000000.0,138600000.0,17708400000.0,,189100000.0,15581100000.0,15581100000.0,0.0,23147200000.0,10752400000.0,12394800000.0,1602669110.0,807800000.0,25400000.0,0.0,-701000000.0,-30300000.0,-1503400000.0,1746300000.0,1735400000.0,572500000.0,-7600000.0,30000000.0,30000000.0,30000000.0,0.0,0.0,0.022,718600000.0,164000000.0,203000000.0,1.0,1.473,10.086,11.033,519800000.0,0.0,33.65,0.285,0.285,448200000.0,4678800000.0,1381800000.0,1381800000.0,0.0,,,,,4700000.0,23900000.0,1.0,47627611.0,47600000,47700000.0,29.029,23175900000.0,282900000.0,-4600000.0,0.0,486.889,10951900000.0
6,ADS,MRQ,2019-12-31,2019-12-31,2019-12-31,2021-08-05,-99900000.0,26494800000.0,,24112700000.0,2382100000.0,,34.011,-23100000.0,3874400000.0,3874400000.0,705200000.0,97500000.0,2.031,15.681,10448200000.0,3154800000.0,7293400000.0,10448200000.0,922000000.0,42900000.0,12151700000.0,0.022,0.63,276100000.0,319000000.0,0.218,319000000.0,276100000.0,134500000.0,1.99,1.99,1.99,1588300000.0,,1588300000.0,10701806089.0,11.0,8.479,-335600000.0,-7.186,1.0,755800000.0,0.517,1108200000.0,141600000.0,20088400000.0,,218000000.0,18292000000.0,18292000000.0,0.0,24906500000.0,11872000000.0,13034500000.0,5167506089.0,-1093600000.0,40100000.0,12200000.0,386900000.0,-30000000.0,4400000.0,-789700000.0,-819900000.0,-312500000.0,4200000.0,97500000.0,97500000.0,97500000.0,32900000.0,0.0,0.067,446800000.0,309000000.0,300800000.0,0.317,3.253,18.588,20.933,546600000.0,0.0,112.2,0.926,1.005,859100000.0,5163300000.0,1461000000.0,1461000000.0,0.0,,,,,500000.0,23200000.0,1.0,46056204.0,46700000,47300000.0,31.285,25386600000.0,45200000.0,37000000.0,80000000.0,543.61,12240700000.0
7,ADS,MRQ,2019-09-30,2019-09-30,2019-09-30,2021-08-05,-122000000.0,27157800000.0,,24783600000.0,2374200000.0,,30.674,-27000000.0,4512500000.0,4512500000.0,687500000.0,-107600000.0,2.098,17.143,10046800000.0,2217000000.0,7829800000.0,10046800000.0,897300000.0,44900000.0,12502100000.0,0.019,0.63,75000000.0,119900000.0,0.083,119900000.0,75000000.0,-65000000.0,-2.22,-2.13,-2.22,1496900000.0,,1496900000.0,15391736641.0,12.0,9.592,413500000.0,8.473,1.0,750100000.0,0.522,1111700000.0,140000000.0,19768300000.0,,250400000.0,16862400000.0,16862400000.0,0.0,25660900000.0,11812100000.0,13848800000.0,6547136641.0,897000000.0,4369600000.0,-753100000.0,-2875900000.0,-30400000.0,-3699500000.0,4164800000.0,-170200000.0,440500000.0,-8800000.0,-107600000.0,-107600000.0,-107600000.0,229200000.0,0.0,-0.075,374000000.0,376100000.0,436400000.0,-0.284,4.374,14.068,15.074,542000000.0,0.0,128.13,1.172,1.12,1869400000.0,5095900000.0,1437600000.0,1437600000.0,0.0,,,,,3000000.0,31800000.0,1.0,51097609.0,48800000,50400000.0,29.459,26046100000.0,44900000.0,42600000.0,80100000.0,533.732,12971500000.0
8,ADS,MRQ,2019-06-30,2019-06-30,2019-06-30,2021-08-05,-121700000.0,30739700000.0,,28273900000.0,2465800000.0,,46.622,-53500000.0,4026800000.0,4026800000.0,654800000.0,139000000.0,2.666,11.853,12871400000.0,1504000000.0,11367400000.0,12871400000.0,902700000.0,42600000.0,12534700000.0,0.017,0.63,333900000.0,376500000.0,0.279,376500000.0,333900000.0,190400000.0,2.65,2.64,2.65,2391700000.0,,2391700000.0,16633700696.0,10.0,7.94,425400000.0,8.292,1.0,693700000.0,0.514,1156100000.0,143500000.0,27821500000.0,,243900000.0,16603600000.0,16603600000.0,0.0,28348000000.0,10606700000.0,17741300000.0,7340500696.0,338700000.0,0.0,0.0,-133700000.0,-33100000.0,1086400000.0,-1231800000.0,-1179500000.0,478900000.0,5200000.0,139000000.0,139000000.0,139000000.0,3400000.0,0.0,0.103,356400000.0,337300000.0,504500000.0,0.238,3.069,8.442,8.688,553700000.0,0.0,140.13,1.318,1.291,2261400000.0,5233300000.0,1348500000.0,1348500000.0,0.0,,,,,30200000.0,57300000.0,1.0,52383506.0,51300000,52600000.0,26.287,29583600000.0,45400000.0,51400000.0,217700000.0,576.678,17667200000.0
9,ADS,MRQ,2019-03-31,2019-03-31,2019-03-31,2021-08-05,-127900000.0,29433100000.0,,27035900000.0,2397200000.0,,42.255,-38700000.0,3685000000.0,3685000000.0,640500000.0,149100000.0,2.551,12.143,12978200000.0,2368500000.0,10609700000.0,12978200000.0,877300000.0,118900000.0,11292000000.0,0.013,0.63,327800000.0,446700000.0,0.335,446700000.0,327800000.0,183900000.0,2.81,2.8,2.81,2239500000.0,,2239500000.0,18800034921.0,11.0,8.427,572100000.0,10.794,1.0,693700000.0,0.52,1139600000.0,143900000.0,26990000000.0,,242300000.0,15829400000.0,15829400000.0,0.0,27193600000.0,10596700000.0,16596900000.0,9273534921.0,-151700000.0,-6700000.0,-222800000.0,-706500000.0,-33900000.0,-1483000000.0,717500000.0,759600000.0,610800000.0,3000000.0,149100000.0,149100000.0,149100000.0,29100000.0,0.0,0.112,336800000.0,356900000.0,548400000.0,0.224,4.141,9.779,10.045,561000000.0,0.0,174.98,1.65,1.65,2203100000.0,5127800000.0,1334200000.0,1334200000.0,0.0,,,,,21100000.0,38300000.0,1.0,52997685.0,53000000,53200000.0,25.174,28293500000.0,45500000.0,34800000.0,230500000.0,533.84,16439200000.0
10,ADS,MRQ,2018-12-31,2018-12-31,2018-12-31,2021-08-05,-138100000.0,30387700000.0,,24711700000.0,5676000000.0,,43.187,-50500000.0,3817400000.0,3817400000.0,697800000.0,284900000.0,2.152,12.03,13377100000.0,2856500000.0,10520600000.0,13377100000.0,875300000.0,121100000.0,11793700000.0,0.015,0.57,540400000.0,661500000.0,0.452,661500000.0,540400000.0,395600000.0,5.26,5.24,5.26,2332100000.0,,2332100000.0,17852686182.0,10.0,7.892,679000000.0,12.574,1.0,766800000.0,0.524,1172200000.0,144800000.0,27291200000.0,,248000000.0,16816700000.0,16816700000.0,0.0,28055600000.0,11484000000.0,16571600000.0,8175386182.0,-2600000.0,0.0,-228600000.0,117800000.0,-30700000.0,288100000.0,-1011300000.0,-956000000.0,729500000.0,-8900000.0,284900000.0,284900000.0,284900000.0,-31800000.0,0.0,0.195,258200000.0,508600000.0,486200000.0,0.108,3.506,8.489,8.547,288200000.0,0.0,150.08,1.443,1.454,2355600000.0,5012400000.0,1464600000.0,1464600000.0,0.0,,,,,16600000.0,41200000.0,1.0,54473522.0,54000000,54200000.0,27.122,29215500000.0,44000000.0,110700000.0,256500000.0,541.028,13227700000.0
11,ADS,MRQ,2018-09-30,2018-09-30,2018-09-30,2021-08-05,-143100000.0,29763000000.0,,23955800000.0,5807200000.0,,41.81,-50800000.0,3600900000.0,3600900000.0,654000000.0,296500000.0,2.405,11.99,13278200000.0,1586800000.0,11691400000.0,13278200000.0,916200000.0,122500000.0,11349400000.0,0.009,0.57,487600000.0,610100000.0,0.429,610100000.0,487600000.0,350800000.0,5.41,5.39,5.41,2291200000.0,,2291200000.0,23089978451.0,14.0,11.091,652800000.0,11.912,1.0,769100000.0,0.54,4460500000.0,136800000.0,25020400000.0,,265900000.0,18032700000.0,18032700000.0,0.0,27471800000.0,9959400000.0,17512400000.0,12975478451.0,443100000.0,0.0,-102500000.0,-295500000.0,-31200000.0,363000000.0,-624500000.0,-577100000.0,703600000.0,1000000.0,296500000.0,296500000.0,296500000.0,-7800000.0,0.0,0.208,289300000.0,479800000.0,606200000.0,0.105,5.663,13.666,13.722,610000000.0,0.0,236.16,3.193,3.185,866800000.0,4758600000.0,1423100000.0,1423100000.0,0.0,,,,,17900000.0,43600000.0,1.0,54943591.0,54800000,55000000.0,25.969,25302500000.0,65300000.0,54300000.0,223900000.0,461.724,13996400000.0
12,ADS,MRQ,2018-06-30,2018-06-30,2018-06-30,2021-08-05,-136400000.0,28950900000.0,,23081500000.0,5869400000.0,,38.393,-53800000.0,3449200000.0,3449200000.0,593600000.0,217800000.0,2.143,12.661,13563700000.0,2600300000.0,10963400000.0,13563700000.0,900900000.0,122000000.0,10559300000.0,0.009,0.57,390700000.0,512700000.0,0.367,512700000.0,390700000.0,257100000.0,3.94,3.93,3.94,2119300000.0,,2119300000.0,23580422400.0,15.0,11.365,618100000.0,11.197,1.0,803600000.0,0.575,4525600000.0,133600000.0,23771100000.0,,233200000.0,17780100000.0,17780100000.0,0.0,26831600000.0,10768700000.0,16062900000.0,12919222400.0,-614800000.0,0.0,-94500000.0,-612200000.0,-31600000.0,-655200000.0,-629100000.0,-556600000.0,671900000.0,-2400000.0,217800000.0,217800000.0,217800000.0,6000000.0,0.0,0.156,406900000.0,396700000.0,532000000.0,0.145,6.096,14.578,14.566,620900000.0,0.0,233.2,2.838,2.827,691600000.0,4493600000.0,1397200000.0,1397200000.0,0.0,,,,,20800000.0,46400000.0,1.0,55399753.0,55200000,55400000.0,25.312,24425300000.0,82600000.0,39300000.0,189100000.0,442.487,12312800000.0
13,ADS,MRQ,2018-03-31,2018-03-31,2018-03-31,2021-08-05,-136500000.0,29392900000.0,,23470500000.0,5922400000.0,,36.126,-44700000.0,3549500000.0,3549500000.0,591700000.0,163900000.0,2.136,13.686,14210700000.0,2848600000.0,11362100000.0,14210700000.0,918000000.0,121700000.0,10485000000.0,0.01,0.57,359700000.0,481400000.0,0.348,481400000.0,359700000.0,227900000.0,2.96,2.95,2.96,2001400000.0,,2001400000.0,22502397214.0,15.0,11.035,605200000.0,10.924,1.0,790000000.0,0.572,4630400000.0,131800000.0,24438200000.0,,256300000.0,17600100000.0,17600100000.0,0.0,27391500000.0,10985500000.0,16406000000.0,11805497214.0,-172700000.0,0.0,0.0,-710000000.0,-31700000.0,-1213800000.0,392900000.0,451500000.0,649900000.0,-1700000.0,163900000.0,163900000.0,163900000.0,12600000.0,0.0,0.119,417700000.0,372300000.0,593500000.0,0.193,5.899,14.645,14.63,614100000.0,0.0,212.86,2.372,2.369,699400000.0,4307600000.0,1381700000.0,1381700000.0,0.0,,,,,25500000.0,31300000.0,1.0,55461323.0,55400000,55700000.0,24.94,24762500000.0,26300000.0,64000000.0,189800000.0,446.977,12485000000.0
14,ADS,MRQ,2017-12-31,2017-12-31,2017-12-31,2021-08-05,-140200000.0,30684800000.0,,24705600000.0,5979200000.0,,33.489,-48800000.0,4190000000.0,4190000000.0,-653600000.0,271300000.0,2.435,15.539,14886900000.0,1471200000.0,13415700000.0,14886900000.0,966900000.0,123100000.0,10930900000.0,0.008,0.52,354600000.0,477700000.0,-3.449,477700000.0,354600000.0,307200000.0,4.9,4.87,4.9,1855300000.0,,1855300000.0,23787132111.0,15.0,11.689,791500000.0,14.287,1.0,515100000.0,-3.719,4680700000.0,47400000.0,26554300000.0,,234100000.0,18520800000.0,18520800000.0,0.0,28829500000.0,10146700000.0,18682800000.0,14004432111.0,467000000.0,-945600000.0,18400000.0,1749400000.0,-28700000.0,2281800000.0,-2657000000.0,-1644700000.0,840300000.0,1900000.0,271300000.0,271300000.0,271300000.0,-19500000.0,0.0,-1.959,180000000.0,335100000.0,651200000.0,0.106,7.548,17.756,17.888,613900000.0,0.0,253.48,2.558,2.579,822300000.0,4167100000.0,-138500000.0,-138500000.0,0.0,,,,,11600000.0,34400000.0,1.0,55248667.0,55400000,55600000.0,-2.5,26004100000.0,28100000.0,35900000.0,211200000.0,469.388,14558900000.0
15,ADS,MRQ,2017-09-30,2017-09-30,2017-09-30,2021-08-05,-140200000.0,27894100000.0,,21969300000.0,5924800000.0,,28.765,-59800000.0,3326000000.0,3326000000.0,1066500000.0,233200000.0,2.114,16.504,13108700000.0,2472000000.0,10636700000.0,13108700000.0,966300000.0,124200000.0,10374000000.0,0.009,0.52,478900000.0,603100000.0,0.315,603100000.0,478900000.0,333600000.0,4.21,4.2,4.21,1593600000.0,,1593600000.0,23330756132.0,17.0,12.514,676400000.0,12.209,1.0,845900000.0,0.442,4686800000.0,145300000.0,22597600000.0,,257100000.0,16294700000.0,16294700000.0,0.0,26300500000.0,10392400000.0,15908100000.0,12292356132.0,1340700000.0,0.0,-53800000.0,78400000.0,-28800000.0,1650000000.0,-1050100000.0,-958400000.0,736200000.0,4600000.0,233200000.0,233200000.0,233200000.0,0.0,0.0,0.122,367000000.0,478900000.0,529800000.0,0.124,7.714,23.285,23.297,615100000.0,0.0,221.55,1.652,1.65,769300000.0,3924700000.0,1912400000.0,1912400000.0,0.0,,,,,18300000.0,38000000.0,1.0,55483440.0,55400000,55600000.0,34.52,23207300000.0,22900000.0,100400000.0,254800000.0,418.904,11576900000.0
16,ADS,MRQ,2017-06-30,2017-06-30,2017-06-30,2021-08-05,-141600000.0,25728300000.0,,19839100000.0,5889200000.0,,25.626,-70200000.0,1945900000.0,1945900000.0,1014400000.0,137700000.0,2.253,17.057,12984300000.0,2159600000.0,10824700000.0,12984300000.0,935900000.0,125500000.0,8722500000.0,0.006,0.52,351400000.0,476900000.0,0.262,476900000.0,351400000.0,213900000.0,2.48,2.47,2.48,1424800000.0,,1424800000.0,24890059349.0,19.0,13.76,480300000.0,8.638,1.0,807400000.0,0.443,4724300000.0,137500000.0,23237800000.0,,246500000.0,15636600000.0,15636600000.0,0.0,24303500000.0,8804600000.0,15498900000.0,14291459349.0,485500000.0,0.0,-84900000.0,422100000.0,-29000000.0,836000000.0,-902400000.0,-787600000.0,550500000.0,1400000.0,137700000.0,137700000.0,137700000.0,0.0,0.0,0.076,456000000.0,351400000.0,406900000.0,0.21,10.031,28.458,28.972,609200000.0,0.0,256.69,1.928,1.925,697200000.0,3720500000.0,1821800000.0,1821800000.0,0.0,,,,,21700000.0,42400000.0,1.0,55675949.0,55600000,55800000.0,32.766,21004000000.0,21600000.0,76200000.0,261500000.0,377.77,11034500000.0
17,ADS,MRQ,2017-03-31,2017-03-31,2017-03-31,2021-08-05,-148900000.0,24642700000.0,,18783000000.0,5859700000.0,,24.176,-46600000.0,1866800000.0,1866800000.0,1042100000.0,146400000.0,2.086,17.073,12465400000.0,2472600000.0,9992800000.0,12465400000.0,917000000.0,124800000.0,8205300000.0,0.004,0.52,352400000.0,477200000.0,0.254,477200000.0,352400000.0,227200000.0,2.6,2.58,2.6,1363500000.0,,1363500000.0,24622999949.0,19.0,13.816,425500000.0,7.544,1.0,836900000.0,0.445,4743300000.0,125200000.0,21493600000.0,,245300000.0,15147000000.0,15147000000.0,0.0,23279200000.0,9004400000.0,14274800000.0,13925399949.0,53000000.0,0.0,-415000000.0,-108100000.0,-29000000.0,-762900000.0,341400000.0,529300000.0,472100000.0,2400000.0,146400000.0,146400000.0,146400000.0,0.0,0.0,0.078,484500000.0,352400000.0,391000000.0,0.2,10.213,27.564,32.677,590000000.0,0.0,249.0,1.897,1.913,699000000.0,3611900000.0,1879000000.0,1879000000.0,0.0,,,,,23500000.0,44600000.0,1.0,55925301.0,56400000,56700000.0,33.316,19899400000.0,20700000.0,80800000.0,322000000.0,352.826,9778600000.0
18,ADS,MRQ,2016-12-31,2016-12-31,2016-12-31,2021-08-05,-150700000.0,25514100000.0,,19589300000.0,5924800000.0,,28.889,-48700000.0,1859200000.0,1859200000.0,1199200000.0,10600000.0,2.122,14.387,12556800000.0,2453500000.0,10103300000.0,12556800000.0,931500000.0,127400000.0,8391900000.0,0.002,0.52,179700000.0,307100000.0,0.168,307100000.0,179700000.0,62000000.0,0.22,0.22,0.22,1658200000.0,,1658200000.0,23422776972.0,19.0,13.19,723700000.0,12.608,1.0,628400000.0,0.344,4804000000.0,117700000.0,22178200000.0,,271300000.0,16013200000.0,16013200000.0,0.0,23855900000.0,9229500000.0,14626400000.0,13197976972.0,154600000.0,0.0,-87600000.0,863100000.0,-30000000.0,1512600000.0,-2139900000.0,-2085400000.0,772400000.0,9500000.0,10600000.0,10600000.0,10600000.0,0.0,0.0,0.006,448700000.0,179700000.0,568300000.0,2.364,7.959,25.587,31.004,586000000.0,0.0,228.5,1.849,1.876,797200000.0,3494800000.0,1827600000.0,1827600000.0,0.0,,,,,17000000.0,31800000.0,1.0,57759199.0,57400000,58000000.0,31.84,20710100000.0,20100000.0,51400000.0,334800000.0,360.803,10359800000.0
19,ADS,MRQ,2016-09-30,2016-09-30,2016-09-30,2021-08-05,-130600000.0,23639800000.0,,17601800000.0,6038000000.0,,30.597,-50700000.0,1500500000.0,1500500000.0,1045600000.0,207500000.0,2.366,12.252,11725300000.0,1745800000.0,9979500000.0,11725300000.0,775900000.0,126700000.0,7614000000.0,0.0,0.0,421000000.0,547700000.0,0.29,547700000.0,421000000.0,312700000.0,3.56,3.55,3.56,1783800000.0,,1783800000.0,22955643532.0,16.0,11.76,549200000.0,9.42,1.0,840000000.0,0.445,4914800000.0,108300000.0,21509600000.0,,278000000.0,14266500000.0,14266500000.0,0.0,21856000000.0,7440200000.0,14415800000.0,12556243532.0,184000000.0,0.0,-170200000.0,-9300000.0,0.0,568300000.0,-982800000.0,-842800000.0,599900000.0,-1400000.0,207500000.0,207500000.0,207500000.0,0.0,0.0,0.11,419000000.0,421000000.0,429700000.0,0.0,7.039,18.479,22.535,583400000.0,0.0,214.53,1.779,1.772,687000000.0,3514200000.0,1885600000.0,1885600000.0,0.0,,,,,18100000.0,41000000.0,1.0,58529080.0,58300000,58400000.0,32.343,18725000000.0,4600000.0,105200000.0,294900000.0,321.184,10161600000.0
20,ADS,MRQ,2016-06-30,2016-06-30,2016-06-30,2021-08-05,-131200000.0,22771200000.0,,16689100000.0,6082100000.0,,29.417,-52700000.0,1316500000.0,1316500000.0,1027900000.0,140700000.0,2.233,12.165,11715900000.0,2313800000.0,9402100000.0,11715900000.0,853900000.0,129600000.0,6865800000.0,0.0,0.0,320600000.0,450200000.0,0.257,450200000.0,320600000.0,216900000.0,1.24,1.24,1.24,1729700000.0,,1729700000.0,22425779934.0,17.0,12.368,422100000.0,7.179,1.0,720900000.0,0.412,4963900000.0,103700000.0,20733300000.0,,225400000.0,13710700000.0,13710700000.0,0.0,21041500000.0,7473400000.0,13568100000.0,11547479934.0,346500000.0,0.0,-113800000.0,-133800000.0,0.0,292800000.0,-421100000.0,-707000000.0,474800000.0,0.0,140700000.0,140700000.0,140700000.0,0.0,0.0,0.08,400300000.0,320600000.0,397500000.0,0.0,6.676,19.233,24.338,584100000.0,0.0,195.92,1.707,1.703,666400000.0,3306800000.0,1748800000.0,1748800000.0,0.0,,,,,21500000.0,42900000.0,1.0,58939771.0,58800000,59000000.0,29.741,17807300000.0,3200000.0,76200000.0,336200000.0,302.845,9215700000.0
21,ADS,MRQ,2016-03-31,2016-03-31,2016-03-31,2021-08-05,-128200000.0,22399100000.0,,16230200000.0,6168900000.0,,29.117,-54900000.0,970000000.0,970000000.0,1003900000.0,158900000.0,2.443,11.754,11848300000.0,1763000000.0,10085300000.0,11848300000.0,864900000.0,128400000.0,6082600000.0,0.0,0.0,342500000.0,470900000.0,0.281,470900000.0,342500000.0,243700000.0,2.36,2.35,2.36,1741200000.0,,1741200000.0,23425140200.0,18.0,13.219,225200000.0,3.766,1.0,672200000.0,0.401,5035000000.0,98800000.0,21599300000.0,,240100000.0,13270300000.0,13270300000.0,0.0,20465500000.0,6643100000.0,13822400000.0,13037510200.0,-198000000.0,0.0,-408800000.0,321400000.0,0.0,263700000.0,-747700000.0,-371500000.0,280100000.0,5900000.0,157100000.0,157100000.0,157100000.0,0.0,1800000.0,0.094,327900000.0,344300000.0,404000000.0,0.0,7.488,22.06,24.636,574800000.0,0.0,220.0,2.001,2.019,595800000.0,3233700000.0,1676100000.0,1676100000.0,0.0,,,,,19900000.0,27600000.0,1.0,59261410.0,59800000,60200000.0,28.028,17364100000.0,2000000.0,86600000.0,347000000.0,290.37,9587100000.0
22,ADS,MRQ,2015-12-31,2015-12-31,2015-12-31,2021-08-05,-137300000.0,22349900000.0,,16250400000.0,6099500000.0,,32.79,-51600000.0,1168000000.0,1168000000.0,1026900000.0,180100000.0,2.538,10.036,11500100000.0,1418700000.0,10081400000.0,11500100000.0,844900000.0,125100000.0,5605900000.0,0.0,0.0,358100000.0,483200000.0,0.276,483200000.0,358100000.0,268700000.0,2.36,2.34,2.36,2010000000.0,,2010000000.0,26004024567.0,21.0,14.901,677000000.0,11.044,1.0,721900000.0,0.413,5017800000.0,89400000.0,21261100000.0,,228000000.0,13153400000.0,13153400000.0,0.0,20172500000.0,6403100000.0,13769400000.0,16909021567.0,190700000.0,0.0,-76700000.0,1468500000.0,0.0,1726100000.0,-2259600000.0,-2197600000.0,728600000.0,-4400000.0,174200000.0,174200000.0,174200000.0,0.0,5900000.0,0.1,357900000.0,364000000.0,442400000.0,0.0,8.412,28.347,31.04,576700000.0,0.0,276.57,2.626,2.658,706500000.0,3092500000.0,1748800000.0,1748800000.0,0.0,,,,,18000000.0,26500000.0,1.0,61138307.0,61300000,61400000.0,28.529,17332100000.0,288700000.0,94500000.0,633200000.0,282.742,9847300000.0
23,ADS,MRQ,2015-09-30,2015-09-30,2015-09-30,2021-08-05,-117878000.0,20300674000.0,,14097713000.0,6202961000.0,,31.725,-52000000.0,977341000.0,977341000.0,901000000.0,130400000.0,2.36,9.3,10072344000.0,1619146000.0,8453198000.0,10072344000.0,852217000.0,123400000.0,5222422000.0,0.0,0.0,285500000.0,408900000.0,0.257,408900000.0,285500000.0,203400000.0,2.09,2.08,2.09,1947885000.0,,1947885000.0,25160782435.0,23.0,16.194,415400000.0,6.765,1.0,688100000.0,0.433,5104046000.0,82100000.0,18319272000.0,,0.0,11227482000.0,11227482000.0,0.0,18115942000.0,5972359000.0,12143583000.0,15910036435.0,155000000.0,-45400000.0,-180200000.0,-10400000.0,0.0,455900000.0,-763700000.0,-659700000.0,467400000.0,-4600000.0,128400000.0,128400000.0,128400000.0,0.0,2000000.0,0.081,400600000.0,287500000.0,382220000.0,0.0,8.168,32.501,35.525,561300000.0,0.0,258.98,2.576,2.574,642681000.0,2948081000.0,1589100000.0,1589100000.0,0.0,,,,,21800000.0,40900000.0,1.0,61433456.0,61400000,61800000.0,25.881,15196628000.0,238564000.0,75000000.0,643788000.0,247.502,8125354000.0
24,ADS,MRQ,2015-06-30,2015-06-30,2015-06-30,2021-08-05,-124346000.0,19547442000.0,,13357108000.0,6190334000.0,,31.65,-45700000.0,822314000.0,822314000.0,896600000.0,130000000.0,2.199,8.858,10073060000.0,1850635000.0,8222425000.0,10073060000.0,915587000.0,122100000.0,4578328000.0,0.0,0.0,287000000.0,409100000.0,0.273,409100000.0,287000000.0,206300000.0,2.12,2.11,2.12,1959153000.0,,1959153000.0,27011058937.0,24.0,17.516,343400000.0,5.548,1.0,604000000.0,0.403,5150645000.0,80700000.0,17573792000.0,,0.0,10776595000.0,10776595000.0,0.0,17354634000.0,6073751000.0,11280883000.0,18109112937.0,61900000.0,0.0,-134100000.0,401800000.0,0.0,348600000.0,-676600000.0,-654200000.0,389100000.0,800000.0,131300000.0,131300000.0,131300000.0,0.0,-1300000.0,0.087,318300000.0,285700000.0,387078000.0,0.0,9.243,34.47,36.311,548255000.0,0.0,291.94,3.066,3.059,563533000.0,2819650000.0,1500600000.0,1500600000.0,0.0,,,,,24000000.0,40900000.0,1.0,62030256.0,61900000,62300000.0,24.242,14396797000.0,225697000.0,75000000.0,647662000.0,232.582,7283357000.0
25,ADS,MRQ,2015-03-31,2015-03-31,2015-03-31,2021-08-05,-139553000.0,19052486000.0,,12777584000.0,6274902000.0,,30.292,-42400000.0,760398000.0,760398000.0,990000000.0,164800000.0,2.081,8.849,9662344000.0,1902009000.0,7760335000.0,9662344000.0,900573000.0,121600000.0,4510374000.0,0.0,0.0,322300000.0,443900000.0,0.277,443900000.0,322300000.0,244300000.0,2.34,2.32,2.34,1911428000.0,,1911428000.0,26930070052.0,24.0,18.097,132300000.0,2.097,1.0,611200000.0,0.382,5196250000.0,78000000.0,16617151000.0,,0.0,10286840000.0,10286840000.0,0.0,16914177000.0,6141031000.0,10773146000.0,18606060052.0,-316800000.0,0.0,-542600000.0,270900000.0,0.0,-811700000.0,337300000.0,396200000.0,174700000.0,-17100000.0,162600000.0,162600000.0,162600000.0,0.0,2200000.0,0.102,286700000.0,324500000.0,412503000.0,0.0,9.734,35.006,35.018,545064000.0,0.0,296.25,3.281,3.296,571560000.0,2688313000.0,1601200000.0,1601200000.0,0.0,,,,,27500000.0,30200000.0,1.0,62805266.0,63100000,63600000.0,25.376,13856236000.0,210958000.0,81700000.0,672517000.0,219.592,6636553000.0
26,ADS,MRQ,2014-12-31,2014-12-31,2014-12-31,2021-08-05,-75453000.0,20263977000.0,,13814776000.0,6449201000.0,,39.54,-44105000.0,1077152000.0,1077152000.0,895590000.0,76216000.0,2.191,7.358,9401162000.0,1266914000.0,8134248000.0,9401162000.0,1013177000.0,88401000.0,4773541000.0,0.0,0.0,203430000.0,291831000.0,0.196,291831000.0,203430000.0,135073000.0,0.74,0.89,0.74,2396380000.0,,2396380000.0,23768855513.0,22.0,16.957,332116000.0,5.48,1.0,590119000.0,0.397,5381478000.0,68357000.0,16901026000.0,,0.0,10798769000.0,10798769000.0,0.0,17632031000.0,6305483000.0,11326548000.0,16994728513.0,442398000.0,-936286000.0,-62453000.0,1965879000.0,0.0,2951337000.0,-2874265000.0,-2214233000.0,376221000.0,-10895000.0,67219000.0,67219000.0,67219000.0,0.0,8997000.0,0.045,377692000.0,212427000.0,455656000.0,0.0,7.092,33.567,32.804,559628000.0,0.0,286.05,3.205,3.042,743294000.0,2540948000.0,1485709000.0,1485709000.0,0.0,,,,,54634000.0,40002000.0,1.0,59411741.0,60606000,60939000.0,24.514,14882499000.0,219036000.0,67854000.0,691105000.0,245.561,7509293000.0
27,ADS,MRQ,2014-09-30,2014-09-30,2014-09-30,2021-08-05,-54246000.0,15193275000.0,,11401425000.0,3791850000.0,,18.716,-37335000.0,634824000.0,634824000.0,767415000.0,164948000.0,2.123,12.765,7408951000.0,1347287000.0,6061664000.0,7408951000.0,1038167000.0,76331000.0,3727805000.0,0.0,0.0,320935000.0,397266000.0,0.301,397266000.0,320935000.0,259471000.0,2.84,2.74,2.84,1080671000.0,,1080671000.0,20428175524.0,18.0,14.439,342846000.0,5.938,1.0,551718000.0,0.418,2998396000.0,61464000.0,13598829000.0,,0.0,8854079000.0,8854079000.0,0.0,13795181000.0,5370177000.0,8425004000.0,13786013524.0,3657000.0,0.0,-13490000.0,128566000.0,0.0,837802000.0,-1210693000.0,-864387000.0,380181000.0,-3633000.0,164242000.0,164242000.0,164242000.0,0.0,706000.0,0.125,230077000.0,321641000.0,318798000.0,0.0,12.757,24.753,23.941,337717000.0,0.0,248.27,2.78,2.891,455064000.0,2488511000.0,1319133000.0,1319133000.0,0.0,,,,,13295000.0,39169000.0,1.0,55528310.0,57742000,59908000.0,22.845,12194879000.0,202703000.0,95229000.0,362255000.0,211.196,6031248000.0
28,ADS,MRQ,2014-06-30,2014-06-30,2014-06-30,2021-08-05,-14195000.0,14214898000.0,,10344932000.0,3869966000.0,,17.493,-33772000.0,631167000.0,631167000.0,783369000.0,139189000.0,2.352,13.644,7273329000.0,709230000.0,6564099000.0,7273329000.0,1089829000.0,74295000.0,3010025000.0,0.0,0.0,280795000.0,355090000.0,0.281,355090000.0,280795000.0,217863000.0,2.54,2.19,2.54,947321000.0,,947321000.0,21671478094.0,20.0,15.926,220915000.0,4.079,1.0,481789000.0,0.381,3092491000.0,62932000.0,13365635000.0,,0.0,8113739000.0,8113739000.0,0.0,12924890000.0,4398934000.0,8525956000.0,15245994094.0,-75475000.0,0.0,-153555000.0,-1290382000.0,0.0,319340000.0,-651792000.0,-637851000.0,254687000.0,2290000.0,137444000.0,137444000.0,137444000.0,0.0,1745000.0,0.109,199249000.0,282540000.0,320678000.0,0.0,16.094,29.007,27.412,337151000.0,0.0,281.25,3.219,3.216,394681000.0,2324269000.0,1265158000.0,1265158000.0,0.0,,,,,13752000.0,28302000.0,1.0,54207979.0,54154000,62637000.0,23.362,11122407000.0,198330000.0,80419000.0,371902000.0,205.385,5945998000.0
29,ADS,MRQ,2014-03-31,2014-03-31,2014-03-31,2021-08-05,-8409000.0,13757270000.0,,9938025000.0,3819245000.0,,17.912,-43488000.0,706642000.0,706642000.0,772426000.0,135747000.0,2.506,13.122,7132126000.0,634940000.0,6497186000.0,7132126000.0,1066231000.0,74073000.0,2673871000.0,0.0,0.0,283440000.0,357513000.0,0.29,357513000.0,283440000.0,215693000.0,2.59,2.08,2.59,949909000.0,,949909000.0,20909253957.0,19.0,15.739,289623000.0,5.461,1.0,460474000.0,0.373,3136408000.0,67747000.0,13081094000.0,,0.0,7668612000.0,7668612000.0,0.0,12464564000.0,3965252000.0,8499312000.0,14486878957.0,-263180000.0,-259514000.0,-40002000.0,-528063000.0,0.0,-592379000.0,-350000.0,384071000.0,333111000.0,-3562000.0,137395000.0,137395000.0,137395000.0,0.0,-1648000.0,0.111,178682000.0,281792000.0,362901000.0,0.0,15.251,28.71,27.002,326421000.0,0.0,272.45,3.22,3.212,374483000.0,2186825000.0,1232900000.0,1232900000.0,0.0,,,,,-9181000.0,34027000.0,1.0,53172615.0,53033000,66065000.0,23.248,10620862000.0,203592000.0,78298000.0,390592000.0,200.269,5972773000.0
30,ADS,MRQ,2013-12-31,2013-12-31,2013-12-31,2021-08-05,-18227000.0,13244257000.0,,10400842000.0,2843415000.0,,17.407,-43617000.0,969822000.0,969822000.0,681066000.0,117873000.0,2.305,14.477,7392197000.0,1389489000.0,6002708000.0,7392197000.0,1137186000.0,55221000.0,2816361000.0,0.0,0.0,249739000.0,304960000.0,0.267,304960000.0,249739000.0,184264000.0,2.4,1.79,2.4,855761000.0,,855761000.0,18689209638.0,17.0,14.212,161037000.0,3.276,1.0,460021000.0,0.403,2196107000.0,65475000.0,12958027000.0,,0.0,8131795000.0,8131795000.0,0.0,12388496000.0,4512498000.0,7875998000.0,12808023638.0,185780000.0,0.0,5551000.0,716736000.0,0.0,1232947000.0,-1245083000.0,-1220248000.0,204654000.0,-6738000.0,117873000.0,117873000.0,117873000.0,0.0,0.0,0.103,210282000.0,249739000.0,210019000.0,0.0,14.967,25.814,26.058,299188000.0,0.0,262.93,2.965,2.995,394822000.0,2049430000.0,1141087000.0,1141087000.0,0.0,,,,,28247000.0,24723000.0,1.0,48712675.0,49163000,65960000.0,23.21,11048150000.0,218649000.0,66391000.0,275757000.0,224.725,5888344000.0
31,ADS,MRQ,2013-09-30,2013-09-30,2013-09-30,2021-08-05,-19247000.0,11964663000.0,,9110360000.0,2854303000.0,,14.605,-32764000.0,784042000.0,784042000.0,628386000.0,132878000.0,2.6,15.818,6665228000.0,670499000.0,5994729000.0,6665228000.0,1180325000.0,54472000.0,2310507000.0,0.0,0.0,288768000.0,343240000.0,0.313,343240000.0,288768000.0,214753000.0,2.73,2.01,2.73,711419000.0,,711419000.0,16425774264.0,15.0,12.895,235609000.0,4.837,1.0,468061000.0,0.427,2231619000.0,74015000.0,12109975000.0,,0.0,7046254000.0,7046254000.0,0.0,11253244000.0,3504255000.0,7748989000.0,10307635264.0,34221000.0,0.0,-20106000.0,-1255509000.0,0.0,-194490000.0,-42607000.0,-308625000.0,268373000.0,2945000.0,132878000.0,132878000.0,132878000.0,0.0,0.0,0.121,179293000.0,288768000.0,258254000.0,0.0,14.489,22.313,22.569,276097000.0,0.0,211.47,2.484,2.482,337332000.0,1931557000.0,1096447000.0,1096447000.0,0.0,,,,,13024000.0,33845000.0,1.0,48742778.0,48710000,66019000.0,22.51,9733044000.0,248893000.0,81875000.0,265922000.0,199.816,5606105000.0
32,ADS,MRQ,2013-06-30,2013-06-30,2013-06-30,2021-08-05,-19050000.0,11867312000.0,,9057972000.0,2809340000.0,,11.824,-30713000.0,749821000.0,749821000.0,619285000.0,116440000.0,2.02,19.431,6867960000.0,1791374000.0,5076586000.0,6867960000.0,1142127000.0,53576000.0,2255366000.0,0.0,0.0,269180000.0,322756000.0,0.314,322756000.0,269180000.0,185714000.0,2.37,1.71,2.37,580848000.0,,580848000.0,15094686630.0,14.0,12.205,220750000.0,4.494,1.0,408807000.0,0.398,2256885000.0,83466000.0,11243606000.0,,0.0,6782194000.0,6782194000.0,0.0,11286464000.0,4484960000.0,6801504000.0,8904213630.0,-14328000.0,0.0,-152823000.0,-145654000.0,0.0,-187015000.0,-73838000.0,-260111000.0,251463000.0,-4938000.0,116440000.0,116440000.0,116440000.0,0.0,0.0,0.113,139627000.0,269180000.0,241437000.0,0.0,15.33,19.848,20.048,265534000.0,0.0,181.03,2.246,2.243,337458000.0,1798679000.0,1028092000.0,1028092000.0,0.0,,,,,14484000.0,28255000.0,1.0,49186398.0,49123000,68167000.0,20.929,9610427000.0,252746000.0,69274000.0,268202000.0,195.64,4573012000.0
33,ADS,MRQ,2013-03-31,2013-03-31,2013-03-31,2021-08-05,-17438000.0,11926511000.0,,9087826000.0,2838685000.0,,12.148,-28282000.0,764149000.0,764149000.0,620422000.0,128979000.0,1.799,18.729,6954622000.0,2405608000.0,4549014000.0,6954622000.0,1183464000.0,52850000.0,2177077000.0,0.0,0.0,291225000.0,344075000.0,0.327,344075000.0,291225000.0,208681000.0,2.59,1.92,2.59,604526000.0,,604526000.0,14166626206.0,14.0,11.865,250720000.0,5.038,1.0,433015000.0,0.411,2296391000.0,82544000.0,10768863000.0,,0.0,6555667000.0,6555667000.0,0.0,11321985000.0,5051730000.0,6270255000.0,8074169206.0,-129203000.0,0.0,-49617000.0,-55929000.0,0.0,-147290000.0,-257888000.0,289116000.0,279002000.0,-3027000.0,128979000.0,128979000.0,128979000.0,0.0,0.0,0.122,141790000.0,291225000.0,258278000.0,0.0,13.356,18.518,18.544,255905000.0,0.0,161.89,2.123,2.118,331608000.0,1682239000.0,1053437000.0,1053437000.0,0.0,,,,,3428000.0,22292000.0,1.0,49874416.0,49762000,67328000.0,21.17,9630120000.0,255927000.0,79702000.0,282614000.0,193.524,4036096000.0
34,ADS,MRQ,2012-12-31,2012-12-31,2012-12-31,2021-08-05,-21861000.0,12000139000.0,,9132143000.0,2867996000.0,,10.618,-39115000.0,893352000.0,893352000.0,573797000.0,83661000.0,1.815,21.707,6985809000.0,2277323000.0,4708486000.0,6985809000.0,1249061000.0,47022000.0,2228411000.0,0.0,0.0,216731000.0,263753000.0,0.271,263753000.0,216731000.0,138355000.0,1.68,1.25,1.68,528487000.0,,528487000.0,12409355132.0,13.0,10.874,233014000.0,4.681,1.0,398047000.0,0.41,2333927000.0,78376000.0,10725892000.0,,0.0,6967674000.0,6967674000.0,0.0,11471652000.0,5032777000.0,6438875000.0,7217111132.0,127035000.0,-463964000.0,-54905000.0,996395000.0,0.0,1339190000.0,-1482793000.0,-969614000.0,272129000.0,-1491000.0,83661000.0,83661000.0,83661000.0,0.0,0.0,0.086,181316000.0,216731000.0,215470000.0,0.0,13.656,17.092,17.152,253028000.0,0.0,144.76,1.982,1.988,370110000.0,1553260000.0,971844000.0,971844000.0,0.0,,,,,7930000.0,31944000.0,1.0,49855700.0,49774000,65955000.0,19.525,9666212000.0,267295000.0,54694000.0,277354000.0,194.202,4099366000.0
35,ADS,MRQ,2012-09-30,2012-09-30,2012-09-30,2021-08-05,-21943000.0,10412304000.0,,8019605000.0,2392699000.0,,9.862,-21799000.0,766317000.0,766317000.0,499455000.0,119545000.0,1.671,20.142,5958561000.0,2203572000.0,3754989000.0,5958561000.0,1234090000.0,41732000.0,1835652000.0,0.0,0.0,264471000.0,306203000.0,0.336,306203000.0,264471000.0,190106000.0,2.39,1.84,2.39,492486000.0,,492486000.0,12308181978.0,13.0,11.217,422824000.0,8.467,1.0,412037000.0,0.452,1861800000.0,74365000.0,8942496000.0,,0.0,6130773000.0,6130773000.0,0.0,9919818000.0,4800252000.0,5119566000.0,7084291978.0,124118000.0,0.0,-2618000.0,66301000.0,0.0,248055000.0,-575576000.0,-1012796000.0,444623000.0,7016000.0,119545000.0,119545000.0,119545000.0,0.0,0.0,0.131,147566000.0,264471000.0,236891000.0,0.0,14.385,17.514,17.546,224018000.0,0.0,141.95,2.014,2.016,287643000.0,1469599000.0,911492000.0,911492000.0,0.0,,,,,10746000.0,24584000.0,1.0,49906953.0,49939000,65038000.0,18.252,8550504000.0,262634000.0,70561000.0,191036000.0,171.219,3219353000.0
36,ADS,MRQ,2012-06-30,2012-06-30,2012-06-30,2021-08-05,-22880000.0,9826914000.0,,7477468000.0,2349446000.0,,7.197,-24175000.0,642199000.0,642199000.0,506455000.0,103821000.0,1.918,26.222,5866089000.0,1657489000.0,4208600000.0,5866089000.0,1191160000.0,39403000.0,1652952000.0,0.0,0.0,240543000.0,279946000.0,0.323,279946000.0,240543000.0,167476000.0,2.07,1.63,2.07,360992000.0,,360992000.0,11737404775.0,13.0,11.052,153640000.0,3.063,1.0,360030000.0,0.416,1797885000.0,73067000.0,9354234000.0,,0.0,5278180000.0,5278180000.0,0.0,9465922000.0,3898685000.0,5567237000.0,6797879775.0,243155000.0,0.0,-52028000.0,499693000.0,0.0,814674000.0,-747816000.0,-347674000.0,177815000.0,-1518000.0,103821000.0,103821000.0,103821000.0,0.0,0.0,0.12,119487000.0,240543000.0,169938000.0,0.0,18.831,17.939,17.857,218938000.0,0.0,135.0,1.97,1.963,319292000.0,1350054000.0,866485000.0,866485000.0,0.0,,,,,11029000.0,27532000.0,1.0,50354665.0,50161000,63731000.0,17.274,8029029000.0,262996000.0,63655000.0,187246000.0,160.065,3578783000.0
37,ADS,MRQ,2012-03-31,2012-03-31,2012-03-31,2021-08-05,-24638000.0,8902316000.0,,6529566000.0,2372750000.0,,5.854,-31366000.0,399044000.0,399044000.0,526905000.0,115229000.0,1.848,29.324,5338569000.0,1444026000.0,3894543000.0,5338569000.0,1213886000.0,38719000.0,1287794000.0,0.0,0.0,252619000.0,291338000.0,0.327,291338000.0,252619000.0,186967000.0,2.3,1.86,2.3,293573000.0,,293573000.0,11530982796.0,14.0,11.418,208257000.0,4.153,1.0,364664000.0,0.409,1820863000.0,65652000.0,8488315000.0,,0.0,4986657000.0,4986657000.0,0.0,8608743000.0,3532663000.0,5076080000.0,6303434796.0,182831000.0,0.0,4407000.0,-143039000.0,0.0,-192900000.0,134835000.0,160311000.0,239623000.0,1273000.0,115229000.0,115229000.0,115229000.0,0.0,0.0,0.129,112045000.0,252619000.0,171353000.0,0.0,21.471,18.317,18.415,206569000.0,0.0,125.96,1.896,1.9,245011000.0,1246233000.0,891569000.0,891569000.0,0.0,,,,,593000.0,23999000.0,1.0,50043147.0,50147000,61849000.0,17.779,7081453000.0,294990000.0,71738000.0,155714000.0,141.214,2996903000.0
38,ADS,MRQ,2011-12-31,2011-12-31,2011-12-31,2021-08-05,-23056000.0,8980249000.0,,6606967000.0,2373282000.0,,3.526,-24966000.0,216213000.0,216213000.0,499114000.0,65906000.0,1.714,50.034,5443761000.0,1714032000.0,3729729000.0,5443761000.0,1226436000.0,38502000.0,1353775000.0,0.0,0.0,181302000.0,219804000.0,0.259,219804000.0,181302000.0,107326000.0,1.33,1.1,1.33,175966000.0,,175966000.0,10286661886.0,13.0,10.651,223881000.0,4.486,1.0,348435000.0,0.411,1833009000.0,73976000.0,8519617000.0,,0.0,5197690000.0,5197690000.0,0.0,8804283000.0,3855171000.0,4949112000.0,5188724886.0,-23357000.0,0.0,-48087000.0,89307000.0,0.0,24990000.0,-298900000.0,-711138000.0,248847000.0,1706000.0,65906000.0,65906000.0,65906000.0,0.0,0.0,0.078,167133000.0,181302000.0,149812000.0,0.0,29.487,16.457,16.695,195397000.0,0.0,103.84,1.635,1.659,300895000.0,1131004000.0,847549000.0,847549000.0,0.0,,,,,8090000.0,27054000.0,1.0,49968460.0,49904000,59085000.0,16.984,7147240000.0,295711000.0,41420000.0,151746000.0,143.22,2751796000.0
39,ADS,MRQ,2011-09-30,2011-09-30,2011-09-30,2021-08-05,-17705000.0,8769920000.0,,5901318000.0,2868602000.0,,2.883,-14601000.0,239570000.0,239570000.0,476993000.0,93981000.0,1.482,59.062,5337507000.0,1788956000.0,3548551000.0,5337507000.0,1174317000.0,43233000.0,1369005000.0,0.0,0.0,227679000.0,270912000.0,0.321,270912000.0,227679000.0,153323000.0,1.86,1.6,1.86,146015000.0,,146015000.0,10155744624.0,13.0,11.021,340032000.0,6.714,1.0,367851000.0,0.435,1845965000.0,74356000.0,8039942000.0,,0.0,4526162000.0,4526162000.0,0.0,8623905000.0,3981950000.0,4641955000.0,4720071624.0,6749000.0,0.0,-67250000.0,-352482000.0,0.0,122105000.0,-464503000.0,-182568000.0,354633000.0,-5486000.0,93981000.0,93981000.0,93981000.0,0.0,0.0,0.111,140172000.0,227679000.0,122055000.0,0.0,32.326,15.942,15.983,182069000.0,0.0,92.7,1.532,1.524,265156000.0,1065098000.0,844844000.0,844844000.0,0.0,,,,,11768000.0,26242000.0,1.0,50917709.0,50644000,58579000.0,16.682,6923955000.0,296557000.0,59342000.0,112216000.0,136.718,1919368000.0
40,ADS,MRQ,2011-06-30,2011-06-30,2011-06-30,2021-08-05,-38975000.0,8548447000.0,,5877484000.0,2670963000.0,,1.706,-15304000.0,232821000.0,232821000.0,431250000.0,69023000.0,1.76,97.11,5668494000.0,1514103000.0,4154391000.0,5668494000.0,1269018000.0,36020000.0,827681000.0,0.0,0.0,191791000.0,227811000.0,0.308,227811000.0,191791000.0,112997000.0,1.35,1.19,1.35,87131000.0,,87131000.0,9807886980.0,14.0,11.425,182175000.0,3.567,1.0,309208000.0,0.418,1887283000.0,78794000.0,8757930000.0,,0.0,4478202000.0,4478202000.0,0.0,8461316000.0,3338907000.0,5122409000.0,4799676980.0,-67541000.0,-359076000.0,-47202000.0,317897000.0,0.0,269793000.0,-535966000.0,-170983000.0,197479000.0,1153000.0,69023000.0,69023000.0,69023000.0,0.0,0.0,0.093,117417000.0,191791000.0,111543000.0,0.0,55.086,18.81,19.004,195850000.0,0.0,94.07,1.633,1.635,296271000.0,971117000.0,740458000.0,740458000.0,0.0,,,,,8989000.0,21021000.0,1.0,51022398.0,51070000,58145000.0,14.499,6661164000.0,306631000.0,43974000.0,118068000.0,130.432,2538577000.0
41,ADS,MRQ,2011-03-31,2011-03-31,2011-03-31,2021-08-05,-42071000.0,8029450000.0,,5779964000.0,2249486000.0,,0.997,-18631000.0,300362000.0,300362000.0,404525000.0,86376000.0,1.367,156.462,5308572000.0,2457475000.0,2851097000.0,5308572000.0,1238336000.0,35398000.0,830700000.0,0.0,0.0,211908000.0,247306000.0,0.334,247306000.0,211908000.0,140449000.0,1.69,1.56,1.69,50993000.0,,50993000.0,9782384473.0,14.0,11.851,191757000.0,3.751,1.0,335911000.0,0.454,1531030000.0,71459000.0,7279001000.0,,0.0,4374940000.0,4374940000.0,0.0,7978457000.0,4227629000.0,3750828000.0,4391584473.0,161248000.0,0.0,-48926000.0,-239785000.0,0.0,-307638000.0,258659000.0,385282000.0,210388000.0,-161000.0,86376000.0,86376000.0,86376000.0,0.0,0.0,0.117,124003000.0,211908000.0,113349000.0,0.0,86.121,18.811,19.129,170375000.0,0.0,85.89,1.531,1.531,228270000.0,902094000.0,740436000.0,740436000.0,0.0,,,,,-389000.0,20939000.0,1.0,51130335.0,51122000,55412000.0,14.484,6498420000.0,319950000.0,54073000.0,80037000.0,127.116,1552335000.0
42,ADS,MRQ,2010-12-31,2010-12-31,2010-12-31,2021-08-05,-34500000.0,8272152000.0,,6129535000.0,2142617000.0,,0.445,-20459000.0,139114000.0,139114000.0,440467000.0,46704000.0,1.587,357.195,5529914000.0,1999506000.0,3530408000.0,5529914000.0,1221242000.0,36727000.0,859100000.0,0.0,0.0,138732000.0,175459000.0,0.232,175459000.0,138732000.0,71075000.0,0.9,0.85,0.9,23094000.0,,23094000.0,8593473064.0,14.0,11.152,188746000.0,3.636,1.0,315256000.0,0.417,1536214000.0,67657000.0,8264550000.0,,0.0,4838354000.0,4838354000.0,0.0,8249058000.0,3862188000.0,4386870000.0,3693243064.0,-252112000.0,0.0,-69969000.0,221084000.0,0.0,43661000.0,-504939000.0,-513873000.0,209205000.0,-39000.0,46704000.0,46704000.0,46704000.0,1901000.0,0.0,0.062,174623000.0,140633000.0,121856000.0,0.0,159.922,19.063,19.249,170627000.0,0.0,71.03,1.323,1.337,260945000.0,815718000.0,755723000.0,755723000.0,0.0,,,,,15852000.0,22333000.0,1.0,51995538.0,51907000,55380000.0,14.559,6735938000.0,325970000.0,24371000.0,82637000.0,129.769,2267347000.0
43,ADS,MRQ,2010-09-30,2010-09-30,2010-09-30,2021-08-05,-18934000.0,8130496000.0,,6023563000.0,2106933000.0,,0.87,-16784000.0,391226000.0,391226000.0,385201000.0,53059000.0,2.033,176.65,5291456000.0,1148260000.0,4143196000.0,5291456000.0,1180849000.0,37907000.0,966800000.0,0.0,0.0,170009000.0,207916000.0,0.296,207916000.0,170009000.0,85890000.0,1.01,0.96,1.01,45767000.0,,45767000.0,8350905618.0,14.0,12.526,230225000.0,4.378,1.0,317242000.0,0.452,1546602000.0,84119000.0,8521858000.0,,0.0,4431595000.0,4431595000.0,0.0,8084729000.0,2962266000.0,5122463000.0,3434821618.0,140891000.0,-117000000.0,-60005000.0,105772000.0,0.0,-85036000.0,-20756000.0,-7471000.0,247009000.0,-326000.0,53059000.0,53059000.0,53059000.0,0.0,0.0,0.076,147233000.0,170009000.0,124040000.0,0.0,75.05,18.301,18.331,162758000.0,0.0,65.26,1.33,1.329,234570000.0,769014000.0,702443000.0,702443000.0,0.0,,,,,9678000.0,19767000.0,1.0,52632878.0,52584000,55218000.0,13.358,6583894000.0,340208000.0,32831000.0,106804000.0,125.207,3061297000.0
44,ADS,MRQ,2010-06-30,2010-06-30,2010-06-30,2021-08-05,-13489000.0,8046634000.0,,5931872000.0,2114762000.0,,0.654,-16084000.0,250335000.0,250335000.0,358708000.0,47320000.0,2.651,230.298,5166419000.0,522996000.0,4643423000.0,5166419000.0,1127557000.0,34421000.0,1098900000.0,0.0,0.0,160380000.0,194801000.0,0.291,194801000.0,160380000.0,76532000.0,0.89,0.83,0.89,34789000.0,,34789000.0,8035074069.0,15.0,13.76,223858000.0,4.209,1.0,311010000.0,0.464,1445077000.0,83848000.0,9279992000.0,,0.0,4516623000.0,4516623000.0,0.0,8011845000.0,2237649000.0,5774196000.0,3175423069.0,29771000.0,0.0,22992000.0,69737000.0,0.0,48882000.0,-258211000.0,-121079000.0,239942000.0,-842000.0,47320000.0,47320000.0,47320000.0,0.0,0.0,0.071,150630000.0,160380000.0,125534000.0,0.0,91.277,17.6,17.404,157593000.0,0.0,59.52,1.345,1.341,209609000.0,715955000.0,669718000.0,669718000.0,0.0,,,,,4762000.0,21509000.0,1.0,53350522.0,53188000,56821000.0,12.592,6601557000.0,339993000.0,29212000.0,107421000.0,124.117,3694223000.0
45,ADS,MRQ,2010-03-31,2010-03-31,2010-03-31,2021-08-05,-23198000.0,7919836000.0,,5900444000.0,2019392000.0,,-1.021,-15428000.0,220564000.0,220564000.0,361003000.0,46654000.0,2.315,-148.882,5080215000.0,754683000.0,4325532000.0,5080215000.0,1171458000.0,34171000.0,1150401000.0,0.0,0.0,158198000.0,192369000.0,0.29,192369000.0,158198000.0,75492000.0,0.89,0.84,0.89,-53555000.0,,-53555000.0,4931890958.0,11.0,9.826,191125000.0,3.645,1.0,302534000.0,0.456,1473211000.0,82706000.0,8758029000.0,,0.0,4507561000.0,4507561000.0,0.0,7973391000.0,2548247000.0,5425144000.0,3362916958.0,-74367000.0,0.0,-7881000.0,-404464000.0,0.0,-723182000.0,443122000.0,397525000.0,206553000.0,-860000.0,46654000.0,46654000.0,46654000.0,0.0,0.0,0.07,144336000.0,158198000.0,123615000.0,0.0,-62.794,20.691,20.98,161226000.0,0.0,63.99,1.565,1.562,189635000.0,668634000.0,663537000.0,663537000.0,0.0,,,,,6843000.0,22164000.0,1.0,52553789.0,52441000,55419000.0,12.653,6446625000.0,318090000.0,28838000.0,76800000.0,122.931,3352197000.0
46,ADS,MRQ,2009-12-31,2009-12-31,2009-12-31,2021-08-05,-65741000.0,5225667000.0,,2359505000.0,2866162000.0,,5.223,-13264000.0,213378000.0,213378000.0,379700000.0,40647000.0,1.108,18.157,1782352000.0,51963000.0,1730389000.0,1782352000.0,1146146000.0,-41112000.0,1465000000.0,0.0,0.0,112693000.0,71581000.0,0.131,71581000.0,112693000.0,71839000.0,0.77,0.71,0.77,272776000.0,,272776000.0,4738125064.0,13.0,11.14,39028000.0,0.747,1.0,166220000.0,0.304,1482872000.0,40854000.0,3181757000.0,,0.0,616298000.0,616298000.0,0.0,4952891000.0,2130012000.0,2822879000.0,3375828064.0,-236243000.0,-158901000.0,-23033000.0,32979000.0,0.0,215396000.0,-509097000.0,-88819000.0,52292000.0,5166000.0,40647000.0,40647000.0,40647000.0,19319000.0,0.0,0.074,55435000.0,110785000.0,103891000.0,0.0,12.376,23.487,25.035,165012000.0,0.0,64.59,1.719,1.834,225212000.0,1033039000.0,545920000.0,545920000.0,0.0,,,,,8734000.0,22647000.0,1.0,52265491.0,52222000,56947000.0,10.454,3742795000.0,197455000.0,31192000.0,140712000.0,71.671,229493000.0
47,ADS,MRQ,2009-09-30,2009-09-30,2009-09-30,2021-08-05,-76758000.0,4898555000.0,,2395983000.0,2502572000.0,,4.398,-15463000.0,449621000.0,449621000.0,326578000.0,45796000.0,1.298,20.079,1811918000.0,43447000.0,1768471000.0,1811918000.0,1130108000.0,31167000.0,1179900000.0,0.0,0.0,94025000.0,125192000.0,0.26,125192000.0,94025000.0,55462000.0,0.87,0.83,0.87,232393000.0,,232393000.0,4860050519.0,13.0,9.908,77574000.0,1.468,1.0,154853000.0,0.322,1422178000.0,38563000.0,2992290000.0,,0.0,776359000.0,776359000.0,0.0,4666162000.0,1846384000.0,2819778000.0,3245906519.0,331198000.0,0.0,-84851000.0,58782000.0,0.0,362853000.0,-129490000.0,-74677000.0,93037000.0,4798000.0,45796000.0,45796000.0,45796000.0,-479000.0,0.0,0.095,61307000.0,93546000.0,108745000.0,0.0,13.967,21.877,23.859,167291000.0,0.0,61.08,1.685,1.676,207725000.0,992392000.0,481431000.0,481431000.0,0.0,,,,,7784000.0,30143000.0,1.0,53141888.0,52841000,55136000.0,9.111,3476377000.0,210513000.0,9666000.0,165262000.0,65.789,549599000.0
48,ADS,MRQ,2009-06-30,2009-06-30,2009-06-30,2021-08-05,-68172000.0,4369435000.0,,1869077000.0,2500358000.0,,4.548,-13355000.0,118423000.0,118423000.0,326567000.0,29436000.0,1.095,15.878,1732567000.0,34288000.0,1698279000.0,1732567000.0,1028466000.0,31148000.0,797800000.0,0.0,0.0,81628000.0,112776000.0,0.246,112776000.0,81628000.0,47521000.0,0.52,0.51,0.52,258880000.0,,258880000.0,3701172678.0,9.0,7.049,128635000.0,2.26,1.0,130972000.0,0.286,1418542000.0,34107000.0,2857620000.0,,0.0,691280000.0,691280000.0,0.0,4110555000.0,1707417000.0,2403138000.0,2392194678.0,-203208000.0,0.0,-120914000.0,108141000.0,0.0,-222670000.0,-130337000.0,-92843000.0,141990000.0,7809000.0,29436000.0,29436000.0,29436000.0,-1049000.0,0.0,0.064,50393000.0,80579000.0,103857000.0,0.0,9.241,14.29,15.543,161183000.0,0.0,41.19,1.223,1.199,197103000.0,946596000.0,457539000.0,457539000.0,0.0,,,,,10624000.0,19214000.0,1.0,58077074.0,56918000,57808000.0,8.039,2950893000.0,198286000.0,18085000.0,154799000.0,51.845,161660000.0
49,ADS,MRQ,2009-03-31,2009-03-31,2009-03-31,2021-08-05,-49507000.0,4500117000.0,,2048369000.0,2451748000.0,,6.767,-10888000.0,321631000.0,321631000.0,321293000.0,27855000.0,1.01,9.875,1630609000.0,275392000.0,1355217000.0,1630609000.0,946082000.0,29334000.0,932900000.0,0.0,0.0,86426000.0,115760000.0,0.241,115760000.0,86426000.0,55139000.0,0.46,0.45,0.46,413791000.0,,413791000.0,3772750742.0,9.0,6.911,60207000.0,0.985,1.0,158158000.0,0.33,1411284000.0,31287000.0,2370565000.0,,0.0,678920000.0,678920000.0,0.0,4086326000.0,2027246000.0,2059080000.0,2202486742.0,164720000.0,0.0,-158179000.0,128261000.0,0.0,214610000.0,-119098000.0,-53953000.0,71095000.0,-1887000.0,27855000.0,27855000.0,27855000.0,15194000.0,0.0,0.058,56538000.0,101620000.0,114050000.0,0.0,5.323,11.909,13.485,160452000.0,0.0,36.95,1.098,1.127,194304000.0,917160000.0,479451000.0,479451000.0,0.0,,,,,17520000.0,27819000.0,1.0,59607219.0,61148000,61833000.0,7.841,3088833000.0,199273000.0,27284000.0,155854000.0,50.514,21123000.0
50,ADS,MRQ,2008-12-31,2008-12-31,2008-12-31,2021-08-05,-47849000.0,4341989000.0,,1924649000.0,2417340000.0,,8.63,-12458000.0,156911000.0,156911000.0,341068000.0,45284000.0,0.987,6.934,1491275000.0,275549000.0,1215726000.0,1491275000.0,995634000.0,32433000.0,688900000.0,0.0,0.0,104350000.0,136783000.0,0.269,136783000.0,104350000.0,78280000.0,0.71,0.68,0.71,547298000.0,,547298000.0,4288610692.0,10.0,7.417,-139790000.0,-2.204,1.0,166501000.0,0.328,1431566000.0,26070000.0,2295435000.0,,0.0,612940000.0,612940000.0,0.0,3794691000.0,1949352000.0,1845339000.0,3003055692.0,-221272000.0,2000.0,-139032000.0,259592000.0,0.0,261323000.0,-336943000.0,-142542000.0,-127332000.0,-18320000.0,45284000.0,45284000.0,45284000.0,3690000.0,0.0,0.089,58461000.0,108040000.0,107209000.0,0.0,5.487,14.55,16.156,168208000.0,0.0,46.53,1.483,1.643,218170000.0,889305000.0,507569000.0,507569000.0,0.0,,,,,18135000.0,25295000.0,1.0,64540204.0,63420000,65798000.0,8.003,2910423000.0,201895000.0,32996000.0,123476000.0,45.891,-24703000.0
51,ADS,MRQ,2008-09-30,2008-09-30,2008-09-30,2021-08-05,8777000.0,4193940000.0,,1243065000.0,2950875000.0,,7.595,-8567000.0,378183000.0,378183000.0,335117000.0,64830000.0,1.229,7.188,1663738000.0,276481000.0,1387257000.0,1663738000.0,1141688000.0,34067000.0,345800000.0,0.0,0.0,125711000.0,159778000.0,0.313,159778000.0,125711000.0,102386000.0,0.96,0.93,0.96,512190000.0,,512190000.0,5260354781.0,13.0,9.481,129452000.0,1.919,1.0,176108000.0,0.344,1468761000.0,23325000.0,2999384000.0,,0.0,373659000.0,373659000.0,0.0,3681750000.0,1011350000.0,2670400000.0,4264152781.0,167656000.0,45175000.0,-302578000.0,232171000.0,0.0,12888000.0,22493000.0,-33950000.0,138019000.0,-5744000.0,64830000.0,64830000.0,64830000.0,-5900000.0,0.0,0.127,56297000.0,119811000.0,134128000.0,0.0,8.325,21.861,24.099,177224000.0,0.0,63.38,2.091,2.096,228067000.0,848450000.0,511225000.0,511225000.0,0.0,,,,,19701000.0,24344000.0,1.0,67279154.0,67442000,69689000.0,7.58,2725179000.0,168902000.0,37556000.0,0.0,40.408,231715000.0
52,ADS,MRQ,2008-06-30,2008-06-30,2008-06-30,2021-08-05,24647000.0,4128843000.0,,1189009000.0,2939834000.0,,11.48,-14679000.0,208236000.0,208236000.0,340962000.0,46969000.0,1.126,3.694,1204438000.0,303855000.0,900583000.0,1204438000.0,1179274000.0,34369000.0,264800000.0,0.0,0.0,99200000.0,133569000.0,0.263,133569000.0,99200000.0,85258000.0,0.61,0.6,0.61,879623000.0,,879623000.0,5269475638.0,15.0,10.05,452169000.0,5.902,1.0,166248000.0,0.328,1490555000.0,13942000.0,2578414000.0,,0.0,454034000.0,454034000.0,0.0,3249220000.0,1056076000.0,2193144000.0,4484021638.0,-78997000.0,90307000.0,-436850000.0,153236000.0,0.0,-277493000.0,-271378000.0,106467000.0,466848000.0,3026000.0,46969000.0,46969000.0,46969000.0,14977000.0,0.0,0.093,52071000.0,114177000.0,132576000.0,0.0,5.098,28.131,27.721,188194000.0,0.0,56.55,2.219,2.144,214453000.0,779191000.0,507210000.0,507210000.0,0.0,,,,,7408000.0,14897000.0,1.0,79293044.0,76619000,78636000.0,6.62,2638288000.0,129273000.0,38289000.0,0.0,34.434,132933000.0
53,ADS,MRQ,2008-03-31,2008-03-31,2008-03-31,2021-08-05,23899000.0,3931410000.0,,1461825000.0,2469585000.0,,15.924,-13852000.0,241403000.0,241403000.0,324811000.0,49319000.0,1.619,2.144,1026857000.0,166500000.0,860357000.0,1026857000.0,806116000.0,42941000.0,281900000.0,0.0,0.0,105180000.0,148121000.0,0.297,148121000.0,105180000.0,88077000.0,0.63,0.61,0.63,1250591000.0,,1250591000.0,4453926568.0,12.0,8.393,-40368000.0,-0.514,1.0,174439000.0,0.349,1503853000.0,17103000.0,2310357000.0,,0.0,575247000.0,575247000.0,0.0,2680819000.0,902654000.0,1778165000.0,3759660568.0,23685000.0,0.0,2712000.0,57267000.0,0.0,-17024000.0,73310000.0,65970000.0,-26516000.0,-6085000.0,49319000.0,49319000.0,49319000.0,13383000.0,0.0,0.099,55876000.0,118563000.0,129150000.0,0.0,3.006,24.02,23.874,187744000.0,0.0,47.51,1.884,1.87,200402000.0,732222000.0,499250000.0,499250000.0,0.0,,,,,6820000.0,18268000.0,1.0,79134089.0,78536000,80589000.0,6.357,2427557000.0,119080000.0,38758000.0,0.0,30.91,559171000.0
54,ADS,MRQ,2007-12-31,2007-12-31,2007-12-31,2021-08-05,24040000.0,4162395000.0,,1993113000.0,2169282000.0,,15.302,-37994000.0,219210000.0,219210000.0,372084000.0,33941000.0,0.989,2.477,957650000.0,313589000.0,644061000.0,957650000.0,828348000.0,41109000.0,370400000.0,0.0,0.0,72252000.0,113361000.0,0.217,113361000.0,72252000.0,63000000.0,0.43,0.42,0.43,1196966000.0,,1196966000.0,6692106167.0,18.0,12.451,167678000.0,2.144,1.0,149881000.0,0.287,1529175000.0,9252000.0,1356664000.0,,0.0,652434000.0,652434000.0,0.0,2965429000.0,2014996000.0,950433000.0,5904771167.0,50500000.0,12350000.0,791000.0,-69277000.0,0.0,14894000.0,-173986000.0,-136899000.0,205672000.0,3920000.0,33941000.0,33941000.0,33941000.0,2986000.0,0.0,0.065,67019000.0,82862000.0,133857000.0,0.0,4.933,35.991,35.88,192759000.0,0.0,74.99,3.009,2.996,228582000.0,682903000.0,521965000.0,521965000.0,0.0,,,,,13516000.0,13891000.0,1.0,78740781.0,78223000,80934000.0,6.673,2633220000.0,187390000.0,29059000.0,58801000.0,33.663,-21883000.0
55,ADS,MRQ,2007-09-30,2007-09-30,2007-09-30,2021-08-05,24973000.0,4018603000.0,,1420510000.0,2598093000.0,,14.73,-31126000.0,215339000.0,215339000.0,319086000.0,29171000.0,1.119,2.489,1002674000.0,309138000.0,693536000.0,1002674000.0,804162000.0,42960000.0,312000000.0,0.0,0.0,86330000.0,129290000.0,0.263,129290000.0,86330000.0,65707000.0,0.37,0.36,0.37,1151910000.0,,1151910000.0,7033148219.0,18.0,12.926,187088000.0,2.392,1.0,172941000.0,0.351,1616346000.0,20623000.0,1920429000.0,,0.0,537245000.0,537245000.0,0.0,2866693000.0,1269163000.0,1597530000.0,6096439219.0,72206000.0,-203000.0,468000.0,-77606000.0,0.0,-26180000.0,-125933000.0,-72405000.0,218214000.0,6105000.0,29171000.0,29171000.0,29171000.0,32093000.0,0.0,0.059,57370000.0,115571000.0,141886000.0,0.0,5.292,35.919,36.019,241405000.0,0.0,77.44,3.771,3.746,322453000.0,648963000.0,492027000.0,492027000.0,0.0,,,,,17417000.0,22488000.0,1.0,78724680.0,78201000,80734000.0,6.292,2402257000.0,89670000.0,36536000.0,0.0,30.719,151347000.0
56,ADS,MRQ,2007-06-30,2007-06-30,2007-06-30,2021-08-05,16457000.0,3776115000.0,,1221183000.0,2554932000.0,,14.123,-25661000.0,143133000.0,143133000.0,319870000.0,44089000.0,1.152,2.421,1079842000.0,308773000.0,771069000.0,1079842000.0,738176000.0,43157000.0,261000000.0,0.0,0.0,96772000.0,139929000.0,0.29,139929000.0,96772000.0,75841000.0,0.56,0.55,0.56,1103875000.0,,1103875000.0,7100679637.0,18.0,13.208,93358000.0,1.194,1.0,161950000.0,0.336,1620456000.0,20931000.0,2032674000.0,,0.0,470563000.0,470563000.0,0.0,2672240000.0,1059694000.0,1612546000.0,6081890637.0,-10743000.0,749000.0,6592000.0,-98539000.0,0.0,-60292000.0,-72007000.0,-24865000.0,119019000.0,2537000.0,44089000.0,44089000.0,44089000.0,7446000.0,0.0,0.092,59729000.0,102221000.0,76332000.0,0.0,5.51,32.122,32.335,249756000.0,0.0,77.28,3.729,3.703,313174000.0,619791000.0,481820000.0,481820000.0,0.0,,,,,7809000.0,21216000.0,1.0,78699413.0,78160000,80504000.0,6.165,2155659000.0,94619000.0,31752000.0,12478000.0,27.58,161489000.0
57,ADS,MRQ,2007-03-31,2007-03-31,2007-03-31,2021-08-05,9448000.0,3638494000.0,,1146541000.0,2491953000.0,,13.043,-21871000.0,153876000.0,153876000.0,293591000.0,56860000.0,1.172,2.531,1172665000.0,308040000.0,864625000.0,1172665000.0,664564000.0,39406000.0,234100000.0,0.0,0.0,115491000.0,154897000.0,0.332,154897000.0,115491000.0,96916000.0,0.72,0.7,0.72,1030573000.0,,1030573000.0,5468789108.0,14.0,10.638,6745000.0,0.085,1.0,172756000.0,0.37,1611337000.0,18575000.0,2067289000.0,,0.0,455533000.0,455533000.0,0.0,2607921000.0,978657000.0,1629264000.0,4903487108.0,-26199000.0,-438712000.0,-95495000.0,426941000.0,0.0,268653000.0,-322882000.0,108478000.0,28616000.0,-586000.0,56860000.0,56860000.0,56860000.0,7855000.0,0.0,0.122,52185000.0,120571000.0,81700000.0,0.0,4.758,25.802,25.782,241951000.0,0.0,61.62,2.991,2.969,269850000.0,575702000.0,466347000.0,466347000.0,0.0,,,,,9338000.0,23303000.0,1.0,79576227.0,79016000,81109000.0,5.902,2027157000.0,88709000.0,40056000.0,5143000.0,25.655,167884000.0
58,ADS,MRQ,2006-12-31,2006-12-31,2006-12-31,2021-08-05,9248000.0,3404015000.0,,1309975000.0,2094040000.0,,13.515,-28150000.0,180075000.0,180075000.0,54010000.0,39609000.0,1.492,2.177,745377000.0,7902000.0,737475000.0,745377000.0,651506000.0,33613000.0,299000000.0,0.0,0.0,86384000.0,119997000.0,0.681,119997000.0,86384000.0,73302000.0,0.5,0.48,0.5,1071533000.0,,1071533000.0,5437638179.0,15.0,11.145,16860000.0,0.213,1.0,122277000.0,0.694,1233905000.0,13082000.0,1857692000.0,,0.0,569389000.0,569389000.0,0.0,2332482000.0,877720000.0,1454762000.0,4980829179.0,35343000.0,-72449000.0,-16793000.0,147548000.0,0.0,263643000.0,-270053000.0,-123988000.0,45010000.0,-3257000.0,39609000.0,39609000.0,39609000.0,16792000.0,0.0,0.225,20696000.0,101581000.0,112582000.0,0.0,4.648,26.27,26.248,208327000.0,0.0,62.47,3.018,3.018,271563000.0,527686000.0,176287000.0,176287000.0,0.0,,,,,7840000.0,22698000.0,1.0,79731538.0,79285000,81773000.0,2.223,2170110000.0,88722000.0,33693000.0,44234000.0,27.371,432255000.0
59,ADS,MRQ,2006-09-30,2006-09-30,2006-09-30,2021-08-05,13150000.0,3019432000.0,,1027306000.0,1992126000.0,,13.05,-23575000.0,144732000.0,144732000.0,357247000.0,48780000.0,1.536,1.906,601541000.0,7999000.0,593542000.0,601541000.0,678414000.0,31978000.0,165800000.0,0.0,0.0,90820000.0,122798000.0,0.242,122798000.0,90820000.0,78570000.0,0.61,0.6,0.61,1038966000.0,,1038966000.0,4829197253.0,14.0,10.606,79100000.0,0.994,1.0,149337000.0,0.295,1189702000.0,12250000.0,1617841000.0,,0.0,387187000.0,387187000.0,0.0,1980466000.0,668698000.0,1311768000.0,4421058253.0,-6285000.0,-5000000.0,-48650000.0,35950000.0,0.0,-35326000.0,-74114000.0,-51502000.0,102675000.0,480000.0,48780000.0,48780000.0,48780000.0,0.0,0.0,0.096,60128000.0,89209000.0,79817000.0,0.0,4.255,24.382,24.42,199719000.0,0.0,55.19,2.332,2.318,235700000.0,488077000.0,506584000.0,506584000.0,0.0,,,,,9900000.0,28150000.0,1.0,80106147.0,79612000,81491000.0,6.363,1829730000.0,74460000.0,29790000.0,29007000.0,22.983,358608000.0
60,ADS,MRQ,2006-06-30,2006-06-30,2006-06-30,2021-08-05,10310000.0,2909858000.0,,915766000.0,1994092000.0,,12.773,-28230000.0,151017000.0,151017000.0,354353000.0,44795000.0,1.54,1.845,559156000.0,6715000.0,552441000.0,559156000.0,662327000.0,31911000.0,190100000.0,0.0,0.0,84492000.0,116403000.0,0.237,116403000.0,84492000.0,73123000.0,0.56,0.55,0.56,1022810000.0,,1022810000.0,5083083366.0,17.0,12.199,151219000.0,1.888,1.0,136094000.0,0.277,1197449000.0,11369000.0,1526023000.0,,0.0,357016000.0,357016000.0,0.0,1887048000.0,594525000.0,1292523000.0,4776942366.0,-105811000.0,-91994000.0,-20635000.0,-11663000.0,0.0,-112700000.0,-174101000.0,-13673000.0,179449000.0,1541000.0,44795000.0,44795000.0,44795000.0,0.0,0.0,0.091,52912000.0,83182000.0,70198000.0,0.0,4.67,28.367,28.279,192970000.0,0.0,58.82,2.693,2.655,227047000.0,439297000.0,490447000.0,490447000.0,0.0,,,,,4900000.0,21001000.0,1.0,81212893.0,80074000,81924000.0,6.125,1712409000.0,69679000.0,28328000.0,39080000.0,21.385,321241000.0
61,ADS,MRQ,2006-03-31,2006-03-31,2006-03-31,2021-08-05,7503000.0,2907902000.0,,1068514000.0,1839388000.0,,12.133,-20397000.0,256828000.0,256828000.0,330319000.0,56421000.0,1.109,1.993,562969000.0,305775000.0,257194000.0,562969000.0,618786000.0,27538000.0,278200000.0,0.0,0.0,101160000.0,128698000.0,0.27,128698000.0,101160000.0,90871000.0,0.7,0.69,0.7,971410000.0,,971410000.0,4078600530.0,15.0,10.688,50379000.0,0.629,1.0,146912000.0,0.308,1119094000.0,10289000.0,1131191000.0,,0.0,428963000.0,428963000.0,0.0,1936492000.0,963758000.0,972734000.0,3763969530.0,113615000.0,-36124000.0,-11089000.0,104230000.0,0.0,-3347000.0,46166000.0,56269000.0,70776000.0,20000.0,56421000.0,56421000.0,56421000.0,0.0,0.0,0.118,47504000.0,99408000.0,72336000.0,0.0,3.875,23.825,24.108,169927000.0,0.0,46.77,2.276,2.264,195814000.0,394502000.0,477231000.0,477231000.0,0.0,,,,,2892000.0,19966000.0,1.0,80478288.0,80065000,81667000.0,5.961,1788808000.0,70221000.0,34450000.0,59662000.0,22.342,104756000.0
62,ADS,MRQ,2005-12-31,2005-12-31,2005-12-31,2021-08-05,8089000.0,2926082000.0,,1042453000.0,1883629000.0,,11.372,-20305000.0,143213000.0,143213000.0,312179000.0,31329000.0,0.994,2.177,457844000.0,235843000.0,222001000.0,457844000.0,610533000.0,26224000.0,379100000.0,0.0,0.0,61223000.0,87447000.0,0.208,87447000.0,61223000.0,50261000.0,0.39,0.38,0.39,921107000.0,,921107000.0,3088523202.0,13.0,9.075,-99809000.0,-1.232,1.0,109002000.0,0.259,1123470000.0,10962000.0,1068672000.0,,0.0,479108000.0,479108000.0,0.0,2004975000.0,1048571000.0,956404000.0,2920483202.0,-14584000.0,-1226000.0,-83067000.0,129833000.0,0.0,258866000.0,-194728000.0,-103163000.0,-79504000.0,782000.0,31329000.0,31329000.0,31329000.0,0.0,0.0,0.074,51796000.0,57206000.0,67384000.0,0.0,3.171,21.049,21.065,162972000.0,0.0,35.6,1.881,1.885,203883000.0,338081000.0,421181000.0,421181000.0,0.0,,,,,9328000.0,25572000.0,1.0,82036045.0,80996000,82588000.0,5.2,1802612000.0,70221000.0,18932000.0,62847000.0,22.256,-6118000.0
63,ADS,MRQ,2005-09-30,2005-09-30,2005-09-30,2021-08-05,8172000.0,2469053000.0,,750463000.0,1718590000.0,,11.636,-17011000.0,157797000.0,157797000.0,277627000.0,35851000.0,1.084,1.564,325837000.0,210429000.0,115408000.0,325837000.0,598314000.0,24329000.0,167000000.0,0.0,0.0,59805000.0,84134000.0,0.219,84134000.0,59805000.0,57383000.0,0.43,0.42,0.43,962965000.0,,962965000.0,3454436816.0,16.0,11.227,31265000.0,0.378,1.0,107186000.0,0.279,1066313000.0,2422000.0,878526000.0,,0.0,255215000.0,255215000.0,0.0,1506088000.0,692254000.0,813834000.0,3273119816.0,57402000.0,-124331000.0,-34992000.0,43831000.0,0.0,173539000.0,-165985000.0,-27127000.0,48276000.0,1572000.0,35851000.0,35851000.0,35851000.0,0.0,0.0,0.093,47381000.0,59805000.0,65843000.0,0.0,3.399,26.517,26.1,155662000.0,0.0,39.15,2.214,2.192,197033000.0,306752000.0,384813000.0,384813000.0,0.0,,,,,4739000.0,23050000.0,1.0,83604593.0,82755000,85249000.0,4.65,1402740000.0,48727000.0,21532000.0,48948000.0,16.951,58209000.0
64,ADS,MRQ,2005-06-30,2005-06-30,2005-06-30,2021-08-05,5031000.0,2187959000.0,,608894000.0,1579065000.0,,11.593,-16679000.0,100395000.0,100395000.0,270628000.0,34383000.0,1.28,1.281,281712000.0,140963000.0,140749000.0,281712000.0,554222000.0,23984000.0,2300000.0,0.0,0.0,57347000.0,81331000.0,0.219,81331000.0,57347000.0,54994000.0,0.42,0.4,0.42,959302000.0,,959302000.0,3527712726.0,18.0,12.244,42971000.0,0.519,1.0,99940000.0,0.27,937500000.0,2353000.0,956080000.0,,0.0,218080000.0,218080000.0,0.0,1228657000.0,475696000.0,752961000.0,3381597726.0,-56305000.0,-13022000.0,-5405000.0,-23658000.0,0.0,-62263000.0,-53577000.0,-30079000.0,59650000.0,-115000.0,34383000.0,34383000.0,34383000.0,0.0,0.0,0.093,42593000.0,57347000.0,76007000.0,0.0,3.525,29.773,29.18,146604000.0,0.0,40.56,2.429,2.411,181293000.0,270901000.0,370568000.0,370568000.0,0.0,,,,,5319000.0,18611000.0,1.0,83372725.0,82750000,85638000.0,4.478,1250459000.0,46960000.0,20611000.0,45459000.0,15.111,133198000.0
65,ADS,MRQ,2005-03-31,2005-03-31,2005-03-31,2021-08-05,4110000.0,2187480000.0,,618587000.0,1568893000.0,,11.226,-11905000.0,156700000.0,156700000.0,264157000.0,37182000.0,1.275,1.367,302815000.0,135877000.0,166938000.0,302815000.0,549835000.0,25170000.0,35500000.0,0.0,0.0,62249000.0,87419000.0,0.233,87419000.0,62249000.0,59488000.0,0.45,0.43,0.45,924192000.0,,924192000.0,3596032124.0,20.0,13.09,68754000.0,0.835,1.0,111718000.0,0.297,937404000.0,2761000.0,911139000.0,,0.0,193204000.0,193204000.0,0.0,1263288000.0,485052000.0,778236000.0,3337618124.0,72291000.0,-2322000.0,7527000.0,-39890000.0,0.0,-91563000.0,83339000.0,53584000.0,80659000.0,-144000.0,37182000.0,37182000.0,37182000.0,0.0,0.0,0.099,49469000.0,62249000.0,73509000.0,0.0,3.611,31.131,30.606,142167000.0,0.0,40.4,2.526,2.517,149627000.0,236518000.0,375875000.0,375875000.0,0.0,,,,,8405000.0,24299000.0,1.0,82614310.0,82329000,85713000.0,4.566,1250076000.0,49600000.0,22306000.0,47582000.0,15.184,133535000.0
66,ADS,MRQ,2004-12-31,2004-12-31,2004-12-31,2021-08-05,4470000.0,2239080000.0,,617346000.0,1621734000.0,,10.899,-13085000.0,84409000.0,84409000.0,261325000.0,16017000.0,1.101,1.572,342823000.0,135962000.0,206861000.0,342823000.0,547123000.0,24313000.0,94700000.0,0.0,0.0,30506000.0,54819000.0,0.158,54819000.0,30506000.0,25707000.0,0.2,0.19,0.2,870520000.0,,870520000.0,3820976054.0,22.0,14.406,57216000.0,0.716,1.0,85511000.0,0.247,942925000.0,4799000.0,993950000.0,,0.0,248074000.0,248074000.0,0.0,1368560000.0,560619000.0,807941000.0,3877813054.0,-74581000.0,-328713000.0,8898000.0,229576000.0,0.0,300574000.0,-448092000.0,-48441000.0,70301000.0,2636000.0,16017000.0,16017000.0,16017000.0,0.0,0.0,0.046,57559000.0,27952000.0,56214000.0,0.0,4.455,37.88,37.386,147531000.0,0.0,47.48,3.084,3.044,158236000.0,199336000.0,346836000.0,346836000.0,0.0,,,,,26976000.0,33246000.0,1.0,81672558.0,79873000,84784000.0,4.342,1296155000.0,49606000.0,9690000.0,49283000.0,16.228,56727000.0
67,ADS,MRQ,2004-09-30,2004-09-30,2004-09-30,2021-08-05,2538000.0,1778076000.0,,620606000.0,1157470000.0,,10.047,-12921000.0,158990000.0,158990000.0,218908000.0,25997000.0,1.774,1.175,102153000.0,4255000.0,97898000.0,102153000.0,500888000.0,21792000.0,32600000.0,0.0,0.0,42758000.0,64550000.0,0.216,64550000.0,42758000.0,41729000.0,0.32,0.31,0.32,817686000.0,,817686000.0,3283079358.0,18.0,12.356,68545000.0,0.842,1.0,79964000.0,0.268,604436000.0,1029000.0,767030000.0,,0.0,209635000.0,209635000.0,0.0,960390000.0,349773000.0,610617000.0,3279542358.0,4352000.0,0.0,10067000.0,88046000.0,0.0,-69687000.0,-6904000.0,0.0,81466000.0,-523000.0,25997000.0,25997000.0,25997000.0,0.0,0.0,0.087,37206000.0,42758000.0,66848000.0,0.0,4.011,30.89,30.727,118451000.0,0.0,40.56,2.714,2.732,127835000.0,183319000.0,298872000.0,298872000.0,0.0,,,,,0.0,15414000.0,1.0,80856567.0,81387000,84703000.0,3.672,1173640000.0,44512000.0,15732000.0,2691000.0,14.42,270833000.0
68,ADS,MRQ,2004-06-30,2004-06-30,2004-06-30,2021-08-05,-100000.0,1773889000.0,,587346000.0,1186543000.0,,9.652,-10702000.0,154638000.0,154638000.0,217588000.0,28016000.0,1.672,1.277,158175000.0,4392000.0,153783000.0,158175000.0,464390000.0,21979000.0,51500000.0,0.0,0.0,45941000.0,67920000.0,0.227,67920000.0,45941000.0,44970000.0,0.35,0.33,0.35,778985000.0,,778985000.0,3511987703.0,20.0,13.741,140758000.0,1.744,1.0,82121000.0,0.274,612467000.0,971000.0,813579000.0,,0.0,185984000.0,185984000.0,0.0,994904000.0,351380000.0,643524000.0,3390664703.0,47465000.0,-780000.0,11126000.0,-110170000.0,0.0,-99044000.0,-4633000.0,0.0,151460000.0,-318000.0,28016000.0,28016000.0,28016000.0,0.0,0.0,0.093,35881000.0,46240000.0,76807000.0,0.0,4.353,33.487,33.268,122563000.0,0.0,42.25,2.901,2.918,118931000.0,157322000.0,299709000.0,299709000.0,0.0,,,,,0.0,13901000.0,1.0,80252419.0,80711000,84254000.0,3.713,1161422000.0,46047000.0,16954000.0,15693000.0,14.39,235966000.0
69,ADS,MRQ,2004-03-31,2004-03-31,2004-03-31,2021-08-05,1471000.0,1837064000.0,,593467000.0,1243597000.0,,9.251,-11621000.0,107173000.0,107173000.0,219541000.0,32341000.0,1.396,1.478,228496000.0,47990000.0,180506000.0,228496000.0,465149000.0,23314000.0,91000000.0,0.0,0.0,54640000.0,77954000.0,0.25,77954000.0,54640000.0,51911000.0,0.4,0.39,0.4,741413000.0,,741413000.0,2798877061.0,18.0,11.856,33781000.0,0.422,1.0,92482000.0,0.296,621673000.0,2729000.0,911515000.0,,0.0,255065000.0,255065000.0,0.0,1095651000.0,425199000.0,670452000.0,2676871061.0,39428000.0,0.0,4437000.0,-69911000.0,0.0,-65474000.0,59770000.0,0.0,45402000.0,-270000.0,32341000.0,32341000.0,32341000.0,0.0,0.0,0.104,37333000.0,55149000.0,68789000.0,0.0,3.61,30.654,30.5,128233000.0,0.0,33.55,2.39,2.401,112067000.0,129306000.0,312023000.0,312023000.0,0.0,,,,,0.0,14019000.0,1.0,79787513.0,80143000,83188000.0,3.893,1215391000.0,45871000.0,19570000.0,11060000.0,15.165,168268000.0
70,ADS,MRQ,2003-12-31,2003-12-31,2003-12-31,2021-08-05,-833000.0,1867424000.0,,581306000.0,1286118000.0,,8.817,-17197000.0,67745000.0,67745000.0,230686000.0,19815000.0,1.211,1.659,189751000.0,4990000.0,184761000.0,189751000.0,476387000.0,20663000.0,200400000.0,0.0,0.0,34614000.0,55277000.0,0.186,55277000.0,34614000.0,32043000.0,0.25,0.24,0.25,702331000.0,,702331000.0,2408447236.0,19.0,12.15,3103000.0,0.039,1.0,67206000.0,0.226,628148000.0,2571000.0,881262000.0,,0.0,271396000.0,271396000.0,0.0,1165093000.0,480020000.0,685073000.0,2204472236.0,22688000.0,-34187000.0,4623000.0,36297000.0,0.0,145120000.0,-141633000.0,-74402000.0,20300000.0,-1099000.0,19815000.0,19815000.0,19815000.0,0.0,0.0,0.067,32148000.0,35058000.0,63466000.0,0.0,3.139,32.757,32.186,133746000.0,0.0,27.68,2.106,2.063,124377000.0,96965000.0,297892000.0,297892000.0,0.0,,,,,5300000.0,11485000.0,1.0,79641338.0,79656000,82107000.0,3.74,1239276000.0,45881000.0,12228000.0,6744000.0,15.558,101286000.0
71,ADS,MRQ,2003-09-30,2003-09-30,2003-09-30,2021-08-05,3901000.0,1667812000.0,,509658000.0,1158154000.0,,8.55,-9719000.0,45057000.0,45057000.0,191241000.0,21080000.0,1.094,1.462,249032000.0,152101000.0,96931000.0,249032000.0,417481000.0,18141000.0,0.0,0.0,0.0,36297000.0,54438000.0,0.21,54438000.0,36297000.0,34192000.0,0.27,0.26,0.27,677394000.0,,677394000.0,2211093024.0,21.0,12.358,-10925000.0,-0.138,1.0,67846000.0,0.262,569483000.0,2105000.0,836443000.0,,0.0,225250000.0,225250000.0,0.0,990418000.0,465861000.0,524557000.0,2095029024.0,-89919000.0,-14916000.0,5632000.0,-4145000.0,0.0,1487000.0,-82374000.0,0.0,-1206000.0,-7826000.0,21080000.0,21080000.0,21080000.0,0.0,0.0,0.081,31087000.0,36759000.0,80591000.0,0.0,3.093,37.735,36.667,126215000.0,0.0,26.4,2.136,2.132,105579000.0,77217000.0,259087000.0,259087000.0,0.0,,,,,2654000.0,12945000.0,1.0,79357160.0,79227000,82352000.0,3.27,1098329000.0,57745000.0,13112000.0,0.0,13.863,43797000.0
72,ADS,MRQ,2003-06-30,2003-06-30,2003-06-30,2021-08-05,51000.0,1664311000.0,,555836000.0,1108475000.0,,8.35,-9990000.0,134976000.0,134976000.0,186540000.0,14089000.0,1.149,1.563,251040000.0,143855000.0,107185000.0,251040000.0,406814000.0,18479000.0,0.0,0.0,0.0,29928000.0,48407000.0,0.193,48407000.0,29928000.0,22821000.0,0.18,0.18,0.18,649298000.0,,649298000.0,2012831592.0,23.0,12.669,-17651000.0,-0.227,1.0,64494000.0,0.257,533028000.0,7107000.0,763431000.0,,0.0,180436000.0,180436000.0,0.0,1015013000.0,483916000.0,531097000.0,1841668592.0,35312000.0,-88000.0,70298000.0,-29692000.0,0.0,40606000.0,-3162000.0,0.0,-7661000.0,5529000.0,14089000.0,14089000.0,14089000.0,0.0,0.0,0.056,29494000.0,35000000.0,89263000.0,0.0,2.836,43.63,42.545,127729000.0,0.0,23.4,1.958,1.934,108135000.0,58603000.0,251034000.0,251034000.0,0.0,,,,,0.0,11015000.0,1.0,78703786.0,77761000,80204000.0,3.228,1131283000.0,58242000.0,8732000.0,0.0,14.548,71920000.0
73,ADS,MRQ,2003-03-31,2003-03-31,2003-03-31,2021-08-05,-7785000.0,1554405000.0,,458412000.0,1095993000.0,,7.47,-10049000.0,99664000.0,99664000.0,180406000.0,12314000.0,0.931,1.78,270827000.0,166260000.0,104567000.0,270827000.0,379411000.0,17278000.0,0.0,0.0,0.0,24482000.0,41760000.0,0.174,41760000.0,24482000.0,19926000.0,0.16,0.16,0.16,559217000.0,,559217000.0,1537358882.0,22.0,11.094,95394000.0,1.274,1.0,59783000.0,0.249,538025000.0,4556000.0,695335000.0,,0.0,144838000.0,144838000.0,0.0,995188000.0,492208000.0,502980000.0,1274886882.0,69225000.0,-2465000.0,885000.0,-23095000.0,0.0,-22210000.0,-20560000.0,0.0,105443000.0,6552000.0,12314000.0,12314000.0,12314000.0,0.0,0.0,0.051,34153000.0,25630000.0,89307000.0,0.0,2.28,40.455,40.476,123110000.0,0.0,17.0,1.424,1.422,86034000.0,46656000.0,240189000.0,240189000.0,0.0,,,,,0.0,16875000.0,1.0,74993346.0,74866000,76463000.0,3.208,1016380000.0,53373000.0,7612000.0,0.0,13.576,-33796000.0
74,ADS,MRQ,2002-12-31,2002-12-31,2002-12-31,2021-08-05,-3916000.0,1448355000.0,,388940000.0,1059415000.0,,7.225,-11265000.0,30439000.0,30439000.0,180216000.0,8036000.0,0.918,1.669,196711000.0,94993000.0,101718000.0,196711000.0,353804000.0,17286000.0,96200000.0,0.0,0.0,17030000.0,34316000.0,0.149,34316000.0,17030000.0,13369000.0,0.11,0.11,0.11,542558000.0,,542558000.0,1536996029.0,25.0,11.997,20061000.0,0.267,1.0,50462000.0,0.219,505119000.0,3661000.0,685898000.0,,0.0,147899000.0,147899000.0,0.0,905797000.0,423610000.0,482187000.0,1326532029.0,-50012000.0,-682000.0,9529000.0,-6130000.0,0.0,3399000.0,-89337000.0,0.0,31326000.0,4600000.0,8036000.0,8036000.0,8036000.0,0.0,0.0,0.035,31830000.0,18632000.0,72586000.0,0.0,2.445,56.069,55.375,119638000.0,0.0,17.72,1.533,1.524,89097000.0,29667000.0,230678000.0,230678000.0,0.0,,,,,2948000.0,14544000.0,1.0,74860724.0,75091000,76933000.0,3.072,943236000.0,52711000.0,5333000.0,0.0,12.561,-34670000.0
75,ADS,MRQ,2002-09-30,2002-09-30,2002-09-30,2021-08-05,-9136000.0,1494717000.0,,483566000.0,1011151000.0,,7.103,-10449000.0,80451000.0,80451000.0,164852000.0,7772000.0,0.991,1.822,290915000.0,179710000.0,111205000.0,290915000.0,349835000.0,16628000.0,0.0,0.0,0.0,17763000.0,34391000.0,0.157,34391000.0,17763000.0,12794000.0,0.1,0.1,0.1,529575000.0,,529575000.0,1350974557.0,27.0,7.755,92992000.0,1.247,1.0,53887000.0,0.246,518228000.0,4969000.0,699006000.0,,0.0,194459000.0,194459000.0,0.0,965142000.0,487947000.0,477195000.0,1132343557.0,-544000.0,-9190000.0,0.0,-12850000.0,0.0,-12850000.0,-79291000.0,0.0,103441000.0,-11844000.0,7772000.0,7772000.0,7772000.0,0.0,0.0,0.036,30969000.0,22918000.0,101617000.0,0.0,2.138,89.035,84.167,121585000.0,0.0,15.15,1.345,1.342,90094000.0,23761000.0,218739000.0,218739000.0,0.0,,,,,0.0,14342000.0,1.0,74742149.0,74557000,76416000.0,2.934,976489000.0,0.0,5022000.0,0.0,13.097,-4381000.0
76,ADS,MRQ,2002-06-30,2002-06-30,2002-06-30,2021-08-05,-8695000.0,1522198000.0,,507860000.0,1014338000.0,,7.037,-11083000.0,80995000.0,80995000.0,160695000.0,3392000.0,1.043,1.921,299626000.0,153826000.0,145800000.0,299626000.0,350859000.0,16453000.0,0.0,0.0,0.0,11652000.0,28105000.0,0.137,28105000.0,11652000.0,6652000.0,0.05,0.04,0.05,521042000.0,,521042000.0,2113270402.0,53.0,14.416,-4294000.0,-0.058,1.0,44846000.0,0.218,514259000.0,5000000.0,739568000.0,,0.0,0.0,0.0,0.0,1001156000.0,487002000.0,514154000.0,1904132402.0,3708000.0,0.0,-4033000.0,19669000.0,0.0,15636000.0,-30718000.0,0.0,6789000.0,12001000.0,3392000.0,3392000.0,3392000.0,0.0,0.0,0.017,26713000.0,18133000.0,84215000.0,0.0,3.654,2755.619,1277.5,116758000.0,0.0,25.55,2.309,2.294,86816000.0,15990000.0,205541000.0,205541000.0,0.0,,,,,0.0,10260000.0,1.0,74525730.0,74045000,76827000.0,2.776,1007939000.0,0.0,3260000.0,0.0,13.613,20858000.0
77,ADS,MRQ,2002-03-31,2002-03-31,2002-03-31,2021-08-05,-8003000.0,1523241000.0,,517633000.0,1005608000.0,,6.972,-9582000.0,77287000.0,77287000.0,164781000.0,4459000.0,1.113,1.953,286425000.0,88525000.0,197900000.0,286425000.0,334827000.0,16108000.0,0.0,0.0,0.0,15199000.0,31307000.0,0.149,31307000.0,15199000.0,8905000.0,0.06,0.06,0.06,515905000.0,,515905000.0,2039278571.0,52.0,15.776,-28569000.0,-0.386,1.0,45558000.0,0.217,520235000.0,6294000.0,746955000.0,,0.0,0.0,0.0,0.0,1007336000.0,465189000.0,542147000.0,1847259571.0,-40248000.0,-26019000.0,4033000.0,-25888000.0,0.0,-21855000.0,6743000.0,0.0,-18987000.0,-6149000.0,4459000.0,4459000.0,4459000.0,0.0,0.0,0.021,30746000.0,14812000.0,86924000.0,0.0,3.581,-673.445,-419.0,115710000.0,0.0,25.14,2.301,2.317,84568000.0,12597000.0,210339000.0,210339000.0,0.0,,,,,0.0,14638000.0,1.0,73478901.0,73996000,76607000.0,2.843,1003006000.0,0.0,4446000.0,0.0,13.555,52444000.0
78,ADS,MRQ,2001-12-31,2001-12-31,2001-12-31,2021-08-05,-6740000.0,1477218000.0,,463503000.0,1013715000.0,,6.749,-12301000.0,117535000.0,117535000.0,158414000.0,-2905000.0,1.079,1.921,310425000.0,111325000.0,199100000.0,310425000.0,329549000.0,74204000.0,0.0,0.0,0.0,6199000.0,80403000.0,0.388,80403000.0,6199000.0,395000.0,-0.03,-0.03,-0.03,505728000.0,,505728000.0,1599139954.0,54.0,15.43,77797000.0,1.038,1.0,48796000.0,0.235,491997000.0,5804000.0,748382000.0,,0.0,128793000.0,128793000.0,0.0,971490000.0,429729000.0,541761000.0,1407120954.0,39309000.0,-286000.0,-5111000.0,36470000.0,0.0,31359000.0,-81276000.0,0.0,90098000.0,-872000.0,-2905000.0,-2905000.0,-2905000.0,0.0,0.0,-0.014,36690000.0,12106000.0,82290000.0,0.0,2.782,-135.796,-91.19,112190000.0,0.0,19.15,1.819,1.598,88444000.0,8138000.0,207210000.0,207210000.0,0.0,,,,,1786000.0,16249000.0,1.0,73478901.0,74929000,74929000.0,2.765,985221000.0,63231000.0,3300000.0,0.0,13.149,33774000.0
79,ADS,MRQ,2001-09-30,2001-09-30,2001-09-30,2021-08-05,-9309000.0,1489914000.0,,509658000.0,980256000.0,,6.986,-8469000.0,78226000.0,78226000.0,153239000.0,-4255000.0,1.131,1.889,270245000.0,69425000.0,200820000.0,270245000.0,315799000.0,0.0,0.0,0.0,0.0,6779000.0,6779000.0,0.034,6779000.0,6779000.0,687000.0,-0.06,-0.06,-0.06,515727000.0,,515727000.0,1366286422.0,44.0,12.785,41163000.0,0.558,1.0,48411000.0,0.24,489434000.0,6092000.0,741886000.0,,0.0,0.0,0.0,0.0,974187000.0,450613000.0,523574000.0,1199874422.0,-30112000.0,-69941000.0,-460000.0,-795000.0,0.0,-1255000.0,-79627000.0,0.0,49632000.0,1138000.0,-4255000.0,-4255000.0,-4255000.0,0.0,0.0,-0.021,32819000.0,15592000.0,98455000.0,0.0,2.327,-110.08,-54.167,109916000.0,0.0,16.25,1.613,1.613,93075000.0,17293000.0,201650000.0,201650000.0,0.0,,,,,0.0,14342000.0,1.0,73838426.0,73826000,73826000.0,2.731,1000480000.0,0.0,4942000.0,0.0,13.552,59045000.0
80,ADS,MRQ,2001-06-30,2001-06-30,2001-06-30,2021-08-05,-6871000.0,1344700000.0,,365925000.0,978775000.0,,9.794,-6718000.0,108338000.0,108338000.0,145801000.0,-42000.0,1.2,1.596,274750000.0,70225000.0,204525000.0,274750000.0,310219000.0,0.0,0.0,0.0,0.0,10779000.0,10779000.0,0.059,10779000.0,10779000.0,2213000.0,-0.03,-0.03,-0.03,518037000.0,,518037000.0,1419561040.0,47.0,13.35,8964000.0,0.169,1.0,37878000.0,0.206,447277000.0,8566000.0,758799000.0,,0.0,0.0,0.0,0.0,826663000.0,305036000.0,521627000.0,1064042040.0,49582000.0,0.0,160409000.0,-139524000.0,0.0,20885000.0,7096000.0,76487000.0,15682000.0,5919000.0,-42000.0,-42000.0,-42000.0,0.0,0.0,0.0,26094000.0,11784000.0,53600000.0,0.0,2.054,-99.499,-41.667,94406000.0,0.0,15.0,1.497,1.116,68369000.0,16793000.0,183679000.0,183679000.0,0.0,,,,,0.0,8287000.0,1.0,70936136.0,52892000,52892000.0,3.473,897423000.0,0.0,2255000.0,0.0,16.967,60889000.0
81,ADS,MRQ,2001-03-31,2001-03-31,2001-03-31,2021-08-05,-11906000.0,1304832000.0,,366990000.0,937842000.0,,4.89,-9149000.0,58756000.0,58756000.0,143258000.0,-3160000.0,0.991,4.092,414275000.0,143525000.0,270750000.0,414275000.0,303430000.0,0.0,0.0,,0.0,5678000.0,5678000.0,0.031,5678000.0,5678000.0,-3957000.0,-0.1,-0.1,-0.1,232823000.0,,232823000.0,,,,1848000.0,0.039,1.0,37922000.0,0.209,457011000.0,9635000.0,832869000.0,,0.0,0.0,0.0,0.0,952609000.0,370471000.0,582138000.0,,-58185000.0,-18750000.0,1508000.0,-21786000.0,0.0,-20278000.0,-37175000.0,-76487000.0,10997000.0,-11729000.0,-3160000.0,-3160000.0,-3160000.0,0.0,0.0,-0.017,26813000.0,11109000.0,56438000.0,0.0,,,,95972000.0,0.0,,,,66008000.0,16423000.0,181180000.0,181180000.0,0.0,,,,,0.0,9333000.0,1.0,70936136.0,47614000,47614000.0,3.805,847821000.0,0.0,-797000.0,0.0,17.806,-3481000.0
82,ADS,MRQ,2000-12-31,2000-12-31,2000-12-31,2021-08-05,-177000.0,1421179000.0,,524348000.0,896831000.0,,5.11,-6566000.0,116941000.0,116941000.0,142365000.0,-3443000.0,1.065,4.357,436060000.0,161725000.0,274335000.0,436060000.0,290186000.0,76144000.0,0.0,,0.0,7483000.0,83627000.0,0.472,83627000.0,7483000.0,-3146000.0,-0.11,-0.11,-0.11,242991000.0,,242991000.0,,,,34820000.0,0.732,1.0,34787000.0,0.196,444549000.0,10629000.0,803338000.0,,0.0,137865000.0,137865000.0,0.0,1058788000.0,492411000.0,566377000.0,,43168000.0,0.0,83000.0,5971000.0,0.0,6054000.0,-2168000.0,0.0,41386000.0,-2104000.0,-3443000.0,-3443000.0,-3443000.0,0.0,0.0,-0.019,27303000.0,7484000.0,64143000.0,0.0,,,,92178000.0,0.0,,,,98455000.0,16370000.0,177152000.0,177152000.0,0.0,,,,,0.0,9029000.0,1.0,70936136.0,47556000,47556000.0,3.725,976630000.0,77731000.0,297000.0,0.0,20.536,31937000.0
83,ADS,MRQ,2000-09-30,2000-09-30,2000-09-30,2021-08-05,,,,,,,,-9659000.0,,,135955000.0,-4049000.0,,,,,,,,0.0,,,0.0,6250000.0,6250000.0,0.037,6250000.0,6250000.0,-3699000.0,-0.12,-0.12,-0.12,,,,,,,9412000.0,0.198,1.0,32852000.0,0.195,,9949000.0,,,,,,,,,,,2630000.0,0.0,17000.0,6275000.0,0.0,6292000.0,-22435000.0,0.0,19071000.0,-298000.0,-4049000.0,-4049000.0,-4049000.0,0.0,0.0,-0.024,26602000.0,6250000.0,,0.0,,,,,0.0,,,,,,168807000.0,168807000.0,0.0,,,,,0.0,7336000.0,1.0,70936136.0,47534000,47534000.0,3.551,,,350000.0,,,
84,ADS,MRQ,2000-06-30,2000-06-30,2000-06-30,2021-08-05,,,,,,,,-8492000.0,,,135092000.0,-5544000.0,,,,,,,,-19792000.0,,,0.0,4451000.0,-15341000.0,-0.092,-15341000.0,4451000.0,-5065000.0,-0.15,-0.15,-0.15,,,,,,,3362000.0,0.071,1.0,31598000.0,0.19,,9516000.0,,,,,,,,,,,4074000.0,0.0,49000.0,7100000.0,0.0,7149000.0,-15048000.0,0.0,11854000.0,119000.0,-5544000.0,-5544000.0,-5544000.0,0.0,0.0,-0.033,27147000.0,4451000.0,,0.0,,,,,0.0,,,,,,166690000.0,166690000.0,0.0,,,,,0.0,8333000.0,1.0,70936136.0,47532000,47532000.0,3.507,,,479000.0,,,
85,ADS,MRQ,2000-03-31,2000-03-31,2000-03-31,2021-08-05,,,,,,,,-8366000.0,,,134571000.0,-8289000.0,,,,,,,,19792000.0,,,0.0,1203000.0,20995000.0,0.127,20995000.0,1203000.0,-7573000.0,-0.21,-0.21,-0.21,,,,,,,6506000.0,0.137,1.0,30976000.0,0.187,,8776000.0,,,,,,,,,,,10523000.0,0.0,0.0,-18351000.0,0.0,-18351000.0,15194000.0,0.0,14872000.0,-1192000.0,-8289000.0,-8289000.0,-8289000.0,0.0,0.0,-0.05,27297000.0,3679000.0,,0.0,,,,,0.0,,,,,,165547000.0,165547000.0,0.0,,,,,0.0,7505000.0,1.0,70936136.0,47529000,47529000.0,3.483,,,716000.0,,,
0,ADS,MRT,2021-06-30,2021-06-30,2021-06-30,2021-08-05,-33100000.0,21812400000.0,21658825000.0,18908200000.0,2904200000.0,0.197,41.205,-62800000.0,3001900000.0,3001900000.0,2077300000.0,705000000.0,1.789,9.651,7644400000.0,1684500000.0,5959900000.0,7644400000.0,1042800000.0,169200000.0,9619800000.0,0.008,0.84,1444900000.0,1614100000.0,0.379,1614100000.0,1444900000.0,1006800000.0,14.29,14.23,14.29,2047900000.0,1664100000.0,2047900000.0,9236005843.0,6.0,5.722,1485600000.0,29.891,1.0,2180400000.0,0.512,1428900000.0,438100000.0,14456000000.0,14399000000.0,162300000.0,14088500000.0,14088500000.0,0.0,19764500000.0,10570000000.0,9194500000.0,5180705843.0,-2084000000.0,-265500000.0,2800000.0,-973000000.0,-41300000.0,-2619500000.0,-1031100000.0,-641200000.0,1548400000.0,18200000.0,705000000.0,705000000.0,705000000.0,81300000.0,0.0,0.166,654200000.0,1526200000.0,351800000.0,0.059,2.53,7.349,7.291,510700000.0,0.0,104.19,1.217,1.216,369000000.0,5370800000.0,4257700000.0,4257700000.0,0.0,0.033,0.424,0.1,0.339,26300000.0,105600000.0,1.0,49723638.0,49700000,50000000.0,85.668,20383500000.0,336900000.0,301800000.0,0.0,410.131,8338200000.0
1,ADS,MRT,2021-03-31,2021-03-31,2021-03-31,2021-08-05,-42300000.0,21162900000.0,21922575000.0,18295400000.0,2867500000.0,0.193,35.499,-50500000.0,2858600000.0,2858600000.0,2075600000.0,469900000.0,1.703,10.995,6913900000.0,1986700000.0,4927200000.0,6913900000.0,1022600000.0,179000000.0,9956900000.0,0.007,0.84,1146300000.0,1325300000.0,0.314,1325300000.0,1146300000.0,682200000.0,9.6,9.57,9.6,1764300000.0,1440775000.0,1764300000.0,11304418267.0,10.0,8.53,1776900000.0,35.753,1.0,2149000000.0,0.509,1426000000.0,464100000.0,13052100000.0,14281425000.0,146000000.0,13693300000.0,13693300000.0,0.0,19398600000.0,10740100000.0,8658500000.0,5570318267.0,-1519000000.0,-265500000.0,2800000.0,-2928500000.0,-41000000.0,-4403900000.0,1037000000.0,1408100000.0,1827400000.0,20500000.0,469900000.0,469900000.0,469900000.0,81300000.0,0.0,0.111,921400000.0,1227600000.0,331900000.0,0.087,3.157,11.854,11.676,514500000.0,0.0,112.09,1.319,1.319,351900000.0,5108000000.0,4224600000.0,4224600000.0,0.0,0.021,0.326,0.08,0.271,23400000.0,98800000.0,1.0,49695051.0,49700000,49800000.0,85.002,19736900000.0,383500000.0,212300000.0,0.0,397.121,7555300000.0
2,ADS,MRT,2020-12-31,2020-12-31,2020-12-31,2021-08-05,-5000000.0,22547100000.0,22690575000.0,19634400000.0,2912700000.0,0.199,31.833,-54000000.0,3081500000.0,3081500000.0,2077300000.0,213700000.0,1.884,13.818,8815600000.0,1975700000.0,6839900000.0,8815600000.0,1004000000.0,183800000.0,9792600000.0,0.017,1.26,807100000.0,990900000.0,0.219,990900000.0,807100000.0,313200000.0,4.47,4.46,4.47,1521600000.0,1271625000.0,1521600000.0,7902984194.0,10.0,7.976,1828700000.0,38.257,1.0,2444100000.0,0.541,1451300000.0,493900000.0,16408000000.0,15445500000.0,164300000.0,14776400000.0,14776400000.0,0.0,21025500000.0,10421900000.0,10603600000.0,3536184194.0,-494900000.0,-240100000.0,2800000.0,-1739800000.0,-60600000.0,-4166500000.0,1774300000.0,2109100000.0,1882700000.0,14600000.0,213700000.0,213700000.0,213700000.0,81300000.0,0.0,0.047,1555700000.0,888400000.0,328200000.0,0.282,2.324,16.547,16.577,544100000.0,0.0,74.1,0.782,0.783,383800000.0,4832100000.0,4521400000.0,4521400000.0,0.0,0.009,0.168,0.052,0.179,21300000.0,105700000.0,1.0,47721784.0,47800000,47900000.0,94.59,21095800000.0,359200000.0,99500000.0,0.0,441.335,9212500000.0
3,ADS,MRT,2020-09-30,2020-09-30,2020-09-30,2021-08-05,-47700000.0,21112900000.0,23677500000.0,18661300000.0,2451600000.0,0.206,27.727,-61000000.0,3078400000.0,3078400000.0,2179900000.0,299200000.0,1.737,14.963,7445200000.0,2218300000.0,5226900000.0,7445200000.0,937100000.0,163200000.0,10148500000.0,0.04,1.68,905800000.0,1069000000.0,0.219,1069000000.0,905800000.0,382800000.0,6.22,6.22,6.22,1322600000.0,1288300000.0,1322600000.0,5553276582.0,6.0,5.195,1115100000.0,23.377,1.0,2692700000.0,0.553,1058700000.0,523000000.0,13679900000.0,16365600000.0,202800000.0,13517800000.0,13517800000.0,0.0,19790300000.0,10741100000.0,9049200000.0,2003076582.0,-1300800000.0,66800000.0,12200000.0,-2618800000.0,-80500000.0,-5059900000.0,2575100000.0,2612400000.0,1176100000.0,7900000.0,299200000.0,299200000.0,299200000.0,32900000.0,0.0,0.061,1754000000.0,938700000.0,276700000.0,0.27,1.514,6.695,6.749,498900000.0,0.0,41.98,0.411,0.411,376900000.0,4830300000.0,4872600000.0,4872600000.0,0.0,0.013,0.232,0.055,0.186,16700000.0,96500000.0,1.0,47715021.0,47700000,47800000.0,102.151,20054200000.0,285100000.0,83600000.0,0.0,420.423,7920200000.0
4,ADS,MRT,2020-06-30,2020-06-30,2020-06-30,2021-08-05,-87500000.0,22867400000.0,25188725000.0,20644200000.0,2223200000.0,0.209,24.256,-76200000.0,4960000000.0,4960000000.0,2384700000.0,58300000.0,1.814,18.805,8510200000.0,2735500000.0,5774700000.0,8510200000.0,894300000.0,167900000.0,11221500000.0,0.047,2.1,689800000.0,857700000.0,0.163,857700000.0,689800000.0,141900000.0,1.21,1.3,1.21,1154600000.0,1331875000.0,1154600000.0,7433873645.0,11.0,8.667,1119300000.0,23.515,1.0,2875000000.0,0.547,1053900000.0,547900000.0,13985700000.0,17887700000.0,194000000.0,13712700000.0,13712700000.0,0.0,21712800000.0,11378000000.0,10334800000.0,2148973645.0,1296400000.0,4435100000.0,-740900000.0,-4422700000.0,-100800000.0,-6606700000.0,6715100000.0,2369200000.0,1195500000.0,-7500000.0,58300000.0,58300000.0,58300000.0,262100000.0,0.0,0.011,1851200000.0,1023800000.0,263500000.0,1.736,1.861,36.861,37.289,504900000.0,0.0,45.12,0.409,0.408,511600000.0,4707100000.0,5259700000.0,5259700000.0,0.0,0.002,0.044,0.039,0.131,14500000.0,99300000.0,1.0,47627962.0,47600000,47700000.0,110.498,21813500000.0,46100000.0,83600000.0,51900000.0,458.267,9266200000.0
5,ADS,MRT,2020-03-31,2020-03-31,2020-03-31,2021-08-05,-118100000.0,24234900000.0,27156800000.0,21704300000.0,2530600000.0,0.207,22.851,-119300000.0,4456800000.0,4456800000.0,2546700000.0,158900000.0,2.019,21.281,9741700000.0,2644100000.0,7097600000.0,9741700000.0,851900000.0,169200000.0,11385700000.0,0.075,2.52,849000000.0,1018200000.0,0.181,1018200000.0,849000000.0,285300000.0,3.05,3.13,3.05,1087700000.0,1641150000.0,1087700000.0,8176469110.0,10.0,8.03,1060100000.0,22.271,1.0,3082200000.0,0.548,1059000000.0,563700000.0,17708400000.0,21346650000.0,189100000.0,15581100000.0,15581100000.0,0.0,23147200000.0,10752400000.0,12394800000.0,1602669110.0,949900000.0,4435100000.0,-740900000.0,-3323700000.0,-123800000.0,-4112100000.0,3889600000.0,-434200000.0,1179400000.0,-7000000.0,158900000.0,158900000.0,158900000.0,265500000.0,0.0,0.028,1895800000.0,1186400000.0,203000000.0,0.826,1.473,10.086,11.033,519800000.0,0.0,33.65,0.285,0.285,448200000.0,4678800000.0,5628900000.0,5628900000.0,0.0,0.006,0.097,0.04,0.151,38400000.0,136200000.0,1.0,47627611.0,47600000,47700000.0,118.254,23175900000.0,282900000.0,126400000.0,0.0,486.889,10951900000.0
6,ADS,MRT,2019-12-31,2019-12-31,2019-12-31,2021-08-05,-99900000.0,26494800000.0,28456350000.0,24112700000.0,2382100000.0,0.196,31.766,-142300000.0,3874400000.0,3874400000.0,2687800000.0,278000000.0,2.031,15.681,10448200000.0,3154800000.0,7293400000.0,10448200000.0,922000000.0,249300000.0,12151700000.0,0.022,2.52,1012800000.0,1262100000.0,0.226,1262100000.0,1012800000.0,443800000.0,5.36,5.46,5.36,1588300000.0,1929100000.0,1588300000.0,10701806089.0,11.0,8.479,1075400000.0,21.508,1.0,2893500000.0,0.518,1108200000.0,569000000.0,20088400000.0,23667050000.0,218000000.0,18292000000.0,18292000000.0,0.0,24906500000.0,11872000000.0,13034500000.0,5167506089.0,-9600000.0,4403000000.0,-963700000.0,-3329200000.0,-127400000.0,-4091700000.0,2860800000.0,-1410000000.0,1217700000.0,3600000.0,278000000.0,278000000.0,278000000.0,294600000.0,0.0,0.05,1514200000.0,1379300000.0,300800000.0,0.47,3.253,18.588,20.933,546600000.0,0.0,112.2,0.926,1.005,859100000.0,5163300000.0,5581300000.0,5581300000.0,0.0,0.01,0.144,0.043,0.181,54800000.0,150600000.0,1.0,46056204.0,50000000,50900000.0,111.626,25386600000.0,45200000.0,165800000.0,80000000.0,507.732,12240700000.0
7,ADS,MRT,2019-09-30,2019-09-30,2019-09-30,2021-08-05,-122000000.0,27157800000.0,29429575000.0,24783600000.0,2374200000.0,0.19,30.674,-169700000.0,4512500000.0,4512500000.0,2680600000.0,465400000.0,2.098,17.143,10046800000.0,2217000000.0,7829800000.0,10046800000.0,897300000.0,327500000.0,12502100000.0,0.019,2.46,1277100000.0,1604600000.0,0.287,1604600000.0,1277100000.0,704900000.0,8.5,8.55,8.5,1496900000.0,2115050000.0,1496900000.0,15391736641.0,12.0,9.592,2090000000.0,42.828,1.0,2904300000.0,0.52,1111700000.0,572200000.0,19768300000.0,25467750000.0,250400000.0,16862400000.0,16862400000.0,0.0,25660900000.0,11812100000.0,13848800000.0,6547136641.0,1081400000.0,4362900000.0,-1204500000.0,-3598300000.0,-128100000.0,-3808000000.0,2639200000.0,-1546100000.0,2259700000.0,-9500000.0,465400000.0,465400000.0,465400000.0,229900000.0,0.0,0.083,1325400000.0,1578900000.0,436400000.0,0.289,4.374,14.068,15.074,542000000.0,0.0,128.13,1.172,1.12,1869400000.0,5095900000.0,5584900000.0,5584900000.0,0.0,0.016,0.22,0.05,0.229,70900000.0,168600000.0,1.0,51097609.0,48800000,50400000.0,114.445,26046100000.0,44900000.0,239500000.0,80100000.0,533.732,12971500000.0
8,ADS,MRT,2019-06-30,2019-06-30,2019-06-30,2021-08-05,-121700000.0,30739700000.0,30080875000.0,28273900000.0,2465800000.0,0.185,46.622,-193500000.0,4026800000.0,4026800000.0,2647100000.0,869500000.0,2.666,11.853,12871400000.0,1504000000.0,11367400000.0,12871400000.0,902700000.0,405100000.0,12534700000.0,0.017,2.4,1689700000.0,2094800000.0,0.376,2094800000.0,1689700000.0,1120700000.0,16.13,16.07,16.13,2391700000.0,2313625000.0,2391700000.0,16633700696.0,10.0,7.94,2329300000.0,45.405,1.0,2923300000.0,0.525,1156100000.0,569000000.0,27821500000.0,26780775000.0,243900000.0,16603600000.0,16603600000.0,0.0,28348000000.0,10606700000.0,17741300000.0,7340500696.0,627500000.0,-6700000.0,-553900000.0,-1017900000.0,-128900000.0,254500000.0,-2150100000.0,-1953000000.0,2522800000.0,300000.0,869500000.0,869500000.0,869500000.0,-7100000.0,0.0,0.156,1240700000.0,1682600000.0,504500000.0,0.149,3.069,8.442,8.688,553700000.0,0.0,140.13,1.318,1.291,2261400000.0,5233300000.0,5570400000.0,5570400000.0,0.0,0.029,0.376,0.063,0.303,85800000.0,180400000.0,1.0,52383506.0,51300000,52600000.0,108.585,29583600000.0,45400000.0,251200000.0,217700000.0,576.678,17667200000.0
9,ADS,MRT,2019-03-31,2019-03-31,2019-03-31,2021-08-05,-127900000.0,29433100000.0,29633675000.0,27035900000.0,2397200000.0,0.19,42.255,-193800000.0,3685000000.0,3685000000.0,2585900000.0,948300000.0,2.551,12.143,12978200000.0,2368500000.0,10609700000.0,12978200000.0,877300000.0,484500000.0,11292000000.0,0.013,2.34,1746500000.0,2231000000.0,0.397,2231000000.0,1746500000.0,1187400000.0,17.42,17.36,17.42,2239500000.0,2245525000.0,2239500000.0,18800034921.0,11.0,8.427,2522000000.0,47.585,1.0,3033200000.0,0.54,1139600000.0,559100000.0,26990000000.0,25768175000.0,242300000.0,15829400000.0,15829400000.0,0.0,27193600000.0,10596700000.0,16596900000.0,9273534921.0,-326000000.0,-6700000.0,-648400000.0,-1496400000.0,-127400000.0,-1487100000.0,-1547400000.0,-1330100000.0,2715800000.0,-7300000.0,948300000.0,948300000.0,948300000.0,-4500000.0,0.0,0.169,1291200000.0,1742000000.0,548400000.0,0.134,4.141,9.779,10.045,561000000.0,0.0,174.98,1.65,1.65,2203100000.0,5127800000.0,5619100000.0,5619100000.0,0.0,0.032,0.422,0.068,0.311,76400000.0,169500000.0,1.0,52997685.0,53000000,53200000.0,106.021,28293500000.0,45500000.0,239100000.0,230500000.0,533.84,16439200000.0
10,ADS,MRT,2018-12-31,2018-12-31,2018-12-31,2021-08-05,-138100000.0,30387700000.0,29623625000.0,24711700000.0,5676000000.0,0.191,42.479,-199800000.0,3817400000.0,3817400000.0,2537200000.0,963100000.0,2.152,12.03,13377100000.0,2856500000.0,10520600000.0,13377100000.0,875300000.0,487300000.0,11793700000.0,0.015,2.28,1774900000.0,2262200000.0,0.399,2262200000.0,1774900000.0,1232600000.0,17.56,17.49,17.56,2332100000.0,2186000000.0,2332100000.0,17852686182.0,10.0,7.892,2555100000.0,46.541,1.0,3129400000.0,0.552,1172200000.0,542300000.0,27291200000.0,25130225000.0,248000000.0,16816700000.0,16816700000.0,0.0,28055600000.0,11484000000.0,16571600000.0,8175386182.0,-347000000.0,0.0,-425600000.0,-1499900000.0,-125200000.0,-1217900000.0,-1872000000.0,-1638200000.0,2754900000.0,-12000000.0,963100000.0,963100000.0,963100000.0,-17600000.0,0.0,0.17,1372100000.0,1757300000.0,486200000.0,0.13,3.506,8.489,8.547,288200000.0,0.0,150.08,1.443,1.454,2355600000.0,5012400000.0,5666600000.0,5666600000.0,0.0,0.033,0.441,0.071,0.313,80800000.0,162500000.0,1.0,54473522.0,54900000,55100000.0,103.217,29215500000.0,44000000.0,269500000.0,256500000.0,532.158,13227700000.0
11,ADS,MRT,2018-09-30,2018-09-30,2018-09-30,2021-08-05,-143100000.0,29763000000.0,29697900000.0,23955800000.0,5807200000.0,0.137,41.81,-198100000.0,3600900000.0,3600900000.0,1185700000.0,949500000.0,2.405,11.99,13278200000.0,1586800000.0,11691400000.0,13278200000.0,916200000.0,489300000.0,11349400000.0,0.009,2.23,1592600000.0,2081900000.0,0.512,2081900000.0,1592600000.0,1143000000.0,17.21,17.14,17.21,2291200000.0,2066800000.0,2291200000.0,23089978451.0,14.0,11.091,2667600000.0,48.679,1.0,2877800000.0,0.708,4460500000.0,449600000.0,25020400000.0,24946000000.0,265900000.0,18032700000.0,18032700000.0,0.0,27471800000.0,9959400000.0,17512400000.0,12975478451.0,122600000.0,-945600000.0,-178600000.0,131700000.0,-123200000.0,775800000.0,-3517700000.0,-2326900000.0,2865700000.0,-1200000.0,949500000.0,949500000.0,949500000.0,-8700000.0,0.0,0.234,1293900000.0,1583900000.0,606200000.0,0.13,5.663,13.666,13.722,610000000.0,0.0,236.16,3.193,3.185,866800000.0,4758600000.0,4063500000.0,4063500000.0,0.0,0.032,0.459,0.064,0.392,75800000.0,155700000.0,1.0,54943591.0,54800000,55000000.0,74.151,25302500000.0,65300000.0,193500000.0,223900000.0,461.724,13996400000.0
12,ADS,MRT,2018-06-30,2018-06-30,2018-06-30,2021-08-05,-136400000.0,28950900000.0,29230675000.0,23081500000.0,5869400000.0,0.156,38.393,-207100000.0,3449200000.0,3449200000.0,1598200000.0,886200000.0,2.143,12.661,13563700000.0,2600300000.0,10963400000.0,13563700000.0,900900000.0,491000000.0,10559300000.0,0.009,2.18,1583900000.0,2074900000.0,0.456,2074900000.0,1583900000.0,1125800000.0,16.01,15.95,16.01,2119300000.0,1892400000.0,2119300000.0,23580422400.0,15.0,11.365,2691200000.0,48.754,1.0,2954600000.0,0.649,4525600000.0,458100000.0,23771100000.0,24340300000.0,233200000.0,17780100000.0,17780100000.0,0.0,26831600000.0,10768700000.0,16062900000.0,12919222400.0,1020200000.0,-945600000.0,-129900000.0,505600000.0,-120800000.0,2062800000.0,-3943300000.0,-2708200000.0,2898300000.0,2400000.0,886200000.0,886200000.0,886200000.0,-900000.0,0.0,0.195,1371600000.0,1583000000.0,532000000.0,0.136,6.096,14.578,14.566,620900000.0,0.0,233.2,2.838,2.827,691600000.0,4493600000.0,4552800000.0,4552800000.0,0.0,0.03,0.468,0.065,0.348,76200000.0,150100000.0,1.0,55399753.0,55200000,55400000.0,82.478,24425300000.0,82600000.0,239600000.0,189100000.0,442.487,12312800000.0
13,ADS,MRT,2018-03-31,2018-03-31,2018-03-31,2021-08-05,-136500000.0,29392900000.0,28425025000.0,23470500000.0,5922400000.0,0.175,36.126,-223500000.0,3549500000.0,3549500000.0,2019000000.0,806100000.0,2.136,13.686,14210700000.0,2848600000.0,11362100000.0,14210700000.0,918000000.0,494500000.0,10485000000.0,0.01,2.13,1544600000.0,2039100000.0,0.41,2039100000.0,1544600000.0,1082600000.0,14.55,14.49,14.55,2001400000.0,1718775000.0,2001400000.0,22502397214.0,15.0,11.035,2553400000.0,46.09,1.0,2958400000.0,0.594,4630400000.0,462000000.0,24438200000.0,24206975000.0,256300000.0,17600100000.0,17600100000.0,0.0,27391500000.0,10985500000.0,16406000000.0,11805497214.0,2120500000.0,-945600000.0,-120300000.0,1539900000.0,-118200000.0,3554000000.0,-4216600000.0,-2939200000.0,2776900000.0,6200000.0,806100000.0,806100000.0,806100000.0,-6900000.0,0.0,0.162,1420700000.0,1537700000.0,593500000.0,0.146,5.899,14.645,14.63,614100000.0,0.0,212.86,2.372,2.369,699400000.0,4307600000.0,4977400000.0,4977400000.0,0.0,0.028,0.469,0.064,0.31,77100000.0,146100000.0,1.0,55461323.0,55400000,55700000.0,89.845,24762500000.0,26300000.0,276500000.0,189800000.0,446.977,12485000000.0
14,ADS,MRT,2017-12-31,2017-12-31,2017-12-31,2021-08-05,-140200000.0,30684800000.0,27237475000.0,24705600000.0,5979200000.0,0.201,33.309,-225400000.0,4190000000.0,4190000000.0,2469500000.0,788700000.0,2.435,15.539,14886900000.0,1471200000.0,13415700000.0,14886900000.0,966900000.0,497600000.0,10930900000.0,0.008,2.08,1537400000.0,2035000000.0,0.372,2035000000.0,1537400000.0,1082000000.0,14.17,14.1,14.17,1855300000.0,1559300000.0,1855300000.0,23787132111.0,15.0,11.689,2373700000.0,42.616,1.0,3005200000.0,0.549,4680700000.0,455400000.0,26554300000.0,23470825000.0,234100000.0,18520800000.0,18520800000.0,0.0,28829500000.0,10146700000.0,18682800000.0,14004432111.0,2346200000.0,-945600000.0,-535300000.0,2141800000.0,-115500000.0,4004900000.0,-4268100000.0,-2861400000.0,2599100000.0,10300000.0,788700000.0,788700000.0,788700000.0,-19500000.0,0.0,0.144,1487300000.0,1517900000.0,651200000.0,0.147,7.548,17.756,17.888,613900000.0,0.0,253.48,2.558,2.579,822300000.0,4167100000.0,5474700000.0,5474700000.0,0.0,0.029,0.506,0.066,0.281,75100000.0,159300000.0,1.0,55248667.0,55700000,55900000.0,98.289,26004100000.0,28100000.0,293300000.0,211200000.0,466.86,14558900000.0
15,ADS,MRT,2017-09-30,2017-09-30,2017-09-30,2021-08-05,-140200000.0,27894100000.0,25944800000.0,21969300000.0,5924800000.0,0.287,28.765,-225300000.0,3326000000.0,3326000000.0,4322200000.0,527900000.0,2.114,16.504,13108700000.0,2472000000.0,10636700000.0,13108700000.0,966300000.0,501900000.0,10374000000.0,0.009,2.08,1362400000.0,1864300000.0,0.251,1864300000.0,1362400000.0,836700000.0,9.51,9.47,9.51,1593600000.0,1510025000.0,1593600000.0,23330756132.0,17.0,12.514,2305900000.0,41.623,1.0,3118600000.0,0.419,4686800000.0,525700000.0,22597600000.0,22376800000.0,257100000.0,16294700000.0,16294700000.0,0.0,26300500000.0,10392400000.0,15908100000.0,12292356132.0,2033800000.0,0.0,-641300000.0,1255500000.0,-116800000.0,3235700000.0,-3751000000.0,-3302100000.0,2531200000.0,17900000.0,527900000.0,527900000.0,527900000.0,0.0,0.0,0.071,1756200000.0,1362400000.0,529800000.0,0.219,7.714,23.285,23.297,615100000.0,0.0,221.55,1.652,1.65,769300000.0,3924700000.0,7440800000.0,7440800000.0,0.0,0.02,0.35,0.061,0.183,80500000.0,156800000.0,1.0,55483440.0,55400000,55600000.0,134.31,23207300000.0,22900000.0,308800000.0,254800000.0,418.904,11576900000.0
16,ADS,MRT,2017-06-30,2017-06-30,2017-06-30,2021-08-05,-141600000.0,25728300000.0,24881225000.0,19839100000.0,5889200000.0,0.298,25.626,-216200000.0,1945900000.0,1945900000.0,4301300000.0,502200000.0,2.253,17.057,12984300000.0,2159600000.0,10824700000.0,12984300000.0,935900000.0,504400000.0,8722500000.0,0.006,1.56,1304500000.0,1808900000.0,0.244,1808900000.0,1304500000.0,815800000.0,8.86,8.82,8.86,1424800000.0,1557575000.0,1424800000.0,24890059349.0,19.0,13.76,2178700000.0,39.185,1.0,3112700000.0,0.42,4724300000.0,488700000.0,23237800000.0,22104800000.0,246500000.0,15636600000.0,15636600000.0,0.0,24303500000.0,8804600000.0,15498900000.0,14291459349.0,877100000.0,0.0,-757700000.0,1167800000.0,-88000000.0,2154000000.0,-3683700000.0,-3186500000.0,2394900000.0,11900000.0,502200000.0,502200000.0,502200000.0,0.0,0.0,0.068,1808200000.0,1304500000.0,406900000.0,0.176,10.031,28.458,28.972,609200000.0,0.0,256.69,1.928,1.925,697200000.0,3720500000.0,7414000000.0,7414000000.0,0.0,0.02,0.322,0.059,0.176,80300000.0,159800000.0,1.0,55675949.0,55600000,55800000.0,133.345,21004000000.0,21600000.0,313600000.0,261500000.0,377.77,11034500000.0
17,ADS,MRT,2017-03-31,2017-03-31,2017-03-31,2021-08-05,-148900000.0,24642700000.0,24141950000.0,18783000000.0,5859700000.0,0.304,24.176,-198700000.0,1866800000.0,1866800000.0,4314800000.0,505200000.0,2.086,17.073,12465400000.0,2472600000.0,9992800000.0,12465400000.0,917000000.0,508500000.0,8205300000.0,0.004,1.04,1273700000.0,1782200000.0,0.243,1782200000.0,1273700000.0,818800000.0,7.62,7.59,7.62,1363500000.0,1633800000.0,1363500000.0,24622999949.0,19.0,13.816,2120500000.0,37.598,1.0,3026200000.0,0.412,4743300000.0,454900000.0,21493600000.0,21478675000.0,245300000.0,15147000000.0,15147000000.0,0.0,23279200000.0,9004400000.0,14274800000.0,13925399949.0,738100000.0,0.0,-786600000.0,611900000.0,-59000000.0,1610800000.0,-3202400000.0,-3105900000.0,2319200000.0,10500000.0,505200000.0,505200000.0,505200000.0,0.0,0.0,0.069,1752500000.0,1273700000.0,391000000.0,0.136,10.213,27.564,32.677,590000000.0,0.0,249.0,1.897,1.913,699000000.0,3611900000.0,7341000000.0,7341000000.0,0.0,0.021,0.309,0.059,0.174,80100000.0,160300000.0,1.0,55925301.0,56400000,56700000.0,130.16,19899400000.0,20700000.0,313600000.0,322000000.0,352.826,9778600000.0
18,ADS,MRT,2016-12-31,2016-12-31,2016-12-31,2021-08-05,-150700000.0,25514100000.0,23581050000.0,19589300000.0,5924800000.0,0.303,28.297,-207000000.0,1859200000.0,1859200000.0,4276800000.0,517600000.0,2.122,14.387,12556800000.0,2453500000.0,10103300000.0,12556800000.0,931500000.0,512100000.0,8391900000.0,0.002,0.52,1263700000.0,1775800000.0,0.249,1775800000.0,1263700000.0,835200000.0,7.37,7.34,7.37,1658200000.0,1728225000.0,1658200000.0,23422776972.0,19.0,13.19,1920200000.0,32.768,1.0,2861300000.0,0.401,4804000000.0,428500000.0,22178200000.0,21505100000.0,271300000.0,16013200000.0,16013200000.0,0.0,23855900000.0,9229500000.0,14626400000.0,13197976972.0,487100000.0,0.0,-780400000.0,1041400000.0,-30000000.0,2637400000.0,-4291500000.0,-4006700000.0,2127200000.0,14000000.0,515800000.0,515800000.0,515800000.0,0.0,1800000.0,0.072,1595800000.0,1265500000.0,568300000.0,0.071,7.959,25.587,31.004,586000000.0,0.0,228.5,1.849,1.876,797200000.0,3494800000.0,7138100000.0,7138100000.0,0.0,0.022,0.298,0.059,0.177,76500000.0,143200000.0,1.0,57759199.0,58600000,58900000.0,121.811,20710100000.0,20100000.0,319400000.0,334800000.0,353.415,10359800000.0
19,ADS,MRT,2016-09-30,2016-09-30,2016-09-30,2021-08-05,-130600000.0,23639800000.0,22790000000.0,17601800000.0,6038000000.0,0.31,30.597,-209900000.0,1500500000.0,1500500000.0,4104300000.0,687200000.0,2.366,12.252,11725300000.0,1745800000.0,9979500000.0,11725300000.0,775900000.0,509800000.0,7614000000.0,0.0,0.0,1442200000.0,1952000000.0,0.277,1952000000.0,1442200000.0,1042000000.0,9.52,9.48,9.52,1783800000.0,1816175000.0,1783800000.0,22955643532.0,16.0,11.76,1873500000.0,32.136,1.0,2955000000.0,0.419,4914800000.0,400200000.0,21509600000.0,21275825000.0,278000000.0,14266500000.0,14266500000.0,0.0,21856000000.0,7440200000.0,14415800000.0,12556243532.0,523200000.0,0.0,-769500000.0,1646800000.0,0.0,2850900000.0,-4411200000.0,-4118900000.0,2083400000.0,100000.0,679500000.0,679500000.0,679500000.0,0.0,7700000.0,0.096,1505100000.0,1449900000.0,429700000.0,0.0,7.039,18.479,22.535,583400000.0,0.0,214.53,1.779,1.772,687000000.0,3514200000.0,7059300000.0,7059300000.0,0.0,0.03,0.374,0.068,0.204,77500000.0,138000000.0,1.0,58529080.0,58300000,58400000.0,121.086,18725000000.0,4600000.0,362500000.0,294900000.0,321.184,10161600000.0
20,ADS,MRT,2016-06-30,2016-06-30,2016-06-30,2021-08-05,-131200000.0,22771200000.0,21955218500.0,16689100000.0,6082100000.0,0.308,29.417,-211200000.0,1316500000.0,1316500000.0,3959700000.0,610100000.0,2.233,12.165,11715900000.0,2313800000.0,9402100000.0,11715900000.0,853900000.0,506500000.0,6865800000.0,0.0,0.0,1306700000.0,1813200000.0,0.268,1813200000.0,1306700000.0,932700000.0,8.05,8.01,8.05,1729700000.0,1857196250.0,1729700000.0,22425779934.0,17.0,12.368,1739700000.0,29.587,1.0,2803100000.0,0.414,4963900000.0,374000000.0,20733300000.0,20478243000.0,225400000.0,13710700000.0,13710700000.0,0.0,21041500000.0,7473400000.0,13568100000.0,11547479934.0,494200000.0,-45400000.0,-779500000.0,1645700000.0,0.0,2738500000.0,-4192100000.0,-3935800000.0,1950900000.0,-3100000.0,600400000.0,600400000.0,600400000.0,0.0,9700000.0,0.089,1486700000.0,1316400000.0,397500000.0,0.0,6.676,19.233,24.338,584100000.0,0.0,195.92,1.707,1.703,666400000.0,3306800000.0,6762800000.0,6762800000.0,0.0,0.027,0.323,0.064,0.193,81200000.0,137900000.0,1.0,58939771.0,58800000,59000000.0,115.014,17807300000.0,3200000.0,332300000.0,336200000.0,302.845,9215700000.0
21,ADS,MRT,2016-03-31,2016-03-31,2016-03-31,2021-08-05,-128200000.0,22399100000.0,21149279000.0,16230200000.0,6168900000.0,0.308,29.117,-204200000.0,970000000.0,970000000.0,3828400000.0,599400000.0,2.443,11.754,11848300000.0,1763000000.0,10085300000.0,11848300000.0,864900000.0,499000000.0,6082600000.0,0.0,0.0,1273100000.0,1772100000.0,0.272,1772100000.0,1273100000.0,922100000.0,8.93,8.88,8.93,1741200000.0,1914559500.0,1741200000.0,23425140200.0,18.0,13.219,1661000000.0,27.776,1.0,2686200000.0,0.412,5035000000.0,351000000.0,21599300000.0,19688366000.0,240100000.0,13270300000.0,13270300000.0,0.0,20465500000.0,6643100000.0,13822400000.0,13037510200.0,209600000.0,-45400000.0,-799800000.0,2181300000.0,0.0,2794300000.0,-4447600000.0,-3883000000.0,1865200000.0,-2300000.0,591000000.0,591000000.0,591000000.0,0.0,8400000.0,0.091,1404700000.0,1281500000.0,404000000.0,0.0,7.488,22.06,24.636,574800000.0,0.0,220.0,2.001,2.019,595800000.0,3233700000.0,6514600000.0,6514600000.0,0.0,0.028,0.309,0.065,0.195,83700000.0,135900000.0,1.0,59261410.0,59800000,60200000.0,108.94,17364100000.0,2000000.0,331100000.0,347000000.0,290.37,9587100000.0
22,ADS,MRT,2015-12-31,2015-12-31,2015-12-31,2021-08-05,-137300000.0,22349900000.0,20312625500.0,16250400000.0,6099500000.0,0.317,32.472,-191700000.0,1168000000.0,1168000000.0,3814400000.0,605400000.0,2.538,10.036,11500100000.0,1418700000.0,10081400000.0,11500100000.0,844900000.0,492200000.0,5605900000.0,0.0,0.0,1252900000.0,1745100000.0,0.271,1745100000.0,1252900000.0,922700000.0,8.91,8.85,8.91,2010000000.0,1957116500.0,2010000000.0,26004024567.0,21.0,14.901,1568100000.0,25.333,1.0,2625300000.0,0.408,5017800000.0,330200000.0,21261100000.0,18442828750.0,228000000.0,13153400000.0,13153400000.0,0.0,20172500000.0,6403100000.0,13769400000.0,16909021567.0,90800000.0,-45400000.0,-933600000.0,2130800000.0,0.0,1718900000.0,-3362600000.0,-3115300000.0,1759800000.0,-25300000.0,596500000.0,596500000.0,596500000.0,0.0,8900000.0,0.093,1363500000.0,1261800000.0,442400000.0,0.0,8.412,28.347,31.04,576700000.0,0.0,276.57,2.626,2.658,706500000.0,3092500000.0,6439700000.0,6439700000.0,0.0,0.029,0.305,0.068,0.195,91300000.0,138500000.0,1.0,61138307.0,61900000,62300000.0,104.034,17332100000.0,288700000.0,326200000.0,633200000.0,280.002,9847300000.0
23,ADS,MRT,2015-09-30,2015-09-30,2015-09-30,2021-08-05,-117878000.0,20300674000.0,19791144750.0,14097713000.0,6202961000.0,0.312,31.725,-184205000.0,977341000.0,977341000.0,3683190000.0,501416000.0,2.36,9.3,10072344000.0,1619146000.0,8453198000.0,10072344000.0,852217000.0,455501000.0,5222422000.0,0.0,0.0,1098230000.0,1553731000.0,0.252,1553731000.0,1098230000.0,789073000.0,7.29,7.4,7.29,1947885000.0,2053711500.0,1947885000.0,25160782435.0,23.0,16.194,1223216000.0,19.922,1.0,2493419000.0,0.404,5104046000.0,309157000.0,18319272000.0,17352810250.0,0.0,11227482000.0,11227482000.0,0.0,18115942000.0,5972359000.0,12143583000.0,15910036435.0,342498000.0,-981686000.0,-919353000.0,2628179000.0,0.0,2944137000.0,-3977265000.0,-3131933000.0,1407421000.0,-31795000.0,489519000.0,489519000.0,489519000.0,0.0,11897000.0,0.079,1383292000.0,1110127000.0,382220000.0,0.0,8.168,32.501,35.525,561300000.0,0.0,258.98,2.576,2.574,642681000.0,2948081000.0,6176609000.0,6176609000.0,0.0,0.025,0.238,0.063,0.178,127934000.0,152002000.0,1.0,61433456.0,61400000,61800000.0,100.596,15196628000.0,238564000.0,299554000.0,643788000.0,247.502,8125354000.0
24,ADS,MRT,2015-06-30,2015-06-30,2015-06-30,2021-08-05,-124346000.0,19547442000.0,18514295000.0,13357108000.0,6190334000.0,0.319,31.65,-169540000.0,822314000.0,822314000.0,3549605000.0,535964000.0,2.199,8.858,10073060000.0,1850635000.0,8222425000.0,10073060000.0,915587000.0,408432000.0,4578328000.0,0.0,0.0,1133665000.0,1542097000.0,0.261,1542097000.0,1133665000.0,845144000.0,8.04,8.06,8.04,1959153000.0,1836908000.0,1959153000.0,27011058937.0,24.0,17.516,1150662000.0,18.589,1.0,2357037000.0,0.399,5150645000.0,288521000.0,17573792000.0,16172699500.0,0.0,10776595000.0,10776595000.0,0.0,17354634000.0,6073751000.0,11280883000.0,18109112937.0,191155000.0,-936286000.0,-752643000.0,2767145000.0,0.0,3326039000.0,-4424258000.0,-3336620000.0,1320202000.0,-30828000.0,525361000.0,525361000.0,525361000.0,0.0,10603000.0,0.089,1212769000.0,1144268000.0,387078000.0,0.0,9.243,34.47,36.311,548255000.0,0.0,291.94,3.066,3.059,563533000.0,2819650000.0,5906642000.0,5906642000.0,0.0,0.028,0.286,0.07,0.192,119429000.0,150271000.0,1.0,62030256.0,61900000,62300000.0,95.422,14396797000.0,225697000.0,319783000.0,647662000.0,232.582,7283357000.0
25,ADS,MRT,2015-03-31,2015-03-31,2015-03-31,2021-08-05,-139553000.0,19052486000.0,17181159000.0,12777584000.0,6274902000.0,0.33,30.292,-157612000.0,760398000.0,760398000.0,3436374000.0,545153000.0,2.081,8.849,9662344000.0,1902009000.0,7760335000.0,9662344000.0,900573000.0,360627000.0,4510374000.0,0.0,0.0,1127460000.0,1488087000.0,0.262,1488087000.0,1127460000.0,856707000.0,8.46,8.14,8.46,1911428000.0,1583950000.0,1911428000.0,26930070052.0,24.0,18.097,1028177000.0,16.294,1.0,2234826000.0,0.394,5196250000.0,270753000.0,16617151000.0,15120660250.0,0.0,10286840000.0,10286840000.0,0.0,16914177000.0,6141031000.0,10773146000.0,18606060052.0,53780000.0,-936286000.0,-772098000.0,1074963000.0,0.0,3296779000.0,-4399450000.0,-3320271000.0,1185789000.0,-29338000.0,531505000.0,531505000.0,531505000.0,0.0,13648000.0,0.094,1093718000.0,1141108000.0,412503000.0,0.0,9.734,35.006,35.018,545064000.0,0.0,296.25,3.281,3.296,571560000.0,2688313000.0,5671200000.0,5671200000.0,0.0,0.031,0.336,0.075,0.199,109181000.0,137673000.0,1.0,62805266.0,63100000,63600000.0,89.876,13856236000.0,210958000.0,325202000.0,672517000.0,219.592,6636553000.0
26,ADS,MRT,2014-12-31,2014-12-31,2014-12-31,2021-08-05,-75453000.0,20263977000.0,15857355000.0,13814776000.0,6449201000.0,0.334,42.489,-158700000.0,1077152000.0,1077152000.0,3218800000.0,516100000.0,2.191,7.358,9401162000.0,1266914000.0,8134248000.0,9401162000.0,1013177000.0,313100000.0,4773541000.0,0.0,0.0,1088600000.0,1401700000.0,0.264,1401700000.0,1088600000.0,828100000.0,8.72,7.87,8.72,2396380000.0,1343570250.0,2396380000.0,23768855513.0,22.0,16.957,1185500000.0,21.02,1.0,2084100000.0,0.393,5381478000.0,260500000.0,16901026000.0,14236646000.0,0.0,10798769000.0,10798769000.0,0.0,17632031000.0,6305483000.0,11326548000.0,16994728513.0,107400000.0,-1195800000.0,-269500000.0,276000000.0,0.0,3516100000.0,-4737100000.0,-3332400000.0,1344200000.0,-15800000.0,506300000.0,506300000.0,506300000.0,0.0,9800000.0,0.095,985700000.0,1098400000.0,455656000.0,0.0,7.092,33.567,32.804,559628000.0,0.0,286.05,3.205,3.042,743294000.0,2540948000.0,5302900000.0,5302900000.0,0.0,0.032,0.377,0.076,0.205,72500000.0,141500000.0,1.0,59411741.0,56400000,62400000.0,94.023,14882499000.0,219036000.0,321800000.0,691105000.0,263.874,7509293000.0
27,ADS,MRT,2014-09-30,2014-09-30,2014-09-30,2021-08-05,-54246000.0,15193275000.0,14102425000.0,11401425000.0,3791850000.0,0.352,18.716,-158212000.0,634824000.0,634824000.0,3004276000.0,557757000.0,2.123,12.765,7408951000.0,1347287000.0,6061664000.0,7408951000.0,1038167000.0,279920000.0,3727805000.0,0.0,0.0,1134909000.0,1414829000.0,0.285,1414829000.0,1134909000.0,877291000.0,10.37,8.8,10.37,1080671000.0,958415500.0,1080671000.0,20428175524.0,18.0,14.439,1014421000.0,17.568,1.0,1954002000.0,0.394,2998396000.0,257618000.0,13598829000.0,13250896250.0,0.0,8854079000.0,8854079000.0,0.0,13795181000.0,5370177000.0,8425004000.0,13786013524.0,-149218000.0,-259514000.0,-201496000.0,-973143000.0,0.0,1797710000.0,-3107918000.0,-2338415000.0,1172633000.0,-11643000.0,556954000.0,556954000.0,556954000.0,0.0,803000.0,0.112,818290000.0,1135712000.0,318798000.0,0.0,12.757,24.753,23.941,337717000.0,0.0,248.27,2.78,2.891,455064000.0,2488511000.0,4958278000.0,4958278000.0,0.0,0.039,0.581,0.086,0.229,46113000.0,126221000.0,1.0,55528310.0,57742000,59908000.0,85.87,12194879000.0,202703000.0,320337000.0,362255000.0,211.196,6031248000.0
28,ADS,MRT,2014-06-30,2014-06-30,2014-06-30,2021-08-05,-14195000.0,14214898000.0,13295272000.0,10344932000.0,3869966000.0,0.356,17.493,-153641000.0,631167000.0,631167000.0,2865247000.0,525687000.0,2.352,13.644,7273329000.0,709230000.0,6564099000.0,7273329000.0,1089829000.0,258061000.0,3010025000.0,0.0,0.0,1102742000.0,1360803000.0,0.287,1360803000.0,1102742000.0,832573000.0,10.26,8.07,10.26,947321000.0,866102500.0,947321000.0,21671478094.0,20.0,15.926,907184000.0,16.752,1.0,1870345000.0,0.395,3092491000.0,270169000.0,13365635000.0,12878682750.0,0.0,8113739000.0,8113739000.0,0.0,12924890000.0,4398934000.0,8525956000.0,15245994094.0,-118654000.0,-259514000.0,-208112000.0,-2357218000.0,0.0,765418000.0,-1939832000.0,-1782653000.0,1060825000.0,-5065000.0,525590000.0,525590000.0,525590000.0,0.0,97000.0,0.111,767506000.0,1102839000.0,320678000.0,0.0,16.094,29.007,27.412,337151000.0,0.0,281.25,3.219,3.216,394681000.0,2324269000.0,4735592000.0,4735592000.0,0.0,0.04,0.607,0.086,0.233,45842000.0,120897000.0,1.0,54207979.0,54154000,62637000.0,87.447,11122407000.0,198330000.0,306983000.0,371902000.0,205.385,5945998000.0
29,ADS,MRT,2014-03-31,2014-03-31,2014-03-31,2021-08-05,-8409000.0,13757270000.0,12708375500.0,9938025000.0,3819245000.0,0.354,17.912,-150582000.0,706642000.0,706642000.0,2701163000.0,502938000.0,2.506,13.122,7132126000.0,634940000.0,6497186000.0,7132126000.0,1066231000.0,237342000.0,2673871000.0,0.0,0.0,1091127000.0,1328469000.0,0.295,1328469000.0,1091127000.0,800424000.0,10.09,7.59,10.09,949909000.0,774484250.0,949909000.0,20909253957.0,19.0,15.739,907019000.0,17.103,1.0,1797363000.0,0.4,3136408000.0,290703000.0,13081094000.0,12348175500.0,0.0,7668612000.0,7668612000.0,0.0,12464564000.0,3965252000.0,8499312000.0,14486878957.0,-57507000.0,-259514000.0,-207380000.0,-1212490000.0,0.0,259063000.0,-1361878000.0,-1404913000.0,1057601000.0,-12293000.0,504586000.0,504586000.0,504586000.0,0.0,-1648000.0,0.112,707884000.0,1089479000.0,362901000.0,0.0,15.251,28.71,27.002,326421000.0,0.0,272.45,3.22,3.212,374483000.0,2186825000.0,4498526000.0,4498526000.0,0.0,0.04,0.652,0.088,0.243,46574000.0,120850000.0,1.0,53172615.0,53033000,66065000.0,84.825,10620862000.0,203592000.0,295838000.0,390592000.0,200.269,5972773000.0
30,ADS,MRT,2013-12-31,2013-12-31,2013-12-31,2021-08-05,-18227000.0,13244257000.0,12250685750.0,10400842000.0,2843415000.0,0.353,17.397,-135376000.0,969822000.0,969822000.0,2549159000.0,496170000.0,2.305,14.477,7392197000.0,1389489000.0,6002708000.0,7392197000.0,1137186000.0,216119000.0,2816361000.0,0.0,0.0,1098912000.0,1315031000.0,0.304,1315031000.0,1098912000.0,793412000.0,10.09,7.42,10.09,855761000.0,688138500.0,855761000.0,18689209638.0,17.0,14.212,868116000.0,17.648,1.0,1769904000.0,0.41,2196107000.0,305500000.0,12958027000.0,11770117750.0,0.0,8131795000.0,8131795000.0,0.0,12388496000.0,4512498000.0,7875998000.0,12808023638.0,76470000.0,0.0,-216995000.0,-740356000.0,0.0,704152000.0,-1619416000.0,-1499868000.0,1003492000.0,-11758000.0,496170000.0,496170000.0,496170000.0,0.0,0.0,0.115,670992000.0,1098912000.0,210019000.0,0.0,14.967,25.814,26.058,299188000.0,0.0,262.93,2.965,2.995,394822000.0,2049430000.0,4319063000.0,4319063000.0,0.0,0.041,0.721,0.093,0.254,59183000.0,109115000.0,1.0,48712675.0,49190000,66866000.0,87.804,11048150000.0,218649000.0,297242000.0,275757000.0,224.602,5888344000.0
31,ADS,MRT,2013-09-30,2013-09-30,2013-09-30,2021-08-05,-19247000.0,11964663000.0,11939656250.0,9110360000.0,2854303000.0,0.348,14.605,-130874000.0,784042000.0,784042000.0,2441890000.0,461958000.0,2.6,15.818,6665228000.0,670499000.0,5994729000.0,6665228000.0,1180325000.0,207920000.0,2310507000.0,0.0,0.0,1065904000.0,1273824000.0,0.307,1273824000.0,1065904000.0,747503000.0,9.37,6.89,9.37,711419000.0,606320000.0,711419000.0,16425774264.0,15.0,12.895,940093000.0,19.3,1.0,1707930000.0,0.412,2231619000.0,318401000.0,12109975000.0,11212084000.0,0.0,7046254000.0,7046254000.0,0.0,11253244000.0,3504255000.0,7748989000.0,10307635264.0,17725000.0,-463964000.0,-277451000.0,-460697000.0,0.0,810395000.0,-1857126000.0,-1249234000.0,1070967000.0,-6511000.0,461958000.0,461958000.0,461958000.0,0.0,0.0,0.111,642026000.0,1065904000.0,258254000.0,0.0,14.489,22.313,22.569,276097000.0,0.0,211.47,2.484,2.482,337332000.0,1931557000.0,4149820000.0,4149820000.0,0.0,0.039,0.762,0.095,0.257,38866000.0,116336000.0,1.0,48742778.0,48710000,66019000.0,85.194,9733044000.0,248893000.0,285545000.0,265922000.0,199.816,5606105000.0
32,ADS,MRT,2013-06-30,2013-06-30,2013-06-30,2021-08-05,-19050000.0,11867312000.0,11551566500.0,9057972000.0,2809340000.0,0.343,11.824,-119909000.0,749821000.0,749821000.0,2312959000.0,448625000.0,2.02,19.431,6867960000.0,1791374000.0,5076586000.0,6867960000.0,1142127000.0,195180000.0,2255366000.0,0.0,0.0,1041607000.0,1236787000.0,0.312,1236787000.0,1041607000.0,722856000.0,9.03,6.72,9.03,580848000.0,551586750.0,580848000.0,15094686630.0,14.0,12.205,1127308000.0,22.949,1.0,1651906000.0,0.417,2256885000.0,318751000.0,11243606000.0,10420214250.0,0.0,6782194000.0,6782194000.0,0.0,11286464000.0,4484960000.0,6801504000.0,8904213630.0,107622000.0,-463964000.0,-259963000.0,861113000.0,0.0,1252940000.0,-2390095000.0,-1953405000.0,1247217000.0,-2440000.0,448625000.0,448625000.0,448625000.0,0.0,0.0,0.113,610299000.0,1041607000.0,241437000.0,0.0,15.33,19.848,20.048,265534000.0,0.0,181.03,2.246,2.243,337458000.0,1798679000.0,3964865000.0,3964865000.0,0.0,0.039,0.813,0.1,0.263,36588000.0,107075000.0,1.0,49186398.0,49123000,68167000.0,80.713,9610427000.0,252746000.0,274231000.0,268202000.0,195.64,4573012000.0
33,ADS,MRT,2013-03-31,2013-03-31,2013-03-31,2021-08-05,-17438000.0,11926511000.0,11041467000.0,9087826000.0,2838685000.0,0.344,12.148,-113371000.0,764149000.0,764149000.0,2200129000.0,436006000.0,1.799,18.729,6954622000.0,2405608000.0,4549014000.0,6954622000.0,1183464000.0,181007000.0,2177077000.0,0.0,0.0,1012970000.0,1193977000.0,0.314,1193977000.0,1012970000.0,704618000.0,8.73,6.64,8.73,604526000.0,496622750.0,604526000.0,14166626206.0,14.0,11.865,1060198000.0,21.305,1.0,1603129000.0,0.422,2296391000.0,308352000.0,10768863000.0,9947871250.0,0.0,6555667000.0,6555667000.0,0.0,11321985000.0,5051730000.0,6270255000.0,8074169206.0,365105000.0,-463964000.0,-159168000.0,1506460000.0,0.0,2254629000.0,-3064073000.0,-2040968000.0,1173569000.0,980000.0,436006000.0,436006000.0,436006000.0,0.0,0.0,0.115,590159000.0,1012970000.0,258278000.0,0.0,13.356,18.518,18.544,255905000.0,0.0,161.89,2.123,2.118,331608000.0,1682239000.0,3803258000.0,3803258000.0,0.0,0.039,0.878,0.102,0.266,33133000.0,106352000.0,1.0,49874416.0,49762000,67328000.0,76.429,9630120000.0,255927000.0,268612000.0,282614000.0,193.524,4036096000.0
34,ADS,MRT,2012-12-31,2012-12-31,2012-12-31,2021-08-05,-21861000.0,12000139000.0,10285418250.0,9132143000.0,2867996000.0,0.354,10.568,-116455000.0,893352000.0,893352000.0,2106612000.0,422256000.0,1.815,21.707,6985809000.0,2277323000.0,4708486000.0,6985809000.0,1249061000.0,166876000.0,2228411000.0,0.0,0.0,974364000.0,1141240000.0,0.313,1141240000.0,974364000.0,682904000.0,8.44,6.58,8.44,528487000.0,418884500.0,528487000.0,12409355132.0,13.0,10.874,1017735000.0,20.351,1.0,1534778000.0,0.421,2333927000.0,291460000.0,10725892000.0,9377734250.0,0.0,6967674000.0,6967674000.0,0.0,11471652000.0,5032777000.0,6438875000.0,7217111132.0,677139000.0,-463964000.0,-105144000.0,1419350000.0,0.0,2209019000.0,-2671350000.0,-2169773000.0,1134190000.0,5280000.0,422256000.0,422256000.0,422256000.0,0.0,0.0,0.116,560414000.0,974364000.0,215470000.0,0.0,13.656,17.092,17.152,253028000.0,0.0,144.76,1.982,1.988,370110000.0,1553260000.0,3641390000.0,3641390000.0,0.0,0.041,1.008,0.104,0.268,30298000.0,108059000.0,1.0,49855700.0,50008000,64143000.0,72.816,9666212000.0,267295000.0,260648000.0,277354000.0,193.293,4099366000.0
35,ADS,MRT,2012-09-30,2012-09-30,2012-09-30,2021-08-05,-21943000.0,10412304000.0,9530445750.0,8019605000.0,2392699000.0,0.369,9.862,-102306000.0,766317000.0,766317000.0,2031929000.0,404501000.0,1.671,20.142,5958561000.0,2203572000.0,3754989000.0,5958561000.0,1234090000.0,158356000.0,1835652000.0,0.0,0.0,938935000.0,1097291000.0,0.312,1097291000.0,938935000.0,651875000.0,8.09,6.43,8.09,492486000.0,330754250.0,492486000.0,12308181978.0,13.0,11.217,1008602000.0,20.197,1.0,1485166000.0,0.422,1861800000.0,287060000.0,8942496000.0,8826165500.0,0.0,6130773000.0,6130773000.0,0.0,9919818000.0,4800252000.0,5119566000.0,7084291978.0,526747000.0,0.0,-98326000.0,512262000.0,0.0,894819000.0,-1487457000.0,-1911297000.0,1110908000.0,8477000.0,404501000.0,404501000.0,404501000.0,0.0,0.0,0.115,546231000.0,938935000.0,236891000.0,0.0,14.385,17.514,17.546,224018000.0,0.0,141.95,2.014,2.016,287643000.0,1469599000.0,3517095000.0,3517095000.0,0.0,0.042,1.223,0.106,0.267,30458000.0,103169000.0,1.0,49906953.0,49939000,65038000.0,70.428,8550504000.0,262634000.0,247374000.0,191036000.0,171.219,3219353000.0
36,ADS,MRT,2012-06-30,2012-06-30,2012-06-30,2021-08-05,-22880000.0,9826914000.0,9119849750.0,7477468000.0,2349446000.0,0.378,7.197,-95108000.0,642199000.0,642199000.0,2009467000.0,378937000.0,1.918,26.222,5866089000.0,1657489000.0,4208600000.0,5866089000.0,1191160000.0,159857000.0,1652952000.0,0.0,0.0,902143000.0,1062000000.0,0.308,1062000000.0,902143000.0,615092000.0,7.56,6.19,7.56,360992000.0,244136500.0,360992000.0,11737404775.0,13.0,11.052,925810000.0,18.457,1.0,1440980000.0,0.418,1797885000.0,287051000.0,9354234000.0,8600527000.0,0.0,5278180000.0,5278180000.0,0.0,9465922000.0,3898685000.0,5567237000.0,6797879775.0,409378000.0,0.0,-162958000.0,93479000.0,0.0,768869000.0,-1376384000.0,-1081069000.0,1020918000.0,-4025000.0,378937000.0,378937000.0,378937000.0,0.0,0.0,0.11,538837000.0,902143000.0,169938000.0,0.0,18.831,17.939,17.857,218938000.0,0.0,135.0,1.97,1.963,319292000.0,1350054000.0,3450447000.0,3450447000.0,0.0,0.042,1.552,0.105,0.261,31480000.0,104827000.0,1.0,50354665.0,50161000,63731000.0,68.787,8029029000.0,262996000.0,236155000.0,187246000.0,160.065,3578783000.0
37,ADS,MRT,2012-03-31,2012-03-31,2012-03-31,2021-08-05,-24638000.0,8902316000.0,8800233000.0,6529566000.0,2372750000.0,0.378,5.854,-86237000.0,399044000.0,399044000.0,1934262000.0,344139000.0,1.848,29.324,5338569000.0,1444026000.0,3894543000.0,5338569000.0,1213886000.0,156474000.0,1287794000.0,0.0,0.0,853391000.0,1009865000.0,0.304,1009865000.0,853391000.0,560613000.0,6.84,5.75,6.84,293573000.0,175671250.0,293573000.0,11530982796.0,14.0,11.418,954345000.0,19.031,1.0,1390158000.0,0.418,1820863000.0,292778000.0,8488315000.0,8451451000.0,0.0,4986657000.0,4986657000.0,0.0,8608743000.0,3532663000.0,5076080000.0,6303434796.0,98682000.0,-359076000.0,-158132000.0,-88317000.0,0.0,223988000.0,-1164534000.0,-904378000.0,1040582000.0,-1354000.0,344139000.0,344139000.0,344139000.0,0.0,0.0,0.104,536767000.0,853391000.0,171353000.0,0.0,21.471,18.317,18.415,206569000.0,0.0,125.96,1.896,1.9,245011000.0,1246233000.0,3324420000.0,3324420000.0,0.0,0.039,1.959,0.101,0.257,29440000.0,98316000.0,1.0,50043147.0,50147000,61849000.0,66.293,7081453000.0,294990000.0,216474000.0,155714000.0,141.214,2996903000.0
38,ADS,MRT,2011-12-31,2011-12-31,2011-12-31,2021-08-05,-23056000.0,8980249000.0,8582016500.0,6606967000.0,2373282000.0,0.37,3.472,-73502000.0,216213000.0,216213000.0,1811882000.0,315286000.0,1.714,50.034,5443761000.0,1714032000.0,3729729000.0,5443761000.0,1226436000.0,153153000.0,1353775000.0,0.0,0.0,812680000.0,965833000.0,0.304,965833000.0,812680000.0,514095000.0,6.22,5.45,6.22,175966000.0,115026250.0,175966000.0,10286661886.0,13.0,10.651,937845000.0,18.503,1.0,1361405000.0,0.429,1833009000.0,298585000.0,8519617000.0,8149122500.0,0.0,5197690000.0,5197690000.0,0.0,8804283000.0,3855171000.0,4949112000.0,5188724886.0,77099000.0,-359076000.0,-211465000.0,-185063000.0,0.0,109250000.0,-1040710000.0,-679407000.0,1011347000.0,-2788000.0,315286000.0,315286000.0,315286000.0,0.0,0.0,0.099,548725000.0,812680000.0,149812000.0,0.0,29.487,16.457,16.695,195397000.0,0.0,103.84,1.635,1.659,300895000.0,1131004000.0,3173287000.0,3173287000.0,0.0,0.037,2.741,0.1,0.256,28458000.0,95256000.0,1.0,49968460.0,50687000,57804000.0,62.606,7147240000.0,295711000.0,198809000.0,151746000.0,141.007,2751796000.0
39,ADS,MRT,2011-09-30,2011-09-30,2011-09-30,2021-08-05,-17705000.0,8769920000.0,8404992250.0,5901318000.0,2868602000.0,0.367,2.883,-68995000.0,239570000.0,239570000.0,1753235000.0,296084000.0,1.482,59.062,5337507000.0,1788956000.0,3548551000.0,5337507000.0,1174317000.0,151378000.0,1369005000.0,0.0,0.0,770110000.0,921488000.0,0.299,921488000.0,770110000.0,477844000.0,5.8,5.2,5.8,146015000.0,76808250.0,146015000.0,10155744624.0,13.0,11.021,902710000.0,17.825,1.0,1328226000.0,0.431,1845965000.0,292266000.0,8039942000.0,8085355750.0,0.0,4526162000.0,4526162000.0,0.0,8623905000.0,3981950000.0,4641955000.0,4720071624.0,-151656000.0,-359076000.0,-233347000.0,-53286000.0,0.0,127921000.0,-1246749000.0,-482142000.0,971705000.0,-4533000.0,296084000.0,296084000.0,296084000.0,1901000.0,0.0,0.096,556215000.0,772011000.0,122055000.0,0.0,32.326,15.942,15.983,182069000.0,0.0,92.7,1.532,1.524,265156000.0,1065098000.0,3081461000.0,3081461000.0,0.0,0.035,3.855,0.095,0.25,36220000.0,90535000.0,1.0,50917709.0,50644000,58579000.0,60.846,6923955000.0,296557000.0,181760000.0,112216000.0,136.718,1919368000.0
40,ADS,MRT,2011-06-30,2011-06-30,2011-06-30,2021-08-05,-38975000.0,8548447000.0,8245136250.0,5877484000.0,2670963000.0,0.356,1.706,-71178000.0,232821000.0,232821000.0,1661443000.0,255162000.0,1.76,97.11,5668494000.0,1514103000.0,4154391000.0,5668494000.0,1269018000.0,146052000.0,827681000.0,0.0,0.0,712440000.0,858492000.0,0.292,858492000.0,712440000.0,410411000.0,4.95,4.56,4.95,87131000.0,51746250.0,87131000.0,9807886980.0,14.0,11.425,792903000.0,15.526,1.0,1277617000.0,0.435,1887283000.0,302029000.0,8757930000.0,8205834750.0,0.0,4478202000.0,4478202000.0,0.0,8461316000.0,3338907000.0,5122409000.0,4799676980.0,-17514000.0,-476076000.0,-226102000.0,404968000.0,0.0,-79220000.0,-803002000.0,-307045000.0,864081000.0,627000.0,255162000.0,255162000.0,255162000.0,1901000.0,0.0,0.087,563276000.0,714341000.0,111543000.0,0.0,55.086,18.81,19.004,195850000.0,0.0,94.07,1.633,1.635,296271000.0,971117000.0,2939060000.0,2939060000.0,0.0,0.031,4.931,0.087,0.242,34130000.0,84060000.0,1.0,51022398.0,51070000,58145000.0,57.55,6661164000.0,306631000.0,155249000.0,118068000.0,130.432,2538577000.0
41,ADS,MRT,2011-03-31,2011-03-31,2011-03-31,2021-08-05,-42071000.0,8029450000.0,8119683000.0,5779964000.0,2249486000.0,0.353,0.997,-71958000.0,300362000.0,300362000.0,1588901000.0,233459000.0,1.367,156.462,5308572000.0,2457475000.0,2851097000.0,5308572000.0,1238336000.0,144453000.0,830700000.0,0.0,0.0,681029000.0,825482000.0,0.288,825482000.0,681029000.0,373946000.0,4.49,4.2,4.49,50993000.0,38660750.0,50993000.0,9782384473.0,14.0,11.851,834586000.0,16.325,1.0,1279419000.0,0.446,1531030000.0,307083000.0,7279001000.0,8336350250.0,0.0,4374940000.0,4374940000.0,0.0,7978457000.0,4227629000.0,3750828000.0,4391584473.0,79798000.0,-117000000.0,-155908000.0,156808000.0,0.0,-300131000.0,-525247000.0,-257141000.0,906544000.0,-1368000.0,233459000.0,233459000.0,233459000.0,1901000.0,0.0,0.081,596489000.0,682930000.0,113349000.0,0.0,86.121,18.811,19.129,170375000.0,0.0,85.89,1.531,1.531,228270000.0,902094000.0,2868320000.0,2868320000.0,0.0,0.029,6.039,0.082,0.237,29903000.0,84548000.0,1.0,51130335.0,51122000,55412000.0,56.107,6498420000.0,319950000.0,140487000.0,80037000.0,127.116,1552335000.0
42,ADS,MRT,2010-12-31,2010-12-31,2010-12-31,2021-08-05,-34500000.0,8272152000.0,8092279500.0,6129535000.0,2142617000.0,0.345,0.44,-68755000.0,139114000.0,139114000.0,1545380000.0,193737000.0,1.587,357.195,5529914000.0,1999506000.0,3530408000.0,5529914000.0,1221242000.0,143226000.0,859100000.0,0.0,0.0,627319000.0,770545000.0,0.276,770545000.0,627319000.0,308989000.0,3.69,3.48,3.69,23094000.0,12523750.0,23094000.0,8593473064.0,14.0,11.152,833954000.0,15.875,1.0,1246041000.0,0.446,1536214000.0,318330000.0,8264550000.0,8706107250.0,0.0,4838354000.0,4838354000.0,0.0,8249058000.0,3862188000.0,4386870000.0,3693243064.0,-155817000.0,-117000000.0,-114863000.0,-7871000.0,0.0,-715675000.0,-340784000.0,-244898000.0,902709000.0,-2067000.0,193737000.0,193737000.0,193737000.0,1901000.0,0.0,0.069,616821000.0,629220000.0,121856000.0,0.0,159.922,19.063,19.249,170627000.0,0.0,71.03,1.323,1.337,260945000.0,815718000.0,2791421000.0,2791421000.0,0.0,0.024,15.47,0.072,0.225,37135000.0,85773000.0,1.0,51995538.0,52534000,55710000.0,53.136,6735938000.0,325970000.0,115252000.0,82637000.0,128.221,2267347000.0
43,ADS,MRT,2010-09-30,2010-09-30,2010-09-30,2021-08-05,-18934000.0,8130496000.0,7330658250.0,6023563000.0,2106933000.0,0.352,0.87,-61560000.0,391226000.0,391226000.0,1484612000.0,187680000.0,2.033,176.65,5291456000.0,1148260000.0,4143196000.0,5291456000.0,1180849000.0,65387000.0,966800000.0,0.0,0.0,601280000.0,666667000.0,0.258,666667000.0,601280000.0,309753000.0,3.56,3.34,3.56,45767000.0,74944250.0,45767000.0,8350905618.0,14.0,12.526,684236000.0,13.012,1.0,1097006000.0,0.425,1546602000.0,291527000.0,8521858000.0,7435409000.0,0.0,4431595000.0,4431595000.0,0.0,8084729000.0,2962266000.0,5122463000.0,3434821618.0,-139948000.0,-275901000.0,-67927000.0,-195976000.0,0.0,-543940000.0,-344942000.0,180156000.0,745796000.0,3138000.0,187680000.0,187680000.0,187680000.0,19319000.0,0.0,0.073,497634000.0,599372000.0,124040000.0,0.0,75.05,18.301,18.331,162758000.0,0.0,65.26,1.33,1.329,234570000.0,769014000.0,2581618000.0,2581618000.0,0.0,0.026,2.504,0.081,0.233,30017000.0,86087000.0,1.0,52632878.0,52584000,55218000.0,49.095,6583894000.0,340208000.0,122073000.0,106804000.0,125.207,3061297000.0
44,ADS,MRT,2010-06-30,2010-06-30,2010-06-30,2021-08-05,-13489000.0,8046634000.0,6522673000.0,5931872000.0,2114762000.0,0.362,0.654,-60239000.0,250335000.0,250335000.0,1425989000.0,180417000.0,2.651,230.298,5166419000.0,522996000.0,4643423000.0,5166419000.0,1127557000.0,58647000.0,1098900000.0,0.0,0.0,525296000.0,583943000.0,0.247,583943000.0,525296000.0,279325000.0,3.42,3.21,3.42,34789000.0,121600750.0,34789000.0,8035074069.0,15.0,13.76,531585000.0,9.994,1.0,934617000.0,0.396,1445077000.0,245971000.0,9279992000.0,6053017000.0,0.0,4516623000.0,4516623000.0,0.0,8011845000.0,2237649000.0,5774196000.0,3175423069.0,50359000.0,-158901000.0,-92773000.0,-242966000.0,0.0,-96051000.0,-453676000.0,112950000.0,591824000.0,8262000.0,180417000.0,180417000.0,180417000.0,18840000.0,0.0,0.076,411708000.0,522909000.0,125534000.0,0.0,91.277,17.6,17.404,157593000.0,0.0,59.52,1.345,1.341,209609000.0,715955000.0,2360606000.0,2360606000.0,0.0,0.028,1.484,0.087,0.223,28123000.0,96463000.0,1.0,53350522.0,53188000,56821000.0,44.382,6601557000.0,339993000.0,98908000.0,107421000.0,124.117,3694223000.0
45,ADS,MRT,2010-03-31,2010-03-31,2010-03-31,2021-08-05,-23198000.0,7919836000.0,5603373250.0,5900444000.0,2019392000.0,0.383,-1.021,-57510000.0,220564000.0,220564000.0,1393848000.0,162533000.0,2.315,-148.882,5080215000.0,754683000.0,4325532000.0,5080215000.0,1171458000.0,55374000.0,1150401000.0,0.0,0.0,446544000.0,501918000.0,0.234,501918000.0,446544000.0,250314000.0,3.05,2.89,3.05,-53555000.0,177623500.0,-53555000.0,4931890958.0,11.0,9.826,436362000.0,8.321,1.0,754579000.0,0.351,1473211000.0,196230000.0,8758029000.0,4447424000.0,0.0,4507561000.0,4507561000.0,0.0,7973391000.0,2548247000.0,5425144000.0,3362916958.0,-182620000.0,-158901000.0,-236679000.0,-204562000.0,0.0,-367603000.0,-325802000.0,141186000.0,493872000.0,16913000.0,162533000.0,162533000.0,162533000.0,17791000.0,0.0,0.076,311471000.0,443108000.0,123615000.0,0.0,-62.794,20.691,20.98,161226000.0,0.0,63.99,1.565,1.562,189635000.0,668634000.0,2148427000.0,2148427000.0,0.0,0.029,0.915,0.1,0.208,33985000.0,94168000.0,1.0,52553789.0,52441000,55419000.0,40.968,6446625000.0,318090000.0,87781000.0,76800000.0,122.931,3352197000.0
46,ADS,MRT,2009-12-31,2009-12-31,2009-12-31,2021-08-05,-65741000.0,5225667000.0,4748443500.0,2359505000.0,2866162000.0,0.414,4.892,-52970000.0,213378000.0,213378000.0,1354138000.0,143734000.0,1.108,18.157,1782352000.0,51963000.0,1730389000.0,1782352000.0,1146146000.0,50537000.0,1465000000.0,0.0,0.0,374772000.0,425309000.0,0.217,425309000.0,374772000.0,229961000.0,2.58,2.49,2.58,272776000.0,294460000.0,272776000.0,4738125064.0,13.0,11.14,305444000.0,5.477,1.0,610203000.0,0.311,1482872000.0,144811000.0,3181757000.0,2850558000.0,0.0,616298000.0,616298000.0,0.0,4952891000.0,2130012000.0,2822879000.0,3375828064.0,56467000.0,-158901000.0,-386977000.0,328163000.0,0.0,570189000.0,-888022000.0,-310292000.0,358414000.0,15886000.0,143734000.0,143734000.0,143734000.0,32985000.0,0.0,0.073,223673000.0,386530000.0,103891000.0,0.0,12.376,23.487,25.035,165012000.0,0.0,64.59,1.719,1.834,225212000.0,1033039000.0,1964341000.0,1964341000.0,0.0,0.03,0.488,0.131,0.191,44662000.0,99823000.0,1.0,52265491.0,55765000,57706000.0,35.225,3742795000.0,197455000.0,86227000.0,140712000.0,67.117,229493000.0
47,ADS,MRT,2009-09-30,2009-09-30,2009-09-30,2021-08-05,-76758000.0,4898555000.0,4527524000.0,2395983000.0,2502572000.0,0.425,4.398,-52164000.0,449621000.0,449621000.0,1315506000.0,148371000.0,1.298,20.079,1811918000.0,43447000.0,1768471000.0,1811918000.0,1130108000.0,124082000.0,1179900000.0,0.0,0.0,366429000.0,490511000.0,0.255,490511000.0,366429000.0,236402000.0,2.56,2.47,2.56,232393000.0,363090500.0,232393000.0,4860050519.0,13.0,9.908,126626000.0,2.396,1.0,610484000.0,0.317,1422178000.0,130027000.0,2992290000.0,2628977500.0,0.0,776359000.0,776359000.0,0.0,4666162000.0,1846384000.0,2819778000.0,3245906519.0,71438000.0,2000.0,-502976000.0,554776000.0,0.0,616116000.0,-715868000.0,-364015000.0,178790000.0,-7600000.0,148371000.0,148371000.0,148371000.0,17356000.0,0.0,0.077,226699000.0,383785000.0,108745000.0,0.0,13.967,21.877,23.859,167291000.0,0.0,61.08,1.685,1.676,207725000.0,992392000.0,1925990000.0,1925990000.0,0.0,0.033,0.409,0.139,0.19,54063000.0,102471000.0,1.0,53141888.0,52841000,55136000.0,36.449,3476377000.0,210513000.0,88031000.0,165262000.0,65.789,549599000.0
48,ADS,MRT,2009-06-30,2009-06-30,2009-06-30,2021-08-05,-68172000.0,4369435000.0,4351370250.0,1869077000.0,2500358000.0,0.449,4.548,-45268000.0,118423000.0,118423000.0,1324045000.0,167405000.0,1.095,15.878,1732567000.0,34288000.0,1698279000.0,1732567000.0,1028466000.0,126982000.0,797800000.0,0.0,0.0,398115000.0,525097000.0,0.268,525097000.0,398115000.0,283326000.0,2.65,2.57,2.65,258880000.0,433039750.0,258880000.0,3701172678.0,9.0,7.049,178504000.0,3.136,1.0,631739000.0,0.323,1418542000.0,114789000.0,2857620000.0,2630751000.0,0.0,691280000.0,691280000.0,0.0,4110555000.0,1707417000.0,2403138000.0,2392194678.0,-92104000.0,45177000.0,-720703000.0,728165000.0,0.0,266151000.0,-563885000.0,-323288000.0,223772000.0,-18142000.0,167405000.0,167405000.0,167405000.0,11935000.0,0.0,0.086,221689000.0,410050000.0,103857000.0,0.0,9.241,14.29,15.543,161183000.0,0.0,41.19,1.223,1.199,197103000.0,946596000.0,1955784000.0,1955784000.0,0.0,0.038,0.387,0.151,0.204,65980000.0,96672000.0,1.0,58077074.0,56918000,57808000.0,34.361,2950893000.0,198286000.0,115921000.0,154799000.0,51.845,161660000.0
49,ADS,MRT,2009-03-31,2009-03-31,2009-03-31,2021-08-05,-49507000.0,4500117000.0,4291222250.0,2048369000.0,2451748000.0,0.467,6.767,-46592000.0,321631000.0,321631000.0,1338440000.0,184938000.0,1.01,9.875,1630609000.0,275392000.0,1355217000.0,1630609000.0,946082000.0,130203000.0,932900000.0,0.0,0.0,415687000.0,545890000.0,0.272,545890000.0,415687000.0,321063000.0,2.74,2.66,2.74,413791000.0,588225500.0,413791000.0,3772750742.0,9.0,6.911,502038000.0,8.21,1.0,667015000.0,0.333,1411284000.0,94624000.0,2370565000.0,2560949500.0,0.0,678920000.0,678920000.0,0.0,4086326000.0,2027246000.0,2059080000.0,2202486742.0,32107000.0,135484000.0,-1036639000.0,773260000.0,0.0,211328000.0,-704926000.0,-123978000.0,548630000.0,-22925000.0,184938000.0,184938000.0,184938000.0,27961000.0,0.0,0.092,223367000.0,443648000.0,114050000.0,0.0,5.323,11.909,13.485,160452000.0,0.0,36.95,1.098,1.127,194304000.0,917160000.0,2005455000.0,2005455000.0,0.0,0.043,0.314,0.162,0.207,62764000.0,92355000.0,1.0,59607219.0,61148000,61833000.0,32.797,3088833000.0,199273000.0,136125000.0,155854000.0,50.514,21123000.0
50,ADS,MRT,2008-12-31,2008-12-31,2008-12-31,2021-08-05,-47849000.0,4341989000.0,4149045500.0,1924649000.0,2417340000.0,0.488,7.654,-49556000.0,156911000.0,156911000.0,1341958000.0,206402000.0,0.987,6.934,1491275000.0,275549000.0,1215726000.0,1491275000.0,995634000.0,143810000.0,688900000.0,0.0,0.0,434441000.0,578251000.0,0.286,578251000.0,434441000.0,354001000.0,2.88,2.8,2.88,547298000.0,797425500.0,547298000.0,4288610692.0,10.0,7.417,401463000.0,5.615,1.0,683296000.0,0.337,1431566000.0,80440000.0,2295435000.0,2545897500.0,0.0,612940000.0,612940000.0,0.0,3794691000.0,1949352000.0,1845339000.0,3003055692.0,-108928000.0,135484000.0,-875748000.0,702266000.0,0.0,-20306000.0,-512518000.0,-4055000.0,451019000.0,-27123000.0,206402000.0,206402000.0,206402000.0,26150000.0,0.0,0.102,222705000.0,460591000.0,107209000.0,0.0,5.487,14.55,16.156,168208000.0,0.0,46.53,1.483,1.643,218170000.0,889305000.0,2025254000.0,2025254000.0,0.0,0.05,0.259,0.171,0.215,52064000.0,82804000.0,1.0,64540204.0,71502000,73640000.0,28.324,2910423000.0,201895000.0,147599000.0,123476000.0,40.704,-24703000.0
51,ADS,MRT,2008-09-30,2008-09-30,2008-09-30,2021-08-05,8777000.0,4193940000.0,4104147000.0,1243065000.0,2950875000.0,0.497,7.595,-75092000.0,378183000.0,378183000.0,1372974000.0,195059000.0,1.229,7.188,1663738000.0,276481000.0,1387257000.0,1663738000.0,1141688000.0,152486000.0,345800000.0,0.0,0.0,402343000.0,554829000.0,0.272,554829000.0,402343000.0,338721000.0,2.63,2.56,2.63,512190000.0,959842500.0,512190000.0,5260354781.0,13.0,9.481,708931000.0,10.512,1.0,666676000.0,0.327,1468761000.0,63622000.0,2999384000.0,2311204750.0,0.0,373659000.0,373659000.0,0.0,3681750000.0,1011350000.0,2670400000.0,4264152781.0,162844000.0,147832000.0,-735925000.0,373397000.0,0.0,-266735000.0,-349561000.0,1588000.0,784023000.0,-4883000.0,195059000.0,195059000.0,195059000.0,25446000.0,0.0,0.096,231263000.0,435413000.0,134128000.0,0.0,8.325,21.861,24.099,177224000.0,0.0,63.38,2.091,2.096,228067000.0,848450000.0,2039650000.0,2039650000.0,0.0,0.048,0.203,0.174,0.197,47445000.0,71400000.0,1.0,67279154.0,67442000,69689000.0,30.243,2725179000.0,168902000.0,143662000.0,0.0,40.408,231715000.0
52,ADS,MRT,2008-06-30,2008-06-30,2008-06-30,2021-08-05,24647000.0,4128843000.0,4060312750.0,1189009000.0,2939834000.0,0.498,11.48,-97651000.0,208236000.0,208236000.0,1356943000.0,159400000.0,1.126,3.694,1204438000.0,303855000.0,900583000.0,1204438000.0,1179274000.0,161379000.0,264800000.0,0.0,0.0,362962000.0,524341000.0,0.26,524341000.0,362962000.0,302042000.0,2.04,1.99,2.04,879623000.0,1119772500.0,879623000.0,5269475638.0,15.0,10.05,766567000.0,10.005,1.0,663509000.0,0.328,1490555000.0,60920000.0,2578414000.0,2041466000.0,0.0,454034000.0,454034000.0,0.0,3249220000.0,1056076000.0,2193144000.0,4484021638.0,67394000.0,102454000.0,-432879000.0,63620000.0,0.0,-305803000.0,-497987000.0,-36867000.0,864218000.0,6966000.0,159400000.0,159400000.0,159400000.0,63439000.0,0.0,0.079,232336000.0,431173000.0,132576000.0,0.0,5.098,28.131,27.721,188194000.0,0.0,56.55,2.219,2.144,214453000.0,779191000.0,2020452000.0,2020452000.0,0.0,0.039,0.142,0.178,0.18,45161000.0,69544000.0,1.0,79293044.0,76619000,78636000.0,26.37,2638288000.0,129273000.0,142642000.0,0.0,34.434,132933000.0
53,ADS,MRT,2008-03-31,2008-03-31,2008-03-31,2021-08-05,23899000.0,3931410000.0,3972130750.0,1461825000.0,2469585000.0,0.502,15.924,-108633000.0,241403000.0,241403000.0,1335851000.0,156520000.0,1.619,2.144,1026857000.0,166500000.0,860357000.0,1026857000.0,806116000.0,170167000.0,281900000.0,0.0,0.0,360534000.0,530701000.0,0.266,530701000.0,360534000.0,292625000.0,1.99,1.94,1.99,1250591000.0,1175835500.0,1250591000.0,4453926568.0,12.0,8.393,407756000.0,5.192,1.0,659211000.0,0.33,1503853000.0,67909000.0,2310357000.0,1905031000.0,0.0,575247000.0,575247000.0,0.0,2680819000.0,902654000.0,1778165000.0,3759660568.0,135648000.0,12896000.0,10563000.0,-188155000.0,0.0,-88602000.0,-298616000.0,-168199000.0,516389000.0,6477000.0,156520000.0,156520000.0,156520000.0,55908000.0,0.0,0.078,239994000.0,419217000.0,129150000.0,0.0,3.006,24.02,23.874,187744000.0,0.0,47.51,1.884,1.87,200402000.0,732222000.0,1995062000.0,1995062000.0,0.0,0.039,0.133,0.189,0.181,45562000.0,75863000.0,1.0,79134089.0,78536000,80589000.0,25.403,2427557000.0,119080000.0,136105000.0,0.0,30.91,559171000.0
54,ADS,MRT,2007-12-31,2007-12-31,2007-12-31,2021-08-05,24040000.0,4162395000.0,3898901750.0,1993113000.0,2169282000.0,0.503,15.267,-116652000.0,219210000.0,219210000.0,1304631000.0,164061000.0,0.989,2.477,957650000.0,313589000.0,644061000.0,957650000.0,828348000.0,166632000.0,370400000.0,0.0,0.0,370845000.0,537477000.0,0.274,537477000.0,370845000.0,301464000.0,2.09,2.03,2.09,1196966000.0,1120831000.0,1196966000.0,6692106167.0,18.0,12.451,454869000.0,5.802,1.0,657528000.0,0.335,1529175000.0,69381000.0,1356664000.0,1844264000.0,0.0,652434000.0,652434000.0,0.0,2965429000.0,2014996000.0,950433000.0,5904771167.0,85764000.0,-425816000.0,-87644000.0,181519000.0,0.0,197075000.0,-694808000.0,-125691000.0,571521000.0,11976000.0,164061000.0,164061000.0,164061000.0,50380000.0,0.0,0.084,236303000.0,421225000.0,133857000.0,0.0,4.933,35.991,35.88,192759000.0,0.0,74.99,3.009,2.996,228582000.0,682903000.0,1962159000.0,1962159000.0,0.0,0.042,0.146,0.201,0.189,48080000.0,80898000.0,1.0,78740781.0,78403000,80811000.0,25.027,2633220000.0,187390000.0,137403000.0,58801000.0,33.586,-21883000.0
55,ADS,MRT,2007-09-30,2007-09-30,2007-09-30,2021-08-05,24973000.0,4018603000.0,3709306750.0,1420510000.0,2598093000.0,0.436,14.73,-106808000.0,215339000.0,215339000.0,986557000.0,169729000.0,1.119,2.489,1002674000.0,309138000.0,693536000.0,1002674000.0,804162000.0,159136000.0,312000000.0,0.0,0.0,384977000.0,544113000.0,0.337,544113000.0,384977000.0,311766000.0,2.15,2.09,2.15,1151910000.0,1089472750.0,1151910000.0,7033148219.0,18.0,12.926,304051000.0,3.888,1.0,629924000.0,0.39,1616346000.0,73211000.0,1920429000.0,1969521000.0,0.0,537245000.0,537245000.0,0.0,2866693000.0,1269163000.0,1597530000.0,6096439219.0,70607000.0,-510615000.0,-105228000.0,398344000.0,0.0,445824000.0,-790875000.0,-112780000.0,410859000.0,4799000.0,169729000.0,169729000.0,169729000.0,64186000.0,0.0,0.105,189980000.0,439944000.0,141886000.0,0.0,5.292,35.919,36.019,241405000.0,0.0,77.44,3.771,3.746,322453000.0,648963000.0,1616481000.0,1616481000.0,0.0,0.046,0.156,0.195,0.238,42404000.0,89705000.0,1.0,78724680.0,78201000,80734000.0,20.671,2402257000.0,89670000.0,142037000.0,0.0,30.719,151347000.0
56,ADS,MRT,2007-06-30,2007-06-30,2007-06-30,2021-08-05,16457000.0,3776115000.0,3459514000.0,1221183000.0,2554932000.0,0.471,14.123,-99257000.0,143133000.0,143133000.0,1024718000.0,189338000.0,1.152,2.421,1079842000.0,308773000.0,771069000.0,1079842000.0,738176000.0,148154000.0,261000000.0,0.0,0.0,389467000.0,537621000.0,0.33,537621000.0,389467000.0,324629000.0,2.39,2.33,2.39,1103875000.0,1061236750.0,1103875000.0,7100679637.0,18.0,13.208,196063000.0,2.508,1.0,606320000.0,0.372,1620456000.0,64838000.0,2032674000.0,1893874000.0,0.0,470563000.0,470563000.0,0.0,2672240000.0,1059694000.0,1612546000.0,6081890637.0,-7884000.0,-515412000.0,-154346000.0,511900000.0,0.0,436678000.0,-739056000.0,-91877000.0,295320000.0,-826000.0,189338000.0,189338000.0,189338000.0,32093000.0,0.0,0.116,192738000.0,413582000.0,76332000.0,0.0,5.51,32.122,32.335,249756000.0,0.0,77.28,3.729,3.703,313174000.0,619791000.0,1631038000.0,1631038000.0,0.0,0.055,0.178,0.206,0.239,34887000.0,95367000.0,1.0,78699413.0,78160000,80504000.0,20.868,2155659000.0,94619000.0,135291000.0,12478000.0,27.58,161489000.0
57,ADS,MRT,2007-03-31,2007-03-31,2007-03-31,2021-08-05,9448000.0,3638494000.0,3242949750.0,1146541000.0,2491953000.0,0.506,13.043,-101826000.0,153876000.0,153876000.0,1059201000.0,190044000.0,1.172,2.531,1172665000.0,308040000.0,864625000.0,1172665000.0,664564000.0,136908000.0,234100000.0,0.0,0.0,377187000.0,514095000.0,0.314,514095000.0,377187000.0,321911000.0,2.39,2.33,2.39,1030573000.0,1040970500.0,1030573000.0,5468789108.0,14.0,10.638,253924000.0,3.214,1.0,580464000.0,0.354,1611337000.0,55276000.0,2067289000.0,1767211250.0,0.0,455533000.0,455533000.0,0.0,2607921000.0,978657000.0,1629264000.0,4903487108.0,-102952000.0,-608155000.0,-181573000.0,598776000.0,0.0,384270000.0,-841150000.0,-80685000.0,355750000.0,-1822000.0,190044000.0,190044000.0,190044000.0,24647000.0,0.0,0.116,185921000.0,394543000.0,81700000.0,0.0,4.758,25.802,25.782,241951000.0,0.0,61.62,2.991,2.969,269850000.0,575702000.0,1639665000.0,1639665000.0,0.0,0.059,0.183,0.213,0.23,31978000.0,95152000.0,1.0,79576227.0,79016000,81109000.0,20.751,2027157000.0,88709000.0,131867000.0,5143000.0,25.655,167884000.0
58,ADS,MRT,2006-12-31,2006-12-31,2006-12-31,2021-08-05,9248000.0,3404015000.0,3060301750.0,1309975000.0,2094040000.0,0.539,13.439,-100352000.0,180075000.0,180075000.0,1095929000.0,189605000.0,1.492,2.177,745377000.0,7902000.0,737475000.0,745377000.0,651506000.0,125040000.0,299000000.0,0.0,0.0,362856000.0,487896000.0,0.296,487896000.0,362856000.0,315866000.0,2.38,2.32,2.38,1071533000.0,1026179750.0,1071533000.0,5437638179.0,15.0,11.145,297558000.0,3.732,1.0,554620000.0,0.336,1233905000.0,46990000.0,1857692000.0,1533186750.0,0.0,569389000.0,569389000.0,0.0,2332482000.0,877720000.0,1454762000.0,4980829179.0,36862000.0,-205567000.0,-97167000.0,276065000.0,0.0,112270000.0,-472102000.0,-132894000.0,397910000.0,-1216000.0,189605000.0,189605000.0,189605000.0,16792000.0,0.0,0.115,181240000.0,373380000.0,112582000.0,0.0,4.648,26.27,26.248,208327000.0,0.0,62.47,3.018,3.018,271563000.0,527686000.0,1650549000.0,1650549000.0,0.0,0.062,0.185,0.237,0.22,25532000.0,91815000.0,1.0,79731538.0,79735000,81686000.0,20.7,2170110000.0,88722000.0,126261000.0,44234000.0,27.217,432255000.0
59,ADS,MRT,2006-09-30,2006-09-30,2006-09-30,2021-08-05,13150000.0,3019432000.0,2940818500.0,1027306000.0,1992126000.0,0.645,13.05,-92507000.0,144732000.0,144732000.0,1354098000.0,181325000.0,1.536,1.906,601541000.0,7999000.0,593542000.0,601541000.0,678414000.0,117651000.0,165800000.0,0.0,0.0,337695000.0,455346000.0,0.24,455346000.0,337695000.0,292825000.0,2.26,2.22,2.26,1038966000.0,988573250.0,1038966000.0,4829197253.0,14.0,10.606,180889000.0,2.272,1.0,541345000.0,0.286,1189702000.0,44870000.0,1617841000.0,1335931750.0,0.0,387187000.0,387187000.0,0.0,1980466000.0,668698000.0,1311768000.0,4421058253.0,-13065000.0,-134344000.0,-163441000.0,258350000.0,0.0,107493000.0,-396777000.0,-112069000.0,273396000.0,2823000.0,181325000.0,181325000.0,181325000.0,0.0,0.0,0.096,212340000.0,329005000.0,79817000.0,0.0,4.255,24.382,24.42,199719000.0,0.0,55.19,2.332,2.318,235700000.0,488077000.0,1895443000.0,1895443000.0,0.0,0.062,0.183,0.253,0.178,27020000.0,94689000.0,1.0,80106147.0,79612000,81491000.0,23.809,1829730000.0,74460000.0,111500000.0,29007000.0,22.983,358608000.0
60,ADS,MRT,2006-06-30,2006-06-30,2006-06-30,2021-08-05,10310000.0,2909858000.0,2803223750.0,915766000.0,1994092000.0,0.633,12.773,-85943000.0,151017000.0,151017000.0,1274478000.0,168396000.0,1.54,1.845,559156000.0,6715000.0,552441000.0,559156000.0,662327000.0,110002000.0,190100000.0,0.0,0.0,306680000.0,416682000.0,0.235,416682000.0,306680000.0,271638000.0,2.08,2.04,2.08,1022810000.0,969573000.0,1022810000.0,5083083366.0,17.0,12.199,133054000.0,1.662,1.0,499194000.0,0.281,1197449000.0,35042000.0,1526023000.0,1151103000.0,0.0,357016000.0,357016000.0,0.0,1887048000.0,594525000.0,1292523000.0,4776942366.0,50622000.0,-253675000.0,-149783000.0,266231000.0,0.0,316358000.0,-488648000.0,-87694000.0,218997000.0,3915000.0,168396000.0,168396000.0,168396000.0,0.0,0.0,0.095,199593000.0,299601000.0,70198000.0,0.0,4.67,28.367,28.279,192970000.0,0.0,58.82,2.693,2.655,227047000.0,439297000.0,1773672000.0,1773672000.0,0.0,0.06,0.174,0.266,0.173,21859000.0,89589000.0,1.0,81212893.0,80074000,81924000.0,22.15,1712409000.0,69679000.0,103242000.0,39080000.0,21.385,321241000.0
61,ADS,MRT,2006-03-31,2006-03-31,2006-03-31,2021-08-05,7503000.0,2907902000.0,2622749000.0,1068514000.0,1839388000.0,0.631,12.133,-74392000.0,256828000.0,256828000.0,1190753000.0,157984000.0,1.109,1.993,562969000.0,305775000.0,257194000.0,562969000.0,618786000.0,102075000.0,278200000.0,0.0,0.0,279535000.0,381610000.0,0.231,381610000.0,279535000.0,253509000.0,1.94,1.89,1.94,971410000.0,953696000.0,971410000.0,4078600530.0,15.0,10.688,24806000.0,0.31,1.0,463040000.0,0.28,1119094000.0,26026000.0,1131191000.0,1008617250.0,0.0,428963000.0,428963000.0,0.0,1936492000.0,963758000.0,972734000.0,3763969530.0,100128000.0,-174703000.0,-134553000.0,254236000.0,0.0,366795000.0,-368124000.0,-104100000.0,99198000.0,2259000.0,157984000.0,157984000.0,157984000.0,0.0,0.0,0.096,189274000.0,273766000.0,72336000.0,0.0,3.875,23.825,24.108,169927000.0,0.0,46.77,2.276,2.264,195814000.0,394502000.0,1653793000.0,1653793000.0,0.0,0.06,0.166,0.277,0.169,22278000.0,87199000.0,1.0,80478288.0,80065000,81667000.0,20.656,1788808000.0,70221000.0,95525000.0,59662000.0,22.342,104756000.0
62,ADS,MRT,2005-12-31,2005-12-31,2005-12-31,2021-08-05,8089000.0,2926082000.0,2442643500.0,1042453000.0,1883629000.0,0.636,11.205,-65900000.0,143213000.0,143213000.0,1124590000.0,138745000.0,0.994,2.177,457844000.0,235843000.0,222001000.0,457844000.0,610533000.0,99707000.0,379100000.0,0.0,0.0,240625000.0,340332000.0,0.219,340332000.0,240625000.0,222126000.0,1.69,1.64,1.69,921107000.0,941891500.0,921107000.0,3088523202.0,13.0,9.075,43181000.0,0.525,1.0,427847000.0,0.276,1123470000.0,18499000.0,1068672000.0,953604250.0,0.0,479108000.0,479108000.0,0.0,2004975000.0,1048571000.0,956404000.0,2920483202.0,58804000.0,-140901000.0,-115937000.0,110116000.0,0.0,278579000.0,-330951000.0,-106785000.0,109081000.0,2095000.0,138745000.0,138745000.0,138745000.0,0.0,0.0,0.089,191239000.0,236608000.0,67384000.0,0.0,3.171,21.049,21.065,162972000.0,0.0,35.6,1.881,1.885,203883000.0,338081000.0,1552437000.0,1552437000.0,0.0,0.057,0.147,0.252,0.155,27791000.0,91532000.0,1.0,82036045.0,82208000,84637000.0,18.884,1802612000.0,70221000.0,83381000.0,62847000.0,21.927,-6118000.0
63,ADS,MRT,2005-09-30,2005-09-30,2005-09-30,2021-08-05,8172000.0,2469053000.0,2270893000.0,750463000.0,1718590000.0,0.651,11.636,-58680000.0,157797000.0,157797000.0,1073737000.0,123433000.0,1.084,1.564,325837000.0,210429000.0,115408000.0,325837000.0,598314000.0,97796000.0,167000000.0,0.0,0.0,209907000.0,307703000.0,0.208,307703000.0,209907000.0,197572000.0,1.5,1.44,1.5,962965000.0,929244750.0,962965000.0,3454436816.0,16.0,11.227,200206000.0,2.419,1.0,404355000.0,0.274,1066313000.0,12335000.0,878526000.0,934923750.0,0.0,255215000.0,255215000.0,0.0,1506088000.0,692254000.0,813834000.0,3273119816.0,-1193000.0,-468388000.0,-23972000.0,209859000.0,0.0,320287000.0,-584315000.0,-52063000.0,258886000.0,3949000.0,123433000.0,123433000.0,123433000.0,0.0,0.0,0.084,197002000.0,207353000.0,65843000.0,0.0,3.399,26.517,26.1,155662000.0,0.0,39.15,2.214,2.192,197033000.0,306752000.0,1478092000.0,1478092000.0,0.0,0.054,0.133,0.225,0.142,45439000.0,99206000.0,1.0,83604593.0,82755000,85249000.0,17.861,1402740000.0,48727000.0,74139000.0,48948000.0,16.951,58209000.0
64,ADS,MRT,2005-06-30,2005-06-30,2005-06-30,2021-08-05,5031000.0,2187959000.0,2098148750.0,608894000.0,1579065000.0,0.664,11.593,-54590000.0,100395000.0,100395000.0,1015018000.0,113579000.0,1.28,1.281,281712000.0,140963000.0,140749000.0,281712000.0,554222000.0,95259000.0,2300000.0,0.0,0.0,192860000.0,288119000.0,0.207,288119000.0,192860000.0,181918000.0,1.39,1.33,1.39,959302000.0,892925000.0,959302000.0,3527712726.0,18.0,12.244,237486000.0,2.87,1.0,377133000.0,0.271,937500000.0,10942000.0,956080000.0,907049750.0,0.0,218080000.0,218080000.0,0.0,1228657000.0,475696000.0,752961000.0,3381597726.0,-54243000.0,-344057000.0,21087000.0,254074000.0,0.0,77061000.0,-425234000.0,-24936000.0,292076000.0,1854000.0,113579000.0,113579000.0,113579000.0,0.0,0.0,0.082,186827000.0,190306000.0,76007000.0,0.0,3.525,29.773,29.18,146604000.0,0.0,40.56,2.429,2.411,181293000.0,270901000.0,1392151000.0,1392151000.0,0.0,0.054,0.127,0.213,0.139,40700000.0,91570000.0,1.0,83372725.0,82750000,85638000.0,16.824,1250459000.0,46960000.0,68339000.0,45459000.0,15.111,133198000.0
65,ADS,MRT,2005-03-31,2005-03-31,2005-03-31,2021-08-05,4110000.0,2187480000.0,1994631250.0,618587000.0,1568893000.0,0.662,11.226,-48613000.0,156700000.0,156700000.0,961978000.0,107212000.0,1.275,1.367,302815000.0,135877000.0,166938000.0,302815000.0,549835000.0,93254000.0,35500000.0,0.0,0.0,181454000.0,274708000.0,0.208,274708000.0,181454000.0,171894000.0,1.32,1.26,1.32,924192000.0,847845750.0,924192000.0,3596032124.0,20.0,13.09,335273000.0,4.072,1.0,359314000.0,0.272,937404000.0,9560000.0,911139000.0,871424500.0,0.0,193204000.0,193204000.0,0.0,1263288000.0,485052000.0,778236000.0,3337618124.0,49527000.0,-331815000.0,37618000.0,167562000.0,0.0,40280000.0,-376290000.0,5143000.0,383886000.0,1651000.0,107212000.0,107212000.0,107212000.0,0.0,0.0,0.081,180115000.0,179199000.0,73509000.0,0.0,3.611,31.131,30.606,142167000.0,0.0,40.4,2.526,2.517,149627000.0,236518000.0,1321292000.0,1321292000.0,0.0,0.054,0.126,0.208,0.137,35381000.0,86860000.0,1.0,82614310.0,82329000,85713000.0,16.049,1250076000.0,49600000.0,64682000.0,47582000.0,15.184,133535000.0
66,ADS,MRT,2004-12-31,2004-12-31,2004-12-31,2021-08-05,4470000.0,2239080000.0,1907027250.0,617346000.0,1621734000.0,0.659,10.799,-48329000.0,84409000.0,84409000.0,916201000.0,102371000.0,1.101,1.572,342823000.0,135962000.0,206861000.0,342823000.0,547123000.0,91398000.0,94700000.0,0.0,0.0,173845000.0,265243000.0,0.211,265243000.0,173845000.0,164319000.0,1.27,1.22,1.27,870520000.0,802151000.0,870520000.0,3820976054.0,22.0,14.406,300300000.0,3.725,1.0,341237000.0,0.271,942925000.0,9526000.0,993950000.0,871518500.0,0.0,248074000.0,248074000.0,0.0,1368560000.0,560619000.0,807941000.0,3877813054.0,16664000.0,-329493000.0,34528000.0,137541000.0,0.0,66369000.0,-399859000.0,-48441000.0,348629000.0,1525000.0,102371000.0,102371000.0,102371000.0,0.0,0.0,0.081,169138000.0,172099000.0,56214000.0,0.0,4.455,37.88,37.386,147531000.0,0.0,47.48,3.084,3.044,158236000.0,199336000.0,1257438000.0,1257438000.0,0.0,0.054,0.128,0.199,0.138,26976000.0,77740000.0,1.0,81672558.0,80614000,84040000.0,15.598,1296155000.0,49606000.0,61948000.0,49283000.0,16.079,56727000.0
67,ADS,MRT,2004-09-30,2004-09-30,2004-09-30,2021-08-05,2538000.0,1778076000.0,1814113250.0,620606000.0,1157470000.0,0.666,10.047,-52441000.0,158990000.0,158990000.0,886723000.0,106169000.0,1.774,1.175,102153000.0,4255000.0,97898000.0,102153000.0,500888000.0,87748000.0,32600000.0,0.0,0.0,177953000.0,265701000.0,0.22,265701000.0,177953000.0,170653000.0,1.32,1.27,1.32,817686000.0,760103750.0,817686000.0,3283079358.0,18.0,12.356,246187000.0,3.025,1.0,321773000.0,0.266,604436000.0,7300000.0,767030000.0,843346500.0,0.0,209635000.0,209635000.0,0.0,960390000.0,349773000.0,610617000.0,3279542358.0,113933000.0,-34967000.0,30253000.0,-55738000.0,0.0,-89085000.0,-93400000.0,-74402000.0,298628000.0,-2210000.0,106169000.0,106169000.0,106169000.0,0.0,0.0,0.088,142568000.0,179205000.0,66848000.0,0.0,4.011,30.89,30.727,118451000.0,0.0,40.56,2.714,2.732,127835000.0,183319000.0,1208496000.0,1208496000.0,0.0,0.059,0.14,0.211,0.147,5300000.0,54819000.0,1.0,80856567.0,81387000,84703000.0,14.849,1173640000.0,44512000.0,64484000.0,2691000.0,14.42,270833000.0
68,ADS,MRT,2004-06-30,2004-06-30,2004-06-30,2021-08-05,-100000.0,1773889000.0,1786547250.0,587346000.0,1186543000.0,0.654,9.652,-49239000.0,154638000.0,154638000.0,859056000.0,101252000.0,1.672,1.277,158175000.0,4392000.0,153783000.0,158175000.0,464390000.0,84097000.0,51500000.0,0.0,0.0,171492000.0,255589000.0,0.219,255589000.0,171492000.0,163116000.0,1.27,1.22,1.27,778985000.0,725030750.0,778985000.0,3511987703.0,20.0,13.741,166717000.0,2.066,1.0,309655000.0,0.265,612467000.0,8376000.0,813579000.0,860699750.0,0.0,185984000.0,185984000.0,0.0,994904000.0,351380000.0,643524000.0,3390664703.0,19662000.0,-49883000.0,25818000.0,-147929000.0,0.0,-17911000.0,-168870000.0,-74402000.0,215956000.0,-9513000.0,101252000.0,101252000.0,101252000.0,0.0,0.0,0.087,136449000.0,173206000.0,76807000.0,0.0,4.353,33.487,33.268,122563000.0,0.0,42.25,2.901,2.918,118931000.0,157322000.0,1168711000.0,1168711000.0,0.0,0.057,0.14,0.199,0.147,7954000.0,52350000.0,1.0,80252419.0,80711000,84254000.0,14.48,1161422000.0,46047000.0,61864000.0,15693000.0,14.39,235966000.0
69,ADS,MRT,2004-03-31,2004-03-31,2004-03-31,2021-08-05,1471000.0,1837064000.0,1759152750.0,593467000.0,1243597000.0,0.637,9.251,-48527000.0,107173000.0,107173000.0,828008000.0,87325000.0,1.396,1.478,228496000.0,47990000.0,180506000.0,228496000.0,465149000.0,80597000.0,91000000.0,0.0,0.0,155479000.0,236076000.0,0.211,236076000.0,155479000.0,140967000.0,1.1,1.07,1.1,741413000.0,692609000.0,741413000.0,2798877061.0,18.0,11.856,8308000.0,0.104,1.0,292028000.0,0.261,621673000.0,14512000.0,911515000.0,848162750.0,0.0,255065000.0,255065000.0,0.0,1095651000.0,425199000.0,670452000.0,2676871061.0,7509000.0,-49191000.0,84990000.0,-67451000.0,0.0,121739000.0,-167399000.0,-74402000.0,56835000.0,-3666000.0,87325000.0,87325000.0,87325000.0,0.0,0.0,0.078,130062000.0,161966000.0,68789000.0,0.0,3.61,30.654,30.5,128233000.0,0.0,33.55,2.39,2.401,112067000.0,129306000.0,1120036000.0,1120036000.0,0.0,0.05,0.126,0.183,0.139,7954000.0,49464000.0,1.0,79787513.0,80143000,83188000.0,13.975,1215391000.0,45871000.0,53642000.0,11060000.0,15.165,168268000.0
70,ADS,MRT,2003-12-31,2003-12-31,2003-12-31,2021-08-05,-833000.0,1867424000.0,1688488000.0,581306000.0,1286118000.0,0.62,9.004,-46955000.0,67745000.0,67745000.0,788874000.0,67298000.0,1.211,1.659,189751000.0,4990000.0,184761000.0,189751000.0,476387000.0,74561000.0,200400000.0,0.0,0.0,123663000.0,198224000.0,0.189,198224000.0,123663000.0,108982000.0,0.86,0.84,0.86,702331000.0,647060000.0,702331000.0,2408447236.0,19.0,12.15,69921000.0,0.896,1.0,257670000.0,0.246,628148000.0,14681000.0,881262000.0,794117750.0,0.0,271396000.0,271396000.0,0.0,1165093000.0,480020000.0,685073000.0,2204472236.0,37306000.0,-51656000.0,81438000.0,-20635000.0,0.0,165003000.0,-247729000.0,-74402000.0,116876000.0,3156000.0,67298000.0,67298000.0,67298000.0,0.0,0.0,0.064,126881000.0,130789000.0,63466000.0,0.0,3.139,32.757,32.186,133746000.0,0.0,27.68,2.106,2.063,124377000.0,96965000.0,1046544000.0,1046544000.0,0.0,0.04,0.104,0.156,0.118,7954000.0,52320000.0,1.0,79641338.0,78003000,80313000.0,13.417,1239276000.0,45881000.0,41684000.0,6744000.0,15.888,101286000.0
71,ADS,MRT,2003-09-30,2003-09-30,2003-09-30,2021-08-05,3901000.0,1667812000.0,1583720750.0,509658000.0,1158154000.0,0.619,8.55,-41023000.0,45057000.0,45057000.0,738403000.0,55519000.0,1.094,1.462,249032000.0,152101000.0,96931000.0,249032000.0,417481000.0,71184000.0,0.0,0.0,0.0,107737000.0,178921000.0,0.182,178921000.0,107737000.0,90308000.0,0.72,0.71,0.72,677394000.0,607116750.0,677394000.0,2211093024.0,21.0,12.358,86879000.0,1.097,1.0,242585000.0,0.247,569483000.0,17429000.0,836443000.0,745276750.0,0.0,225250000.0,225250000.0,0.0,990418000.0,465861000.0,524557000.0,2095029024.0,-35394000.0,-18151000.0,86344000.0,-63062000.0,0.0,23282000.0,-195433000.0,0.0,127902000.0,8855000.0,55519000.0,55519000.0,55519000.0,0.0,0.0,0.057,126564000.0,116021000.0,80591000.0,0.0,3.093,37.735,36.667,126215000.0,0.0,26.4,2.136,2.132,105579000.0,77217000.0,980988000.0,980988000.0,0.0,0.035,0.091,0.145,0.11,5602000.0,55379000.0,1.0,79357160.0,79227000,82352000.0,12.382,1098329000.0,57745000.0,34789000.0,0.0,13.863,43797000.0
72,ADS,MRT,2003-06-30,2003-06-30,2003-06-30,2021-08-05,51000.0,1664311000.0,1540447000.0,555836000.0,1108475000.0,0.611,8.35,-41753000.0,134976000.0,134976000.0,712014000.0,42211000.0,1.149,1.563,251040000.0,143855000.0,107185000.0,251040000.0,406814000.0,69671000.0,0.0,0.0,0.0,89203000.0,158874000.0,0.169,158874000.0,89203000.0,68910000.0,0.55,0.55,0.55,649298000.0,570162000.0,649298000.0,2012831592.0,23.0,12.669,190796000.0,2.454,1.0,228626000.0,0.243,533028000.0,20293000.0,763431000.0,710917500.0,0.0,180436000.0,180436000.0,0.0,1015013000.0,483916000.0,531097000.0,1841668592.0,53981000.0,-12425000.0,80712000.0,-71767000.0,0.0,8945000.0,-192350000.0,0.0,232549000.0,4837000.0,42211000.0,42211000.0,42211000.0,0.0,0.0,0.045,126446000.0,102180000.0,89263000.0,0.0,2.836,43.63,42.545,127729000.0,0.0,23.4,1.958,1.934,108135000.0,58603000.0,940640000.0,940640000.0,0.0,0.027,0.074,0.125,0.095,2948000.0,56776000.0,1.0,78703786.0,77761000,80204000.0,12.097,1131283000.0,58242000.0,26699000.0,0.0,14.548,71920000.0
73,ADS,MRT,2003-03-31,2003-03-31,2003-03-31,2021-08-05,-7785000.0,1554405000.0,1504918750.0,458412000.0,1095993000.0,0.595,7.47,-42846000.0,99664000.0,99664000.0,686169000.0,31514000.0,0.931,1.78,270827000.0,166260000.0,104567000.0,270827000.0,379411000.0,67645000.0,0.0,0.0,0.0,70927000.0,138572000.0,0.155,138572000.0,70927000.0,52741000.0,0.42,0.41,0.42,559217000.0,538098000.0,559217000.0,1537358882.0,22.0,11.094,204153000.0,2.727,1.0,208978000.0,0.233,538025000.0,18186000.0,695335000.0,704951750.0,0.0,144838000.0,144838000.0,0.0,995188000.0,492208000.0,502980000.0,1274886882.0,22377000.0,-12337000.0,6381000.0,-22406000.0,0.0,-16025000.0,-219906000.0,0.0,246999000.0,11309000.0,31514000.0,31514000.0,31514000.0,0.0,0.0,0.035,123665000.0,85313000.0,89307000.0,0.0,2.28,40.455,40.476,123110000.0,0.0,17.0,1.424,1.422,86034000.0,46656000.0,895147000.0,895147000.0,0.0,0.021,0.059,0.101,0.079,2948000.0,56021000.0,1.0,74993346.0,74866000,76463000.0,11.957,1016380000.0,53373000.0,21227000.0,0.0,13.576,-33796000.0
74,ADS,MRT,2002-12-31,2002-12-31,2002-12-31,2021-08-05,-3916000.0,1448355000.0,1497127750.0,388940000.0,1059415000.0,0.578,7.29,-42379000.0,30439000.0,30439000.0,670544000.0,23659000.0,0.918,1.669,196711000.0,94993000.0,101718000.0,196711000.0,353804000.0,66475000.0,96200000.0,0.0,0.0,61643000.0,128118000.0,0.148,128118000.0,61643000.0,41719000.0,0.32,0.31,0.32,542558000.0,527270000.0,542558000.0,1536996029.0,25.0,11.997,80190000.0,1.078,1.0,194753000.0,0.225,505119000.0,19924000.0,685898000.0,717856750.0,0.0,147899000.0,147899000.0,0.0,905797000.0,423610000.0,482187000.0,1326532029.0,-87096000.0,-35891000.0,9529000.0,-25199000.0,0.0,-15670000.0,-192603000.0,0.0,122569000.0,-1392000.0,23659000.0,23659000.0,23659000.0,0.0,0.0,0.027,120259000.0,74494000.0,72586000.0,0.0,2.445,56.069,55.375,119638000.0,0.0,17.72,1.533,1.524,89097000.0,29667000.0,865297000.0,865297000.0,0.0,0.016,0.045,0.086,0.071,2948000.0,53784000.0,1.0,74860724.0,74422000,76696000.0,11.627,943236000.0,52711000.0,18060000.0,0.0,12.674,-34670000.0
75,ADS,MRT,2002-09-30,2002-09-30,2002-09-30,2021-08-05,-9136000.0,1494717000.0,1504343500.0,483566000.0,1011151000.0,0.56,7.103,-43415000.0,80451000.0,80451000.0,648742000.0,12718000.0,0.991,1.822,290915000.0,179710000.0,111205000.0,290915000.0,349835000.0,123393000.0,0.0,0.0,0.0,50813000.0,174206000.0,0.207,174206000.0,50813000.0,28746000.0,0.18,0.17,0.18,529575000.0,518062500.0,529575000.0,1350974557.0,27.0,7.755,137926000.0,1.85,1.0,193087000.0,0.229,518228000.0,22067000.0,699006000.0,733477750.0,0.0,194459000.0,194459000.0,0.0,965142000.0,487947000.0,477195000.0,1132343557.0,2225000.0,-35495000.0,-5111000.0,17401000.0,0.0,12290000.0,-184542000.0,0.0,181341000.0,-6864000.0,12718000.0,12718000.0,12718000.0,0.0,0.0,0.015,125118000.0,67969000.0,101617000.0,0.0,2.138,89.035,84.167,121585000.0,0.0,15.15,1.345,1.342,90094000.0,23761000.0,841829000.0,841829000.0,0.0,0.008,0.025,0.069,0.06,1786000.0,55489000.0,1.0,74742149.0,74557000,76416000.0,11.291,976489000.0,0.0,16028000.0,0.0,13.097,-4381000.0
76,ADS,MRT,2002-06-30,2002-06-30,2002-06-30,2021-08-05,-8695000.0,1522198000.0,1503142750.0,507860000.0,1014338000.0,0.549,7.037,-41435000.0,80995000.0,80995000.0,637129000.0,691000.0,1.043,1.921,299626000.0,153826000.0,145800000.0,299626000.0,350859000.0,106765000.0,0.0,0.0,0.0,39829000.0,146594000.0,0.178,146594000.0,39829000.0,16639000.0,0.02,0.01,0.02,521042000.0,514600500.0,521042000.0,2113270402.0,53.0,14.416,86097000.0,1.163,1.0,187611000.0,0.227,514259000.0,23190000.0,739568000.0,744197750.0,0.0,0.0,0.0,0.0,1001156000.0,487002000.0,514154000.0,1904132402.0,-27343000.0,-96246000.0,-5571000.0,29456000.0,0.0,23885000.0,-184878000.0,0.0,127532000.0,6118000.0,691000.0,691000.0,691000.0,0.0,0.0,0.001,126968000.0,60643000.0,84215000.0,0.0,3.654,2755.619,1277.5,116758000.0,0.0,25.55,2.309,2.294,86816000.0,15990000.0,824740000.0,824740000.0,0.0,0.0,0.001,0.054,0.048,1786000.0,55489000.0,1.0,74525730.0,74045000,76827000.0,11.138,1007939000.0,0.0,15948000.0,0.0,13.613,20858000.0
77,ADS,MRT,2002-03-31,2002-03-31,2002-03-31,2021-08-05,-8003000.0,1523241000.0,1458768250.0,517633000.0,1005608000.0,0.55,6.972,-37070000.0,77287000.0,77287000.0,622235000.0,-2743000.0,1.113,1.953,286425000.0,88525000.0,197900000.0,286425000.0,334827000.0,90312000.0,0.0,0.0,0.0,38956000.0,129268000.0,0.161,129268000.0,38956000.0,12200000.0,-0.06,-0.06,-0.06,515905000.0,513849250.0,515905000.0,2039278571.0,52.0,15.776,99355000.0,1.343,1.0,180643000.0,0.225,520235000.0,26756000.0,746955000.0,749005500.0,0.0,0.0,0.0,0.0,1007336000.0,465189000.0,542147000.0,1847259571.0,18531000.0,-96246000.0,158871000.0,-129737000.0,0.0,29134000.0,-147064000.0,76487000.0,136425000.0,36000.0,-2743000.0,-2743000.0,-2743000.0,0.0,0.0,-0.003,126349000.0,54294000.0,86924000.0,0.0,3.581,-673.445,-419.0,115710000.0,0.0,25.14,2.301,2.317,84568000.0,12597000.0,802878000.0,802878000.0,0.0,-0.002,-0.005,0.052,0.049,1786000.0,53516000.0,1.0,73478901.0,73996000,76607000.0,10.85,1003006000.0,0.0,14943000.0,0.0,13.555,52444000.0
78,ADS,MRT,2001-12-31,2001-12-31,2001-12-31,2021-08-05,-6740000.0,1477218000.0,1404166000.0,463503000.0,1013715000.0,0.551,7.834,-36637000.0,117535000.0,117535000.0,603493000.0,-10362000.0,1.079,1.921,310425000.0,111325000.0,199100000.0,310425000.0,329549000.0,74204000.0,0.0,0.0,0.0,29435000.0,103639000.0,0.134,103639000.0,29435000.0,-662000.0,-0.21,-0.21,-0.21,505728000.0,443078750.0,505728000.0,1599139954.0,54.0,15.43,129772000.0,2.01,1.0,170226000.0,0.22,491997000.0,30097000.0,748382000.0,770484000.0,0.0,128793000.0,128793000.0,0.0,971490000.0,429729000.0,541761000.0,1407120954.0,594000.0,-88977000.0,156346000.0,-125635000.0,0.0,30711000.0,-190982000.0,0.0,166409000.0,-5544000.0,-10362000.0,-10362000.0,-10362000.0,0.0,0.0,-0.013,119635000.0,50591000.0,82290000.0,0.0,2.782,-135.796,-91.19,112190000.0,0.0,19.15,1.819,1.598,88444000.0,8138000.0,773719000.0,773719000.0,0.0,-0.007,-0.023,0.038,0.038,1786000.0,45431000.0,1.0,73478901.0,64555000,64555000.0,11.985,985221000.0,63231000.0,9700000.0,0.0,15.262,33774000.0
79,ADS,MRT,2001-09-30,2001-09-30,2001-09-30,2021-08-05,-9309000.0,1489914000.0,1390156250.0,509658000.0,980256000.0,0.535,6.986,-30902000.0,78226000.0,78226000.0,584663000.0,-10900000.0,1.131,1.889,270245000.0,69425000.0,200820000.0,270245000.0,315799000.0,76144000.0,0.0,0.0,0.0,30719000.0,106863000.0,0.144,106863000.0,30719000.0,-4203000.0,-0.3,-0.3,-0.3,515727000.0,377394500.0,515727000.0,1366286422.0,44.0,12.785,86795000.0,1.176,1.0,158998000.0,0.214,489434000.0,34922000.0,741886000.0,784223000.0,0.0,0.0,0.0,0.0,974187000.0,450613000.0,523574000.0,1199874422.0,4453000.0,-88691000.0,161540000.0,-156134000.0,0.0,5406000.0,-111874000.0,0.0,117697000.0,-6776000.0,-10900000.0,-10900000.0,-10900000.0,0.0,0.0,-0.015,113029000.0,45969000.0,98455000.0,0.0,2.327,-110.08,-54.167,109916000.0,0.0,16.25,1.613,1.613,93075000.0,17293000.0,743661000.0,743661000.0,0.0,-0.008,-0.029,0.039,0.041,0.0,40991000.0,1.0,73838426.0,73826000,73826000.0,10.073,1000480000.0,0.0,6697000.0,0.0,13.552,59045000.0
80,ADS,MRT,2001-06-30,2001-06-30,2001-06-30,2021-08-05,-6871000.0,1344700000.0,,365925000.0,978775000.0,,9.794,-32092000.0,108338000.0,108338000.0,567379000.0,-10694000.0,1.2,1.596,274750000.0,70225000.0,204525000.0,274750000.0,310219000.0,76144000.0,0.0,0.0,0.0,30190000.0,106334000.0,0.15,106334000.0,30190000.0,-8589000.0,-0.36,-0.36,-0.36,518037000.0,,518037000.0,1419561040.0,47.0,13.35,55044000.0,1.041,1.0,143439000.0,0.202,447277000.0,38779000.0,758799000.0,,0.0,0.0,0.0,0.0,826663000.0,305036000.0,521627000.0,1064042040.0,37195000.0,-18750000.0,162017000.0,-149064000.0,0.0,12953000.0,-54682000.0,0.0,87136000.0,-8212000.0,-10694000.0,-10694000.0,-10694000.0,0.0,0.0,-0.015,106812000.0,36627000.0,53600000.0,0.0,2.054,-99.499,-41.667,94406000.0,0.0,15.0,1.497,1.116,68369000.0,16793000.0,710818000.0,710818000.0,0.0,,,,0.042,0.0,33985000.0,1.0,70936136.0,52892000,52892000.0,13.439,897423000.0,0.0,2105000.0,0.0,16.967,60889000.0
81,ADS,MRT,2001-03-31,2001-03-31,2001-03-31,2021-08-05,-11906000.0,1304832000.0,,366990000.0,937842000.0,,4.89,-33866000.0,58756000.0,58756000.0,556670000.0,-16196000.0,0.991,4.092,414275000.0,143525000.0,270750000.0,414275000.0,303430000.0,56352000.0,0.0,,0.0,23862000.0,80214000.0,0.116,80214000.0,23862000.0,-15867000.0,-0.48,-0.48,-0.48,232823000.0,,232823000.0,,,,49442000.0,1.038,1.0,137159000.0,0.198,457011000.0,39729000.0,832869000.0,,0.0,0.0,0.0,0.0,952609000.0,370471000.0,582138000.0,,-8313000.0,-18750000.0,1657000.0,-2440000.0,0.0,-783000.0,-76826000.0,-76487000.0,83308000.0,-14012000.0,-16196000.0,-16196000.0,-16196000.0,0.0,0.0,-0.023,107865000.0,29294000.0,56438000.0,0.0,,,,95972000.0,0.0,,,,66008000.0,16423000.0,693829000.0,693829000.0,0.0,,,,0.034,0.0,34031000.0,1.0,70936136.0,47614000,47614000.0,14.572,847821000.0,0.0,329000.0,0.0,17.806,-3481000.0
82,ADS,MRT,2000-12-31,2000-12-31,2000-12-31,2021-08-05,-177000.0,1421179000.0,,524348000.0,896831000.0,,5.112,-33083000.0,116941000.0,116941000.0,547985000.0,-21323000.0,1.065,4.357,436060000.0,161725000.0,274335000.0,436060000.0,290186000.0,76144000.0,0.0,,0.0,19388000.0,95532000.0,0.141,95532000.0,19388000.0,-19482000.0,-0.6,-0.6,-0.6,242991000.0,,242991000.0,,,,54100000.0,1.138,1.0,130210000.0,0.192,444549000.0,38870000.0,803338000.0,,0.0,137865000.0,137865000.0,0.0,1058788000.0,492411000.0,566377000.0,,60395000.0,0.0,149000.0,995000.0,0.0,1144000.0,-24457000.0,0.0,87183000.0,-3475000.0,-21323000.0,-21323000.0,-21323000.0,0.0,0.0,-0.031,108345000.0,21865000.0,64143000.0,0.0,,,,92178000.0,0.0,,,,98455000.0,16370000.0,678195000.0,678195000.0,0.0,,,,0.029,0.0,32201000.0,1.0,70936136.0,47538000,47538000.0,14.266,976630000.0,77731000.0,1841000.0,0.0,20.544,31937000.0
83,ADS,MRT,2000-09-30,2000-09-30,2000-09-30,2021-08-05,,,,,,,,,,,,,,,,,,,,,,,0.0,,,,,,,,,,,,,,,,,,1.0,,,,,,,,,,,,,,,,,,,,,,,,,,,,,,,,,,,,,,,,,,,,,,,,,,,,,,1.0,70936136.0,47534000,,,,,,,,
84,ADS,MRT,2000-06-30,2000-06-30,2000-06-30,2021-08-05,,,,,,,,,,,,,,,,,,,,,,,0.0,,,,,,,,,,,,,,,,,,1.0,,,,,,,,,,,,,,,,,,,,,,,,,,,,,,,,,,,,,,,,,,,,,,,,,,,,,,1.0,70936136.0,47532000,,,,,,,,
85,ADS,MRT,2000-03-31,2000-03-31,2000-03-31,2021-08-05,,,,,,,,,,,,,,,,,,,,,,,0.0,,,,,,,,,,,,,,,,,,1.0,,,,,,,,,,,,,,,,,,,,,,,,,,,,,,,,,,,,,,,,,,,,,,,,,,,,,,1.0,70936136.0,47529000,,,,,,,,
86,ADS,MRT,1999-12-31,1999-12-31,1999-12-31,2021-08-05,,,,,,,,-36302000.0,,,466856000.0,-29841000.0,,,,,,,,77800000.0,,,0.0,6406000.0,84206000.0,0.144,84206000.0,6406000.0,-36379000.0,-0.7,-0.7,-0.7,,,,,,,215336000.0,4.534,1.0,116226000.0,0.199,,42785000.0,,,,,,,,,,,9510000.0,-171423000.0,377000.0,-44848000.0,0.0,74929000.0,-309451000.0,-33817000.0,251638000.0,-7606000.0,-29841000.0,-29841000.0,-29841000.0,-7688000.0,0.0,-0.051,113771000.0,2455000.0,,0.0,,,,,0.0,,,,,,583082000.0,583082000.0,0.0,,,,0.011,0.0,35971000.0,1.0,,47498000,47498000.0,12.276,,,-6538000.0,,,
