None,ticker,dimension,calendardate,datekey,reportperiod,lastupdated,accoci,assets,assetsavg,assetsc,assetsnc,assetturnover,bvps,capex,cashneq,cashnequsd,cor,consolinc,currentratio,de,debt,debtc,debtnc,debtusd,deferredrev,depamor,deposits,divyield,dps,ebit,ebitda,ebitdamargin,ebitdausd,ebitusd,ebt,eps,epsdil,epsusd,equity,equityavg,equityusd,ev,evebit,evebitda,fcf,fcfps,fxusd,gp,grossmargin,intangibles,intexp,invcap,invcapavg,inventory,investments,investmentsc,investmentsnc,liabilities,liabilitiesc,liabilitiesnc,marketcap,ncf,ncfbus,ncfcommon,ncfdebt,ncfdiv,ncff,ncfi,ncfinv,ncfo,ncfx,netinc,netinccmn,netinccmnusd,netincdis,netincnci,netmargin,opex,opinc,payables,payoutratio,pb,pe,pe1,ppnenet,prefdivis,price,ps,ps1,receivables,retearn,revenue,revenueusd,rnd,roa,roe,roic,ros,sbcomp,sgna,sharefactor,sharesbas,shareswa,shareswadil,sps,tangibles,taxassets,taxexp,taxliabilities,tbvps,workingcapital
0,FTNT,MRY,2020-12-31,2020-12-31,2020-12-31,2021-08-02,700000.0,4044500000.0,3541875000.0,2740400000.0,1304100000.0,0.732,5.213,-125900000.0,1061800000.0,1061800000.0,570000000.0,488500000.0,1.498,3.725,0.0,0.0,0.0,0.0,2605300000.0,68800000.0,0.0,0.0,0.0,541700000.0,610500000.0,0.235,610500000.0,541700000.0,541700000.0,2.98,2.91,2.98,856000000.0,662350000.0,856000000.0,23228883100.0,43.0,38.049,957800000.0,5.833,1.0,2024400000.0,0.78,124600000.0,0.0,1028600000.0,911975000.0,139800000.0,893800000.0,775500000.0,118300000.0,3188500000.0,1829500000.0,1359000000.0,24111183100.0,-160700000.0,-40200000.0,-1058000000.0,-4100000.0,0.0,-1171600000.0,-72800000.0,92000000.0,1083700000.0,0.0,488500000.0,488500000.0,488500000.0,0.0,0.0,0.188,1492600000.0,531800000.0,141600000.0,0.0,28.167,49.358,49.842,448000000.0,0.0,148.53,9.294,9.4,720000000.0,-352100000.0,2594400000.0,2594400000.0,341400000.0,0.138,0.738,0.594,0.209,191700000.0,1191400000.0,1.0,162332075.0,164200000,167700000.0,15.8,3919900000.0,245200000.0,53200000.0,90300000.0,23.873,910900000.0
1,FTNT,MRY,2019-12-31,2019-12-31,2019-12-31,2021-08-02,1100000.0,3879200000.0,3499975000.0,2769000000.0,1110200000.0,0.618,7.85,-92200000.0,1222500000.0,1222500000.0,505900000.0,331700000.0,1.902,1.89,0.0,0.0,0.0,0.0,2109100000.0,61600000.0,0.0,0.0,0.0,386000000.0,447600000.0,0.207,447600000.0,386000000.0,386000000.0,1.94,1.9,1.94,1342400000.0,1180800000.0,1342400000.0,17084061655.0,44.0,38.168,715800000.0,4.186,1.0,1657100000.0,0.766,98300000.0,0.0,1102600000.0,938750000.0,117900000.0,987400000.0,843100000.0,144300000.0,2536800000.0,1455800000.0,1081000000.0,18259561655.0,110100000.0,-34600000.0,-95600000.0,-3700000.0,0.0,-195600000.0,-502300000.0,-375500000.0,808000000.0,0.0,331700000.0,331700000.0,331700000.0,0.0,0.0,0.153,1306100000.0,351000000.0,96400000.0,0.0,13.602,55.048,55.031,344300000.0,0.0,106.76,8.442,8.44,544300000.0,160800000.0,2163000000.0,2163000000.0,277100000.0,0.095,0.281,0.411,0.178,174100000.0,1029000000.0,1.0,171033736.0,171000000,175000000.0,12.649,3780900000.0,226300000.0,54300000.0,82800000.0,22.111,1313200000.0
2,FTNT,MRY,2018-12-31,2018-12-31,2018-12-31,2021-08-02,-800000.0,3078000000.0,2704475000.0,2220900000.0,857100000.0,0.667,5.974,-53000000.0,1112400000.0,1112400000.0,450400000.0,334900000.0,1.768,2.047,0.0,0.0,0.0,0.0,1686800000.0,55700000.0,0.0,0.0,0.0,254300000.0,310000000.0,0.172,310000000.0,254300000.0,254300000.0,1.98,1.92,1.98,1010200000.0,843875000.0,1010200000.0,10829873538.0,43.0,34.935,585900000.0,3.465,1.0,1354200000.0,0.75,60300000.0,0.0,648900000.0,516400000.0,90000000.0,604200000.0,537200000.0,67000000.0,2067800000.0,1256400000.0,811400000.0,11999173538.0,301400000.0,-21700000.0,-125300000.0,-10100000.0,0.0,-202600000.0,-134900000.0,-60200000.0,638900000.0,0.0,334900000.0,334900000.0,334900000.0,0.0,0.0,0.186,1119800000.0,234400000.0,86400000.0,0.0,11.878,35.829,35.571,271400000.0,0.0,70.43,6.649,6.6,444500000.0,-57500000.0,1804600000.0,1804600000.0,244500000.0,0.124,0.397,0.492,0.141,162900000.0,875300000.0,1.0,170370205.0,169100000,174200000.0,10.672,3017700000.0,255000000.0,-80600000.0,105700000.0,17.846,964500000.0
3,FTNT,MRY,2017-12-31,2017-12-31,2017-12-31,2021-08-02,-800000.0,2257900000.0,2320313250.0,1716800000.0,541100000.0,0.644,3.382,-135300000.0,811000000.0,811000000.0,385300000.0,31400000.0,1.671,2.831,0.0,0.0,0.0,0.0,1336300000.0,55500000.0,0.0,0.0,0.0,124000000.0,179500000.0,0.12,179500000.0,124000000.0,124000000.0,0.18,0.18,0.18,589400000.0,828003250.0,589400000.0,6691906219.0,54.0,37.281,459100000.0,2.634,1.0,1109600000.0,0.742,30900000.0,0.0,388800000.0,518104250.0,77300000.0,538300000.0,440300000.0,98000000.0,1668500000.0,1027200000.0,641300000.0,7597700219.0,102000000.0,0.0,-370500000.0,0.0,0.0,-415600000.0,-76800000.0,58500000.0,594400000.0,0.0,31400000.0,31400000.0,31400000.0,0.0,0.0,0.021,999800000.0,109800000.0,70000000.0,0.0,12.891,241.965,242.722,245400000.0,0.0,43.69,5.082,5.094,348200000.0,-319600000.0,1494900000.0,1494900000.0,210600000.0,0.014,0.038,0.239,0.083,137200000.0,788900000.0,1.0,173900211.0,174300000,178100000.0,8.577,2227000000.0,146900000.0,92600000.0,111600000.0,12.777,689600000.0
4,FTNT,MRY,2016-12-31,2016-12-31,2016-12-31,2021-08-02,-765000.0,2139941000.0,1980450000.0,1538716000.0,601225000.0,0.644,4.853,-67200000.0,709003000.0,709003000.0,337800000.0,32200000.0,1.855,1.555,0.0,0.0,0.0,0.0,1035349000.0,48500000.0,0.0,0.0,0.0,43100000.0,91600000.0,0.072,91600000.0,43100000.0,43100000.0,0.19,0.18,0.19,837681000.0,801949500.0,837681000.0,4564436680.0,106.0,49.83,278500000.0,1.614,1.0,937600000.0,0.735,39381000.0,0.0,562117000.0,563283750.0,106887000.0,601505000.0,376522000.0,224983000.0,1302260000.0,829440000.0,472820000.0,5211949680.0,165700000.0,-22100000.0,-66000000.0,-1600000.0,0.0,-105900000.0,-74100000.0,15200000.0,345700000.0,0.0,32200000.0,32200000.0,32200000.0,0.0,0.0,0.025,894700000.0,42900000.0,56732000.0,0.0,6.222,161.862,158.526,137249000.0,0.0,30.12,4.087,4.076,312998000.0,37620000.0,1275400000.0,1275400000.0,183100000.0,0.016,0.04,0.077,0.034,122400000.0,707600000.0,1.0,173039498.0,172600000,176300000.0,7.389,2100560000.0,182745000.0,10900000.0,82139000.0,12.17,709276000.0
5,FTNT,MRY,2015-12-31,2015-12-31,2015-12-31,2021-08-02,-933000.0,1790510000.0,1650215500.0,1270543000.0,519967000.0,0.612,4.433,-37358000.0,543277000.0,543277000.0,286777000.0,7987000.0,1.872,1.37,0.0,0.0,0.0,0.0,791303000.0,31589000.0,0.0,0.0,0.0,17005000.0,48594000.0,0.048,48594000.0,17005000.0,17005000.0,0.05,0.05,0.05,755377000.0,755334250.0,755377000.0,4828758376.0,284.0,99.369,245189000.0,1.439,1.0,722491000.0,0.716,22332000.0,0.0,546231000.0,557233250.0,83868000.0,621033000.0,348074000.0,272959000.0,1035133000.0,678670000.0,356463000.0,5369470376.0,260023000.0,-38025000.0,7314000.0,0.0,0.0,-21557000.0,-967000.0,74416000.0,282547000.0,0.0,7987000.0,7987000.0,7987000.0,0.0,0.0,0.008,707614000.0,14877000.0,61500000.0,0.0,7.108,672.276,623.4,91067000.0,0.0,31.17,5.32,5.262,259563000.0,68481000.0,1009268000.0,1009268000.0,158129000.0,0.005,0.011,0.031,0.017,95088000.0,541885000.0,1.0,172264048.0,170385000,176141000.0,5.923,1768178000.0,119216000.0,9018000.0,69003000.0,10.378,591873000.0
6,FTNT,MRY,2014-12-31,2014-12-31,2014-12-31,2021-08-02,-349000.0,1424774000.0,1300629500.0,1005381000.0,419393000.0,0.592,4.126,-32197000.0,283254000.0,283254000.0,231009000.0,25343000.0,2.025,1.108,0.0,0.0,0.0,0.0,558757000.0,22028000.0,0.0,0.0,0.0,61549000.0,83577000.0,0.108,83577000.0,61549000.0,61549000.0,0.15,0.15,0.15,675966000.0,640126250.0,675966000.0,4796387212.0,78.0,57.389,164385000.0,1.003,1.0,539355000.0,0.7,5656000.0,0.0,639408000.0,626380000.0,69477000.0,708490000.0,436766000.0,271724000.0,748808000.0,496456000.0,252352000.0,5054483212.0,167381000.0,-17000.0,11347000.0,0.0,0.0,749000.0,-29350000.0,2864000.0,196582000.0,-600000.0,25343000.0,25343000.0,25343000.0,0.0,0.0,0.033,480031000.0,59324000.0,49947000.0,0.0,7.477,199.443,204.4,58919000.0,0.0,30.66,6.561,6.52,184741000.0,113645000.0,770364000.0,770364000.0,122880000.0,0.019,0.04,0.098,0.08,58994000.0,357151000.0,1.0,164855943.0,163831000,169289000.0,4.702,1419118000.0,72564000.0,36206000.0,47828000.0,8.662,508925000.0
7,FTNT,MRY,2013-12-31,2013-12-31,2013-12-31,2021-08-02,1092000.0,1168464000.0,1103770250.0,735546000.0,432918000.0,0.557,3.606,-13877000.0,115873000.0,115873000.0,180643000.0,44273000.0,1.781,0.995,0.0,0.0,0.0,0.0,432628000.0,15623000.0,0.0,0.0,0.0,75941000.0,91564000.0,0.149,91564000.0,75941000.0,75941000.0,0.27,0.26,0.27,585760000.0,575151750.0,585760000.0,2982447205.0,39.0,32.572,133507000.0,0.822,1.0,434654000.0,0.706,9713000.0,0.0,629817000.0,605346500.0,48672000.0,727172000.0,375497000.0,351675000.0,582704000.0,413061000.0,169643000.0,3126993205.0,-7102000.0,-7635000.0,-7945000.0,0.0,0.0,-6423000.0,-146734000.0,-125222000.0,147384000.0,-1329000.0,44273000.0,44273000.0,44273000.0,0.0,0.0,0.072,362564000.0,72090000.0,35599000.0,0.0,5.338,70.63,70.852,36652000.0,0.0,19.13,5.082,5.05,130471000.0,121863000.0,615297000.0,615297000.0,102660000.0,0.04,0.077,0.125,0.123,40935000.0,259904000.0,1.0,163460178.0,162435000,168183000.0,3.788,1158751000.0,81038000.0,31668000.0,51629000.0,7.134,322485000.0
8,FTNT,MRY,2012-12-31,2012-12-31,2012-12-31,2021-08-02,3091000.0,975497000.0,882113500.0,569274000.0,406223000.0,0.605,3.232,-22083000.0,122975000.0,122975000.0,147420000.0,66836000.0,1.783,0.909,0.0,0.0,0.0,0.0,363185000.0,11564000.0,0.0,0.0,0.0,104996000.0,116560000.0,0.218,116560000.0,104996000.0,104996000.0,0.42,0.4,0.42,510934000.0,453593500.0,510934000.0,3286448564.0,31.0,28.195,161783000.0,1.023,1.0,386219000.0,0.724,2117000.0,0.0,531101000.0,496987750.0,21060000.0,616611000.0,290719000.0,325892000.0,464563000.0,319304000.0,145259000.0,3361914564.0,50985000.0,-1249000.0,38087000.0,0.0,0.0,50156000.0,-182711000.0,-159379000.0,183866000.0,-326000.0,66836000.0,66836000.0,66836000.0,0.0,0.0,0.125,285744000.0,100475000.0,20816000.0,0.0,6.58,50.301,50.048,25638000.0,0.0,21.02,6.3,6.227,107642000.0,110601000.0,533639000.0,533639000.0,81078000.0,0.076,0.147,0.211,0.197,18621000.0,204666000.0,1.0,159938847.0,158074000,166329000.0,3.376,973380000.0,62188000.0,38160000.0,32560000.0,6.158,249970000.0
9,FTNT,MRY,2011-12-31,2011-12-31,2011-12-31,2021-08-02,402000.0,734747000.0,657180500.0,523570000.0,211177000.0,0.66,2.349,-3624000.0,71990000.0,71990000.0,113598000.0,62492000.0,1.962,1.05,0.0,0.0,0.0,0.0,294833000.0,6989000.0,0.0,0.0,0.0,92073000.0,99062000.0,0.228,99062000.0,92073000.0,92073000.0,0.41,0.38,0.41,358354000.0,305208250.0,358354000.0,3292705020.0,36.0,33.239,129218000.0,0.847,1.0,319978000.0,0.738,0.0,0.0,395893000.0,335589500.0,16249000.0,466697000.0,318283000.0,148414000.0,376393000.0,266864000.0,109529000.0,3359335020.0,5131000.0,-2623000.0,19968000.0,0.0,0.0,39797000.0,-166826000.0,-160579000.0,132842000.0,-682000.0,62492000.0,62492000.0,62492000.0,0.0,0.0,0.144,231074000.0,88904000.0,19768000.0,0.0,9.374,53.756,53.195,7966000.0,0.0,21.81,7.748,7.675,95522000.0,43765000.0,433576000.0,433576000.0,63577000.0,0.095,0.205,0.274,0.212,-814000.0,167497000.0,1.0,154027282.0,152581000,163781000.0,2.842,734747000.0,54101000.0,29581000.0,0.0,4.815,256706000.0
10,FTNT,MRY,2010-12-31,2010-12-31,2010-12-31,2021-08-02,2181000.0,545422000.0,471418750.0,420158000.0,125264000.0,0.689,1.652,-3776000.0,66859000.0,66859000.0,85206000.0,41245000.0,1.924,1.346,0.0,0.0,0.0,0.0,252631000.0,5696000.0,0.0,0.0,0.0,56341000.0,62037000.0,0.191,62037000.0,56341000.0,56341000.0,0.29,0.26,0.29,232454000.0,191591250.0,232454000.0,2306981401.0,41.0,37.187,99607000.0,0.708,1.0,239490000.0,0.738,0.0,0.0,260181000.0,162345250.0,13517000.0,320601000.0,246651000.0,73950000.0,312968000.0,218382000.0,94586000.0,2384120401.0,-145599000.0,0.0,28238000.0,0.0,0.0,34019000.0,-283710000.0,-279996000.0,103383000.0,709000.0,41245000.0,41245000.0,41245000.0,0.0,0.0,0.127,184149000.0,55341000.0,12761000.0,0.0,10.256,57.804,55.776,7056000.0,0.0,16.175,7.343,7.01,72336000.0,-18727000.0,324696000.0,324696000.0,49801000.0,0.087,0.215,0.347,0.174,3534000.0,134348000.0,1.0,147395388.0,140726000,156406000.0,2.307,545422000.0,45601000.0,15096000.0,0.0,3.876,201776000.0
11,FTNT,MRY,2009-12-31,2009-12-31,2009-12-31,2021-08-02,1084000.0,387213000.0,293159000.0,342217000.0,44996000.0,0.86,2.705,-4589000.0,212458000.0,212458000.0,69975000.0,60179000.0,1.895,1.718,0.0,0.0,0.0,0.0,201930000.0,5935000.0,0.0,0.0,0.0,27513000.0,33448000.0,0.133,33448000.0,27513000.0,27513000.0,0.97,0.39,0.97,142452000.0,68611500.0,142452000.0,1057169035.0,38.0,31.606,57382000.0,1.09,1.0,182140000.0,0.722,0.0,0.0,-5810000.0,-6772000.0,10649000.0,47856000.0,47856000.0,0.0,244761000.0,180565000.0,64196000.0,1131402035.0,155887000.0,-549000.0,85265000.0,0.0,0.0,78049000.0,13757000.0,18895000.0,61971000.0,2110000.0,60179000.0,60179000.0,60179000.0,0.0,0.0,0.239,156806000.0,25334000.0,10987000.0,0.0,7.942,18.801,9.057,6387000.0,0.0,8.785,4.488,1.835,54551000.0,-59972000.0,252115000.0,252115000.0,42195000.0,0.205,0.877,-4.063,0.109,5887000.0,114611000.0,1.0,128787938.0,52668000,130438000.0,4.787,387213000.0,41323000.0,-32666000.0,0.0,7.352,161652000.0
12,FTNT,MRY,2008-12-31,2008-12-28,2008-12-28,2021-08-02,-300000.0,199105000.0,172148500.0,188461000.0,10644000.0,1.23,-0.131,-2798000.0,56571000.0,56571000.0,65472000.0,7363000.0,1.254,-39.077,0.0,0.0,0.0,0.0,171617000.0,4234000.0,0.0,,0.0,9251000.0,13485000.0,0.064,13485000.0,9251000.0,9251000.0,0.01,0.01,0.01,-5229000.0,-12077000.0,-5229000.0,,,,34888000.0,0.871,1.0,146319000.0,0.691,0.0,0.0,-7734000.0,-27843500.0,11419000.0,67619000.0,67619000.0,0.0,204334000.0,150268000.0,54066000.0,,-14840000.0,-2000000.0,0.0,0.0,0.0,2117000.0,-53706000.0,-48846000.0,37686000.0,-937000.0,7363000.0,7363000.0,7363000.0,0.0,0.0,0.035,141392000.0,4927000.0,7004000.0,0.0,,,,3425000.0,0.0,,,,46043000.0,-120151000.0,211791000.0,211791000.0,37035000.0,0.043,-0.61,-0.332,0.044,5299000.0,104357000.0,1.0,,40034000,53284000.0,5.29,199105000.0,69000.0,1888000.0,0.0,4.973,38193000.0
13,FTNT,MRY,2007-12-31,2007-12-30,2007-12-30,2021-08-02,783000.0,145192000.0,,134596000.0,10596000.0,,-0.491,-2028000.0,71411000.0,71411000.0,56652000.0,-21842000.0,1.106,-8.672,0.0,0.0,0.0,0.0,131255000.0,4153000.0,0.0,,0.0,-20061000.0,-15908000.0,-0.102,-15908000.0,-20061000.0,-20061000.0,-0.565,-0.565,-0.565,-18925000.0,,-18925000.0,,,,25641000.0,0.665,1.0,98714000.0,0.635,0.0,0.0,-47953000.0,,14020000.0,18750000.0,18750000.0,0.0,164117000.0,121734000.0,42383000.0,,25820000.0,0.0,0.0,0.0,0.0,19000.0,-2328000.0,-300000.0,27669000.0,460000.0,-21842000.0,-21842000.0,-21842000.0,0.0,0.0,-0.141,120291000.0,-21577000.0,8460000.0,0.0,,,,2943000.0,0.0,,,,27478000.0,-127514000.0,155366000.0,155366000.0,27588000.0,,,,-0.129,9332000.0,92703000.0,1.0,,38552000,38552000.0,4.03,145192000.0,301000.0,1781000.0,917000.0,3.766,12862000.0
14,FTNT,MRY,2006-12-31,2006-12-31,2006-12-31,2021-08-02,,,,,,,,-1187000.0,,,40964000.0,-5344000.0,,,,,,,,3509000.0,,,0.0,-4124000.0,-615000.0,-0.005,-615000.0,-4124000.0,-4124000.0,-0.14,-0.14,-0.14,,,,,,,2222000.0,0.059,1.0,82502000.0,0.668,,0.0,,,,,,,,,,,25665000.0,0.0,793000.0,0.0,0.0,793000.0,21463000.0,22550000.0,3409000.0,0.0,-5344000.0,-5344000.0,-5344000.0,0.0,0.0,-0.043,88499000.0,-5997000.0,,0.0,,,,,0.0,,,,,,123466000.0,123466000.0,21446000.0,,,,-0.033,1246000.0,67053000.0,1.0,,37722000,37722000.0,3.273,,,1220000.0,,,
0,FTNT,MRQ,2021-06-30,2021-06-30,2021-06-30,2021-08-02,-100000.0,5558900000.0,,3908200000.0,1650700000.0,,6.431,-23500000.0,1879300000.0,1879300000.0,186900000.0,137500000.0,1.956,4.293,987500000.0,0.0,987500000.0,987500000.0,2905400000.0,18900000.0,0.0,0.0,0.0,149500000.0,168400000.0,0.21,168400000.0,149500000.0,145000000.0,0.84,0.82,0.84,1050200000.0,,1050200000.0,38027431530.0,67.0,59.529,394700000.0,2.417,1.0,614200000.0,0.767,127900000.0,4500000.0,2540700000.0,,149800000.0,1480500000.0,1233900000.0,246600000.0,4508700000.0,1998500000.0,2510200000.0,38900631530.0,19100000.0,0.0,-85700000.0,-500000.0,0.0,-120900000.0,-278200000.0,-254700000.0,418200000.0,0.0,137500000.0,137500000.0,137500000.0,0.0,0.0,0.172,466700000.0,147500000.0,132000000.0,0.0,37.041,75.565,75.139,506500000.0,0.0,238.19,13.366,13.364,584600000.0,-195700000.0,801100000.0,801100000.0,106600000.0,,,,,52600000.0,361300000.0,1.0,163317652.0,163300000,167100000.0,4.906,5431000000.0,271200000.0,7500000.0,95200000.0,33.258,1909700000.0
1,FTNT,MRQ,2021-03-31,2021-03-31,2021-03-31,2021-08-02,300000.0,5282200000.0,,3781200000.0,1501000000.0,,6.017,-52100000.0,1860200000.0,1860200000.0,156600000.0,107200000.0,2.012,4.386,987000000.0,0.0,987000000.0,987000000.0,2745600000.0,17300000.0,0.0,0.0,0.0,119600000.0,136900000.0,0.193,136900000.0,119600000.0,119400000.0,0.66,0.64,0.66,980800000.0,,980800000.0,29033869282.0,53.0,47.449,263800000.0,1.618,1.0,553700000.0,0.78,131500000.0,200000.0,2397800000.0,,149600000.0,1227800000.0,1076700000.0,151100000.0,4301400000.0,1879700000.0,2421700000.0,30095669282.0,798400000.0,-10300000.0,9900000.0,987500000.0,0.0,956000000.0,-473500000.0,-411100000.0,315900000.0,0.0,107200000.0,107200000.0,107200000.0,0.0,0.0,0.151,432100000.0,121600000.0,129500000.0,0.0,30.685,61.282,60.865,494200000.0,0.0,184.42,11.036,11.023,637300000.0,-244900000.0,710300000.0,710300000.0,97200000.0,,,,,49500000.0,336000000.0,1.0,163190919.0,163000000,166400000.0,4.358,5150700000.0,260600000.0,12200000.0,97700000.0,31.599,1901500000.0
2,FTNT,MRQ,2020-12-31,2020-12-31,2020-12-31,2021-08-02,700000.0,4044500000.0,,2740400000.0,1304100000.0,,5.271,-32300000.0,1061800000.0,1061800000.0,167000000.0,146700000.0,1.498,3.725,0.0,0.0,0.0,0.0,2605300000.0,16700000.0,0.0,0.0,0.0,171700000.0,188400000.0,0.252,188400000.0,171700000.0,171700000.0,0.91,0.88,0.91,856000000.0,,856000000.0,23228883100.0,43.0,38.049,264200000.0,1.627,1.0,581000000.0,0.777,124600000.0,0.0,1028600000.0,,139800000.0,893800000.0,775500000.0,118300000.0,3188500000.0,1829500000.0,1359000000.0,24111183100.0,179500000.0,-31000000.0,-30200000.0,0.0,0.0,-52000000.0,-65000000.0,-3400000.0,296500000.0,0.0,146700000.0,146700000.0,146700000.0,0.0,0.0,0.196,411600000.0,169400000.0,141600000.0,0.0,28.167,49.358,49.842,448000000.0,0.0,148.53,9.294,9.4,720000000.0,-352100000.0,748000000.0,748000000.0,89000000.0,,,,,48700000.0,323800000.0,1.0,162332075.0,162400000,165600000.0,4.606,3919900000.0,245200000.0,25000000.0,90300000.0,24.137,910900000.0
3,FTNT,MRQ,2020-09-30,2020-09-30,2020-09-30,2021-08-02,1400000.0,3586200000.0,,2384600000.0,1201600000.0,,4.4,-35100000.0,882300000.0,882300000.0,139200000.0,123400000.0,1.449,4.028,0.0,0.0,0.0,0.0,2392000000.0,16700000.0,0.0,0.0,0.0,128400000.0,145100000.0,0.223,145100000.0,128400000.0,128400000.0,0.76,0.75,0.76,713200000.0,,713200000.0,18148978911.0,37.0,32.409,185700000.0,1.146,1.0,511900000.0,0.786,93500000.0,0.0,964800000.0,,134500000.0,892300000.0,774400000.0,117900000.0,2873000000.0,1645600000.0,1227400000.0,19065378911.0,-34100000.0,-6100000.0,2500000.0,-4100000.0,0.0,-30300000.0,-224600000.0,-183400000.0,220800000.0,0.0,123400000.0,123400000.0,123400000.0,0.0,0.0,0.19,385000000.0,126900000.0,95900000.0,0.0,26.732,41.446,42.685,419400000.0,0.0,117.81,7.736,7.749,546600000.0,-466900000.0,651100000.0,651100000.0,90000000.0,,,,,49300000.0,296100000.0,1.0,161831584.0,162100000,165600000.0,4.017,3492700000.0,230100000.0,5000000.0,79300000.0,21.547,739000000.0
4,FTNT,MRQ,2020-06-30,2020-06-30,2020-06-30,2021-08-02,2500000.0,3330600000.0,,2208700000.0,1121900000.0,,3.366,-30900000.0,916400000.0,916400000.0,135100000.0,113800000.0,1.37,5.124,0.0,0.0,0.0,0.0,2322800000.0,17800000.0,0.0,0.0,0.0,123700000.0,141500000.0,0.229,141500000.0,123700000.0,123700000.0,0.7,0.69,0.7,543900000.0,,543900000.0,21563395086.0,46.0,40.238,216100000.0,1.337,1.0,482500000.0,0.781,90600000.0,0.0,711700000.0,,126000000.0,710900000.0,610500000.0,100400000.0,2786700000.0,1611900000.0,1174800000.0,22189495086.0,290300000.0,0.0,-147800000.0,0.0,0.0,-168900000.0,212200000.0,243100000.0,247000000.0,0.0,113800000.0,113800000.0,113800000.0,0.0,0.0,0.184,363700000.0,118800000.0,107200000.0,0.0,40.797,53.238,55.575,392600000.0,0.0,137.27,9.396,9.394,498700000.0,-613100000.0,617600000.0,617600000.0,82100000.0,,,,,48900000.0,282700000.0,1.0,161648540.0,161600000,165400000.0,3.822,3240000000.0,218900000.0,9900000.0,77300000.0,20.05,596800000.0
5,FTNT,MRQ,2020-03-31,2020-03-31,2020-03-31,2021-08-02,-3100000.0,3206200000.0,,2035300000.0,1170900000.0,,3.144,-27600000.0,626100000.0,626100000.0,128700000.0,104600000.0,1.319,4.978,0.0,0.0,0.0,0.0,2226800000.0,17600000.0,0.0,0.0,0.0,108700000.0,126300000.0,0.219,126300000.0,108700000.0,117900000.0,0.61,0.6,0.61,536300000.0,,536300000.0,16230814425.0,38.0,32.763,291800000.0,1.71,1.0,449000000.0,0.777,94300000.0,-9200000.0,942800000.0,,105000000.0,947200000.0,775200000.0,172000000.0,2669900000.0,1543000000.0,1126900000.0,17453314425.0,-596400000.0,-3100000.0,-882500000.0,0.0,0.0,-920400000.0,4600000.0,35700000.0,319400000.0,0.0,104600000.0,104600000.0,104600000.0,0.0,0.0,0.181,332300000.0,116700000.0,87800000.0,0.0,32.544,46.455,46.196,374200000.0,0.0,101.17,7.704,7.618,474700000.0,-589200000.0,577700000.0,577700000.0,80300000.0,,,,,44800000.0,288800000.0,1.0,172514722.0,170600000,174200000.0,3.386,3111900000.0,226500000.0,13300000.0,81300000.0,18.241,492300000.0
6,FTNT,MRQ,2019-12-31,2019-12-31,2019-12-31,2021-08-02,1100000.0,3879200000.0,,2769000000.0,1110200000.0,,7.837,-47200000.0,1222500000.0,1222500000.0,140500000.0,118200000.0,1.902,1.89,0.0,0.0,0.0,0.0,2109100000.0,15700000.0,0.0,0.0,0.0,131400000.0,147100000.0,0.238,147100000.0,131400000.0,131400000.0,0.69,0.68,0.69,1342400000.0,,1342400000.0,17084061655.0,44.0,38.168,143200000.0,0.836,1.0,477600000.0,0.773,98300000.0,0.0,1102600000.0,,117900000.0,987400000.0,843100000.0,144300000.0,2536800000.0,1455800000.0,1081000000.0,18259561655.0,47000000.0,-34600000.0,-19800000.0,-3700000.0,0.0,-43800000.0,-99600000.0,-17800000.0,190400000.0,0.0,118200000.0,118200000.0,118200000.0,0.0,0.0,0.191,355500000.0,122100000.0,96400000.0,0.0,13.602,55.048,55.031,344300000.0,0.0,106.76,8.442,8.44,544300000.0,160800000.0,618100000.0,618100000.0,71200000.0,,,,,43700000.0,284300000.0,1.0,171033736.0,171300000,175300000.0,3.608,3780900000.0,226300000.0,13200000.0,82800000.0,22.072,1313200000.0
7,FTNT,MRQ,2019-09-30,2019-09-30,2019-09-30,2021-08-02,1100000.0,3545600000.0,,2466200000.0,1079400000.0,,7.008,-17500000.0,1175500000.0,1175500000.0,124100000.0,80200000.0,1.838,1.954,0.0,0.0,0.0,0.0,1945600000.0,15000000.0,0.0,0.0,0.0,106000000.0,121000000.0,0.221,121000000.0,106000000.0,106000000.0,0.47,0.46,0.47,1200400000.0,,1200400000.0,12103202704.0,35.0,29.65,203700000.0,1.189,1.0,424000000.0,0.774,52200000.0,0.0,976000000.0,,99200000.0,969000000.0,764800000.0,204200000.0,2345200000.0,1341900000.0,1003300000.0,13125302704.0,153400000.0,0.0,-21200000.0,0.0,0.0,-40700000.0,-27100000.0,-9600000.0,221200000.0,0.0,80200000.0,80200000.0,80200000.0,0.0,0.0,0.146,323400000.0,100600000.0,85900000.0,0.0,10.934,33.061,32.944,305500000.0,0.0,76.76,6.394,6.405,384100000.0,46500000.0,548100000.0,548100000.0,69900000.0,,,,,42400000.0,253500000.0,1.0,170991437.0,171300000,174800000.0,3.2,3493400000.0,243700000.0,25800000.0,94700000.0,20.393,1124300000.0
8,FTNT,MRQ,2019-06-30,2019-06-30,2019-06-30,2021-08-02,900000.0,3369400000.0,,2360700000.0,1008700000.0,,6.559,-17300000.0,1022100000.0,1022100000.0,128300000.0,72700000.0,1.825,2.002,0.0,0.0,0.0,0.0,1866500000.0,15200000.0,0.0,0.0,0.0,85800000.0,101000000.0,0.194,101000000.0,85800000.0,85800000.0,0.42,0.42,0.42,1122300000.0,,1122300000.0,11902637820.0,38.0,31.996,177800000.0,1.039,1.0,393400000.0,0.754,54400000.0,0.0,999200000.0,,85700000.0,957600000.0,808100000.0,149500000.0,2247100000.0,1293700000.0,953400000.0,13119537820.0,-194800000.0,0.0,-28800000.0,0.0,0.0,-53300000.0,-336600000.0,-319300000.0,195100000.0,0.0,72700000.0,72700000.0,72700000.0,0.0,0.0,0.139,318200000.0,75200000.0,72400000.0,0.0,11.69,34.939,34.765,284700000.0,0.0,76.83,6.698,6.712,403100000.0,-9000000.0,521700000.0,521700000.0,67400000.0,,,,,45000000.0,250800000.0,1.0,170760612.0,171100000,175100000.0,3.049,3315000000.0,258800000.0,13100000.0,97300000.0,19.375,1067000000.0
9,FTNT,MRQ,2019-03-31,2019-03-31,2019-03-31,2021-08-02,-200000.0,3205700000.0,,2313300000.0,892400000.0,,6.217,-10200000.0,1216900000.0,1216900000.0,113000000.0,58800000.0,1.844,2.03,0.0,0.0,0.0,0.0,1765800000.0,15700000.0,0.0,0.0,0.0,60300000.0,76000000.0,0.161,76000000.0,60300000.0,60300000.0,0.35,0.34,0.35,1058100000.0,,1058100000.0,13215709354.0,48.0,39.321,191100000.0,1.123,1.0,359600000.0,0.761,57300000.0,0.0,677200000.0,,88400000.0,635100000.0,584900000.0,50200000.0,2147600000.0,1254300000.0,893300000.0,14328109354.0,104500000.0,0.0,-25800000.0,0.0,0.0,-57800000.0,-39000000.0,-28800000.0,201300000.0,0.0,58800000.0,58800000.0,58800000.0,0.0,0.0,0.124,309000000.0,50600000.0,69200000.0,0.0,13.541,40.693,40.37,272000000.0,0.0,83.97,7.629,7.609,381000000.0,-50000000.0,472600000.0,472600000.0,68600000.0,,,,,43000000.0,240400000.0,1.0,170633671.0,170200000,174800000.0,2.777,3148400000.0,262700000.0,1500000.0,105000000.0,18.498,1059000000.0
10,FTNT,MRQ,2018-12-31,2018-12-31,2018-12-31,2021-08-02,-800000.0,3078000000.0,,2220900000.0,857100000.0,,5.932,-11600000.0,1112400000.0,1112400000.0,128500000.0,185300000.0,1.768,2.047,0.0,0.0,0.0,0.0,1686800000.0,14700000.0,0.0,0.0,0.0,95500000.0,110200000.0,0.216,110200000.0,95500000.0,95500000.0,1.09,1.06,1.09,1010200000.0,,1010200000.0,10829873538.0,43.0,34.935,168600000.0,0.99,1.0,381900000.0,0.748,60300000.0,0.0,648900000.0,,90000000.0,604200000.0,537200000.0,67000000.0,2067800000.0,1256400000.0,811400000.0,11999173538.0,-56900000.0,-15700000.0,-89800000.0,-600000.0,0.0,-109600000.0,-127500000.0,-100200000.0,180200000.0,0.0,185300000.0,185300000.0,185300000.0,0.0,0.0,0.363,293400000.0,88500000.0,86400000.0,0.0,11.878,35.829,35.571,271400000.0,0.0,70.43,6.649,6.6,444500000.0,-57500000.0,510400000.0,510400000.0,65500000.0,,,,,42600000.0,227900000.0,1.0,170370205.0,170300000,175700000.0,2.997,3017700000.0,255000000.0,-89800000.0,105700000.0,17.72,964500000.0
11,FTNT,MRQ,2018-09-30,2018-09-30,2018-09-30,2021-08-02,-1000000.0,2763500000.0,,2078100000.0,685400000.0,,5.251,-18200000.0,1169300000.0,1169300000.0,111600000.0,58700000.0,1.869,2.099,0.0,0.0,0.0,0.0,1544400000.0,14200000.0,0.0,0.0,0.0,70600000.0,84800000.0,0.187,84800000.0,70600000.0,70600000.0,0.35,0.33,0.35,891600000.0,,891600000.0,14634167115.0,72.0,56.481,158500000.0,0.933,1.0,342300000.0,0.754,43800000.0,0.0,438500000.0,,80800000.0,503500000.0,464900000.0,38600000.0,1871900000.0,1111900000.0,760000000.0,15606267115.0,197200000.0,0.0,24900000.0,0.0,0.0,9400000.0,11100000.0,29300000.0,176700000.0,0.0,58700000.0,58700000.0,58700000.0,0.0,0.0,0.129,279500000.0,62800000.0,66600000.0,0.0,17.504,129.405,126.397,265400000.0,0.0,92.27,9.122,9.158,324400000.0,-156000000.0,453900000.0,453900000.0,58700000.0,,,,,43200000.0,220800000.0,1.0,169136958.0,169800000,175700000.0,2.673,2719700000.0,147800000.0,11900000.0,103700000.0,16.017,966200000.0
12,FTNT,MRQ,2018-06-30,2018-06-30,2018-06-30,2021-08-02,-1400000.0,2575700000.0,,1884800000.0,690900000.0,,4.628,-11600000.0,972100000.0,972100000.0,113100000.0,49300000.0,1.737,2.301,0.0,0.0,0.0,0.0,1470800000.0,13600000.0,0.0,0.0,0.0,51500000.0,65100000.0,0.148,65100000.0,51500000.0,51500000.0,0.29,0.28,0.29,780200000.0,,780200000.0,9658702889.0,56.0,42.738,130700000.0,0.775,1.0,328200000.0,0.744,46500000.0,0.0,471900000.0,,78200000.0,526900000.0,461600000.0,65300000.0,1795500000.0,1085200000.0,710300000.0,10494302889.0,136500000.0,-6000000.0,10000000.0,-9500000.0,0.0,-12800000.0,7000000.0,24600000.0,142300000.0,0.0,49300000.0,49300000.0,49300000.0,0.0,0.0,0.112,277500000.0,50700000.0,63700000.0,0.0,13.451,118.446,117.792,256000000.0,0.0,62.43,6.434,6.453,333600000.0,-214700000.0,441300000.0,441300000.0,61200000.0,,,,,40600000.0,216300000.0,1.0,168097115.0,168600000,173500000.0,2.617,2529200000.0,141900000.0,2200000.0,98500000.0,15.001,799600000.0
13,FTNT,MRQ,2018-03-31,2018-03-31,2018-03-31,2021-08-02,-2000000.0,2400700000.0,,1735800000.0,664900000.0,,4.135,-11600000.0,835600000.0,835600000.0,97200000.0,41600000.0,1.686,2.462,0.0,0.0,0.0,0.0,1396400000.0,13200000.0,0.0,0.0,0.0,36700000.0,49900000.0,0.125,49900000.0,36700000.0,36700000.0,0.25,0.24,0.25,693500000.0,,693500000.0,8191730654.0,54.0,39.421,128100000.0,0.764,1.0,301800000.0,0.756,29100000.0,0.0,506300000.0,,80000000.0,550800000.0,468300000.0,82500000.0,1707200000.0,1029700000.0,677500000.0,9002734654.0,24600000.0,0.0,-70400000.0,0.0,0.0,-89600000.0,-25500000.0,-13900000.0,139700000.0,0.0,41600000.0,41600000.0,41600000.0,0.0,0.0,0.104,269400000.0,32400000.0,55700000.0,0.0,12.982,144.506,144.811,245100000.0,0.0,53.58,5.796,5.785,313100000.0,-262600000.0,399000000.0,399000000.0,59100000.0,,,,,36500000.0,210300000.0,1.0,168024163.0,167700000,171800000.0,2.379,2371600000.0,138700000.0,-4900000.0,103800000.0,14.142,706100000.0
14,FTNT,MRQ,2017-12-31,2017-12-31,2017-12-31,2021-08-02,-800000.0,2257900000.0,,1716800000.0,541100000.0,,3.441,-13700000.0,811000000.0,811000000.0,105400000.0,-29000000.0,1.671,2.831,0.0,0.0,0.0,0.0,1336300000.0,14300000.0,0.0,0.0,0.0,45000000.0,59300000.0,0.142,59300000.0,45000000.0,45000000.0,-0.16,-0.16,-0.16,589400000.0,,589400000.0,6691906219.0,54.0,37.281,143800000.0,0.839,1.0,311200000.0,0.747,30900000.0,0.0,388800000.0,,77300000.0,538300000.0,440300000.0,98000000.0,1668500000.0,1027200000.0,641300000.0,7597700219.0,-94800000.0,0.0,-308400000.0,0.0,0.0,-317600000.0,65300000.0,79000000.0,157500000.0,0.0,-29000000.0,-29000000.0,-29000000.0,0.0,0.0,-0.07,269000000.0,42200000.0,70000000.0,0.0,12.891,241.965,242.722,245400000.0,0.0,43.69,5.082,5.094,348200000.0,-319600000.0,416600000.0,416600000.0,54700000.0,,,,,34500000.0,214300000.0,1.0,173900211.0,171300000,175400000.0,2.432,2227000000.0,146900000.0,74000000.0,111600000.0,13.001,689600000.0
15,FTNT,MRQ,2017-09-30,2017-09-30,2017-09-30,2021-08-02,-416000.0,2395279000.0,,1650651000.0,744628000.0,,5.141,-21700000.0,905794000.0,905794000.0,93600000.0,26700000.0,1.813,1.655,0.0,0.0,0.0,0.0,1218957000.0,13700000.0,0.0,0.0,0.0,38000000.0,51700000.0,0.138,51700000.0,38000000.0,38000000.0,0.15,0.15,0.15,902225000.0,,902225000.0,5448801156.0,44.0,30.739,140700000.0,0.802,1.0,280600000.0,0.75,32844000.0,0.0,546002000.0,,73595000.0,617836000.0,369961000.0,247875000.0,1493054000.0,910639000.0,582415000.0,6301938156.0,52700000.0,0.0,-70800000.0,0.0,0.0,-80800000.0,-28900000.0,-7200000.0,162400000.0,0.0,26700000.0,26700000.0,26700000.0,0.0,0.0,0.071,246900000.0,33700000.0,44543000.0,0.0,6.985,73.639,73.143,239891000.0,0.0,35.84,4.373,4.365,257999000.0,-9587000.0,374200000.0,374200000.0,53500000.0,,,,,34300000.0,193400000.0,1.0,175835328.0,175500000,179000000.0,2.132,2362435000.0,204721000.0,11300000.0,103855000.0,13.461,740012000.0
16,FTNT,MRQ,2017-06-30,2017-06-30,2017-06-30,2021-08-02,-523000.0,2360691000.0,,1604634000.0,756057000.0,,5.248,-86400000.0,853137000.0,853137000.0,95700000.0,23000000.0,1.812,1.56,0.0,0.0,0.0,0.0,1161471000.0,14000000.0,0.0,0.0,0.0,32900000.0,46900000.0,0.129,46900000.0,32900000.0,32900000.0,0.13,0.13,0.13,922139000.0,,922139000.0,5757240481.0,63.0,39.649,58400000.0,0.332,1.0,267800000.0,0.737,34881000.0,0.0,587154000.0,,86439000.0,611809000.0,354187000.0,257622000.0,1438552000.0,885519000.0,553033000.0,6580489481.0,29900000.0,0.0,-20800000.0,0.0,0.0,-33000000.0,-81900000.0,4500000.0,144800000.0,0.0,23000000.0,23000000.0,23000000.0,0.0,0.0,0.063,239300000.0,28500000.0,42171000.0,0.0,7.136,100.974,98.526,238513000.0,0.0,37.44,4.756,4.755,274476000.0,42345000.0,363500000.0,363500000.0,51200000.0,,,,,35100000.0,188200000.0,1.0,175760937.0,175700000,179700000.0,2.069,2325810000.0,207029000.0,9900000.0,96902000.0,13.237,719115000.0
17,FTNT,MRQ,2017-03-31,2017-03-31,2017-03-31,2021-08-02,-489000.0,2267383000.0,,1616082000.0,651301000.0,,5.148,-13500000.0,823249000.0,823249000.0,90600000.0,10700000.0,1.887,1.524,0.0,0.0,0.0,0.0,1098051000.0,13500000.0,0.0,0.0,0.0,8100000.0,21600000.0,0.063,21600000.0,8100000.0,8100000.0,0.06,0.06,0.06,898249000.0,,898249000.0,6014519882.0,110.0,56.79,116200000.0,0.666,1.0,250000000.0,0.734,37088000.0,0.0,550461000.0,,104978000.0,617756000.0,375423000.0,242333000.0,1369134000.0,856585000.0,512549000.0,6723522882.0,114200000.0,0.0,29500000.0,0.0,0.0,15800000.0,-31300000.0,-17800000.0,129700000.0,0.0,10700000.0,10700000.0,10700000.0,0.0,0.0,0.031,244600000.0,5400000.0,48689000.0,0.0,7.485,164.865,159.792,155476000.0,0.0,38.35,5.05,5.026,270111000.0,48337000.0,340600000.0,340600000.0,51200000.0,,,,,33300000.0,193000000.0,1.0,175320023.0,174500000,178300000.0,1.952,2230295000.0,199186000.0,-2600000.0,87122000.0,12.781,759497000.0
18,FTNT,MRQ,2016-12-31,2016-12-31,2016-12-31,2021-08-02,-765000.0,2139941000.0,,1538716000.0,601225000.0,,4.821,-16881000.0,709003000.0,709003000.0,90854000.0,25179000.0,1.855,1.555,0.0,0.0,0.0,0.0,1035349000.0,13604000.0,0.0,0.0,0.0,43459000.0,57063000.0,0.157,57063000.0,43459000.0,43459000.0,0.15,0.14,0.15,837681000.0,,837681000.0,4564436680.0,106.0,49.83,84148000.0,0.484,1.0,271933000.0,0.75,39381000.0,0.0,562117000.0,,106887000.0,601505000.0,376522000.0,224983000.0,1302260000.0,829440000.0,472820000.0,5211949680.0,61464000.0,-13000.0,-33292000.0,26000.0,0.0,-41680000.0,2115000.0,19009000.0,101029000.0,0.0,25179000.0,25179000.0,25179000.0,0.0,0.0,0.069,226784000.0,45149000.0,56732000.0,0.0,6.222,161.862,158.526,137249000.0,0.0,30.12,4.087,4.076,312998000.0,37620000.0,362787000.0,362787000.0,45605000.0,,,,,32058000.0,180343000.0,1.0,173039498.0,173764000,177062000.0,2.088,2100560000.0,182745000.0,18280000.0,82139000.0,12.089,709276000.0
19,FTNT,MRQ,2016-09-30,2016-09-30,2016-09-30,2021-08-02,153000.0,2010160000.0,,1394873000.0,615287000.0,,4.749,-5920000.0,647513000.0,647513000.0,84799000.0,6291000.0,1.859,1.442,0.0,0.0,0.0,0.0,934792000.0,13055000.0,0.0,0.0,0.0,6589000.0,19644000.0,0.062,19644000.0,6589000.0,6589000.0,0.04,0.04,0.04,823088000.0,,823088000.0,5780981303.0,456.0,101.499,70219000.0,0.405,1.0,231847000.0,0.732,42402000.0,0.0,569885000.0,,93731000.0,623137000.0,382909000.0,240228000.0,1187072000.0,750360000.0,436712000.0,6377361303.0,51133000.0,-1427000.0,-5680000.0,0.0,0.0,-18208000.0,-6798000.0,549000.0,76139000.0,0.0,6291000.0,6291000.0,6291000.0,0.0,0.0,0.02,226359000.0,5488000.0,57530000.0,0.0,7.748,1421.297,1231.0,126109000.0,0.0,36.93,5.274,5.294,238988000.0,43093000.0,316646000.0,316646000.0,47239000.0,,,,,31093000.0,176837000.0,1.0,172687823.0,173335000,177938000.0,1.827,1967758000.0,189434000.0,298000.0,75791000.0,11.352,644513000.0
20,FTNT,MRQ,2016-06-30,2016-06-30,2016-06-30,2021-08-02,724000.0,1960178000.0,,1353884000.0,606294000.0,,4.676,-14443000.0,596380000.0,596380000.0,84503000.0,-1388000.0,1.85,1.436,0.0,0.0,0.0,0.0,903981000.0,11291000.0,0.0,0.0,0.0,-3690000.0,7601000.0,0.024,7601000.0,-3690000.0,-3690000.0,-0.01,-0.01,-0.01,804626000.0,,804626000.0,4855085966.0,985.0,107.948,53498000.0,0.311,1.0,226888000.0,0.729,45723000.0,0.0,586111000.0,,81247000.0,625611000.0,388388000.0,237223000.0,1155552000.0,731964000.0,423588000.0,5423093966.0,28372000.0,-20660000.0,5187000.0,-1626000.0,0.0,-4356000.0,-35213000.0,-110000.0,67941000.0,0.0,-1388000.0,-1388000.0,-1388000.0,0.0,0.0,-0.004,230933000.0,-4045000.0,56920000.0,0.0,6.74,852.018,789.75,125636000.0,0.0,31.59,4.705,4.716,254379000.0,58808000.0,311391000.0,311391000.0,45502000.0,,,,,30347000.0,184878000.0,1.0,171671224.0,172075000,172075000.0,1.81,1914455000.0,180782000.0,-2302000.0,74465000.0,11.126,621920000.0
21,FTNT,MRQ,2016-03-31,2016-03-31,2016-03-31,2021-08-02,294000.0,1811521000.0,,1285701000.0,525820000.0,,4.323,-29956000.0,568008000.0,568008000.0,77644000.0,2118000.0,1.871,1.44,0.0,0.0,0.0,0.0,837188000.0,10550000.0,0.0,0.0,0.0,-3258000.0,7292000.0,0.026,7292000.0,-3258000.0,-3258000.0,0.01,0.01,0.01,742403000.0,,742403000.0,4712941605.0,389.0,98.412,70635000.0,0.411,1.0,206932000.0,0.727,21149000.0,0.0,535022000.0,,78239000.0,626479000.0,384591000.0,241888000.0,1069118000.0,687342000.0,381776000.0,5256218605.0,24731000.0,0.0,-32215000.0,0.0,0.0,-41656000.0,-34204000.0,-4248000.0,100591000.0,0.0,2118000.0,2118000.0,2118000.0,0.0,0.0,0.007,210624000.0,-3692000.0,47955000.0,0.0,7.08,615.122,612.6,115782000.0,0.0,30.63,4.863,4.867,220135000.0,23089000.0,284576000.0,284576000.0,44754000.0,,,,,28902000.0,165542000.0,1.0,171603611.0,171745000,174421000.0,1.657,1790372000.0,131696000.0,-5376000.0,74393000.0,10.425,598359000.0
22,FTNT,MRQ,2015-12-31,2015-12-31,2015-12-31,2021-08-02,-933000.0,1790510000.0,,1270543000.0,519967000.0,,4.396,-8345000.0,543277000.0,543277000.0,81976000.0,-2534000.0,1.872,1.37,0.0,0.0,0.0,0.0,791303000.0,9383000.0,0.0,0.0,0.0,13036000.0,22419000.0,0.076,22419000.0,13036000.0,13036000.0,-0.01,-0.01,-0.01,755377000.0,,755377000.0,4828758376.0,284.0,99.369,60213000.0,0.35,1.0,214553000.0,0.724,22332000.0,0.0,546231000.0,,83868000.0,621033000.0,348074000.0,272959000.0,1035133000.0,678670000.0,356463000.0,5369470376.0,2565000.0,0.0,-56229000.0,0.0,0.0,-62111000.0,-3882000.0,4463000.0,68558000.0,0.0,-2534000.0,-2534000.0,-2534000.0,0.0,0.0,-0.009,201686000.0,12867000.0,61500000.0,0.0,7.108,672.276,623.4,91067000.0,0.0,31.17,5.32,5.262,259563000.0,68481000.0,296529000.0,296529000.0,42814000.0,,,,,28087000.0,157155000.0,1.0,172264048.0,171846000,176675000.0,1.726,1768178000.0,119216000.0,15570000.0,69003000.0,10.289,591873000.0
23,FTNT,MRQ,2015-09-30,2015-09-30,2015-09-30,2021-08-02,-90000.0,1707173000.0,,1251740000.0,455433000.0,,4.634,-13325000.0,540712000.0,540712000.0,71701000.0,8169000.0,2.075,1.146,0.0,0.0,0.0,0.0,706911000.0,8824000.0,0.0,0.0,0.0,-1160000.0,7664000.0,0.029,7664000.0,-1160000.0,-1160000.0,0.05,0.05,0.05,795386000.0,,795386000.0,6789120086.0,282.0,131.059,51740000.0,0.301,1.0,188367000.0,0.724,23227000.0,0.0,540100000.0,,80650000.0,628952000.0,367446000.0,261506000.0,911787000.0,603134000.0,308653000.0,7270513086.0,59319000.0,-38025000.0,20896000.0,0.0,0.0,9269000.0,-15015000.0,36335000.0,65065000.0,0.0,8169000.0,8169000.0,8169000.0,0.0,0.0,0.031,190207000.0,-1840000.0,48793000.0,0.0,9.141,419.437,424.8,83372000.0,0.0,42.48,7.762,7.784,174111000.0,124166000.0,260068000.0,260068000.0,42110000.0,,,,,26476000.0,142214000.0,1.0,171151438.0,171648000,177897000.0,1.515,1683946000.0,119307000.0,-9329000.0,62383000.0,9.81,648606000.0
24,FTNT,MRQ,2015-06-30,2015-06-30,2015-06-30,2021-08-02,-309000.0,1604876000.0,,1195510000.0,409366000.0,,4.418,-10761000.0,481393000.0,481393000.0,69498000.0,792000.0,2.115,1.137,0.0,0.0,0.0,0.0,657561000.0,7029000.0,0.0,0.0,0.0,3486000.0,10515000.0,0.044,10515000.0,3486000.0,3486000.0,0.0,0.0,0.0,750827000.0,,750827000.0,6621687286.0,161.0,101.051,73544000.0,0.433,1.0,170287000.0,0.71,3517000.0,0.0,554667000.0,,68845000.0,666978000.0,391634000.0,275344000.0,854049000.0,565299000.0,288750000.0,7008039286.0,95041000.0,0.0,13692000.0,0.0,0.0,8930000.0,1806000.0,12567000.0,84305000.0,0.0,792000.0,792000.0,792000.0,0.0,0.0,0.003,167335000.0,2952000.0,42336000.0,,9.334,530.069,590.429,71465000.0,0.0,41.33,8.055,8.073,176849000.0,115997000.0,239785000.0,239785000.0,37389000.0,,,,,21645000.0,129946000.0,1.0,169563012.0,169930000,176234000.0,1.411,1601359000.0,85615000.0,2694000.0,57861000.0,9.424,630211000.0
25,FTNT,MRQ,2015-03-31,2015-03-31,2015-03-31,2021-08-02,226000.0,1498303000.0,,1111803000.0,386500000.0,,4.282,-4927000.0,386352000.0,386352000.0,63602000.0,1560000.0,2.144,1.082,0.0,0.0,0.0,0.0,600171000.0,6353000.0,0.0,0.0,0.0,1643000.0,7996000.0,0.038,7996000.0,1643000.0,1643000.0,0.01,0.01,0.01,719747000.0,,719747000.0,5618593827.0,114.0,76.556,59692000.0,0.355,1.0,149284000.0,0.701,5383000.0,0.0,587935000.0,,72060000.0,686213000.0,417605000.0,268608000.0,778556000.0,518633000.0,259923000.0,5901847827.0,103098000.0,0.0,28955000.0,0.0,0.0,22355000.0,16124000.0,21051000.0,64619000.0,0.0,1560000.0,1560000.0,1560000.0,0.0,0.0,0.007,148386000.0,898000.0,40164000.0,0.0,8.2,318.846,317.727,63487000.0,0.0,34.95,7.248,7.214,161854000.0,115205000.0,212886000.0,212886000.0,35816000.0,,,,,18880000.0,112570000.0,1.0,168865460.0,168077000,173720000.0,1.267,1492920000.0,80173000.0,83000.0,53623000.0,8.882,593170000.0
26,FTNT,MRQ,2014-12-31,2014-12-31,2014-12-31,2021-08-02,-349000.0,1424774000.0,,1005381000.0,419393000.0,,4.085,-5395000.0,283254000.0,283254000.0,65624000.0,6813000.0,2.025,1.108,0.0,0.0,0.0,0.0,558757000.0,5509000.0,0.0,0.0,0.0,20118000.0,25627000.0,0.114,25627000.0,20118000.0,20118000.0,0.04,0.04,0.04,675966000.0,,675966000.0,4796387212.0,78.0,57.389,29969000.0,0.181,1.0,158345000.0,0.707,5656000.0,0.0,639408000.0,,69477000.0,708490000.0,436766000.0,271724000.0,748808000.0,496456000.0,252352000.0,5054483212.0,25158000.0,0.0,9053000.0,0.0,0.0,2636000.0,-12842000.0,-7447000.0,35364000.0,0.0,6813000.0,6813000.0,6813000.0,0.0,0.0,0.03,138429000.0,19916000.0,49947000.0,0.0,7.477,199.443,204.4,58919000.0,0.0,30.66,6.561,6.52,184741000.0,113645000.0,223969000.0,223969000.0,33097000.0,,,,,21006000.0,105332000.0,1.0,164855943.0,165457000,170951000.0,1.354,1419118000.0,72564000.0,13305000.0,47828000.0,8.577,508925000.0
27,FTNT,MRQ,2014-09-30,2014-09-30,2014-09-30,2021-08-02,114000.0,1312601000.0,,896440000.0,416161000.0,,3.952,-5780000.0,258096000.0,258096000.0,56885000.0,4056000.0,2.063,1.022,0.0,0.0,0.0,0.0,500012000.0,5605000.0,0.0,0.0,0.0,15785000.0,21390000.0,0.111,21390000.0,15785000.0,15785000.0,0.02,0.02,0.02,649226000.0,,649226000.0,3933773424.0,59.0,44.904,50738000.0,0.309,1.0,136463000.0,0.706,5928000.0,0.0,614081000.0,,51344000.0,705663000.0,402495000.0,303168000.0,663375000.0,434496000.0,228879000.0,4137720424.0,54149000.0,-17000.0,6943000.0,0.0,0.0,5840000.0,-8209000.0,-2429000.0,56518000.0,0.0,4056000.0,4056000.0,4056000.0,0.0,0.0,0.021,121012000.0,15451000.0,36520000.0,0.0,6.373,135.459,140.361,56812000.0,0.0,25.265,5.717,5.735,116382000.0,111497000.0,193348000.0,193348000.0,30790000.0,,,,,12785000.0,90222000.0,1.0,163772825.0,164294000,169727000.0,1.177,1306673000.0,93573000.0,11729000.0,43022000.0,7.953,461944000.0
28,FTNT,MRQ,2014-06-30,2014-06-30,2014-06-30,2021-08-02,1181000.0,1265112000.0,,806949000.0,458163000.0,,3.832,-9704000.0,203947000.0,203947000.0,57757000.0,6081000.0,1.894,1.023,0.0,0.0,0.0,0.0,480202000.0,6492000.0,0.0,0.0,0.0,11887000.0,18379000.0,0.1,18379000.0,11887000.0,11887000.0,0.04,0.04,0.04,625219000.0,,625219000.0,3924969741.0,56.0,44.194,34094000.0,0.209,1.0,126341000.0,0.686,6201000.0,0.0,628876000.0,,46824000.0,706647000.0,354174000.0,352473000.0,639893000.0,426088000.0,213805000.0,4097937741.0,30979000.0,17000.0,-6815000.0,0.0,0.0,-6839000.0,-5935000.0,3769000.0,43798000.0,-45000.0,6081000.0,6081000.0,6081000.0,0.0,0.0,0.033,115199000.0,11142000.0,35848000.0,0.0,6.554,109.223,109.261,55300000.0,0.0,25.13,5.982,5.985,127825000.0,116822000.0,184098000.0,184098000.0,29938000.0,,,,,12852000.0,85261000.0,1.0,163069548.0,163161000,168345000.0,1.128,1258911000.0,87515000.0,5806000.0,36551000.0,7.716,380861000.0
29,FTNT,MRQ,2014-03-31,2014-03-31,2014-03-31,2021-08-02,77000.0,1200031000.0,,781460000.0,418571000.0,,3.757,-11318000.0,172968000.0,172968000.0,50743000.0,8393000.0,1.979,0.967,0.0,0.0,0.0,0.0,451303000.0,4422000.0,0.0,0.0,0.0,13759000.0,18181000.0,0.108,18181000.0,13759000.0,13759000.0,0.05,0.05,0.05,610094000.0,,610094000.0,3471785485.0,48.0,38.907,49584000.0,0.305,1.0,118206000.0,0.7,9042000.0,0.0,623155000.0,,43294000.0,715346000.0,388083000.0,327263000.0,589937000.0,394866000.0,195071000.0,3587658485.0,57095000.0,-17000.0,2166000.0,0.0,0.0,-888000.0,-2364000.0,8971000.0,60902000.0,-555000.0,8393000.0,8393000.0,8393000.0,0.0,0.0,0.05,105391000.0,12815000.0,27603000.0,0.0,5.881,88.766,88.12,47474000.0,0.0,22.03,5.533,5.517,111489000.0,123680000.0,168949000.0,168949000.0,29055000.0,,,,,12351000.0,76336000.0,1.0,162853313.0,162391000,168114000.0,1.04,1190989000.0,81014000.0,5366000.0,32860000.0,7.334,386594000.0
30,FTNT,MRQ,2013-12-31,2013-12-31,2013-12-31,2021-08-02,1092000.0,1168464000.0,,735546000.0,432918000.0,,3.587,-7148000.0,115873000.0,115873000.0,53877000.0,12016000.0,1.781,0.995,0.0,0.0,0.0,0.0,432628000.0,4112000.0,0.0,0.0,0.0,25542000.0,29654000.0,0.167,29654000.0,25542000.0,25542000.0,0.07,0.07,0.07,585760000.0,,585760000.0,2982447205.0,39.0,32.572,39520000.0,0.242,1.0,123473000.0,0.696,9713000.0,0.0,629817000.0,,48672000.0,727172000.0,375497000.0,351675000.0,582704000.0,413061000.0,169643000.0,3126993205.0,-28673000.0,0.0,-32415000.0,0.0,0.0,-32431000.0,-42586000.0,-35438000.0,46668000.0,-324000.0,12016000.0,12016000.0,12016000.0,0.0,0.0,0.068,98830000.0,24643000.0,35599000.0,0.0,5.338,70.63,70.852,36652000.0,0.0,19.13,5.082,5.05,130471000.0,121863000.0,177350000.0,177350000.0,27747000.0,,,,,11655000.0,71083000.0,1.0,163460178.0,163290000,168570000.0,1.086,1158751000.0,81038000.0,13526000.0,51629000.0,7.096,322485000.0
31,FTNT,MRQ,2013-09-30,2013-09-30,2013-09-30,2021-08-02,1653000.0,1128142000.0,,705967000.0,422175000.0,,3.683,-3160000.0,144546000.0,144546000.0,43930000.0,11029000.0,1.922,0.88,0.0,0.0,0.0,0.0,400173000.0,4189000.0,0.0,0.0,0.0,18410000.0,22599000.0,0.146,22599000.0,18410000.0,18410000.0,0.07,0.07,0.07,599953000.0,,599953000.0,3170534834.0,37.0,31.185,22224000.0,0.136,1.0,110769000.0,0.716,10612000.0,0.0,605658000.0,,46876000.0,696459000.0,368472000.0,327987000.0,528189000.0,367326000.0,160863000.0,3294002834.0,21078000.0,-1650000.0,8880000.0,0.0,0.0,8524000.0,-12634000.0,-7824000.0,25384000.0,-196000.0,11029000.0,11029000.0,11029000.0,0.0,0.0,0.071,92490000.0,18279000.0,33257000.0,0.0,5.49,61.268,59.588,28380000.0,0.0,20.26,5.591,5.602,107802000.0,142858000.0,154699000.0,154699000.0,26421000.0,,,,,11168000.0,66069000.0,1.0,162586517.0,162906000,168666000.0,0.95,1117530000.0,51996000.0,7381000.0,30568000.0,6.86,338641000.0
32,FTNT,MRQ,2013-06-30,2013-06-30,2013-06-30,2021-08-02,350000.0,1085746000.0,,672400000.0,413346000.0,,3.496,-2035000.0,123468000.0,123468000.0,43708000.0,8979000.0,1.865,0.914,0.0,0.0,0.0,0.0,389682000.0,3786000.0,0.0,0.0,0.0,15014000.0,18800000.0,0.128,18800000.0,15014000.0,15014000.0,0.06,0.05,0.06,567185000.0,,567185000.0,2741559205.0,29.0,25.189,35186000.0,0.217,1.0,103720000.0,0.704,9539000.0,0.0,592258000.0,,33317000.0,690942000.0,379229000.0,311713000.0,518561000.0,360481000.0,158080000.0,2838943205.0,26084000.0,-6000.0,1126000.0,0.0,0.0,1567000.0,-12336000.0,-10295000.0,37221000.0,-368000.0,8979000.0,8979000.0,8979000.0,0.0,0.0,0.061,89943000.0,13777000.0,35964000.0,0.0,5.005,47.362,46.053,27047000.0,0.0,17.5,4.975,4.975,108907000.0,131829000.0,147428000.0,147428000.0,25158000.0,,,,,10266000.0,64785000.0,1.0,162225326.0,162247000,168042000.0,0.909,1076207000.0,61764000.0,6035000.0,32628000.0,6.633,311919000.0
33,FTNT,MRQ,2013-03-31,2013-03-31,2013-03-31,2021-08-02,2166000.0,1032729000.0,,613660000.0,419069000.0,,3.396,-1534000.0,97384000.0,97384000.0,39128000.0,12249000.0,1.85,0.886,0.0,0.0,0.0,0.0,376414000.0,3536000.0,0.0,0.0,0.0,16975000.0,20511000.0,0.151,20511000.0,16975000.0,16975000.0,0.08,0.07,0.08,547709000.0,,547709000.0,3703901303.0,36.0,32.135,36577000.0,0.227,1.0,96692000.0,0.712,9964000.0,0.0,593653000.0,,23933000.0,685154000.0,362996000.0,322158000.0,485020000.0,331728000.0,153292000.0,3826876303.0,-25591000.0,-5979000.0,14464000.0,0.0,0.0,15917000.0,-79178000.0,-71665000.0,38111000.0,-441000.0,12249000.0,12249000.0,12249000.0,0.0,0.0,0.09,81301000.0,15391000.0,26369000.0,0.0,6.987,58.955,57.756,25803000.0,0.0,23.68,6.93,6.916,102359000.0,122850000.0,135820000.0,135820000.0,23334000.0,,,,,7846000.0,57967000.0,1.0,161607952.0,161282000,167823000.0,0.842,1022765000.0,0.0,4726000.0,0.0,6.341,281932000.0
34,FTNT,MRQ,2012-12-31,2012-12-31,2012-12-31,2021-08-02,3091000.0,975497000.0,,569274000.0,406223000.0,,3.192,-1800000.0,122975000.0,122975000.0,41442000.0,21507000.0,1.783,0.909,0.0,0.0,0.0,0.0,363185000.0,3488000.0,0.0,0.0,0.0,36270000.0,39758000.0,0.263,39758000.0,36270000.0,36270000.0,0.13,0.13,0.13,510934000.0,,510934000.0,3286448564.0,31.0,28.195,48493000.0,0.303,1.0,109720000.0,0.726,2117000.0,0.0,531101000.0,,21060000.0,616611000.0,290719000.0,325892000.0,464563000.0,319304000.0,145259000.0,3361914564.0,47509000.0,-500000.0,2081000.0,0.0,0.0,4539000.0,-7232000.0,-4932000.0,50293000.0,-91000.0,21507000.0,21507000.0,21507000.0,0.0,0.0,0.142,74680000.0,35040000.0,20816000.0,0.0,6.58,50.301,50.048,25638000.0,0.0,21.02,6.3,6.227,107642000.0,110601000.0,151162000.0,151162000.0,20525000.0,,,,,4304000.0,54155000.0,1.0,159938847.0,160048000,166935000.0,0.944,973380000.0,62188000.0,14763000.0,32560000.0,6.082,249970000.0
35,FTNT,MRQ,2012-09-30,2012-09-30,2012-09-30,2021-08-02,3577000.0,913268000.0,,514652000.0,398616000.0,,3.014,-16428000.0,75466000.0,75466000.0,37808000.0,17206000.0,1.723,0.909,0.0,0.0,0.0,0.0,340078000.0,2999000.0,0.0,0.0,0.0,26771000.0,29770000.0,0.218,29770000.0,26771000.0,26771000.0,0.11,0.1,0.11,478469000.0,,478469000.0,3735108660.0,39.0,35.221,24342000.0,0.153,1.0,98460000.0,0.723,0.0,0.0,539108000.0,,26182000.0,614837000.0,299180000.0,315657000.0,434799000.0,298694000.0,136105000.0,3816334660.0,-5760000.0,-199000.0,18356000.0,0.0,0.0,22809000.0,-69546000.0,-52919000.0,40770000.0,207000.0,17206000.0,17206000.0,17206000.0,0.0,0.0,0.126,72690000.0,25770000.0,23160000.0,0.0,7.976,61.73,60.3,26020000.0,0.0,24.12,7.582,7.607,89843000.0,89094000.0,136268000.0,136268000.0,20498000.0,,,,,4377000.0,52192000.0,1.0,158222830.0,158751000,166791000.0,0.858,913268000.0,57481000.0,9565000.0,0.0,5.753,215958000.0
36,FTNT,MRQ,2012-06-30,2012-06-30,2012-06-30,2021-08-02,1154000.0,851245000.0,,544511000.0,306734000.0,,2.709,-2231000.0,81226000.0,81226000.0,37127000.0,13950000.0,1.846,0.995,0.0,0.0,0.0,0.0,331368000.0,2995000.0,0.0,0.0,0.0,22226000.0,25221000.0,0.196,25221000.0,22226000.0,22226000.0,0.09,0.08,0.09,426644000.0,,426644000.0,3578255829.0,37.0,34.02,42054000.0,0.267,1.0,91835000.0,0.712,0.0,0.0,475042000.0,,20828000.0,563172000.0,320403000.0,242769000.0,424601000.0,294977000.0,129624000.0,3653038829.0,6443000.0,0.0,4099000.0,0.0,0.0,6937000.0,-43634000.0,-41403000.0,44285000.0,-1145000.0,13950000.0,13950000.0,13950000.0,0.0,0.0,0.108,70885000.0,20950000.0,24101000.0,0.0,8.562,58.417,56.634,10247000.0,0.0,23.22,7.555,7.563,95351000.0,71888000.0,128962000.0,128962000.0,20388000.0,,,,,5014000.0,50497000.0,1.0,157322947.0,157474000,166061000.0,0.819,851245000.0,53066000.0,8276000.0,0.0,5.406,249534000.0
37,FTNT,MRQ,2012-03-31,2012-03-31,2012-03-31,2021-08-02,2130000.0,788444000.0,,551500000.0,236944000.0,,2.553,-1624000.0,74783000.0,74783000.0,31043000.0,14173000.0,2.035,0.979,0.0,0.0,0.0,0.0,314572000.0,2082000.0,0.0,0.0,0.0,19729000.0,21811000.0,0.186,21811000.0,19729000.0,19729000.0,0.09,0.09,0.09,398327000.0,,398327000.0,4251447144.0,45.0,42.072,46894000.0,0.301,1.0,86204000.0,0.735,0.0,0.0,442700000.0,,17959000.0,525523000.0,353287000.0,172236000.0,390117000.0,270961000.0,119156000.0,4323437144.0,2793000.0,-550000.0,13551000.0,0.0,0.0,15871000.0,-62299000.0,-60125000.0,48518000.0,703000.0,14173000.0,14173000.0,14173000.0,0.0,0.0,0.121,67489000.0,18715000.0,13764000.0,0.0,10.854,68.541,65.833,9560000.0,0.0,27.65,9.449,9.428,84759000.0,57938000.0,117247000.0,117247000.0,19667000.0,,,,,4926000.0,47822000.0,1.0,156363007.0,156010000,165751000.0,0.752,788444000.0,53486000.0,5556000.0,0.0,5.054,280539000.0
38,FTNT,MRQ,2011-12-31,2011-12-31,2011-12-31,2021-08-02,402000.0,734747000.0,,523570000.0,211177000.0,,2.32,-839000.0,71990000.0,71990000.0,32485000.0,16494000.0,1.962,1.05,0.0,0.0,0.0,0.0,294833000.0,1875000.0,0.0,0.0,0.0,27371000.0,29246000.0,0.242,29246000.0,27371000.0,27371000.0,0.11,0.1,0.11,358354000.0,,358354000.0,3292705020.0,36.0,33.239,21720000.0,0.141,1.0,88376000.0,0.731,0.0,0.0,395893000.0,,16249000.0,466697000.0,318283000.0,148414000.0,376393000.0,266864000.0,109529000.0,3359335020.0,5360000.0,0.0,5950000.0,0.0,0.0,16515000.0,-33989000.0,-33150000.0,22559000.0,275000.0,16494000.0,16494000.0,16494000.0,0.0,0.0,0.136,61856000.0,26520000.0,19768000.0,0.0,9.374,53.756,53.195,7966000.0,0.0,21.81,7.748,7.675,95522000.0,43765000.0,120861000.0,120861000.0,16380000.0,,,,,-4224000.0,45476000.0,1.0,154027282.0,154450000,164462000.0,0.783,734747000.0,54101000.0,10877000.0,0.0,4.757,256706000.0
39,FTNT,MRQ,2011-09-30,2011-09-30,2011-09-30,2021-08-02,-4000.0,670987000.0,,503926000.0,167061000.0,,2.067,-1335000.0,66630000.0,66630000.0,31139000.0,17917000.0,2.002,1.118,0.0,0.0,0.0,0.0,275126000.0,1778000.0,0.0,0.0,0.0,27124000.0,28902000.0,0.248,28902000.0,27124000.0,27124000.0,0.12,0.11,0.12,316867000.0,,316867000.0,2494100396.0,29.0,27.004,34704000.0,0.226,1.0,85287000.0,0.733,0.0,0.0,352690000.0,,12968000.0,436337000.0,322536000.0,113801000.0,354120000.0,251667000.0,102453000.0,2572119396.0,-11389000.0,0.0,2799000.0,0.0,0.0,7572000.0,-52950000.0,-51615000.0,36039000.0,-2050000.0,17917000.0,17917000.0,17917000.0,0.0,0.0,0.154,59127000.0,26160000.0,15342000.0,0.0,8.117,41.393,40.0,7485000.0,0.0,16.8,6.33,6.337,75835000.0,27271000.0,116426000.0,116426000.0,16834000.0,,,,,961000.0,42293000.0,1.0,153102345.0,153265000,163869000.0,0.76,670987000.0,51773000.0,9207000.0,0.0,4.378,252259000.0
40,FTNT,MRQ,2011-06-30,2011-06-30,2011-06-30,2021-08-02,3184000.0,635235000.0,,454412000.0,180823000.0,,1.888,-756000.0,78019000.0,78019000.0,26558000.0,14494000.0,1.845,1.209,0.0,0.0,0.0,0.0,273199000.0,1658000.0,0.0,0.0,0.0,19435000.0,21093000.0,0.205,21093000.0,19435000.0,19435000.0,0.1,0.09,0.1,287520000.0,,287520000.0,4078129277.0,53.0,49.063,33312000.0,0.219,1.0,76465000.0,0.742,0.0,0.0,310927000.0,,13650000.0,390479000.0,264001000.0,126478000.0,347715000.0,246289000.0,101426000.0,4147110277.0,9038000.0,-2623000.0,4259000.0,0.0,0.0,7635000.0,-32953000.0,-29574000.0,34068000.0,288000.0,14494000.0,14494000.0,14494000.0,0.0,0.0,0.141,57686000.0,18779000.0,13207000.0,0.0,14.424,71.208,68.225,7339000.0,0.0,27.29,11.063,11.085,72212000.0,9354000.0,103023000.0,103023000.0,15942000.0,,,,,494000.0,41744000.0,1.0,151964466.0,152267000,163887000.0,0.677,635235000.0,51147000.0,4941000.0,0.0,4.172,208123000.0
41,FTNT,MRQ,2011-03-31,2011-03-31,2011-03-31,2021-08-02,2756000.0,587753000.0,,404141000.0,183612000.0,,1.717,-694000.0,68981000.0,68981000.0,23416000.0,13587000.0,1.713,1.277,0.0,0.0,0.0,0.0,266029000.0,1678000.0,0.0,0.0,0.0,18143000.0,19821000.0,0.213,19821000.0,18143000.0,18143000.0,0.09,0.08,0.09,258092000.0,,258092000.0,3254611416.0,48.0,44.124,39482000.0,0.263,1.0,69850000.0,0.749,0.0,0.0,282848000.0,,12125000.0,363722000.0,232617000.0,131105000.0,329661000.0,235924000.0,93737000.0,3321470416.0,2122000.0,0.0,6960000.0,0.0,0.0,8075000.0,-46934000.0,-46240000.0,40176000.0,805000.0,13587000.0,13587000.0,13587000.0,0.0,0.0,0.146,52405000.0,17445000.0,8696000.0,0.0,12.869,65.624,63.071,7098000.0,0.0,22.075,9.54,9.53,71326000.0,-5140000.0,93266000.0,93266000.0,14421000.0,,,,,1955000.0,37984000.0,1.0,150462986.0,150308000,162864000.0,0.62,587753000.0,45618000.0,4556000.0,0.0,3.91,168217000.0
42,FTNT,MRQ,2010-12-31,2010-12-31,2010-12-31,2021-08-02,2181000.0,545422000.0,,420158000.0,125264000.0,,1.573,-876000.0,66859000.0,66859000.0,24223000.0,16141000.0,1.924,1.346,0.0,0.0,0.0,0.0,252631000.0,1463000.0,0.0,0.0,0.0,21082000.0,22545000.0,0.241,22545000.0,21082000.0,21082000.0,0.11,0.1,0.11,232454000.0,,232454000.0,2306981401.0,41.0,37.187,30548000.0,0.207,1.0,69376000.0,0.741,0.0,0.0,260181000.0,,13517000.0,320601000.0,246651000.0,73950000.0,312968000.0,218382000.0,94586000.0,2384120401.0,-10280000.0,0.0,29110000.0,0.0,0.0,6808000.0,-48908000.0,-48098000.0,31424000.0,396000.0,16141000.0,16141000.0,16141000.0,0.0,0.0,0.172,48678000.0,20698000.0,12761000.0,0.0,10.256,57.804,55.776,7056000.0,0.0,16.175,7.343,7.01,72336000.0,-18727000.0,93599000.0,93599000.0,12802000.0,,,,,879000.0,35876000.0,1.0,147395388.0,147776000,165754000.0,0.633,545422000.0,45601000.0,4941000.0,0.0,3.691,201776000.0
43,FTNT,MRQ,2010-09-30,2010-09-30,2010-09-30,2021-08-02,2075000.0,488447000.0,,382605000.0,105842000.0,,1.437,-671000.0,77139000.0,77139000.0,21443000.0,14017000.0,1.892,1.366,0.0,0.0,0.0,0.0,235250000.0,1391000.0,0.0,0.0,0.0,18271000.0,19662000.0,0.231,19662000.0,18271000.0,18271000.0,0.1,0.09,0.1,206451000.0,,206451000.0,1667358725.0,39.0,34.088,31522000.0,0.219,1.0,63528000.0,0.748,0.0,0.0,209076000.0,,11284000.0,275205000.0,215151000.0,60054000.0,281996000.0,202232000.0,79764000.0,1783793725.0,-39296000.0,0.0,-12541000.0,0.0,0.0,11890000.0,-84943000.0,-84268000.0,32193000.0,1564000.0,14017000.0,14017000.0,14017000.0,0.0,0.0,0.165,45369000.0,18159000.0,9766000.0,0.0,8.64,25.836,11.062,6797000.0,0.0,12.5,5.91,5.95,59562000.0,-34868000.0,84971000.0,84971000.0,12389000.0,,,,,1895000.0,32980000.0,1.0,142703498.0,143672000,155842000.0,0.591,488447000.0,41547000.0,4254000.0,0.0,3.4,180373000.0
44,FTNT,MRQ,2010-06-30,2010-06-30,2010-06-30,2021-08-02,576000.0,447597000.0,,345407000.0,102190000.0,,1.287,-1215000.0,116435000.0,116435000.0,20165000.0,6869000.0,1.752,1.538,0.0,0.0,0.0,0.0,225521000.0,1467000.0,0.0,0.0,0.0,10266000.0,11733000.0,0.154,11733000.0,10266000.0,10266000.0,0.05,0.05,0.05,176354000.0,,176354000.0,934573992.0,27.0,22.925,16735000.0,0.122,1.0,56166000.0,0.736,0.0,0.0,134040000.0,,12121000.0,192525000.0,135912000.0,56613000.0,271243000.0,197122000.0,74121000.0,1108828992.0,-57820000.0,0.0,12541000.0,0.0,0.0,14012000.0,-88887000.0,-87672000.0,17950000.0,-895000.0,6869000.0,6869000.0,6869000.0,0.0,0.0,0.09,46386000.0,9780000.0,12639000.0,0.0,6.288,17.624,7.576,6737000.0,0.0,8.22,3.922,3.983,59806000.0,-48885000.0,76331000.0,76331000.0,12676000.0,,,,,-593000.0,33710000.0,1.0,134894038.0,136990000,151274000.0,0.557,447597000.0,44243000.0,3397000.0,0.0,3.267,148285000.0
45,FTNT,MRQ,2010-03-31,2010-03-31,2010-03-31,2021-08-02,1191000.0,404209000.0,,326553000.0,77656000.0,,1.125,-1014000.0,174255000.0,174255000.0,19375000.0,4218000.0,1.776,1.675,0.0,0.0,0.0,0.0,211537000.0,1375000.0,0.0,0.0,0.0,6722000.0,8097000.0,0.116,8097000.0,6722000.0,6722000.0,0.03,0.03,0.03,151106000.0,,151106000.0,970465427.0,33.0,27.142,20802000.0,0.155,1.0,50420000.0,0.722,0.0,0.0,46084000.0,,9867000.0,106682000.0,73905000.0,32777000.0,253103000.0,183870000.0,69233000.0,1182923427.0,-38203000.0,0.0,-872000.0,0.0,0.0,1309000.0,-60972000.0,-59958000.0,21816000.0,-356000.0,4218000.0,4218000.0,4218000.0,0.0,0.0,0.06,43716000.0,6704000.0,10186000.0,0.0,7.828,19.513,8.493,6663000.0,0.0,8.79,4.419,4.412,51315000.0,-55754000.0,69795000.0,69795000.0,11934000.0,,,,,1353000.0,31782000.0,1.0,134576044.0,134362000,149756000.0,0.519,404209000.0,41333000.0,2504000.0,0.0,3.008,142683000.0
46,FTNT,MRQ,2009-12-31,2009-12-31,2009-12-31,2021-08-02,1084000.0,387213000.0,,342217000.0,44996000.0,,2.705,-336000.0,212458000.0,212458000.0,20909000.0,43940000.0,1.895,1.718,0.0,0.0,0.0,0.0,201930000.0,1613000.0,0.0,0.0,0.0,7808000.0,9421000.0,0.133,9421000.0,7808000.0,7808000.0,0.95,0.37,0.95,142452000.0,,142452000.0,1057169035.0,38.0,31.606,15879000.0,0.301,1.0,49803000.0,0.704,0.0,0.0,-5810000.0,,10649000.0,47856000.0,47856000.0,0.0,244761000.0,180565000.0,64196000.0,1131402035.0,138225000.0,351000.0,88260000.0,0.0,0.0,91791000.0,30289000.0,30274000.0,16215000.0,-70000.0,43940000.0,43940000.0,43940000.0,0.0,0.0,0.621,42349000.0,7454000.0,10987000.0,0.0,7.942,18.801,9.057,6387000.0,0.0,8.785,4.488,1.835,54551000.0,-59972000.0,70712000.0,70712000.0,10988000.0,,,,,721000.0,31361000.0,1.0,128787938.0,52668000,136666000.0,1.343,387213000.0,41323000.0,-36132000.0,0.0,7.352,161652000.0
47,FTNT,MRQ,2009-09-30,2009-09-30,2009-09-30,2021-08-02,1040000.0,230478000.0,,213855000.0,16623000.0,,0.033,-1242000.0,74233000.0,74233000.0,17433000.0,7889000.0,1.27,58.279,0.0,0.0,0.0,0.0,190375000.0,1475000.0,0.0,,0.0,10040000.0,11515000.0,0.175,11515000.0,10040000.0,10040000.0,0.055,0.05,0.055,3888000.0,,3888000.0,,,,14621000.0,0.125,1.0,48431000.0,0.735,0.0,0.0,-12088000.0,,10800000.0,78157000.0,78157000.0,0.0,226590000.0,168333000.0,58257000.0,,22414000.0,-900000.0,0.0,0.0,0.0,1025000.0,3850000.0,5992000.0,15863000.0,1676000.0,7889000.0,7889000.0,7889000.0,0.0,0.0,0.12,38755000.0,9676000.0,8351000.0,0.0,,,,6113000.0,0.0,,,,44110000.0,-103912000.0,65864000.0,65864000.0,10797000.0,,,,,1823000.0,27958000.0,1.0,128787938.0,116576000,128334000.0,0.565,230478000.0,79000.0,2151000.0,0.0,1.977,45522000.0
48,FTNT,MRQ,2009-06-30,2009-06-28,2009-06-28,2021-08-02,,,,,,,,-386000.0,,,16979000.0,4576000.0,,,,,,,,1494000.0,,,0.0,5228000.0,6722000.0,0.11,6722000.0,5228000.0,5228000.0,0.0,0.0,0.0,,,,,,,13936000.0,0.339,1.0,44366000.0,0.723,,0.0,,,,,,,,,,,2304000.0,0.0,-1226000.0,0.0,0.0,-7448000.0,-5314000.0,-4928000.0,14322000.0,744000.0,4576000.0,4576000.0,4576000.0,0.0,0.0,0.075,39391000.0,4975000.0,,,,,,,0.0,,,,,,61345000.0,61345000.0,10534000.0,,,,,1793000.0,28857000.0,1.0,,41148000,128064000.0,1.491,,,652000.0,,,
49,FTNT,MRQ,2009-03-31,2009-03-29,2009-03-29,2021-08-02,,,,,,,,-2625000.0,,,14654000.0,3774000.0,,,,,,,,1353000.0,,,0.0,4437000.0,5790000.0,0.107,5790000.0,4437000.0,4437000.0,-0.035,-0.035,-0.035,,,,,,,12946000.0,0.309,1.0,39540000.0,0.73,,0.0,,,,,,,,,,,-7056000.0,0.0,-1769000.0,0.0,0.0,-7319000.0,-15068000.0,-12443000.0,15571000.0,-240000.0,3774000.0,3774000.0,3774000.0,0.0,0.0,0.07,36311000.0,3229000.0,,0.0,,,,,0.0,,,,,,54194000.0,54194000.0,9876000.0,,,,,1550000.0,26435000.0,1.0,,41920000,41920000.0,1.293,,,663000.0,,,
50,FTNT,MRQ,2008-12-31,2008-12-28,2008-12-28,2021-08-02,-300000.0,199105000.0,,188461000.0,10644000.0,,-0.127,-1850000.0,56571000.0,56571000.0,17854000.0,7943000.0,1.254,-39.077,0.0,0.0,0.0,0.0,171617000.0,928000.0,0.0,,0.0,8554000.0,9482000.0,0.161,9482000.0,8554000.0,8554000.0,0.025,0.025,0.025,-5229000.0,,-5229000.0,,,,16730000.0,0.405,1.0,41212000.0,0.698,0.0,0.0,-7734000.0,,11419000.0,67619000.0,67619000.0,0.0,204334000.0,150268000.0,54066000.0,,-8625000.0,0.0,-1949000.0,0.0,0.0,168000.0,-25812000.0,-23962000.0,18580000.0,-1561000.0,7943000.0,7943000.0,7943000.0,0.0,0.0,0.134,34939000.0,6273000.0,7004000.0,0.0,,,,3425000.0,0.0,,,,46043000.0,-120151000.0,59066000.0,59066000.0,8849000.0,,,,,1444000.0,26090000.0,1.0,,41324000,53284000.0,1.429,199105000.0,69000.0,611000.0,0.0,4.818,38193000.0
51,FTNT,MRQ,2007-12-31,2007-12-30,2007-12-30,2021-08-02,783000.0,145192000.0,,134596000.0,10596000.0,,-0.491,,71411000.0,71411000.0,,,1.106,-8.672,0.0,0.0,0.0,0.0,131255000.0,,0.0,,0.0,,,,,,,,,,-18925000.0,,-18925000.0,,,,,,1.0,,,0.0,,-47953000.0,,14020000.0,18750000.0,18750000.0,0.0,164117000.0,121734000.0,42383000.0,,,,,,,,,,,,,,,,,,,,8460000.0,,,,,2943000.0,,,,,27478000.0,-127514000.0,,,,,,,,,,1.0,,38552000,,,145192000.0,301000.0,,917000.0,3.766,12862000.0
0,FTNT,MRT,2021-06-30,2021-06-30,2021-06-30,2021-08-02,-100000.0,5558900000.0,4617950000.0,3908200000.0,1650700000.0,0.63,6.431,-143000000.0,1879300000.0,1879300000.0,649700000.0,514800000.0,1.956,4.293,987500000.0,0.0,987500000.0,987500000.0,2905400000.0,69600000.0,0.0,0.0,0.0,569200000.0,638800000.0,0.219,638800000.0,569200000.0,564500000.0,3.17,3.09,3.17,1050200000.0,900050000.0,1050200000.0,38027431530.0,67.0,59.529,1108400000.0,6.788,1.0,2260800000.0,0.777,127900000.0,4700000.0,2540700000.0,1732975000.0,149800000.0,1480500000.0,1233900000.0,246600000.0,4508700000.0,1998500000.0,2510200000.0,38900631530.0,962900000.0,-47400000.0,-103500000.0,982900000.0,0.0,752800000.0,-1041300000.0,-852600000.0,1251400000.0,0.0,514800000.0,514800000.0,514800000.0,0.0,0.0,0.177,1695400000.0,565400000.0,132000000.0,0.0,37.041,75.565,75.139,506500000.0,0.0,238.19,13.366,13.364,584600000.0,-195700000.0,2910500000.0,2910500000.0,382800000.0,0.111,0.572,0.328,0.196,200100000.0,1317200000.0,1.0,163317652.0,163300000,167100000.0,17.823,5431000000.0,271200000.0,49700000.0,95200000.0,33.258,1909700000.0
1,FTNT,MRT,2021-03-31,2021-03-31,2021-03-31,2021-08-02,300000.0,5282200000.0,4060875000.0,3781200000.0,1501000000.0,0.672,6.017,-150400000.0,1860200000.0,1860200000.0,597900000.0,491100000.0,2.012,4.386,987000000.0,0.0,987000000.0,987000000.0,2745600000.0,68500000.0,0.0,0.0,0.0,543400000.0,611900000.0,0.224,611900000.0,543400000.0,543200000.0,3.03,2.96,3.03,980800000.0,773475000.0,980800000.0,29033869282.0,53.0,47.449,929800000.0,5.704,1.0,2129100000.0,0.781,131500000.0,200000.0,2397800000.0,1275725000.0,149600000.0,1227800000.0,1076700000.0,151100000.0,4301400000.0,1879700000.0,2421700000.0,30095669282.0,1234100000.0,-47400000.0,-165600000.0,983400000.0,0.0,704800000.0,-550900000.0,-354800000.0,1080200000.0,0.0,491100000.0,491100000.0,491100000.0,0.0,0.0,0.18,1592400000.0,536700000.0,129500000.0,0.0,30.685,61.282,60.865,494200000.0,0.0,184.42,11.036,11.023,637300000.0,-244900000.0,2727000000.0,2727000000.0,358300000.0,0.121,0.635,0.426,0.199,196400000.0,1238600000.0,1.0,163190919.0,163000000,166400000.0,16.73,5150700000.0,260600000.0,52100000.0,97700000.0,31.599,1901500000.0
2,FTNT,MRT,2020-12-31,2020-12-31,2020-12-31,2021-08-02,700000.0,4044500000.0,3541875000.0,2740400000.0,1304100000.0,0.732,5.213,-125900000.0,1061800000.0,1061800000.0,570000000.0,488500000.0,1.498,3.725,0.0,0.0,0.0,0.0,2605300000.0,68800000.0,0.0,0.0,0.0,541700000.0,610500000.0,0.235,610500000.0,541700000.0,541700000.0,2.98,2.91,2.98,856000000.0,662350000.0,856000000.0,23228883100.0,43.0,38.049,957800000.0,5.833,1.0,2024400000.0,0.78,124600000.0,0.0,1028600000.0,911975000.0,139800000.0,893800000.0,775500000.0,118300000.0,3188500000.0,1829500000.0,1359000000.0,24111183100.0,-160700000.0,-40200000.0,-1058000000.0,-4100000.0,0.0,-1171600000.0,-72800000.0,92000000.0,1083700000.0,0.0,488500000.0,488500000.0,488500000.0,0.0,0.0,0.188,1492600000.0,531800000.0,141600000.0,0.0,28.167,49.358,49.842,448000000.0,0.0,148.53,9.294,9.4,720000000.0,-352100000.0,2594400000.0,2594400000.0,341400000.0,0.138,0.738,0.594,0.209,191700000.0,1191400000.0,1.0,162332075.0,164200000,167700000.0,15.8,3919900000.0,245200000.0,53200000.0,90300000.0,23.873,910900000.0
3,FTNT,MRT,2020-09-30,2020-09-30,2020-09-30,2021-08-02,1400000.0,3586200000.0,3500550000.0,2384600000.0,1201600000.0,0.704,4.4,-140800000.0,882300000.0,882300000.0,543500000.0,460000000.0,1.449,4.028,0.0,0.0,0.0,0.0,2392000000.0,67800000.0,0.0,0.0,0.0,492200000.0,560000000.0,0.227,560000000.0,492200000.0,501400000.0,2.76,2.72,2.76,713200000.0,783950000.0,713200000.0,18148978911.0,37.0,32.409,836800000.0,5.162,1.0,1921000000.0,0.779,93500000.0,-9200000.0,964800000.0,930475000.0,134500000.0,892300000.0,774400000.0,117900000.0,2873000000.0,1645600000.0,1227400000.0,19065378911.0,-293200000.0,-43800000.0,-1047600000.0,-7800000.0,0.0,-1163400000.0,-107400000.0,77600000.0,977600000.0,0.0,460000000.0,460000000.0,460000000.0,0.0,0.0,0.187,1436500000.0,484500000.0,95900000.0,0.0,26.732,41.446,42.685,419400000.0,0.0,117.81,7.736,7.749,546600000.0,-466900000.0,2464500000.0,2464500000.0,323600000.0,0.131,0.587,0.529,0.2,186700000.0,1151900000.0,1.0,161831584.0,162100000,165600000.0,15.204,3492700000.0,230100000.0,41400000.0,79300000.0,21.547,739000000.0
4,FTNT,MRT,2020-06-30,2020-06-30,2020-06-30,2021-08-02,2500000.0,3330600000.0,3490400000.0,2208700000.0,1121900000.0,0.677,3.366,-123200000.0,916400000.0,916400000.0,528400000.0,416800000.0,1.37,5.124,0.0,0.0,0.0,0.0,2322800000.0,66100000.0,0.0,0.0,0.0,469800000.0,535900000.0,0.227,535900000.0,469800000.0,479000000.0,2.47,2.43,2.47,543900000.0,905750000.0,543900000.0,21563395086.0,46.0,40.238,854800000.0,5.29,1.0,1833100000.0,0.776,90600000.0,-9200000.0,711700000.0,933275000.0,126000000.0,710900000.0,610500000.0,100400000.0,2786700000.0,1611900000.0,1174800000.0,22189495086.0,-105700000.0,-37700000.0,-1071300000.0,-3700000.0,0.0,-1173800000.0,90100000.0,251400000.0,978000000.0,0.0,416800000.0,416800000.0,416800000.0,0.0,0.0,0.176,1374900000.0,458200000.0,107200000.0,0.0,40.797,53.238,55.575,392600000.0,0.0,137.27,9.396,9.394,498700000.0,-613100000.0,2361500000.0,2361500000.0,303500000.0,0.119,0.46,0.503,0.199,179800000.0,1109300000.0,1.0,161648540.0,161600000,165400000.0,14.613,3240000000.0,218900000.0,62200000.0,77300000.0,20.05,596800000.0
5,FTNT,MRT,2020-03-31,2020-03-31,2020-03-31,2021-08-02,-3100000.0,3206200000.0,3500100000.0,2035300000.0,1170900000.0,0.647,3.144,-109600000.0,626100000.0,626100000.0,521600000.0,375700000.0,1.319,4.978,0.0,0.0,0.0,0.0,2226800000.0,63500000.0,0.0,0.0,0.0,431900000.0,495400000.0,0.219,495400000.0,431900000.0,441100000.0,2.19,2.16,2.19,536300000.0,1050350000.0,536300000.0,16230814425.0,38.0,32.763,816500000.0,4.786,1.0,1744000000.0,0.77,94300000.0,-9200000.0,942800000.0,1005150000.0,105000000.0,947200000.0,775200000.0,172000000.0,2669900000.0,1543000000.0,1126900000.0,17453314425.0,-590800000.0,-37700000.0,-952300000.0,-3700000.0,0.0,-1058200000.0,-458700000.0,-311000000.0,926100000.0,0.0,375700000.0,375700000.0,375700000.0,0.0,0.0,0.166,1329400000.0,414600000.0,87800000.0,0.0,32.544,46.455,46.196,374200000.0,0.0,101.17,7.704,7.618,474700000.0,-589200000.0,2265600000.0,2265600000.0,288800000.0,0.107,0.358,0.43,0.191,175900000.0,1077400000.0,1.0,172514722.0,170600000,174200000.0,13.28,3111900000.0,226500000.0,65400000.0,81300000.0,18.241,492300000.0
6,FTNT,MRT,2019-12-31,2019-12-31,2019-12-31,2021-08-02,1100000.0,3879200000.0,3499975000.0,2769000000.0,1110200000.0,0.618,7.85,-92200000.0,1222500000.0,1222500000.0,505900000.0,331700000.0,1.902,1.89,0.0,0.0,0.0,0.0,2109100000.0,61600000.0,0.0,0.0,0.0,386000000.0,447600000.0,0.207,447600000.0,386000000.0,386000000.0,1.94,1.9,1.94,1342400000.0,1180800000.0,1342400000.0,17084061655.0,44.0,38.168,715800000.0,4.186,1.0,1657100000.0,0.766,98300000.0,0.0,1102600000.0,938750000.0,117900000.0,987400000.0,843100000.0,144300000.0,2536800000.0,1455800000.0,1081000000.0,18259561655.0,110100000.0,-34600000.0,-95600000.0,-3700000.0,0.0,-195600000.0,-502300000.0,-375500000.0,808000000.0,0.0,331700000.0,331700000.0,331700000.0,0.0,0.0,0.153,1306100000.0,351000000.0,96400000.0,0.0,13.602,55.048,55.031,344300000.0,0.0,106.76,8.442,8.44,544300000.0,160800000.0,2163000000.0,2163000000.0,277100000.0,0.095,0.281,0.411,0.178,174100000.0,1029000000.0,1.0,171033736.0,171000000,175000000.0,12.649,3780900000.0,226300000.0,54300000.0,82800000.0,22.111,1313200000.0
7,FTNT,MRT,2019-09-30,2019-09-30,2019-09-30,2021-08-02,1100000.0,3545600000.0,3299675000.0,2466200000.0,1079400000.0,0.622,7.008,-56600000.0,1175500000.0,1175500000.0,493900000.0,397000000.0,1.838,1.954,0.0,0.0,0.0,0.0,1945600000.0,60600000.0,0.0,0.0,0.0,347600000.0,408200000.0,0.199,408200000.0,347600000.0,347600000.0,2.33,2.28,2.33,1200400000.0,1097750000.0,1200400000.0,12103202704.0,35.0,29.65,741200000.0,4.327,1.0,1558900000.0,0.759,52200000.0,0.0,976000000.0,825325000.0,99200000.0,969000000.0,764800000.0,204200000.0,2345200000.0,1341900000.0,1003300000.0,13125302704.0,6200000.0,-15700000.0,-165600000.0,-600000.0,0.0,-261400000.0,-530200000.0,-457900000.0,797800000.0,0.0,397000000.0,397000000.0,397000000.0,0.0,0.0,0.193,1244000000.0,314900000.0,85900000.0,0.0,10.934,33.061,32.944,305500000.0,0.0,76.76,6.394,6.405,384100000.0,46500000.0,2052800000.0,2052800000.0,271400000.0,0.12,0.362,0.421,0.169,173000000.0,972600000.0,1.0,170991437.0,171300000,174800000.0,11.984,3493400000.0,243700000.0,-49400000.0,94700000.0,20.393,1124300000.0
8,FTNT,MRT,2019-06-30,2019-06-30,2019-06-30,2021-08-02,900000.0,3369400000.0,3104150000.0,2360700000.0,1008700000.0,0.631,6.559,-57300000.0,1022100000.0,1022100000.0,481400000.0,375500000.0,1.825,2.002,0.0,0.0,0.0,0.0,1866500000.0,59800000.0,0.0,0.0,0.0,312200000.0,372000000.0,0.19,372000000.0,312200000.0,312200000.0,2.21,2.15,2.21,1122300000.0,1020550000.0,1122300000.0,11902637820.0,38.0,31.996,696000000.0,4.068,1.0,1477200000.0,0.754,54400000.0,0.0,999200000.0,690950000.0,85700000.0,957600000.0,808100000.0,149500000.0,2247100000.0,1293700000.0,953400000.0,13119537820.0,50000000.0,-15700000.0,-119500000.0,-600000.0,0.0,-211300000.0,-492000000.0,-419000000.0,753300000.0,0.0,375500000.0,375500000.0,375500000.0,0.0,0.0,0.192,1200100000.0,277100000.0,72400000.0,0.0,11.69,34.939,34.765,284700000.0,0.0,76.83,6.698,6.712,403100000.0,-9000000.0,1958600000.0,1958600000.0,260200000.0,0.121,0.368,0.452,0.159,173800000.0,939900000.0,1.0,170760612.0,171100000,175100000.0,11.447,3315000000.0,258800000.0,-63300000.0,97300000.0,19.375,1067000000.0
9,FTNT,MRT,2019-03-31,2019-03-31,2019-03-31,2021-08-02,-200000.0,3205700000.0,2905725000.0,2313300000.0,892400000.0,0.646,6.217,-51600000.0,1216900000.0,1216900000.0,466200000.0,352100000.0,1.844,2.03,0.0,0.0,0.0,0.0,1765800000.0,58200000.0,0.0,0.0,0.0,277900000.0,336100000.0,0.179,336100000.0,277900000.0,277900000.0,2.08,2.01,2.08,1058100000.0,935025000.0,1058100000.0,13215709354.0,48.0,39.321,648900000.0,3.813,1.0,1412000000.0,0.752,57300000.0,0.0,677200000.0,559125000.0,88400000.0,635100000.0,584900000.0,50200000.0,2147600000.0,1254300000.0,893300000.0,14328109354.0,381300000.0,-21700000.0,-80700000.0,-10100000.0,0.0,-170800000.0,-148400000.0,-75100000.0,700500000.0,0.0,352100000.0,352100000.0,352100000.0,0.0,0.0,0.187,1159400000.0,252600000.0,69200000.0,0.0,13.541,40.693,40.37,272000000.0,0.0,83.97,7.629,7.609,381000000.0,-50000000.0,1878200000.0,1878200000.0,254000000.0,0.121,0.377,0.497,0.148,169400000.0,905400000.0,1.0,170633671.0,170200000,174800000.0,11.035,3148400000.0,262700000.0,-74200000.0,105000000.0,18.498,1059000000.0
10,FTNT,MRT,2018-12-31,2018-12-31,2018-12-31,2021-08-02,-800000.0,3078000000.0,2704475000.0,2220900000.0,857100000.0,0.667,5.974,-53000000.0,1112400000.0,1112400000.0,450400000.0,334900000.0,1.768,2.047,0.0,0.0,0.0,0.0,1686800000.0,55700000.0,0.0,0.0,0.0,254300000.0,310000000.0,0.172,310000000.0,254300000.0,254300000.0,1.98,1.92,1.98,1010200000.0,843875000.0,1010200000.0,10829873538.0,43.0,34.935,585900000.0,3.465,1.0,1354200000.0,0.75,60300000.0,0.0,648900000.0,516400000.0,90000000.0,604200000.0,537200000.0,67000000.0,2067800000.0,1256400000.0,811400000.0,11999173538.0,301400000.0,-21700000.0,-125300000.0,-10100000.0,0.0,-202600000.0,-134900000.0,-60200000.0,638900000.0,0.0,334900000.0,334900000.0,334900000.0,0.0,0.0,0.186,1119800000.0,234400000.0,86400000.0,0.0,11.878,35.829,35.571,271400000.0,0.0,70.43,6.649,6.6,444500000.0,-57500000.0,1804600000.0,1804600000.0,244500000.0,0.124,0.397,0.492,0.141,162900000.0,875300000.0,1.0,170370205.0,169100000,174200000.0,10.672,3017700000.0,255000000.0,-80600000.0,105700000.0,17.846,964500000.0
11,FTNT,MRT,2018-09-30,2018-09-30,2018-09-30,2021-08-02,-1000000.0,2763500000.0,2499450000.0,2078100000.0,685400000.0,0.684,5.251,-55100000.0,1169300000.0,1169300000.0,427300000.0,120600000.0,1.869,2.099,0.0,0.0,0.0,0.0,1544400000.0,55300000.0,0.0,0.0,0.0,203800000.0,259100000.0,0.151,259100000.0,203800000.0,203800000.0,0.73,0.69,0.73,891600000.0,738675000.0,891600000.0,14634167115.0,72.0,56.481,561100000.0,3.304,1.0,1283500000.0,0.75,43800000.0,0.0,438500000.0,451375000.0,80800000.0,503500000.0,464900000.0,38600000.0,1871900000.0,1111900000.0,760000000.0,15606267115.0,263500000.0,-6000000.0,-343900000.0,-9500000.0,0.0,-410600000.0,57900000.0,119000000.0,616200000.0,0.0,120600000.0,120600000.0,120600000.0,0.0,0.0,0.07,1095400000.0,188100000.0,66600000.0,0.0,17.504,129.405,126.397,265400000.0,0.0,92.27,9.122,9.158,324400000.0,-156000000.0,1710800000.0,1710800000.0,233700000.0,0.048,0.163,0.452,0.119,154800000.0,861700000.0,1.0,169136958.0,169800000,175700000.0,10.075,2719700000.0,147800000.0,83200000.0,103700000.0,16.017,966200000.0
12,FTNT,MRT,2018-06-30,2018-06-30,2018-06-30,2021-08-02,-1400000.0,2575700000.0,2407394750.0,1884800000.0,690900000.0,0.678,4.628,-58600000.0,972100000.0,972100000.0,409300000.0,88600000.0,1.737,2.301,0.0,0.0,0.0,0.0,1470800000.0,54800000.0,0.0,0.0,0.0,171200000.0,226000000.0,0.139,226000000.0,171200000.0,171200000.0,0.53,0.51,0.53,780200000.0,741331250.0,780200000.0,9658702889.0,56.0,42.738,543300000.0,3.222,1.0,1221800000.0,0.749,46500000.0,0.0,471900000.0,478250500.0,78200000.0,526900000.0,461600000.0,65300000.0,1795500000.0,1085200000.0,710300000.0,10494302889.0,119000000.0,-6000000.0,-439600000.0,-9500000.0,0.0,-500800000.0,17900000.0,82500000.0,601900000.0,0.0,88600000.0,88600000.0,88600000.0,0.0,0.0,0.054,1062800000.0,159000000.0,63700000.0,0.0,13.451,118.446,117.792,256000000.0,0.0,62.43,6.434,6.453,333600000.0,-214700000.0,1631100000.0,1631100000.0,228500000.0,0.037,0.12,0.358,0.105,145900000.0,834300000.0,1.0,168097115.0,168600000,173500000.0,9.674,2529200000.0,141900000.0,82600000.0,98500000.0,15.001,799600000.0
13,FTNT,MRT,2018-03-31,2018-03-31,2018-03-31,2021-08-02,-2000000.0,2400700000.0,2353642500.0,1735800000.0,664900000.0,0.66,4.135,-133400000.0,835600000.0,835600000.0,391900000.0,62300000.0,1.686,2.462,0.0,0.0,0.0,0.0,1396400000.0,55200000.0,0.0,0.0,0.0,152600000.0,207800000.0,0.134,207800000.0,152600000.0,152600000.0,0.37,0.36,0.37,693500000.0,776816000.0,693500000.0,8191730654.0,54.0,39.421,471000000.0,2.809,1.0,1161400000.0,0.748,29100000.0,0.0,506300000.0,507064000.0,80000000.0,550800000.0,468300000.0,82500000.0,1707200000.0,1029700000.0,677500000.0,9002734654.0,12400000.0,0.0,-470400000.0,0.0,0.0,-521000000.0,-71000000.0,62400000.0,604400000.0,0.0,62300000.0,62300000.0,62300000.0,0.0,0.0,0.04,1024600000.0,136800000.0,55700000.0,0.0,12.982,144.506,144.811,245100000.0,0.0,53.58,5.796,5.785,313100000.0,-262600000.0,1553300000.0,1553300000.0,218500000.0,0.026,0.08,0.301,0.098,140400000.0,806200000.0,1.0,168024163.0,167700000,171800000.0,9.262,2371600000.0,138700000.0,90300000.0,103800000.0,14.142,706100000.0
14,FTNT,MRT,2017-12-31,2017-12-31,2017-12-31,2021-08-02,-800000.0,2257900000.0,2320313250.0,1716800000.0,541100000.0,0.644,3.382,-135300000.0,811000000.0,811000000.0,385300000.0,31400000.0,1.671,2.831,0.0,0.0,0.0,0.0,1336300000.0,55500000.0,0.0,0.0,0.0,124000000.0,179500000.0,0.12,179500000.0,124000000.0,124000000.0,0.18,0.18,0.18,589400000.0,828003250.0,589400000.0,6691906219.0,54.0,37.281,459100000.0,2.634,1.0,1109600000.0,0.742,30900000.0,0.0,388800000.0,518104250.0,77300000.0,538300000.0,440300000.0,98000000.0,1668500000.0,1027200000.0,641300000.0,7597700219.0,102000000.0,0.0,-370500000.0,0.0,0.0,-415600000.0,-76800000.0,58500000.0,594400000.0,0.0,31400000.0,31400000.0,31400000.0,0.0,0.0,0.021,999800000.0,109800000.0,70000000.0,0.0,12.891,241.965,242.722,245400000.0,0.0,43.69,5.082,5.094,348200000.0,-319600000.0,1494900000.0,1494900000.0,210600000.0,0.014,0.038,0.239,0.083,137200000.0,788900000.0,1.0,173900211.0,174300000,178100000.0,8.577,2227000000.0,146900000.0,92600000.0,111600000.0,12.777,689600000.0
15,FTNT,MRT,2017-09-30,2017-09-30,2017-09-30,2021-08-02,-416000.0,2395279000.0,2290823500.0,1650651000.0,744628000.0,0.629,5.141,-138481000.0,905794000.0,905794000.0,370754000.0,85579000.0,1.813,1.655,0.0,0.0,0.0,0.0,1218957000.0,54804000.0,0.0,0.0,0.0,122459000.0,177263000.0,0.123,177263000.0,122459000.0,122459000.0,0.49,0.48,0.49,902225000.0,890073500.0,902225000.0,5448801156.0,44.0,30.739,399448000.0,2.276,1.0,1070333000.0,0.743,32844000.0,0.0,546002000.0,561433500.0,73595000.0,617836000.0,369961000.0,247875000.0,1493054000.0,910639000.0,582415000.0,6301938156.0,258264000.0,-13000.0,-95392000.0,26000.0,0.0,-139680000.0,-139985000.0,-1491000.0,537929000.0,0.0,85579000.0,85579000.0,85579000.0,0.0,0.0,0.059,957584000.0,112749000.0,44543000.0,0.0,6.985,73.639,73.143,239891000.0,0.0,35.84,4.373,4.365,257999000.0,-9587000.0,1441087000.0,1441087000.0,201505000.0,0.037,0.096,0.218,0.085,134758000.0,754943000.0,1.0,175835328.0,175500000,179000000.0,8.211,2362435000.0,204721000.0,36880000.0,103855000.0,13.461,740012000.0
16,FTNT,MRT,2017-06-30,2017-06-30,2017-06-30,2021-08-02,-523000.0,2360691000.0,2194543750.0,1604634000.0,756057000.0,0.63,5.248,-122701000.0,853137000.0,853137000.0,361953000.0,65170000.0,1.812,1.56,0.0,0.0,0.0,0.0,1161471000.0,54159000.0,0.0,0.0,0.0,91048000.0,145207000.0,0.105,145207000.0,91048000.0,91048000.0,0.38,0.37,0.38,922139000.0,870289250.0,922139000.0,5757240481.0,63.0,39.649,328967000.0,1.872,1.0,1021580000.0,0.738,34881000.0,0.0,587154000.0,567404250.0,86439000.0,611809000.0,354187000.0,257622000.0,1438552000.0,885519000.0,553033000.0,6580489481.0,256697000.0,-1440000.0,-30272000.0,26000.0,0.0,-77088000.0,-117883000.0,6258000.0,451668000.0,0.0,65170000.0,65170000.0,65170000.0,0.0,0.0,0.047,937043000.0,84537000.0,42171000.0,0.0,7.136,100.974,98.526,238513000.0,0.0,37.44,4.756,4.755,274476000.0,42345000.0,1383533000.0,1383533000.0,195244000.0,0.03,0.075,0.16,0.066,131551000.0,738380000.0,1.0,175760937.0,175700000,179700000.0,7.874,2325810000.0,207029000.0,25878000.0,96902000.0,13.237,719115000.0
17,FTNT,MRT,2017-03-31,2017-03-31,2017-03-31,2021-08-02,-489000.0,2267383000.0,2094415500.0,1616082000.0,651301000.0,0.636,5.148,-50744000.0,823249000.0,823249000.0,350756000.0,40782000.0,1.887,1.524,0.0,0.0,0.0,0.0,1098051000.0,51450000.0,0.0,0.0,0.0,54458000.0,105908000.0,0.08,105908000.0,54458000.0,54458000.0,0.24,0.23,0.24,898249000.0,840911000.0,898249000.0,6014519882.0,110.0,56.79,324065000.0,1.857,1.0,980668000.0,0.737,37088000.0,0.0,550461000.0,567143500.0,104978000.0,617756000.0,375423000.0,242333000.0,1369134000.0,856585000.0,512549000.0,6723522882.0,255169000.0,-22100000.0,-4285000.0,-1600000.0,0.0,-48444000.0,-71196000.0,1648000.0,374809000.0,0.0,40782000.0,40782000.0,40782000.0,0.0,0.0,0.031,928676000.0,51992000.0,48689000.0,0.0,7.485,164.865,159.792,155476000.0,0.0,38.35,5.05,5.026,270111000.0,48337000.0,1331424000.0,1331424000.0,189546000.0,0.019,0.048,0.096,0.041,126798000.0,735058000.0,1.0,175320023.0,174500000,178300000.0,7.63,2230295000.0,199186000.0,13676000.0,87122000.0,12.781,759497000.0
18,FTNT,MRT,2016-12-31,2016-12-31,2016-12-31,2021-08-02,-765000.0,2139941000.0,1980450000.0,1538716000.0,601225000.0,0.644,4.853,-67200000.0,709003000.0,709003000.0,337800000.0,32200000.0,1.855,1.555,0.0,0.0,0.0,0.0,1035349000.0,48500000.0,0.0,0.0,0.0,43100000.0,91600000.0,0.072,91600000.0,43100000.0,43100000.0,0.19,0.18,0.19,837681000.0,801949500.0,837681000.0,4564436680.0,106.0,49.83,278500000.0,1.614,1.0,937600000.0,0.735,39381000.0,0.0,562117000.0,563283750.0,106887000.0,601505000.0,376522000.0,224983000.0,1302260000.0,829440000.0,472820000.0,5211949680.0,165700000.0,-22100000.0,-66000000.0,-1600000.0,0.0,-105900000.0,-74100000.0,15200000.0,345700000.0,0.0,32200000.0,32200000.0,32200000.0,0.0,0.0,0.025,894700000.0,42900000.0,56732000.0,0.0,6.222,161.862,158.526,137249000.0,0.0,30.12,4.087,4.076,312998000.0,37620000.0,1275400000.0,1275400000.0,183100000.0,0.016,0.04,0.077,0.034,122400000.0,707600000.0,1.0,173039498.0,172600000,176300000.0,7.389,2100560000.0,182745000.0,10900000.0,82139000.0,12.17,709276000.0
19,FTNT,MRT,2016-09-30,2016-09-30,2016-09-30,2021-08-02,153000.0,2010160000.0,1893092250.0,1394873000.0,615287000.0,0.639,4.749,-58664000.0,647513000.0,647513000.0,328922000.0,4487000.0,1.859,1.442,0.0,0.0,0.0,0.0,934792000.0,44279000.0,0.0,0.0,0.0,12677000.0,56956000.0,0.047,56956000.0,12677000.0,12677000.0,0.03,0.03,0.03,823088000.0,781373500.0,823088000.0,5780981303.0,456.0,101.499,254565000.0,1.469,1.0,880220000.0,0.728,42402000.0,0.0,569885000.0,559312250.0,93731000.0,623137000.0,382909000.0,240228000.0,1187072000.0,750360000.0,436712000.0,6377361303.0,106801000.0,-22087000.0,-88937000.0,-1626000.0,0.0,-126331000.0,-80097000.0,654000.0,313229000.0,0.0,4487000.0,4487000.0,4487000.0,0.0,0.0,0.004,869602000.0,10618000.0,57530000.0,0.0,7.748,1421.297,1231.0,126109000.0,0.0,36.93,5.274,5.294,238988000.0,43093000.0,1209142000.0,1209142000.0,180309000.0,0.002,0.006,0.023,0.01,118429000.0,684412000.0,1.0,172687823.0,173335000,177938000.0,6.976,1967758000.0,189434000.0,8190000.0,75791000.0,11.352,644513000.0
20,FTNT,MRT,2016-06-30,2016-06-30,2016-06-30,2021-08-02,724000.0,1960178000.0,1817345500.0,1353884000.0,606294000.0,0.634,4.676,-66069000.0,596380000.0,596380000.0,315824000.0,6365000.0,1.85,1.436,0.0,0.0,0.0,0.0,903981000.0,40048000.0,0.0,0.0,0.0,4928000.0,44976000.0,0.039,44976000.0,4928000.0,4928000.0,0.04,0.04,0.04,804626000.0,774448000.0,804626000.0,4855085966.0,985.0,107.948,236086000.0,1.372,1.0,836740000.0,0.726,45723000.0,0.0,586111000.0,551866000.0,81247000.0,625611000.0,388388000.0,237223000.0,1155552000.0,731964000.0,423588000.0,5423093966.0,114987000.0,-58685000.0,-62361000.0,-1626000.0,0.0,-98854000.0,-88314000.0,36440000.0,302155000.0,0.0,6365000.0,6365000.0,6365000.0,0.0,0.0,0.006,833450000.0,3290000.0,56920000.0,0.0,6.74,852.018,789.75,125636000.0,0.0,31.59,4.705,4.716,254379000.0,58808000.0,1152564000.0,1152564000.0,175180000.0,0.004,0.008,0.009,0.004,113812000.0,649789000.0,1.0,171671224.0,172075000,172075000.0,6.698,1914455000.0,180782000.0,-1437000.0,74465000.0,11.126,621920000.0
21,FTNT,MRT,2016-03-31,2016-03-31,2016-03-31,2021-08-02,294000.0,1811521000.0,1728520000.0,1285701000.0,525820000.0,0.625,4.323,-62387000.0,568008000.0,568008000.0,300819000.0,8545000.0,1.871,1.44,0.0,0.0,0.0,0.0,837188000.0,35786000.0,0.0,0.0,0.0,12104000.0,47890000.0,0.044,47890000.0,12104000.0,12104000.0,0.05,0.05,0.05,742403000.0,760998250.0,742403000.0,4712941605.0,389.0,98.412,256132000.0,1.491,1.0,780139000.0,0.722,21149000.0,0.0,535022000.0,544005000.0,78239000.0,626479000.0,384591000.0,241888000.0,1069118000.0,687342000.0,381776000.0,5256218605.0,181656000.0,-38025000.0,-53856000.0,0.0,0.0,-85568000.0,-51295000.0,49117000.0,318519000.0,0.0,8545000.0,8545000.0,8545000.0,0.0,0.0,0.008,769852000.0,10287000.0,47955000.0,0.0,7.08,615.122,612.6,115782000.0,0.0,30.63,4.863,4.867,220135000.0,23089000.0,1080958000.0,1080958000.0,167067000.0,0.005,0.011,0.022,0.011,105110000.0,594857000.0,1.0,171603611.0,171745000,174421000.0,6.294,1790372000.0,131696000.0,3559000.0,74393000.0,10.425,598359000.0
22,FTNT,MRT,2015-12-31,2015-12-31,2015-12-31,2021-08-02,-933000.0,1790510000.0,1650215500.0,1270543000.0,519967000.0,0.612,4.433,-37358000.0,543277000.0,543277000.0,286777000.0,7987000.0,1.872,1.37,0.0,0.0,0.0,0.0,791303000.0,31589000.0,0.0,0.0,0.0,17005000.0,48594000.0,0.048,48594000.0,17005000.0,17005000.0,0.05,0.05,0.05,755377000.0,755334250.0,755377000.0,4828758376.0,284.0,99.369,245189000.0,1.439,1.0,722491000.0,0.716,22332000.0,0.0,546231000.0,557233250.0,83868000.0,621033000.0,348074000.0,272959000.0,1035133000.0,678670000.0,356463000.0,5369470376.0,260023000.0,-38025000.0,7314000.0,0.0,0.0,-21557000.0,-967000.0,74416000.0,282547000.0,0.0,7987000.0,7987000.0,7987000.0,0.0,0.0,0.008,707614000.0,14877000.0,61500000.0,0.0,7.108,672.276,623.4,91067000.0,0.0,31.17,5.32,5.262,259563000.0,68481000.0,1009268000.0,1009268000.0,158129000.0,0.005,0.011,0.031,0.017,95088000.0,541885000.0,1.0,172264048.0,170385000,176141000.0,5.923,1768178000.0,119216000.0,9018000.0,69003000.0,10.378,591873000.0
23,FTNT,MRT,2015-09-30,2015-09-30,2015-09-30,2021-08-02,-90000.0,1707173000.0,1558781500.0,1251740000.0,455433000.0,0.601,4.634,-34408000.0,540712000.0,540712000.0,270425000.0,17334000.0,2.075,1.146,0.0,0.0,0.0,0.0,706911000.0,27715000.0,0.0,0.0,0.0,24087000.0,51802000.0,0.055,51802000.0,24087000.0,24087000.0,0.1,0.1,0.1,795386000.0,735481500.0,795386000.0,6789120086.0,282.0,131.059,214945000.0,1.252,1.0,666283000.0,0.711,23227000.0,0.0,540100000.0,580527500.0,80650000.0,628952000.0,367446000.0,261506000.0,911787000.0,603134000.0,308653000.0,7270513086.0,282616000.0,-38025000.0,72596000.0,0.0,0.0,43190000.0,-9927000.0,62506000.0,249353000.0,0.0,17334000.0,17334000.0,17334000.0,0.0,0.0,0.019,644357000.0,21926000.0,48793000.0,0.0,9.141,419.437,424.8,83372000.0,0.0,42.48,7.762,7.784,174111000.0,124166000.0,936708000.0,936708000.0,148412000.0,0.011,0.024,0.041,0.026,88007000.0,490062000.0,1.0,171151438.0,171648000,177897000.0,5.457,1683946000.0,119307000.0,6753000.0,62383000.0,9.81,648606000.0
24,FTNT,MRT,2015-06-30,2015-06-30,2015-06-30,2021-08-02,-309000.0,1604876000.0,1460138500.0,1195510000.0,409366000.0,0.596,4.418,-26863000.0,481393000.0,481393000.0,255609000.0,13221000.0,2.115,1.137,0.0,0.0,0.0,0.0,657561000.0,24496000.0,0.0,0.0,0.0,41032000.0,65528000.0,0.075,65528000.0,41032000.0,41032000.0,0.07,0.07,0.07,750827000.0,698941500.0,750827000.0,6621687286.0,161.0,101.051,213943000.0,1.259,1.0,614379000.0,0.706,3517000.0,0.0,554667000.0,599022750.0,68845000.0,666978000.0,391634000.0,275344000.0,854049000.0,565299000.0,288750000.0,7008039286.0,277446000.0,-17000.0,58643000.0,0.0,0.0,39761000.0,-3121000.0,23742000.0,240806000.0,0.0,13221000.0,13221000.0,13221000.0,0.0,0.0,0.015,575162000.0,39217000.0,42336000.0,0.0,9.334,530.069,590.429,71465000.0,0.0,41.33,8.055,8.073,176849000.0,115997000.0,869988000.0,869988000.0,137092000.0,0.009,0.019,0.068,0.047,74316000.0,438070000.0,1.0,169563012.0,169930000,176234000.0,5.12,1601359000.0,85615000.0,27811000.0,57861000.0,9.424,630211000.0
25,FTNT,MRT,2015-03-31,2015-03-31,2015-03-31,2021-08-02,226000.0,1498303000.0,1375197500.0,1111803000.0,386500000.0,0.592,4.282,-25806000.0,386352000.0,386352000.0,243868000.0,18510000.0,2.144,1.082,0.0,0.0,0.0,0.0,600171000.0,23959000.0,0.0,0.0,0.0,49433000.0,73392000.0,0.09,73392000.0,49433000.0,49433000.0,0.11,0.11,0.11,719747000.0,667539500.0,719747000.0,5618593827.0,114.0,76.556,174493000.0,1.038,1.0,570433000.0,0.701,5383000.0,0.0,587935000.0,617575000.0,72060000.0,686213000.0,417605000.0,268608000.0,778556000.0,518633000.0,259923000.0,5901847827.0,213384000.0,0.0,38136000.0,0.0,0.0,23992000.0,-10862000.0,14944000.0,200299000.0,-45000.0,18510000.0,18510000.0,18510000.0,0.0,0.0,0.023,523026000.0,47407000.0,40164000.0,0.0,8.2,318.846,317.727,63487000.0,0.0,34.95,7.248,7.214,161854000.0,115205000.0,814301000.0,814301000.0,129641000.0,0.013,0.028,0.08,0.061,65523000.0,393385000.0,1.0,168865460.0,168077000,173720000.0,4.845,1492920000.0,80173000.0,30923000.0,53623000.0,8.882,593170000.0
26,FTNT,MRT,2014-12-31,2014-12-31,2014-12-31,2021-08-02,-349000.0,1424774000.0,1300629500.0,1005381000.0,419393000.0,0.592,4.126,-32197000.0,283254000.0,283254000.0,231009000.0,25343000.0,2.025,1.108,0.0,0.0,0.0,0.0,558757000.0,22028000.0,0.0,0.0,0.0,61549000.0,83577000.0,0.108,83577000.0,61549000.0,61549000.0,0.15,0.15,0.15,675966000.0,640126250.0,675966000.0,4796387212.0,78.0,57.389,164385000.0,1.003,1.0,539355000.0,0.7,5656000.0,0.0,639408000.0,626380000.0,69477000.0,708490000.0,436766000.0,271724000.0,748808000.0,496456000.0,252352000.0,5054483212.0,167381000.0,-17000.0,11347000.0,0.0,0.0,749000.0,-29350000.0,2864000.0,196582000.0,-600000.0,25343000.0,25343000.0,25343000.0,0.0,0.0,0.033,480031000.0,59324000.0,49947000.0,0.0,7.477,199.443,204.4,58919000.0,0.0,30.66,6.561,6.52,184741000.0,113645000.0,770364000.0,770364000.0,122880000.0,0.019,0.04,0.098,0.08,58994000.0,357151000.0,1.0,164855943.0,163831000,169289000.0,4.702,1419118000.0,72564000.0,36206000.0,47828000.0,8.662,508925000.0
27,FTNT,MRT,2014-09-30,2014-09-30,2014-09-30,2021-08-02,114000.0,1312601000.0,1236552000.0,896440000.0,416161000.0,0.585,3.952,-33950000.0,258096000.0,258096000.0,219262000.0,30546000.0,2.063,1.022,0.0,0.0,0.0,0.0,500012000.0,20631000.0,0.0,0.0,0.0,66973000.0,87604000.0,0.121,87604000.0,66973000.0,66973000.0,0.18,0.18,0.18,649226000.0,617574750.0,649226000.0,3933773424.0,59.0,44.904,173936000.0,1.059,1.0,504483000.0,0.697,5928000.0,0.0,614081000.0,623982250.0,51344000.0,705663000.0,402495000.0,303168000.0,663375000.0,434496000.0,228879000.0,4137720424.0,113550000.0,-17000.0,-30121000.0,0.0,0.0,-34318000.0,-59094000.0,-25127000.0,207886000.0,-924000.0,30546000.0,30546000.0,30546000.0,0.0,0.0,0.042,440432000.0,64051000.0,36520000.0,0.0,6.373,135.459,140.361,56812000.0,0.0,25.265,5.717,5.735,116382000.0,111497000.0,723745000.0,723745000.0,117530000.0,0.025,0.049,0.107,0.093,49643000.0,322902000.0,1.0,163772825.0,164294000,169727000.0,4.405,1306673000.0,93573000.0,36427000.0,43022000.0,7.953,461944000.0
28,FTNT,MRT,2014-06-30,2014-06-30,2014-06-30,2021-08-02,1181000.0,1265112000.0,1190437250.0,806949000.0,458163000.0,0.575,3.832,-31330000.0,203947000.0,203947000.0,206307000.0,37519000.0,1.894,1.023,0.0,0.0,0.0,0.0,480202000.0,19215000.0,0.0,0.0,0.0,69598000.0,88813000.0,0.13,88813000.0,69598000.0,69598000.0,0.23,0.23,0.23,625219000.0,605256500.0,625219000.0,3924969741.0,56.0,44.194,145422000.0,0.891,1.0,478789000.0,0.699,6201000.0,0.0,628876000.0,621876500.0,46824000.0,706647000.0,354174000.0,352473000.0,639893000.0,426088000.0,213805000.0,4097937741.0,80479000.0,-1650000.0,-28184000.0,0.0,0.0,-31634000.0,-63519000.0,-30522000.0,176752000.0,-1120000.0,37519000.0,37519000.0,37519000.0,0.0,0.0,0.055,411910000.0,66879000.0,35848000.0,0.0,6.554,109.223,109.261,55300000.0,0.0,25.13,5.982,5.985,127825000.0,116822000.0,685096000.0,685096000.0,113161000.0,0.032,0.062,0.112,0.102,48026000.0,298749000.0,1.0,163069548.0,163161000,168345000.0,4.199,1258911000.0,87515000.0,32079000.0,36551000.0,7.716,380861000.0
29,FTNT,MRT,2014-03-31,2014-03-31,2014-03-31,2021-08-02,77000.0,1200031000.0,1145595750.0,781460000.0,418571000.0,0.566,3.757,-23661000.0,172968000.0,172968000.0,192258000.0,40417000.0,1.979,0.967,0.0,0.0,0.0,0.0,451303000.0,16509000.0,0.0,0.0,0.0,72725000.0,89234000.0,0.138,89234000.0,72725000.0,72725000.0,0.25,0.24,0.25,610094000.0,590748000.0,610094000.0,3471785485.0,48.0,38.907,146514000.0,0.902,1.0,456168000.0,0.704,9042000.0,0.0,623155000.0,612722000.0,43294000.0,715346000.0,388083000.0,327263000.0,589937000.0,394866000.0,195071000.0,3587658485.0,75584000.0,-1673000.0,-20243000.0,0.0,0.0,-23228000.0,-69920000.0,-44586000.0,170175000.0,-1443000.0,40417000.0,40417000.0,40417000.0,0.0,0.0,0.062,386654000.0,69514000.0,27603000.0,0.0,5.881,88.766,88.12,47474000.0,0.0,22.03,5.533,5.517,111489000.0,123680000.0,648426000.0,648426000.0,108381000.0,0.035,0.068,0.119,0.112,45440000.0,278273000.0,1.0,162853313.0,162391000,168114000.0,3.993,1190989000.0,81014000.0,32308000.0,32860000.0,7.334,386594000.0
30,FTNT,MRT,2013-12-31,2013-12-31,2013-12-31,2021-08-02,1092000.0,1168464000.0,1103770250.0,735546000.0,432918000.0,0.557,3.606,-13877000.0,115873000.0,115873000.0,180643000.0,44273000.0,1.781,0.995,0.0,0.0,0.0,0.0,432628000.0,15623000.0,0.0,0.0,0.0,75941000.0,91564000.0,0.149,91564000.0,75941000.0,75941000.0,0.27,0.26,0.27,585760000.0,575151750.0,585760000.0,2982447205.0,39.0,32.572,133507000.0,0.822,1.0,434654000.0,0.706,9713000.0,0.0,629817000.0,605346500.0,48672000.0,727172000.0,375497000.0,351675000.0,582704000.0,413061000.0,169643000.0,3126993205.0,-7102000.0,-7635000.0,-7945000.0,0.0,0.0,-6423000.0,-146734000.0,-125222000.0,147384000.0,-1329000.0,44273000.0,44273000.0,44273000.0,0.0,0.0,0.072,362564000.0,72090000.0,35599000.0,0.0,5.338,70.63,70.852,36652000.0,0.0,19.13,5.082,5.05,130471000.0,121863000.0,615297000.0,615297000.0,102660000.0,0.04,0.077,0.125,0.123,40935000.0,259904000.0,1.0,163460178.0,162435000,168183000.0,3.788,1158751000.0,81038000.0,31668000.0,51629000.0,7.134,322485000.0
31,FTNT,MRT,2013-09-30,2013-09-30,2013-09-30,2021-08-02,1653000.0,1128142000.0,1055528500.0,705967000.0,422175000.0,0.558,3.683,-8529000.0,144546000.0,144546000.0,168208000.0,53764000.0,1.922,0.88,0.0,0.0,0.0,0.0,400173000.0,14999000.0,0.0,0.0,0.0,86669000.0,101668000.0,0.173,101668000.0,86669000.0,86669000.0,0.34,0.32,0.34,599953000.0,556445250.0,599953000.0,3170534834.0,37.0,31.185,142480000.0,0.875,1.0,420901000.0,0.714,10612000.0,0.0,605658000.0,580667500.0,46876000.0,696459000.0,368472000.0,327987000.0,528189000.0,367326000.0,160863000.0,3294002834.0,69080000.0,-8135000.0,26551000.0,0.0,0.0,30547000.0,-111380000.0,-94716000.0,151009000.0,-1096000.0,53764000.0,53764000.0,53764000.0,0.0,0.0,0.091,338414000.0,82487000.0,33257000.0,0.0,5.49,61.268,59.588,28380000.0,0.0,20.26,5.591,5.602,107802000.0,142858000.0,589109000.0,589109000.0,95438000.0,0.051,0.097,0.149,0.147,33584000.0,242976000.0,1.0,162586517.0,162906000,168666000.0,3.616,1117530000.0,51996000.0,32905000.0,30568000.0,6.86,338641000.0
32,FTNT,MRT,2013-06-30,2013-06-30,2013-06-30,2021-08-02,350000.0,1085746000.0,1001810000.0,672400000.0,413346000.0,0.57,3.496,-21797000.0,123468000.0,123468000.0,162086000.0,59941000.0,1.865,0.914,0.0,0.0,0.0,0.0,389682000.0,13809000.0,0.0,0.0,0.0,95030000.0,108839000.0,0.191,108839000.0,95030000.0,95030000.0,0.38,0.35,0.38,567185000.0,526074250.0,567185000.0,2741559205.0,29.0,25.189,144598000.0,0.891,1.0,408592000.0,0.716,9539000.0,0.0,592258000.0,564030000.0,33317000.0,690942000.0,379229000.0,311713000.0,518561000.0,360481000.0,158080000.0,2838943205.0,42242000.0,-6684000.0,36027000.0,0.0,0.0,44832000.0,-168292000.0,-139811000.0,166395000.0,-693000.0,59941000.0,59941000.0,59941000.0,0.0,0.0,0.105,318614000.0,89978000.0,35964000.0,0.0,5.005,47.362,46.053,27047000.0,0.0,17.5,4.975,4.975,108907000.0,131829000.0,570678000.0,570678000.0,89515000.0,0.06,0.114,0.168,0.167,26793000.0,229099000.0,1.0,162225326.0,162247000,168042000.0,3.517,1076207000.0,61764000.0,35089000.0,32628000.0,6.633,311919000.0
33,FTNT,MRT,2013-03-31,2013-03-31,2013-03-31,2021-08-02,2166000.0,1032729000.0,943184750.0,613660000.0,419069000.0,0.585,3.396,-21993000.0,97384000.0,97384000.0,155505000.0,64912000.0,1.85,0.886,0.0,0.0,0.0,0.0,376414000.0,13018000.0,0.0,0.0,0.0,102242000.0,115260000.0,0.209,115260000.0,102242000.0,102242000.0,0.41,0.38,0.41,547709000.0,490939000.0,547709000.0,3703901303.0,36.0,32.135,151466000.0,0.939,1.0,396707000.0,0.718,9964000.0,0.0,593653000.0,534726000.0,23933000.0,685154000.0,362996000.0,322158000.0,485020000.0,331728000.0,153292000.0,3826876303.0,22601000.0,-6678000.0,39000000.0,0.0,0.0,50202000.0,-199590000.0,-170919000.0,173459000.0,-1470000.0,64912000.0,64912000.0,64912000.0,0.0,0.0,0.118,299556000.0,97151000.0,26369000.0,0.0,6.987,58.955,57.756,25803000.0,0.0,23.68,6.93,6.916,102359000.0,122850000.0,552212000.0,552212000.0,84745000.0,0.069,0.132,0.191,0.185,21541000.0,214811000.0,1.0,161607952.0,161282000,167823000.0,3.424,1022765000.0,0.0,37330000.0,0.0,6.341,281932000.0
34,FTNT,MRT,2012-12-31,2012-12-31,2012-12-31,2021-08-02,3091000.0,975497000.0,882113500.0,569274000.0,406223000.0,0.605,3.232,-22083000.0,122975000.0,122975000.0,147420000.0,66836000.0,1.783,0.909,0.0,0.0,0.0,0.0,363185000.0,11564000.0,0.0,0.0,0.0,104996000.0,116560000.0,0.218,116560000.0,104996000.0,104996000.0,0.42,0.4,0.42,510934000.0,453593500.0,510934000.0,3286448564.0,31.0,28.195,161783000.0,1.023,1.0,386219000.0,0.724,2117000.0,0.0,531101000.0,496987750.0,21060000.0,616611000.0,290719000.0,325892000.0,464563000.0,319304000.0,145259000.0,3361914564.0,50985000.0,-1249000.0,38087000.0,0.0,0.0,50156000.0,-182711000.0,-159379000.0,183866000.0,-326000.0,66836000.0,66836000.0,66836000.0,0.0,0.0,0.125,285744000.0,100475000.0,20816000.0,0.0,6.58,50.301,50.048,25638000.0,0.0,21.02,6.3,6.227,107642000.0,110601000.0,533639000.0,533639000.0,81078000.0,0.076,0.147,0.211,0.197,18621000.0,204666000.0,1.0,159938847.0,158074000,166329000.0,3.376,973380000.0,62188000.0,38160000.0,32560000.0,6.158,249970000.0
35,FTNT,MRT,2012-09-30,2012-09-30,2012-09-30,2021-08-02,3577000.0,913268000.0,821926000.0,514652000.0,398616000.0,0.612,3.014,-21122000.0,75466000.0,75466000.0,138463000.0,61823000.0,1.723,0.909,0.0,0.0,0.0,0.0,340078000.0,9951000.0,0.0,0.0,0.0,96097000.0,106048000.0,0.211,106048000.0,96097000.0,96097000.0,0.4,0.37,0.4,478469000.0,415448500.0,478469000.0,3735108660.0,39.0,35.221,135010000.0,0.85,1.0,364875000.0,0.725,0.0,0.0,539108000.0,463185750.0,26182000.0,614837000.0,299180000.0,315657000.0,434799000.0,298694000.0,136105000.0,3816334660.0,8836000.0,-749000.0,41956000.0,0.0,0.0,62132000.0,-209468000.0,-187597000.0,156132000.0,40000.0,61823000.0,61823000.0,61823000.0,0.0,0.0,0.123,272920000.0,91955000.0,23160000.0,0.0,7.976,61.73,60.3,26020000.0,0.0,24.12,7.582,7.607,89843000.0,89094000.0,503338000.0,503338000.0,76933000.0,0.075,0.149,0.207,0.191,10093000.0,195987000.0,1.0,158222830.0,158751000,166791000.0,3.171,913268000.0,57481000.0,34274000.0,0.0,5.753,215958000.0
36,FTNT,MRT,2012-06-30,2012-06-30,2012-06-30,2021-08-02,1154000.0,851245000.0,761355750.0,544511000.0,306734000.0,0.635,2.709,-6029000.0,81226000.0,81226000.0,131794000.0,62534000.0,1.846,0.995,0.0,0.0,0.0,0.0,331368000.0,8730000.0,0.0,0.0,0.0,96450000.0,105180000.0,0.218,105180000.0,96450000.0,96450000.0,0.41,0.38,0.41,426644000.0,375048000.0,426644000.0,3578255829.0,37.0,34.02,145372000.0,0.923,1.0,351702000.0,0.727,0.0,0.0,475042000.0,416581250.0,20828000.0,563172000.0,320403000.0,242769000.0,424601000.0,294977000.0,129624000.0,3653038829.0,3207000.0,-550000.0,26399000.0,0.0,0.0,46895000.0,-192872000.0,-186293000.0,151401000.0,-2217000.0,62534000.0,62534000.0,62534000.0,0.0,0.0,0.129,259357000.0,92345000.0,24101000.0,0.0,8.562,58.417,56.634,10247000.0,0.0,23.22,7.555,7.563,95351000.0,71888000.0,483496000.0,483496000.0,73269000.0,0.082,0.167,0.232,0.199,6677000.0,186088000.0,1.0,157322947.0,157474000,166061000.0,3.07,851245000.0,53066000.0,33916000.0,0.0,5.406,249534000.0
37,FTNT,MRT,2012-03-31,2012-03-31,2012-03-31,2021-08-02,2130000.0,788444000.0,707353250.0,551500000.0,236944000.0,0.647,2.553,-4554000.0,74783000.0,74783000.0,121225000.0,63078000.0,2.035,0.979,0.0,0.0,0.0,0.0,314572000.0,7393000.0,0.0,0.0,0.0,93659000.0,101052000.0,0.221,101052000.0,93659000.0,93659000.0,0.42,0.39,0.42,398327000.0,340267000.0,398327000.0,4251447144.0,45.0,42.072,136630000.0,0.876,1.0,336332000.0,0.735,0.0,0.0,442700000.0,375552500.0,17959000.0,525523000.0,353287000.0,172236000.0,390117000.0,270961000.0,119156000.0,4323437144.0,5802000.0,-3173000.0,26559000.0,0.0,0.0,47593000.0,-182191000.0,-174464000.0,141184000.0,-784000.0,63078000.0,63078000.0,63078000.0,0.0,0.0,0.138,246158000.0,90174000.0,13764000.0,0.0,10.854,68.541,65.833,9560000.0,0.0,27.65,9.449,9.428,84759000.0,57938000.0,457557000.0,457557000.0,68823000.0,0.089,0.185,0.249,0.205,2157000.0,177335000.0,1.0,156363007.0,156010000,165751000.0,2.933,788444000.0,53486000.0,30581000.0,0.0,5.054,280539000.0
38,FTNT,MRT,2011-12-31,2011-12-31,2011-12-31,2021-08-02,402000.0,734747000.0,657180500.0,523570000.0,211177000.0,0.66,2.349,-3624000.0,71990000.0,71990000.0,113598000.0,62492000.0,1.962,1.05,0.0,0.0,0.0,0.0,294833000.0,6989000.0,0.0,0.0,0.0,92073000.0,99062000.0,0.228,99062000.0,92073000.0,92073000.0,0.41,0.38,0.41,358354000.0,305208250.0,358354000.0,3292705020.0,36.0,33.239,129218000.0,0.847,1.0,319978000.0,0.738,0.0,0.0,395893000.0,335589500.0,16249000.0,466697000.0,318283000.0,148414000.0,376393000.0,266864000.0,109529000.0,3359335020.0,5131000.0,-2623000.0,19968000.0,0.0,0.0,39797000.0,-166826000.0,-160579000.0,132842000.0,-682000.0,62492000.0,62492000.0,62492000.0,0.0,0.0,0.144,231074000.0,88904000.0,19768000.0,0.0,9.374,53.756,53.195,7966000.0,0.0,21.81,7.748,7.675,95522000.0,43765000.0,433576000.0,433576000.0,63577000.0,0.095,0.205,0.274,0.212,-814000.0,167497000.0,1.0,154027282.0,152581000,163781000.0,2.842,734747000.0,54101000.0,29581000.0,0.0,4.815,256706000.0
39,FTNT,MRT,2011-09-30,2011-09-30,2011-09-30,2021-08-02,-4000.0,670987000.0,609849250.0,503926000.0,167061000.0,0.666,2.067,-3661000.0,66630000.0,66630000.0,105336000.0,62139000.0,2.002,1.118,0.0,0.0,0.0,0.0,275126000.0,6577000.0,0.0,0.0,0.0,85784000.0,92361000.0,0.227,92361000.0,85784000.0,85784000.0,0.42,0.38,0.42,316867000.0,273733250.0,316867000.0,2494100396.0,29.0,27.004,138046000.0,0.901,1.0,300978000.0,0.741,0.0,0.0,352690000.0,301661500.0,12968000.0,436337000.0,322536000.0,113801000.0,354120000.0,251667000.0,102453000.0,2572119396.0,-10509000.0,-2623000.0,43128000.0,0.0,0.0,30090000.0,-181745000.0,-175527000.0,141707000.0,-561000.0,62139000.0,62139000.0,62139000.0,0.0,0.0,0.153,217896000.0,83082000.0,15342000.0,0.0,8.117,41.393,40.0,7485000.0,0.0,16.8,6.33,6.337,75835000.0,27271000.0,406314000.0,406314000.0,59999000.0,0.102,0.227,0.284,0.211,4289000.0,157897000.0,1.0,153102345.0,153265000,163869000.0,2.651,670987000.0,51773000.0,23645000.0,0.0,4.378,252259000.0
40,FTNT,MRT,2011-06-30,2011-06-30,2011-06-30,2021-08-02,3184000.0,635235000.0,564214250.0,454412000.0,180823000.0,0.664,1.888,-2997000.0,78019000.0,78019000.0,95640000.0,58239000.0,1.845,1.209,0.0,0.0,0.0,0.0,273199000.0,6190000.0,0.0,0.0,0.0,76931000.0,83121000.0,0.222,83121000.0,76931000.0,76931000.0,0.4,0.36,0.4,287520000.0,246129250.0,287520000.0,4078129277.0,53.0,49.063,134864000.0,0.886,1.0,279219000.0,0.745,0.0,0.0,310927000.0,265758000.0,13650000.0,390479000.0,264001000.0,126478000.0,347715000.0,246289000.0,101426000.0,4147110277.0,-38416000.0,-2623000.0,27788000.0,0.0,0.0,34408000.0,-213738000.0,-208180000.0,137861000.0,3053000.0,58239000.0,58239000.0,58239000.0,0.0,0.0,0.155,204138000.0,75081000.0,13207000.0,0.0,14.424,71.208,68.225,7339000.0,0.0,27.29,11.063,11.085,72212000.0,9354000.0,374859000.0,374859000.0,55554000.0,0.103,0.237,0.289,0.205,5223000.0,148584000.0,1.0,151964466.0,152267000,163887000.0,2.462,635235000.0,51147000.0,18692000.0,0.0,4.172,208123000.0
41,FTNT,MRT,2011-03-31,2011-03-31,2011-03-31,2021-08-02,2756000.0,587753000.0,517304750.0,404141000.0,183612000.0,0.673,1.717,-3456000.0,68981000.0,68981000.0,89247000.0,50614000.0,1.713,1.277,0.0,0.0,0.0,0.0,266029000.0,5999000.0,0.0,0.0,0.0,67762000.0,73761000.0,0.212,73761000.0,67762000.0,67762000.0,0.35,0.32,0.35,258092000.0,218337750.0,258092000.0,3254611416.0,48.0,44.124,118287000.0,0.787,1.0,258920000.0,0.744,0.0,0.0,282848000.0,221536250.0,12125000.0,363722000.0,232617000.0,131105000.0,329661000.0,235924000.0,93737000.0,3321470416.0,-105274000.0,0.0,36070000.0,0.0,0.0,40785000.0,-269672000.0,-266278000.0,121743000.0,1870000.0,50614000.0,50614000.0,50614000.0,0.0,0.0,0.145,192838000.0,66082000.0,8696000.0,0.0,12.869,65.624,63.071,7098000.0,0.0,22.075,9.54,9.53,71326000.0,-5140000.0,348167000.0,348167000.0,52288000.0,0.098,0.232,0.306,0.195,4136000.0,140550000.0,1.0,150462986.0,150308000,162864000.0,2.316,587753000.0,45618000.0,17148000.0,0.0,3.91,168217000.0
42,FTNT,MRT,2010-12-31,2010-12-31,2010-12-31,2021-08-02,2181000.0,545422000.0,471418750.0,420158000.0,125264000.0,0.689,1.652,-3776000.0,66859000.0,66859000.0,85206000.0,41245000.0,1.924,1.346,0.0,0.0,0.0,0.0,252631000.0,5696000.0,0.0,0.0,0.0,56341000.0,62037000.0,0.191,62037000.0,56341000.0,56341000.0,0.29,0.26,0.29,232454000.0,191591250.0,232454000.0,2306981401.0,41.0,37.187,99607000.0,0.708,1.0,239490000.0,0.738,0.0,0.0,260181000.0,162345250.0,13517000.0,320601000.0,246651000.0,73950000.0,312968000.0,218382000.0,94586000.0,2384120401.0,-145599000.0,0.0,28238000.0,0.0,0.0,34019000.0,-283710000.0,-279996000.0,103383000.0,709000.0,41245000.0,41245000.0,41245000.0,0.0,0.0,0.127,184149000.0,55341000.0,12761000.0,0.0,10.256,57.804,55.776,7056000.0,0.0,16.175,7.343,7.01,72336000.0,-18727000.0,324696000.0,324696000.0,49801000.0,0.087,0.215,0.347,0.174,3534000.0,134348000.0,1.0,147395388.0,140726000,156406000.0,2.307,545422000.0,45601000.0,15096000.0,0.0,3.876,201776000.0
43,FTNT,MRT,2010-09-30,2010-09-30,2010-09-30,2021-08-02,2075000.0,488447000.0,431866500.0,382605000.0,105842000.0,0.699,1.437,-3236000.0,77139000.0,77139000.0,81892000.0,69044000.0,1.892,1.366,0.0,0.0,0.0,0.0,235250000.0,5846000.0,0.0,0.0,0.0,43067000.0,48913000.0,0.162,48913000.0,43067000.0,43067000.0,1.13,0.54,1.13,206451000.0,169090750.0,206451000.0,1667358725.0,39.0,34.088,84938000.0,0.591,1.0,219917000.0,0.729,0.0,0.0,209076000.0,95847500.0,11284000.0,275205000.0,215151000.0,60054000.0,281996000.0,202232000.0,79764000.0,1783793725.0,2906000.0,351000.0,87388000.0,0.0,0.0,119002000.0,-204513000.0,-201624000.0,88174000.0,243000.0,69044000.0,69044000.0,69044000.0,0.0,0.0,0.229,177820000.0,42097000.0,9766000.0,0.0,8.64,25.836,11.062,6797000.0,0.0,12.5,5.91,5.95,59562000.0,-34868000.0,301809000.0,301809000.0,47987000.0,0.16,0.408,0.449,0.143,3376000.0,129833000.0,1.0,142703498.0,143672000,155842000.0,2.101,488447000.0,41547000.0,-25977000.0,0.0,3.4,180373000.0
44,FTNT,MRT,2010-06-30,2010-06-30,2010-06-30,2021-08-02,576000.0,447597000.0,367374250.0,345407000.0,102190000.0,0.77,1.287,-3807000.0,116435000.0,116435000.0,77882000.0,62916000.0,1.752,1.538,0.0,0.0,0.0,0.0,225521000.0,5930000.0,0.0,0.0,0.0,34836000.0,40766000.0,0.144,40766000.0,34836000.0,34836000.0,1.085,0.5,1.085,176354000.0,118450000.0,176354000.0,934573992.0,27.0,22.925,68037000.0,0.497,1.0,204820000.0,0.725,0.0,0.0,134040000.0,40556500.0,12121000.0,192525000.0,135912000.0,56613000.0,271243000.0,197122000.0,74121000.0,1108828992.0,64616000.0,-549000.0,99929000.0,0.0,0.0,108137000.0,-115720000.0,-111364000.0,71844000.0,355000.0,62916000.0,62916000.0,62916000.0,0.0,0.0,0.223,171206000.0,33614000.0,12639000.0,0.0,6.288,17.624,7.576,6737000.0,0.0,8.22,3.922,3.983,59806000.0,-48885000.0,282702000.0,282702000.0,46395000.0,0.171,0.531,0.859,0.123,3304000.0,124811000.0,1.0,134894038.0,136990000,151274000.0,2.064,447597000.0,44243000.0,-28080000.0,0.0,3.267,148285000.0
45,FTNT,MRT,2010-03-31,2010-03-31,2010-03-31,2021-08-02,1191000.0,404209000.0,,326553000.0,77656000.0,,1.125,-2978000.0,174255000.0,174255000.0,74696000.0,60623000.0,1.776,1.675,0.0,0.0,0.0,0.0,211537000.0,5957000.0,0.0,0.0,0.0,29798000.0,35755000.0,0.134,35755000.0,29798000.0,29798000.0,1.035,0.45,1.035,151106000.0,,151106000.0,970465427.0,33.0,27.142,65238000.0,0.486,1.0,193020000.0,0.721,0.0,0.0,46084000.0,,9867000.0,106682000.0,73905000.0,32777000.0,253103000.0,183870000.0,69233000.0,1182923427.0,124740000.0,-549000.0,86162000.0,0.0,0.0,86677000.0,-32147000.0,-28620000.0,68216000.0,1994000.0,60623000.0,60623000.0,60623000.0,0.0,0.0,0.226,164211000.0,28809000.0,10186000.0,0.0,7.828,19.513,8.493,6663000.0,0.0,8.79,4.419,4.412,51315000.0,-55754000.0,267716000.0,267716000.0,44253000.0,,,,0.111,5690000.0,119958000.0,1.0,134576044.0,134362000,149756000.0,1.992,404209000.0,41333000.0,-30825000.0,0.0,3.008,142683000.0
46,FTNT,MRT,2009-12-31,2009-12-31,2009-12-31,2021-08-02,1084000.0,387213000.0,293159000.0,342217000.0,44996000.0,0.86,2.705,-4589000.0,212458000.0,212458000.0,69975000.0,60179000.0,1.895,1.718,0.0,0.0,0.0,0.0,201930000.0,5935000.0,0.0,0.0,0.0,27513000.0,33448000.0,0.133,33448000.0,27513000.0,27513000.0,0.97,0.39,0.97,142452000.0,68611500.0,142452000.0,1057169035.0,38.0,31.606,57382000.0,1.09,1.0,182140000.0,0.722,0.0,0.0,-5810000.0,-6772000.0,10649000.0,47856000.0,47856000.0,0.0,244761000.0,180565000.0,64196000.0,1131402035.0,155887000.0,-549000.0,85265000.0,0.0,0.0,78049000.0,13757000.0,18895000.0,61971000.0,2110000.0,60179000.0,60179000.0,60179000.0,0.0,0.0,0.239,156806000.0,25334000.0,10987000.0,0.0,7.942,18.801,9.057,6387000.0,0.0,8.785,4.488,1.835,54551000.0,-59972000.0,252115000.0,252115000.0,42195000.0,0.205,0.877,-4.063,0.109,5887000.0,114611000.0,1.0,128787938.0,52668000,130438000.0,4.787,387213000.0,41323000.0,-32666000.0,0.0,7.352,161652000.0
47,FTNT,MRT,2009-09-30,2009-09-30,2009-09-30,2021-08-02,1040000.0,230478000.0,,213855000.0,16623000.0,,0.033,-6103000.0,74233000.0,74233000.0,66920000.0,24182000.0,1.27,58.279,0.0,0.0,0.0,0.0,190375000.0,5250000.0,0.0,,0.0,28259000.0,33509000.0,0.139,33509000.0,28259000.0,28259000.0,0.045,0.04,0.045,3888000.0,,3888000.0,,,,58233000.0,0.5,1.0,173549000.0,0.722,0.0,0.0,-12088000.0,,10800000.0,78157000.0,78157000.0,0.0,226590000.0,168333000.0,58257000.0,,9037000.0,-900000.0,-4944000.0,0.0,0.0,-13574000.0,-42344000.0,-35341000.0,64336000.0,619000.0,24182000.0,24182000.0,24182000.0,0.0,0.0,0.101,149396000.0,24153000.0,8351000.0,0.0,,,,6113000.0,0.0,,,,44110000.0,-103912000.0,240469000.0,240469000.0,40056000.0,,,,0.118,6610000.0,109340000.0,1.0,128787938.0,116576000,128334000.0,2.063,230478000.0,79000.0,4077000.0,0.0,1.977,45522000.0
48,FTNT,MRT,2009-06-30,2009-06-28,2009-06-28,2021-08-02,,,,,,,,,,,,,,,,,,,,,,,0.0,,,,,,,,,,,,,,,,,,1.0,,,,,,,,,,,,,,,,,,,,,,,,,,,,,,,,,,,,,,,,,,,,,,,,,,,,,,1.0,,41148000,,,,,,,,
49,FTNT,MRT,2009-03-31,2009-03-29,2009-03-29,2021-08-02,,,,,,,,,,,,,,,,,,,,,,,0.0,,,,,,,,,,,,,,,,,,1.0,,,,,,,,,,,,,,,,,,,,,,,,,,,,,,,,,,,,,,,,,,,,,,,,,,,,,,1.0,,41920000,,,,,,,,
50,FTNT,MRT,2008-12-31,2008-12-28,2008-12-28,2021-08-02,-300000.0,199105000.0,172148500.0,188461000.0,10644000.0,1.23,-0.131,-2798000.0,56571000.0,56571000.0,65472000.0,7363000.0,1.254,-39.077,0.0,0.0,0.0,0.0,171617000.0,4234000.0,0.0,,0.0,9251000.0,13485000.0,0.064,13485000.0,9251000.0,9251000.0,0.01,0.01,0.01,-5229000.0,-12077000.0,-5229000.0,,,,34888000.0,0.871,1.0,146319000.0,0.691,0.0,0.0,-7734000.0,-27843500.0,11419000.0,67619000.0,67619000.0,0.0,204334000.0,150268000.0,54066000.0,,-14840000.0,-2000000.0,0.0,0.0,0.0,2117000.0,-53706000.0,-48846000.0,37686000.0,-937000.0,7363000.0,7363000.0,7363000.0,0.0,0.0,0.035,141392000.0,4927000.0,7004000.0,0.0,,,,3425000.0,0.0,,,,46043000.0,-120151000.0,211791000.0,211791000.0,37035000.0,0.043,-0.61,-0.332,0.044,5299000.0,104357000.0,1.0,,40034000,53284000.0,5.29,199105000.0,69000.0,1888000.0,0.0,4.973,38193000.0
51,FTNT,MRT,2007-12-31,2007-12-30,2007-12-30,2021-08-02,783000.0,145192000.0,,134596000.0,10596000.0,,-0.491,-2028000.0,71411000.0,71411000.0,56652000.0,-21842000.0,1.106,-8.672,0.0,0.0,0.0,0.0,131255000.0,4153000.0,0.0,,0.0,-20061000.0,-15908000.0,-0.102,-15908000.0,-20061000.0,-20061000.0,-0.565,-0.565,-0.565,-18925000.0,,-18925000.0,,,,25641000.0,0.665,1.0,98714000.0,0.635,0.0,0.0,-47953000.0,,14020000.0,18750000.0,18750000.0,0.0,164117000.0,121734000.0,42383000.0,,25820000.0,0.0,0.0,0.0,0.0,19000.0,-2328000.0,-300000.0,27669000.0,460000.0,-21842000.0,-21842000.0,-21842000.0,0.0,0.0,-0.141,120291000.0,-21577000.0,8460000.0,0.0,,,,2943000.0,0.0,,,,27478000.0,-127514000.0,155366000.0,155366000.0,27588000.0,,,,-0.129,9332000.0,92703000.0,1.0,,38552000,38552000.0,4.03,145192000.0,301000.0,1781000.0,917000.0,3.766,12862000.0
52,FTNT,MRT,2006-12-31,2006-12-31,2006-12-31,2021-08-02,,,,,,,,-1187000.0,,,40964000.0,-5344000.0,,,,,,,,3509000.0,,,0.0,-4124000.0,-615000.0,-0.005,-615000.0,-4124000.0,-4124000.0,-0.14,-0.14,-0.14,,,,,,,2222000.0,0.059,1.0,82502000.0,0.668,,0.0,,,,,,,,,,,25665000.0,0.0,793000.0,0.0,0.0,793000.0,21463000.0,22550000.0,3409000.0,0.0,-5344000.0,-5344000.0,-5344000.0,0.0,0.0,-0.043,88499000.0,-5997000.0,,0.0,,,,,0.0,,,,,,123466000.0,123466000.0,21446000.0,,,,-0.033,1246000.0,67053000.0,1.0,,37722000,37722000.0,3.273,,,1220000.0,,,
