None,ticker,dimension,calendardate,datekey,reportperiod,lastupdated,accoci,assets,assetsavg,assetsc,assetsnc,assetturnover,bvps,capex,cashneq,cashnequsd,cor,consolinc,currentratio,de,debt,debtc,debtnc,debtusd,deferredrev,depamor,deposits,divyield,dps,ebit,ebitda,ebitdamargin,ebitdausd,ebitusd,ebt,eps,epsdil,epsusd,equity,equityavg,equityusd,ev,evebit,evebitda,fcf,fcfps,fxusd,gp,grossmargin,intangibles,intexp,invcap,invcapavg,inventory,investments,investmentsc,investmentsnc,liabilities,liabilitiesc,liabilitiesnc,marketcap,ncf,ncfbus,ncfcommon,ncfdebt,ncfdiv,ncff,ncfi,ncfinv,ncfo,ncfx,netinc,netinccmn,netinccmnusd,netincdis,netincnci,netmargin,opex,opinc,payables,payoutratio,pb,pe,pe1,ppnenet,prefdivis,price,ps,ps1,receivables,retearn,revenue,revenueusd,rnd,roa,roe,roic,ros,sbcomp,sgna,sharefactor,sharesbas,shareswa,shareswadil,sps,tangibles,taxassets,taxexp,taxliabilities,tbvps,workingcapital
0,V,ARY,2020-12-31,2020-11-19,2020-09-30,2021-07-29,354000000,80919000000,76601000000.0,27645000000,53274000000,0.285,18.541,-736000000.0,17190000000,17190000000,3785000000.0,10866000000.0,1.905,1.235,24070000000,2999000000,21071000000,24070000000,0,767000000.0,0,0.006,1.22,14306000000.0,15073000000.0,0.69,15073000000.0,14306000000.0,13790000000.0,4.9,4.89,4.9,36210000000,35397250000.0,36210000000,411347100563.0,29.0,27.29,9704000000.0,4.969,1.0,18061000000.0,0.827,43718000000,516000000.0,29571000000,23948250000.0,0,3983000000,3752000000,231000000,44709000000,14510000000,30199000000,404467100563.0,8339000000.0,-77000000.0,-8084000000.0,7212000000.0,-2664000000.0,-3968000000.0,1427000000.0,2168000000.0,10440000000.0,440000000.0,10866000000.0,10866000000.0,10866000000.0,0.0,0.0,0.497,3980000000.0,14081000000.0,1910000000,0.249,11.17,37.223,42.361,2737000000,0.0,207.57,18.514,18.556,2882000000,14088000000.0,21846000000.0,21846000000.0,0.0,0.142,0.307,0.597,0.655,416000000.0,2475000000.0,1.0,1948581686,1953000000,2479000000.0,11.186,37201000000,0,2924000000.0,5237000000,19.048,13135000000
1,V,ARY,2019-12-31,2019-11-14,2019-09-30,2021-07-29,-650000000,72574000000,71085750000.0,20970000000,51604000000,0.323,17.351,-756000000.0,9043000000,9043000000,3444000000.0,12080000000.0,1.563,1.092,16729000000,0,16729000000,16729000000,0,656000000.0,0,0.007,1.05,15417000000.0,16073000000.0,0.7,16073000000.0,15417000000.0,14884000000.0,5.32,5.32,5.32,34684000000,34512250000.0,34684000000,361671948376.0,23.0,22.502,12028000000.0,6.017,1.0,19533000000.0,0.85,42436000000,533000000.0,24409000000,24075500000.0,0,6393000000,4236000000,2157000000,37890000000,13415000000,24475000000,353985948376.0,-145000000.0,-699000000.0,-8556000000.0,0.0,-2269000000.0,-12061000000.0,-591000000.0,854000000.0,12784000000.0,-277000000.0,12080000000.0,12080000000.0,12080000000.0,0.0,0.0,0.526,4532000000.0,15001000000.0,4146000000,0.244,10.206,29.303,33.788,2695000000,0.0,179.75,15.406,15.638,4590000000,13502000000.0,22977000000.0,22977000000.0,0.0,0.17,0.35,0.64,0.671,407000000.0,2755000000.0,1.0,1969323774,1999000000,2529000000.0,11.494,30138000000,0,2804000000.0,4807000000,15.077,7555000000
2,V,ARY,2018-12-31,2018-11-16,2018-09-30,2021-07-29,547000000,69225000000,68399000000.0,18216000000,51009000000,0.301,16.596,-704000000.0,9653000000,9653000000,3170000000.0,10301000000.0,1.611,1.036,16630000000,0,16630000000,16630000000,0,613000000.0,0,0.006,0.88,13418000000.0,14031000000.0,0.681,14031000000.0,13418000000.0,12806000000.0,4.43,4.42,4.43,34006000000,33707000000.0,34006000000,289722535018.0,22.0,20.649,12009000000.0,5.861,1.0,17439000000.0,0.846,42752000000,612000000.0,22145000000,22372250000.0,0,7629000000,3547000000,4082000000,35219000000,11305000000,23914000000,282745535018.0,-1712000000.0,-196000000.0,-7122000000.0,-1750000000.0,-1918000000.0,-11240000000.0,-3084000000.0,-2184000000.0,12713000000.0,-101000000.0,10301000000.0,10301000000.0,10301000000.0,0.0,0.0,0.5,4485000000.0,12954000000.0,2351000000,0.199,8.315,27.448,31.643,2472000000,0.0,140.18,13.72,13.937,2790000000,11318000000.0,20609000000.0,20609000000.0,0.0,0.151,0.306,0.6,0.651,327000000.0,2579000000.0,1.0,2017017656,2049000000,2586000000.0,10.058,26473000000,0,2505000000.0,4618000000,12.92,6911000000
3,V,ARY,2017-12-31,2017-11-17,2017-09-30,2021-07-29,878000000,67977000000,64643500000.0,19023000000,48954000000,0.284,15.57,-695000000.0,10905000000,10905000000,2628000000.0,6699000000.0,1.903,1.075,18367000000,1749000000,16618000000,18367000000,0,556000000.0,0,0.006,0.855,12257000000.0,12813000000.0,0.698,12813000000.0,12257000000.0,11694000000.0,2.8,2.8,2.8,32760000000,31803250000.0,32760000000,234969787147.0,19.0,18.338,8513000000.0,4.046,1.0,15730000000.0,0.857,42958000000,563000000.0,22487000000,20909000000.0,0,5490000000,3564000000,1926000000,35217000000,9994000000,25223000000,227507787147.0,4255000000.0,-302000000.0,-6818000000.0,2473000000.0,-1579000000.0,-5924000000.0,735000000.0,1732000000.0,9208000000.0,236000000.0,6699000000.0,6699000000.0,6699000000.0,0.0,0.0,0.365,3586000000.0,12144000000.0,2182000000,0.246,6.945,33.961,39.221,2253000000,0.0,109.82,12.393,12.586,2554000000,9508000000.0,18358000000.0,18358000000.0,0.0,0.104,0.211,0.586,0.668,235000000.0,2391000000.0,1.0,2071642571,2104000000,2654000000.0,8.725,25019000000,0,4995000000.0,5980000000,11.891,9029000000
4,V,ARY,2016-12-31,2016-11-15,2016-09-30,2021-07-29,-458000000,64035000000,59301250000.0,14313000000,49722000000,0.254,15.167,-523000000.0,6646000000,6646000000,2226000000.0,5991000000.0,1.779,0.946,15882000000,0,15882000000,15882000000,0,502000000.0,0,0.005,0.42,8439000000.0,8941000000.0,0.593,8941000000.0,8439000000.0,8012000000.0,2.49,2.48,2.49,32912000000,31086500000.0,32912000000,176582940544.0,21.0,19.75,5051000000.0,2.328,1.0,12856000000.0,0.852,42300000000,427000000.0,22925000000,24795000000.0,0,7286000000,3319000000,3967000000,31123000000,8046000000,23077000000,167346940544.0,2101000000.0,-9082000000.0,-6984000000.0,15873000000.0,-1350000000.0,7477000000.0,-10916000000.0,-1311000000.0,5574000000.0,-34000000.0,5991000000.0,5991000000.0,5991000000.0,0.0,0.0,0.397,4973000000.0,7883000000.0,2287000000,0.169,5.085,27.933,31.554,2150000000,0.0,78.57,11.096,11.305,2508000000,10462000000.0,15082000000.0,15082000000.0,0.0,0.101,0.193,0.34,0.56,158000000.0,2054000000.0,1.0,2129908878,2170000000,2678000000.0,6.95,21735000000,0,2021000000.0,4808000000,10.016,6267000000
5,V,ARY,2015-12-31,2015-11-20,2015-09-30,2021-07-29,-74000000,40236000000,39346000000.0,10892000000,29344000000,0.353,13.436,-404000000.0,4590000000,4590000000,2079000000.0,6328000000.0,2.027,0.348,0,0,0,0,0,494000000.0,0,0.006,0.5,8995000000.0,9489000000.0,0.684,9489000000.0,8995000000.0,8995000000.0,2.58,2.58,2.58,29842000000,28662000000.0,29842000000,172753659152.0,19.0,18.206,6180000000.0,2.783,1.0,11801000000.0,0.85,23186000000,0.0,7086000000,6933500000.0,0,5886000000,2497000000,3389000000,10394000000,5374000000,5020000000,177343659152.0,1547000000.0,-93000000.0,-2936000000.0,0.0,-1177000000.0,-3603000000.0,-1435000000.0,-938000000.0,6584000000.0,1000000.0,6328000000.0,6328000000.0,6328000000.0,0.0,0.0,0.456,2737000000.0,9064000000.0,907000000,0.194,5.943,28.025,31.081,1888000000,0.0,80.19,12.777,12.832,1255000000,11843000000.0,13880000000.0,13880000000.0,0.0,0.161,0.221,1.297,0.648,103000000.0,1755000000.0,1.0,2211543324,2221000000,2724000000.0,6.249,17050000000,871000000,2667000000.0,4123000000,7.677,5518000000
6,V,ARY,2014-12-31,2014-11-21,2014-09-30,2021-07-29,-17000000,38569000000,37438750000.0,9562000000,29007000000,0.339,8.912,-553000000.0,3469000000,3469000000,1875000000.0,5438000000.0,1.592,0.407,0,0,0,0,0,435000000.0,0,0.007,0.42,7724000000.0,8159000000.0,0.642,8159000000.0,7724000000.0,7724000000.0,2.163,2.155,2.163,27413000000,27252000000.0,27413000000,190397033501.0,25.0,23.336,6652000000.0,2.163,1.0,10827000000.0,0.852,23164000000,0.0,5930000000,6254250000.0,0,5025000000,1979000000,3046000000,11156000000,6006000000,5150000000,193866033501.0,-215000000.0,-149000000.0,-4113000000.0,0.0,-1006000000.0,-6478000000.0,-941000000.0,-239000000.0,7205000000.0,-1000000.0,5438000000.0,5438000000.0,5438000000.0,0.0,0.0,0.428,3130000000.0,7697000000.0,1479000000,0.194,7.072,35.65,29.383,1892000000,0.0,63.555,15.263,15.391,1608000000,9131000000.0,12702000000.0,12702000000.0,0.0,0.145,0.2,1.235,0.608,82000000.0,1735000000.0,1.0,3050366352,3076000000,3608000000.0,4.129,15405000000,1119000000,2286000000.0,4145000000,5.008,3556000000
7,V,ARY,2013-12-31,2013-11-22,2013-09-30,2021-07-29,21000000,35956000000,35539750000.0,7822000000,28134000000,0.331,8.471,-471000000.0,2235000000,2235000000,1932000000.0,4980000000.0,1.804,0.338,0,0,0,0,0,397000000.0,0,0.007,0.348,7257000000.0,7654000000.0,0.65,7654000000.0,7257000000.0,7257000000.0,1.903,1.897,1.903,26870000000,27089000000.0,26870000000,155175865805.0,21.0,20.274,2551000000.0,0.804,1.0,9846000000.0,0.836,23032000000,0.0,6354000000,7022500000.0,0,4888000000,2069000000,2819000000,9086000000,4335000000,4751000000,157410865805.0,112000000.0,0.0,-5321000000.0,-6000000.0,-864000000.0,-1746000000.0,-1164000000.0,-693000000.0,3022000000.0,0.0,4980000000.0,4980000000.0,4980000000.0,0.0,0.0,0.423,2607000000.0,7239000000.0,1409000000,0.183,5.858,31.609,26.553,1732000000,0.0,50.53,13.365,13.609,1560000000,7974000000.0,11778000000.0,11778000000.0,0.0,0.14,0.184,1.033,0.616,105000000.0,1739000000.0,1.0,3115196236,3172000000,3716000000.0,3.713,12924000000,623000000,2277000000.0,4149000000,4.074,3487000000
8,V,ARY,2012-12-31,2012-11-16,2012-09-30,2021-07-29,-171000000,40013000000,37842000000.0,11786000000,28227000000,0.275,8.528,-374000000.0,6506000000,6506000000,1726000000.0,2142000000.0,1.482,0.448,0,0,0,0,0,333000000.0,0,0.007,0.247,2180000000.0,2513000000.0,0.241,2513000000.0,2180000000.0,2209000000.0,0.792,0.79,0.792,27630000000,27402500000.0,27630000000,109175850983.0,50.0,43.444,4635000000.0,1.431,1.0,8695000000.0,0.834,23101000000,-29000000.0,2452000000,2756500000.0,0,4029000000,743000000,3286000000,12383000000,7954000000,4429000000,115681850983.0,-53000000.0,-3000000.0,-536000000.0,-6000000.0,-595000000.0,-2655000000.0,-2414000000.0,-2037000000.0,5009000000.0,7000000.0,2144000000.0,2144000000.0,2144000000.0,0.0,-2000000.0,0.206,6556000000.0,2139000000.0,871000000,0.312,4.187,53.956,45.047,1634000000,0.0,35.678,11.101,11.093,1177000000,7809000000.0,10421000000.0,10421000000.0,0.0,0.057,0.078,0.791,0.209,76000000.0,1709000000.0,1.0,3242431532,3240000000,3856000000.0,3.216,16912000000,2027000000,65000000.0,4058000000,5.22,3832000000
9,V,ARY,2011-12-31,2011-11-18,2011-09-30,2021-07-29,-176000000,34760000000,34404500000.0,9190000000,25570000000,0.267,8.021,-353000000.0,4984000000,4984000000,1459000000.0,3646000000.0,2.663,0.315,0,0,0,0,0,288000000.0,0,0.007,0.168,5692000000.0,5980000000.0,0.651,5980000000.0,5692000000.0,5660000000.0,1.295,1.29,1.295,26437000000,26044750000.0,26437000000,68839743042.0,12.0,11.512,3519000000.0,1.068,1.0,7729000000.0,0.841,23104000000,32000000.0,3221000000,1762000000.0,0,1982000000,1271000000,711000000,8323000000,3451000000,4872000000,73823743042.0,-1740000000.0,-268000000.0,-1925000000.0,-54000000.0,-423000000.0,-3304000000.0,-2299000000.0,-1678000000.0,3872000000.0,-9000000.0,3650000000.0,3650000000.0,3650000000.0,0.0,-4000000.0,0.397,2273000000.0,5456000000.0,618000000,0.13,2.792,20.226,17.531,1541000000,0.0,22.703,8.035,8.144,972000000,6706000000.0,9188000000.0,9188000000.0,0.0,0.106,0.14,3.23,0.62,136000000.0,1621000000.0,1.0,3251789144,3296000000,4088000000.0,2.788,11656000000,489000000,2010000000.0,4205000000,3.536,5739000000
10,V,ARY,2010-12-31,2010-11-19,2010-09-30,2021-07-29,-151000000,33408000000,32471750000.0,8734000000,24674000000,0.248,7.453,-238000000.0,5803000000,5803000000,1222000000.0,2964000000.0,2.497,0.336,44000000,12000000,32000000,44000000,0,265000000.0,0,0.007,0.131,4712000000.0,4977000000.0,0.617,4977000000.0,4712000000.0,4640000000.0,1.008,1.002,1.008,25011000000,24285500000.0,25011000000,58721802988.0,12.0,11.799,2453000000.0,0.731,1.0,6843000000.0,0.848,22925000000,72000000.0,1226000000,1194000000.0,0,171000000,184000000,-13000000,8394000000,3498000000,4896000000,64480802988.0,-750000000.0,-1805000000.0,-944000000.0,-24000000.0,-368000000.0,-1542000000.0,-1904000000.0,139000000.0,2691000000.0,5000000.0,2966000000.0,2966000000.0,2966000000.0,0.0,-2000000.0,0.368,2254000000.0,4589000000.0,543000000,0.13,2.578,21.74,19.11,1357000000,0.0,19.262,7.995,8.015,878000000,4368000000.0,8065000000.0,8065000000.0,0.0,0.091,0.122,3.946,0.584,117000000.0,1748000000.0,1.0,3347478416,3356000000,4384000000.0,2.403,10483000000,623000000,1674000000.0,4181000000,3.124,5236000000
11,V,ARY,2009-12-31,2009-11-20,2009-09-30,2021-07-29,-188000000,32281000000,32172750000.0,9241000000,23040000000,0.215,6.869,-306000000.0,6332000000,6332000000,1143000000.0,2353000000.0,2.08,0.392,56000000,12000000,44000000,56000000,0,226000000.0,0,0.005,0.11,4116000000.0,4342000000.0,0.628,4342000000.0,4116000000.0,4001000000.0,0.777,0.775,0.777,23189000000,22435750000.0,23189000000,61336273760.0,15.0,14.126,252000000.0,0.075,1.0,5768000000.0,0.835,21091000000,115000000.0,472000000,2217750000.0,0,235000000,115000000,120000000,9088000000,4442000000,4646000000,67612273760.0,-362000000.0,0.0,-2614000000.0,-54000000.0,-318000000.0,-2751000000.0,1830000000.0,2136000000.0,558000000.0,1000000.0,2353000000.0,2353000000.0,2353000000.0,0.0,0.0,0.34,2230000000.0,3538000000.0,790000000,0.142,2.916,28.734,25.74,1204000000,0.0,20.0,9.783,9.77,1049000000,2219000000.0,6911000000.0,6911000000.0,0.0,0.073,0.105,1.856,0.596,108000000.0,1649000000.0,1.0,3380613688,3376000000,4604000000.0,2.047,11190000000,703000000,1648000000.0,3807000000,3.315,4799000000
12,V,ARY,2008-12-31,2008-11-21,2008-09-30,2021-07-29,-70000000,34981000000,32758500000.0,11174000000,23807000000,0.191,6.927,-411000000.0,4979000000,4979000000,1199000000.0,804000000.0,1.56,0.601,106000000,51000000,55000000,106000000,0,237000000.0,0,0.004,0.052,1479000000.0,1716000000.0,0.274,1716000000.0,1479000000.0,1336000000.0,0.24,0.24,0.24,21141000000,20712000000.0,21141000000,34368594694.0,23.0,20.028,120000000.0,0.039,1.0,5064000000.0,0.809,21096000000,143000000.0,1847000000,1647750000.0,0,599000000,355000000,244000000,12704000000,7165000000,5539000000,39241594694.0,4704000000.0,1002000000.0,5654000000.0,-22000000.0,-93000000.0,3624000000.0,554000000.0,-37000000.0,531000000.0,-5000000.0,804000000.0,804000000.0,804000000.0,0.0,0.0,0.128,3832000000.0,1232000000.0,1254000000,0.217,1.856,48.808,48.312,1080000000,0.0,11.595,6.266,5.65,1473000000,186000000.0,6263000000.0,6263000000.0,0.0,0.025,0.039,0.898,0.236,74000000.0,1687000000.0,1.0,3384354868,3052000000,5172000000.0,2.052,13885000000,944000000,532000000.0,3811000000,4.549,4009000000
13,V,ARY,2007-12-31,2007-12-21,2007-09-30,2021-07-29,-328000,4390117000,,2506939000,1883178000,,-0.138,-159960000.0,275379000,275379000,721381000.0,-1076095000.0,0.764,-9.68,41280000,41280000,0,41280000,0,125505000.0,3320000,,0.0,-1311430000.0,-1185925000.0,-0.33,-1185925000.0,-1311430000.0,-1392088000.0,,,,-501327000,,-501327000,,,,345187000.0,0.095,1.0,2868415000.0,0.799,0,80658000.0,873929000,,0,1711102000,747080000,964022000,4852834000,3282089000,1570745000,,5255000.0,-2022000.0,0.0,-36651000.0,0.0,-36651000.0,-463241000.0,-301259000.0,505147000.0,0.0,-1076095000.0,-1076095000.0,-1076095000.0,0.0,0.0,-0.3,4145182000.0,-1276767000.0,148468000,,,,,313092000,0.0,,,,254716000,-500999000.0,3589796000.0,3589796000.0,0.0,,,,-0.365,0.0,1158062000.0,1.0,3626330080,3626330080,,0.99,4390117000,1265639000,-315993000.0,0,1.211,-775150000
0,V,ARQ,2021-06-30,2021-07-29,2021-06-30,2021-07-29,601000000,82671000000,,28042000000,54629000000,,19.419,-179000000.0,18928000000,18928000000,1098000000.0,2575000000.0,2.0,1.188,20996000000,0,20996000000,20996000000,0,204000000.0,0,0.005,0.32,4520000000.0,4724000000.0,0.771,4724000000.0,4520000000.0,4389000000.0,1.18,1.18,1.18,37790000000,,37790000000,483862127605.0,32.0,29.959,4235000000.0,2.176,1.0,5032000000.0,0.821,44044000000,131000000.0,26672000000,,0,2317000000,1206000000,1111000000,44881000000,14023000000,30858000000,481794127605.0,1716000000.0,0.0,-2148000000.0,0.0,-698000000.0,-2846000000.0,72000000.0,187000000.0,4414000000.0,76000000.0,2575000000.0,2575000000.0,2575000000.0,0.0,0.0,0.42,968000000.0,4064000000.0,2548000000,0.271,12.749,44.348,49.984,2707000000,0.0,247.92,21.274,21.303,3515000000,15294000000.0,6130000000.0,6130000000.0,0.0,,,,,159000000.0,580000000.0,1.0,1943345142,1946000000,2439000000.0,3.15,38627000000,0,1814000000.0,6240000000,19.849,14019000000
1,V,ARQ,2021-03-31,2021-04-29,2021-03-31,2021-07-29,372000000,80195000000,,26901000000,53294000000,,19.321,-158000000.0,17388000000,17388000000,1114000000.0,3026000000.0,2.116,1.127,20974000000,0,20974000000,20974000000,0,201000000.0,0,0.005,0.32,3749000000.0,3950000000.0,0.689,3950000000.0,3749000000.0,3628000000.0,1.38,1.38,1.38,37696000000,,37696000000,464980170364.0,33.0,31.636,3171000000.0,1.625,1.0,4615000000.0,0.806,43803000000,121000000.0,27267000000,,0,2168000000,2058000000,110000000,42499000000,12711000000,29788000000,461394170364.0,1503000000.0,0.0,-1672000000.0,0.0,-701000000.0,-2373000000.0,835000000.0,996000000.0,3329000000.0,-288000000.0,3026000000.0,3026000000.0,3026000000.0,0.0,0.0,0.528,1034000000.0,3581000000.0,2126000000,0.232,12.24,43.275,48.837,2684000000,0.0,236.86,21.607,21.641,3225000000,15513000000.0,5729000000.0,5729000000.0,0.0,,,,,153000000.0,651000000.0,1.0,1947961540,1951000000,2449000000.0,2.936,36392000000,0,602000000.0,5212000000,18.653,14190000000
2,V,ARQ,2020-12-31,2021-01-29,2020-12-31,2021-07-29,1154000000,80426000000,,26280000000,54146000000,,19.323,-160000000.0,15926000000,15926000000,981000000.0,3126000000.0,2.121,1.135,21055000000,0,21055000000,21055000000,0,197000000.0,0,0.006,0.0,3884000000.0,4081000000.0,0.718,4081000000.0,3884000000.0,3748000000.0,1.42,1.42,1.42,37679000000,,37679000000,382413433913.0,27.0,25.688,3353000000.0,1.719,1.0,4706000000.0,0.828,44714000000,136000000.0,28451000000,,0,3170000000,3009000000,161000000,42747000000,12390000000,30357000000,377284433913.0,-1116000000.0,-75000000.0,-1869000000.0,-3000000000.0,-703000000.0,-5572000000.0,639000000.0,830000000.0,3513000000.0,304000000.0,3126000000.0,3126000000.0,3126000000.0,0.0,0.0,0.55,862000000.0,3844000000.0,2179000000,0.0,10.013,35.194,39.763,2713000000,0.0,193.25,17.565,17.544,3342000000,14813000000.0,5687000000.0,5687000000.0,0.0,,,,,122000000.0,491000000.0,1.0,1952312724,1950000000,2456000000.0,2.916,35712000000,0,622000000.0,5343000000,18.314,13890000000
3,V,ARQ,2020-09-30,2020-11-19,2020-09-30,2021-07-29,354000000,80919000000,,27645000000,53274000000,,18.684,-168000000.0,17190000000,17190000000,922000000.0,2137000000.0,1.905,1.235,24070000000,2999000000,21071000000,24070000000,0,196000000.0,0,0.006,0.62,3200000000.0,3396000000.0,0.666,3396000000.0,3200000000.0,3055000000.0,0.98,0.97,0.98,36210000000,,36210000000,411347100563.0,29.0,27.29,1928000000.0,0.995,1.0,4179000000.0,0.819,43718000000,145000000.0,29571000000,,0,3983000000,3752000000,231000000,44709000000,14510000000,30199000000,404467100563.0,2237000000.0,0.0,-1496000000.0,3227000000.0,-662000000.0,755000000.0,-881000000.0,-709000000.0,2096000000.0,267000000.0,2137000000.0,2137000000.0,2137000000.0,0.0,0.0,0.419,1037000000.0,3142000000.0,1910000000,0.633,11.17,37.223,42.361,2737000000,0.0,207.57,18.514,18.556,2882000000,14088000000.0,5101000000.0,5101000000.0,0.0,,,,,94000000.0,648000000.0,1.0,1948581686,1938000000,2467000000.0,2.632,37201000000,0,918000000.0,5237000000,19.196,13135000000
4,V,ARQ,2020-06-30,2020-07-31,2020-06-30,2021-07-29,-279000000,77884000000,,25011000000,52873000000,,18.255,-161000000.0,15046000000,15046000000,941000000.0,2373000000.0,1.553,1.192,20879000000,2999000000,17880000000,20879000000,0,197000000.0,0,0.006,0.3,3074000000.0,3271000000.0,0.676,3271000000.0,3074000000.0,2932000000.0,1.07,1.07,1.07,35524000000,,35524000000,375662209882.0,25.0,23.958,2841000000.0,1.46,1.0,3896000000.0,0.805,42979000000,142000000.0,24638000000,,0,3286000000,2739000000,547000000,42360000000,16100000000,26260000000,369829209882.0,4118000000.0,0.0,-1039000000.0,2984000000.0,-663000000.0,1164000000.0,-133000000.0,-16000000.0,3002000000.0,85000000.0,2373000000.0,2373000000.0,2373000000.0,0.0,0.0,0.491,897000000.0,2999000000.0,2878000000,0.28,10.411,31.464,36.198,2746000000,0.0,190.4,16.162,16.193,3564000000,14072000000.0,4837000000.0,4837000000.0,0.0,,,,,107000000.0,527000000.0,1.0,1942380304,1946000000,2470000000.0,2.486,34905000000,0,559000000.0,4728000000,17.937,8911000000
5,V,ARQ,2020-03-31,2020-05-04,2020-03-31,2021-07-29,-444000000,72820000000,,19907000000,52913000000,,17.654,-216000000.0,11004000000,11004000000,940000000.0,3084000000.0,1.249,1.106,17892000000,3999000000,13893000000,17892000000,0,192000000.0,0,0.006,0.3,3947000000.0,4139000000.0,0.707,4139000000.0,3947000000.0,3829000000.0,1.39,1.38,1.39,34585000000,,34585000000,349235118974.0,22.0,21.079,1251000000.0,0.639,1.0,4914000000.0,0.839,42766000000,118000000.0,21000000000,,0,3475000000,2411000000,1064000000,38235000000,15942000000,22293000000,342347118974.0,553000000.0,0.0,-3087000000.0,1001000000.0,-668000000.0,-2754000000.0,1879000000.0,2099000000.0,1467000000.0,-39000000.0,3084000000.0,3084000000.0,3084000000.0,0.0,0.0,0.527,990000000.0,3924000000.0,2030000000,0.216,9.899,27.427,31.682,2776000000,0.0,176.15,14.333,14.447,2948000000,13366000000.0,5854000000.0,5854000000.0,0.0,,,,,99000000.0,607000000.0,1.0,1943497695,1959000000,2484000000.0,2.988,30054000000,0,745000000.0,4796000000,15.342,3965000000
6,V,ARQ,2019-12-31,2020-01-31,2019-12-31,2021-07-29,-340000000,74781000000,,22319000000,52462000000,,17.913,-191000000.0,10402000000,10402000000,982000000.0,3272000000.0,1.27,1.12,16688000000,3000000000,13688000000,16688000000,0,182000000.0,0,0.005,0.0,4085000000.0,4267000000.0,0.705,4267000000.0,4085000000.0,3974000000.0,1.46,1.46,1.46,35270000000,,35270000000,396766009831.0,25.0,24.184,3684000000.0,1.871,1.0,5072000000.0,0.838,42904000000,111000000.0,20584000000,,0,5621000000,3902000000,1719000000,39511000000,17579000000,21932000000,390480009831.0,1431000000.0,-77000000.0,-2462000000.0,0.0,-671000000.0,-3133000000.0,562000000.0,794000000.0,3875000000.0,127000000.0,3272000000.0,3272000000.0,3272000000.0,0.0,0.0,0.54,1056000000.0,4016000000.0,4410000000,0.0,11.071,31.554,36.308,2739000000,0.0,198.97,16.599,16.653,4934000000,13899000000.0,6054000000.0,6054000000.0,0.0,,,,,116000000.0,693000000.0,1.0,1962506960,1969000000,2496000000.0,3.075,31877000000,0,702000000.0,4810000000,16.189,4740000000
7,V,ARQ,2019-09-30,2019-11-14,2019-09-30,2021-07-29,-650000000,72574000000,,20970000000,51604000000,,17.508,-249000000.0,9043000000,9043000000,871000000.0,3025000000.0,1.563,1.092,16729000000,0,16729000000,16729000000,0,172000000.0,0,0.007,0.55,3831000000.0,4003000000.0,0.652,4003000000.0,3831000000.0,3711000000.0,1.34,1.35,1.34,34684000000,,34684000000,361671948376.0,23.0,22.502,3793000000.0,1.915,1.0,5266000000.0,0.858,42436000000,120000000.0,24409000000,,0,6393000000,4236000000,2157000000,37890000000,13415000000,24475000000,353985948376.0,163000000.0,-563000000.0,-2097000000.0,0.0,-563000000.0,-2660000000.0,-1004000000.0,-223000000.0,4042000000.0,-215000000.0,3025000000.0,3025000000.0,3025000000.0,0.0,0.0,0.493,1531000000.0,3735000000.0,4146000000,0.41,10.206,29.303,33.788,2695000000,0.0,179.75,15.406,15.638,4590000000,13502000000.0,6137000000.0,6137000000.0,0.0,,,,,86000000.0,796000000.0,1.0,1969323774,1981000000,2511000000.0,3.098,30138000000,0,686000000.0,4807000000,15.214,7555000000
8,V,ARQ,2019-06-30,2019-07-26,2019-06-30,2021-07-29,110000000,70249000000,,18305000000,51944000000,,17.568,-194000000.0,8814000000,8814000000,872000000.0,3101000000.0,1.69,1.007,16694000000,0,16694000000,16694000000,0,165000000.0,0,0.005,0.25,3994000000.0,4159000000.0,0.712,4159000000.0,3994000000.0,3866000000.0,1.37,1.37,1.37,34995000000,,34995000000,372305316225.0,24.0,23.385,3190000000.0,1.601,1.0,4968000000.0,0.851,42585000000,128000000.0,24715000000,,0,6183000000,3265000000,2918000000,35254000000,10829000000,24425000000,364425316225.0,387000000.0,-136000000.0,-2114000000.0,0.0,-565000000.0,-3915000000.0,809000000.0,1071000000.0,3384000000.0,109000000.0,3101000000.0,3101000000.0,3101000000.0,0.0,0.0,0.531,1060000000.0,3908000000.0,2570000000,0.182,10.414,30.624,35.257,2549000000,0.0,183.69,16.361,16.428,3220000000,13040000000.0,5840000000.0,5840000000.0,0.0,,,,,110000000.0,710000000.0,1.0,1983914836,1992000000,2522000000.0,2.932,27664000000,0,765000000.0,4930000000,13.888,7476000000
9,V,ARQ,2019-03-31,2019-04-26,2019-03-31,2021-07-29,-86000000,69865000000,,18490000000,51375000000,,17.095,-156000000.0,8547000000,8547000000,894000000.0,2977000000.0,1.625,1.038,16630000000,0,16630000000,16630000000,0,160000000.0,0,0.006,0.25,3817000000.0,3977000000.0,0.724,3977000000.0,3817000000.0,3677000000.0,1.31,1.31,1.31,34275000000,,34275000000,333302109794.0,23.0,22.398,1908000000.0,0.952,1.0,4600000000.0,0.837,42054000000,140000000.0,24514000000,,0,7382000000,3876000000,3506000000,35590000000,11380000000,24210000000,325219109794.0,-833000000.0,0.0,-1899000000.0,0.0,-569000000.0,-2468000000.0,-326000000.0,-81000000.0,2064000000.0,-103000000.0,2977000000.0,2977000000.0,2977000000.0,0.0,0.0,0.542,959000000.0,3641000000.0,2200000000,0.191,9.489,29.225,33.663,2456000000,0.0,162.93,15.005,15.072,2978000000,12513000000.0,5494000000.0,5494000000.0,0.0,,,,,111000000.0,606000000.0,1.0,1996066469,2005000000,2536000000.0,2.74,27811000000,0,700000000.0,4911000000,13.871,7110000000
10,V,ARQ,2018-12-31,2019-01-31,2018-12-31,2021-07-29,275000000,71655000000,,20107000000,51548000000,,16.904,-157000000.0,9785000000,9785000000,807000000.0,2977000000.0,1.502,1.102,16633000000,0,16633000000,16633000000,0,159000000.0,0,0.007,0.0,3775000000.0,3934000000.0,0.714,3934000000.0,3775000000.0,3630000000.0,1.3,1.3,1.3,34095000000,,34095000000,277863945548.0,20.0,19.26,3137000000.0,1.555,1.0,4699000000.0,0.853,42450000000,145000000.0,22664000000,,0,7593000000,3461000000,4132000000,37560000000,13389000000,24171000000,271015945548.0,138000000.0,0.0,-2446000000.0,0.0,-572000000.0,-3018000000.0,-70000000.0,87000000.0,3294000000.0,-68000000.0,2977000000.0,2977000000.0,2977000000.0,0.0,0.0,0.541,982000000.0,3717000000.0,4014000000,0.0,7.949,25.197,29.034,2437000000,0.0,135.01,12.752,12.813,4528000000,11908000000.0,5506000000.0,5506000000.0,0.0,,,,,100000000.0,643000000.0,1.0,2007376828,2017000000,2548000000.0,2.73,29205000000,0,653000000.0,4835000000,14.479,6718000000
11,V,ARQ,2018-09-30,2018-11-16,2018-09-30,2021-07-29,547000000,69225000000,,18216000000,51009000000,,16.743,-195000000.0,9653000000,9653000000,815000000.0,2845000000.0,1.611,1.036,16630000000,0,16630000000,16630000000,0,163000000.0,0,0.006,0.46,3688000000.0,3851000000.0,0.709,3851000000.0,3688000000.0,3538000000.0,1.23,1.23,1.23,34006000000,,34006000000,289722535018.0,22.0,20.649,3299000000.0,1.624,1.0,4619000000.0,0.85,42752000000,150000000.0,22145000000,,0,7629000000,3547000000,4082000000,35219000000,11305000000,23914000000,282745535018.0,-343000000.0,0.0,-1563000000.0,0.0,-483000000.0,-2046000000.0,-1779000000.0,-1584000000.0,3494000000.0,-12000000.0,2845000000.0,2845000000.0,2845000000.0,0.0,0.0,0.524,1213000000.0,3406000000.0,2351000000,0.374,8.315,27.448,31.643,2472000000,0.0,140.18,13.72,13.937,2790000000,11318000000.0,5434000000.0,5434000000.0,0.0,,,,,85000000.0,855000000.0,1.0,2017017656,2031000000,2562000000.0,2.676,26473000000,0,693000000.0,4618000000,13.034,6911000000
12,V,ARQ,2018-06-30,2018-07-27,2018-06-30,2021-07-29,741000000,68175000000,,18491000000,49684000000,,16.324,-155000000.0,9992000000,9992000000,852000000.0,2329000000.0,1.691,1.046,16627000000,0,16627000000,16627000000,0,152000000.0,0,0.006,0.21,2967000000.0,3119000000.0,0.595,3119000000.0,2967000000.0,2812000000.0,1.0,1.0,1.0,33318000000,,33318000000,292874523640.0,23.0,21.576,3482000000.0,1.706,1.0,4388000000.0,0.837,42832000000,155000000.0,21044000000,,0,6231000000,3396000000,2835000000,34857000000,10934000000,23923000000,286239523640.0,363000000.0,0.0,-1724000000.0,0.0,-487000000.0,-2811000000.0,-168000000.0,-13000000.0,3637000000.0,-295000000.0,2329000000.0,2329000000.0,2329000000.0,0.0,0.0,0.444,1503000000.0,2885000000.0,2455000000,0.21,8.591,29.829,34.403,2387000000,0.0,140.71,14.291,14.338,2835000000,10426000000.0,5240000000.0,5240000000.0,0.0,,,,,89000000.0,582000000.0,1.0,2034251465,2041000000,2578000000.0,2.567,25343000000,0,483000000.0,4802000000,12.417,7557000000
13,V,ARQ,2018-03-31,2018-04-27,2018-03-31,2021-07-29,1728000000,69042000000,,18536000000,50506000000,,16.595,-213000000.0,9026000000,9026000000,824000000.0,2605000000.0,1.941,1.025,16624000000,0,16624000000,16624000000,0,153000000.0,0,0.006,0.21,3370000000.0,3523000000.0,0.694,3523000000.0,3370000000.0,3217000000.0,1.12,1.11,1.12,34103000000,,34103000000,265151671563.0,20.0,19.438,2607000000.0,1.269,1.0,4249000000.0,0.838,43909000000,153000000.0,23180000000,,0,6179000000,3577000000,2602000000,34939000000,9551000000,25388000000,257553671563.0,4000000.0,-196000000.0,-2022000000.0,0.0,-490000000.0,-2512000000.0,-430000000.0,-21000000.0,2820000000.0,126000000.0,2605000000.0,2605000000.0,2605000000.0,0.0,0.0,0.514,913000000.0,3336000000.0,3188000000,0.188,7.552,27.617,31.821,2366000000,0.0,126.01,13.307,13.379,3760000000,10192000000.0,5073000000.0,5073000000.0,0.0,,,,,85000000.0,591000000.0,1.0,2043914543,2055000000,2594000000.0,2.469,25133000000,0,612000000.0,5110000000,12.23,8985000000
14,V,ARQ,2017-12-31,2018-02-01,2017-12-31,2021-07-29,1203000000,67154000000,,17287000000,49867000000,,16.144,-141000000.0,9021000000,9021000000,679000000.0,2522000000.0,2.067,1.011,16621000000,0,16621000000,16621000000,0,145000000.0,0,0.005,0.0,3393000000.0,3538000000.0,0.728,3538000000.0,3393000000.0,3239000000.0,1.07,1.07,1.07,33401000000,,33401000000,266650865521.0,21.0,20.377,2621000000.0,1.267,1.0,4183000000.0,0.86,43271000000,154000000.0,23120000000,,0,6087000000,3413000000,2674000000,33753000000,8363000000,25390000000,259050865521.0,-1736000000.0,0.0,-1813000000.0,-1750000000.0,-458000000.0,-3871000000.0,-707000000.0,-566000000.0,2762000000.0,80000000.0,2522000000.0,2522000000.0,2522000000.0,0.0,0.0,0.519,856000000.0,3327000000.0,2410000000,0.0,7.756,36.226,41.629,2238000000,0.0,125.72,13.809,13.866,2899000000,9966000000.0,4862000000.0,4862000000.0,0.0,,,,,68000000.0,551000000.0,1.0,2060538224,2069000000,2611000000.0,2.35,23883000000,0,717000000.0,5107000000,11.543,8924000000
15,V,ARQ,2017-09-30,2017-11-17,2017-09-30,2021-07-29,878000000,67977000000,,19023000000,48954000000,,15.75,-183000000.0,10905000000,10905000000,655000000.0,2140000000.0,1.903,1.075,18367000000,1749000000,16618000000,18367000000,0,147000000.0,0,0.006,0.36,3247000000.0,3394000000.0,0.699,3394000000.0,3247000000.0,3099000000.0,0.9,0.9,0.9,32760000000,,32760000000,234969787147.0,19.0,18.338,2584000000.0,1.242,1.0,4200000000.0,0.865,42958000000,148000000.0,22487000000,,0,5490000000,3564000000,1926000000,35217000000,9994000000,25223000000,227507787147.0,2437000000.0,0.0,-1703000000.0,2473000000.0,-390000000.0,380000000.0,-852000000.0,-669000000.0,2767000000.0,142000000.0,2140000000.0,2140000000.0,2140000000.0,0.0,0.0,0.441,988000000.0,3212000000.0,2182000000,0.4,6.945,33.961,39.221,2253000000,0.0,109.82,12.393,12.586,2554000000,9508000000.0,4855000000.0,4855000000.0,0.0,,,,,52000000.0,672000000.0,1.0,2071642571,2080000000,2624000000.0,2.334,25019000000,0,959000000.0,5980000000,12.028,9029000000
16,V,ARQ,2017-06-30,2017-07-20,2017-06-30,2021-07-29,118000000,64000000000,,15718000000,48282000000,,15.219,-195000000.0,8467000000,8467000000,698000000.0,2059000000.0,1.653,1.004,15891000000,1749000000,14142000000,15891000000,0,132000000.0,0,0.006,0.165,3054000000.0,3186000000.0,0.698,3186000000.0,3054000000.0,2914000000.0,0.87,0.86,0.87,31944000000,,31944000000,212283796374.0,18.0,17.393,3342000000.0,1.592,1.0,3867000000.0,0.847,42331000000,140000000.0,19582000000,,0,4871000000,2754000000,2117000000,32056000000,9511000000,22545000000,204859796374.0,1010000000.0,0.0,-1667000000.0,0.0,-394000000.0,-2061000000.0,-681000000.0,-486000000.0,3537000000.0,215000000.0,2059000000.0,2059000000.0,2059000000.0,0.0,0.0,0.451,843000000.0,3024000000.0,2205000000,0.19,6.413,31.565,36.203,2202000000,0.0,98.11,11.532,11.593,2524000000,9299000000.0,4565000000.0,4565000000.0,0.0,,,,,67000000.0,553000000.0,1.0,2088062342,2099000000,2644000000.0,2.175,21669000000,0,855000000.0,5888000000,10.323,6207000000
17,V,ARQ,2017-03-31,2017-04-21,2017-03-31,2021-07-29,-980000000,63227000000,,15505000000,47722000000,,14.561,-146000000.0,7456000000,7456000000,704000000.0,430000000.0,1.519,1.054,15888000000,1748000000,14140000000,15888000000,0,131000000.0,0,0.007,0.165,2837000000.0,2968000000.0,0.663,2968000000.0,2837000000.0,2702000000.0,0.18,0.18,0.18,30783000000,,30783000000,200343587479.0,22.0,20.671,250000000.0,0.118,1.0,3773000000.0,0.843,41241000000,135000000.0,20212000000,,0,4422000000,1495000000,2927000000,32444000000,10206000000,22238000000,191911587479.0,603000000.0,-302000000.0,-1551000000.0,-566000000.0,-396000000.0,-2513000000.0,2685000000.0,3133000000.0,396000000.0,35000000.0,430000000.0,430000000.0,430000000.0,0.0,0.0,0.096,965000000.0,2808000000.0,2999000000,0.917,6.234,39.627,45.348,2133000000,0.0,91.15,11.404,11.45,4431000000,9140000000.0,4477000000.0,4477000000.0,0.0,,,,,71000000.0,682000000.0,1.0,2105448025,2114000000,2666000000.0,2.118,21986000000,0,2272000000.0,5731000000,10.4,5299000000
18,V,ARQ,2016-12-31,2017-02-02,2016-12-31,2021-07-29,-1369000000,63370000000,,14689000000,48681000000,,14.951,-171000000.0,6852000000,6852000000,571000000.0,2070000000.0,1.42,0.997,16451000000,2313000000,14138000000,16451000000,0,146000000.0,0,0.007,0.165,3119000000.0,3265000000.0,0.732,3265000000.0,3119000000.0,2979000000.0,0.86,0.86,0.86,31726000000,,31726000000,183913619905.0,21.0,19.528,2337000000.0,1.101,1.0,3890000000.0,0.872,41273000000,140000000.0,21355000000,,0,7531000000,3697000000,3834000000,31644000000,10341000000,21303000000,174314619905.0,205000000.0,0.0,-1897000000.0,566000000.0,-399000000.0,-1730000000.0,-417000000.0,-246000000.0,2508000000.0,-156000000.0,2070000000.0,2070000000.0,2070000000.0,0.0,0.0,0.464,790000000.0,3100000000.0,2177000000,0.192,5.494,28.483,32.402,2201000000,0.0,82.3,10.91,10.93,2453000000,10492000000.0,4461000000.0,4461000000.0,0.0,,,,,45000000.0,484000000.0,1.0,2118039124,2122000000,2683000000.0,2.102,22097000000,0,909000000.0,4822000000,10.413,4348000000
19,V,ARQ,2016-09-30,2016-11-15,2016-09-30,2021-07-29,-458000000,64035000000,,14313000000,49722000000,,15.358,-141000000.0,6646000000,6646000000,690000000.0,1931000000.0,1.779,0.946,15882000000,0,15882000000,15882000000,0,141000000.0,0,0.005,0.14,2645000000.0,2786000000.0,0.654,2786000000.0,2645000000.0,2510000000.0,0.8,0.79,0.8,32912000000,,32912000000,176582940544.0,21.0,19.75,2311000000.0,1.078,1.0,3571000000.0,0.838,42300000000,135000000.0,22925000000,,0,7286000000,3319000000,3967000000,31123000000,8046000000,23077000000,167346940544.0,-268000000.0,0.0,-1664000000.0,0.0,-339000000.0,-1991000000.0,-757000000.0,-616000000.0,2452000000.0,28000000.0,1931000000.0,1931000000.0,1931000000.0,0.0,0.0,0.453,946000000.0,2625000000.0,2287000000,0.175,5.085,27.933,31.554,2150000000,0.0,78.57,11.096,11.305,2508000000,10462000000.0,4261000000.0,4261000000.0,0.0,,,,,57000000.0,643000000.0,1.0,2129908878,2143000000,2702000000.0,1.988,21735000000,0,579000000.0,4808000000,10.142,6267000000
20,V,ARQ,2016-06-30,2016-07-25,2016-06-30,2021-07-29,-543000000,63867000000,,14374000000,49493000000,,15.184,-132000000.0,6914000000,6914000000,509000000.0,412000000.0,1.847,0.946,15879000000,0,15879000000,15879000000,0,120000000.0,0,0.007,0.14,553000000.0,673000000.0,0.185,673000000.0,553000000.0,422000000.0,0.17,0.17,0.17,32827000000,,32827000000,178636372790.0,22.0,20.876,171000000.0,0.079,1.0,3121000000.0,0.86,42122000000,131000000.0,22927000000,,0,6657000000,2865000000,3792000000,31040000000,7783000000,23257000000,169671372790.0,-10056000000.0,-9068000000.0,-1519000000.0,-2000000.0,-335000000.0,-1984000000.0,-8313000000.0,887000000.0,303000000.0,-62000000.0,412000000.0,412000000.0,412000000.0,0.0,0.0,0.113,2693000000.0,428000000.0,2114000000,0.824,5.169,30.451,34.322,2136000000,0.0,78.94,11.789,11.859,2565000000,10334000000.0,3630000000.0,3630000000.0,0.0,,,,,47000000.0,573000000.0,1.0,2149371330,2162000000,2649000000.0,1.679,21745000000,0,10000000.0,4977000000,10.058,6591000000
21,V,ARQ,2016-03-31,2016-04-25,2016-03-31,2021-07-29,-96000000,54326000000,,24303000000,30023000000,,13.406,-124000000.0,17004000000,17004000000,528000000.0,1707000000.0,4.742,0.865,15876000000,0,15876000000,15876000000,0,121000000.0,0,0.007,0.14,2573000000.0,2694000000.0,0.743,2694000000.0,2573000000.0,2441000000.0,0.71,0.71,0.71,29131000000,,29131000000,168370432530.0,17.0,16.536,716000000.0,0.329,1.0,3098000000.0,0.854,23171000000,132000000.0,24902000000,,0,7571000000,3954000000,3617000000,25195000000,5125000000,20070000000,169498432530.0,3106000000.0,-14000000.0,-1734000000.0,-19000000.0,-336000000.0,-2082000000.0,4348000000.0,4486000000.0,840000000.0,0.0,1707000000.0,1707000000.0,1707000000.0,0.0,0.0,0.471,664000000.0,2434000000.0,813000000,0.197,5.818,24.719,27.709,1883000000,0.0,78.14,11.87,11.891,1358000000,11582000000.0,3626000000.0,3626000000.0,0.0,,,,,51000000.0,416000000.0,1.0,2169163457,2173000000,2665000000.0,1.669,31155000000,0,734000000.0,3256000000,14.337,19178000000
22,V,ARQ,2015-12-31,2016-01-28,2015-12-31,2021-07-29,-49000000,54977000000,,25473000000,29504000000,,13.386,-126000000.0,13898000000,13898000000,499000000.0,1941000000.0,4.755,0.865,15877000000,0,15877000000,15877000000,0,120000000.0,0,0.007,0.0,2668000000.0,2788000000.0,0.782,2788000000.0,2668000000.0,2639000000.0,0.8,0.8,0.8,29476000000,,29476000000,153399580294.0,16.0,15.503,1853000000.0,0.842,1.0,3066000000.0,0.86,23173000000,29000000.0,28426000000,,0,12018000000,8508000000,3510000000,25501000000,5357000000,20144000000,151420580294.0,9319000000.0,0.0,-2067000000.0,15894000000.0,-340000000.0,13534000000.0,-6194000000.0,-6068000000.0,1979000000.0,0.0,1941000000.0,1941000000.0,1941000000.0,0.0,0.0,0.544,670000000.0,2396000000.0,862000000,0.0,5.137,22.6,25.303,1884000000,0.0,69.33,10.767,10.856,1365000000,11701000000.0,3565000000.0,3565000000.0,0.0,,,,,3000000.0,422000000.0,1.0,2184055680,2202000000,2695000000.0,1.619,31804000000,0,698000000.0,3344000000,14.443,20116000000
23,V,ARQ,2015-09-30,2015-11-20,2015-09-30,2021-07-29,-74000000,40236000000,,10892000000,29344000000,,13.602,-138000000.0,4590000000,4590000000,521000000.0,1512000000.0,2.027,0.348,0,0,0,0,0,119000000.0,0,0.006,0.26,2283000000.0,2402000000.0,0.673,2402000000.0,2283000000.0,2283000000.0,0.62,0.62,0.62,29842000000,,29842000000,172753659152.0,19.0,18.206,1596000000.0,0.727,1.0,3050000000.0,0.854,23186000000,0.0,7086000000,,0,5886000000,2497000000,3389000000,10394000000,5374000000,5020000000,177343659152.0,1371000000.0,0.0,11000000.0,0.0,-292000000.0,-204000000.0,-159000000.0,-21000000.0,1734000000.0,0.0,1512000000.0,1512000000.0,1512000000.0,0.0,0.0,0.423,767000000.0,2283000000.0,907000000,0.419,5.943,28.025,31.081,1888000000,0.0,80.19,12.777,12.832,1255000000,11843000000.0,3571000000.0,3571000000.0,0.0,,,,,42000000.0,503000000.0,1.0,2211543324,2194000000,2712000000.0,1.628,17050000000,871000000,771000000.0,4123000000,7.771,5518000000
24,V,ARQ,2015-06-30,2015-07-23,2015-06-30,2021-07-29,-4000000,39429000000,,10068000000,29361000000,,12.895,-74000000.0,3290000000,3290000000,566000000.0,1697000000.0,1.739,0.377,0,0,0,0,0,130000000.0,0,0.006,0.12,2168000000.0,2298000000.0,0.653,2298000000.0,2168000000.0,2168000000.0,0.69,0.69,0.69,28627000000,,28627000000,155715855620.0,19.0,17.798,2037000000.0,0.918,1.0,2952000000.0,0.839,23200000000,0.0,7150000000,,0,5880000000,2575000000,3305000000,10802000000,5789000000,5013000000,159005855620.0,108000000.0,-93000000.0,-1032000000.0,0.0,-294000000.0,-1284000000.0,-719000000.0,-552000000.0,2111000000.0,0.0,1697000000.0,1697000000.0,1697000000.0,0.0,0.0,0.482,690000000.0,2262000000.0,1326000000,0.174,5.554,27.0,30.021,1847000000,0.0,71.75,11.745,11.766,1596000000,10623000000.0,3518000000.0,3518000000.0,0.0,,,,,38000000.0,443000000.0,1.0,2216109486,2220000000,2713000000.0,1.585,16229000000,834000000,471000000.0,4134000000,7.31,4279000000
25,V,ARQ,2015-03-31,2015-04-30,2015-03-31,2021-07-29,31000000,38835000000,,10105000000,28730000000,,12.674,-88000000.0,3217000000,3217000000,483000000.0,1550000000.0,1.857,0.375,0,0,0,0,0,125000000.0,0,0.007,0.12,2282000000.0,2407000000.0,0.706,2407000000.0,2282000000.0,2282000000.0,0.63,0.63,0.63,28237000000,,28237000000,143687619721.0,18.0,16.727,890000000.0,0.399,1.0,2926000000.0,0.858,23132000000,0.0,7043000000,,0,5352000000,2567000000,2785000000,10598000000,5443000000,5155000000,146904619721.0,-46000000.0,0.0,-1042000000.0,0.0,-294000000.0,-1103000000.0,79000000.0,167000000.0,978000000.0,0.0,1550000000.0,1550000000.0,1550000000.0,0.0,0.0,0.455,645000000.0,2281000000.0,1207000000,0.19,5.203,26.46,29.447,1843000000,0.0,66.05,11.15,11.17,1575000000,10108000000.0,3409000000.0,3409000000.0,0.0,,,,,36000000.0,408000000.0,1.0,2224142615,2228000000,2725000000.0,1.53,15703000000,838000000,732000000.0,4131000000,7.048,4662000000
26,V,ARQ,2014-12-31,2015-01-29,2014-12-31,2021-07-29,10000000,38884000000,,9864000000,29020000000,,9.179,-104000000.0,3483000000,3483000000,509000000.0,1569000000.0,1.701,0.392,0,0,0,0,0,120000000.0,0,0.007,0.0,2262000000.0,2382000000.0,0.704,2382000000.0,2262000000.0,2262000000.0,0.635,0.632,0.635,27942000000,,27942000000,184560061200.0,23.0,22.1,1657000000.0,0.544,1.0,2873000000.0,0.849,23148000000,0.0,6455000000,,0,5534000000,2495000000,3039000000,10942000000,5798000000,5144000000,188043061200.0,114000000.0,0.0,-873000000.0,0.0,-297000000.0,-1012000000.0,-636000000.0,-532000000.0,1761000000.0,1000000.0,1569000000.0,1569000000.0,1569000000.0,0.0,0.0,0.464,635000000.0,2238000000.0,990000000,0.0,6.73,33.579,27.617,1861000000,0.0,62.0,14.544,14.597,1400000000,9732000000.0,3382000000.0,3382000000.0,0.0,,,,,-13000000.0,401000000.0,1.0,3032952600,3044000000,3544000000.0,1.111,15736000000,927000000,693000000.0,4139000000,5.17,4066000000
27,V,ARQ,2014-09-30,2014-11-21,2014-09-30,2021-07-29,-17000000,38569000000,,9562000000,29007000000,,8.982,-227000000.0,3469000000,3469000000,496000000.0,1073000000.0,1.592,0.407,0,0,0,0,0,112000000.0,0,0.007,0.22,1550000000.0,1662000000.0,0.515,1662000000.0,1550000000.0,1550000000.0,0.435,0.432,0.435,27413000000,,27413000000,190397033501.0,25.0,23.336,1566000000.0,0.513,1.0,2733000000.0,0.846,23164000000,0.0,5930000000,,0,5025000000,1979000000,3046000000,11156000000,6006000000,5150000000,193866033501.0,-87000000.0,-15000000.0,-747000000.0,0.0,-248000000.0,-1380000000.0,-499000000.0,-257000000.0,1793000000.0,-1000000.0,1073000000.0,1073000000.0,1073000000.0,0.0,0.0,0.332,1181000000.0,1552000000.0,1479000000,0.506,7.072,35.65,29.383,1892000000,0.0,63.555,15.263,15.391,1608000000,9131000000.0,3229000000.0,3229000000.0,0.0,,,,,34000000.0,488000000.0,1.0,3050366352,3052000000,3584000000.0,1.058,15405000000,1119000000,477000000.0,4145000000,5.048,3556000000
28,V,ARQ,2014-06-30,2014-07-24,2014-06-30,2021-07-29,-16000000,37675000000,,9025000000,28650000000,,8.894,-109000000.0,3163000000,3163000000,463000000.0,1360000000.0,1.698,0.381,0,0,0,0,0,109000000.0,0,0.007,0.1,2030000000.0,2139000000.0,0.678,2139000000.0,2030000000.0,2030000000.0,0.542,0.542,0.542,27286000000,,27286000000,167320034531.0,21.0,19.993,1833000000.0,0.597,1.0,2692000000.0,0.853,23168000000,0.0,6030000000,,0,4862000000,2006000000,2856000000,10389000000,5314000000,5075000000,170483034531.0,238000000.0,-134000000.0,-1131000000.0,0.0,-251000000.0,-1368000000.0,-336000000.0,-93000000.0,1942000000.0,0.0,1360000000.0,1360000000.0,1360000000.0,0.0,0.0,0.431,672000000.0,2020000000.0,1408000000,0.185,6.248,30.679,25.427,1772000000,0.0,55.685,13.698,13.727,1599000000,8909000000.0,3155000000.0,3155000000.0,0.0,,,,,27000000.0,436000000.0,1.0,3061561184,3068000000,3596000000.0,1.028,14507000000,856000000,670000000.0,4170000000,4.728,3711000000
29,V,ARQ,2014-03-31,2014-04-24,2014-03-31,2021-07-29,26000000,37263000000,,8507000000,28756000000,,8.839,-97000000.0,2925000000,2925000000,446000000.0,1598000000.0,1.715,0.365,0,0,0,0,0,107000000.0,0,0.007,0.1,2061000000.0,2168000000.0,0.685,2168000000.0,2061000000.0,2061000000.0,0.632,0.63,0.632,27295000000,,27295000000,158444507807.0,20.0,19.408,1832000000.0,0.593,1.0,2717000000.0,0.859,22998000000,0.0,6379000000,,0,4817000000,1674000000,3143000000,9968000000,4961000000,5007000000,161369507807.0,-301000000.0,0.0,-1105000000.0,0.0,-253000000.0,-2400000000.0,170000000.0,267000000.0,1929000000.0,0.0,1598000000.0,1598000000.0,1598000000.0,0.0,0.0,0.505,669000000.0,2048000000.0,1213000000,0.158,5.912,29.762,24.693,1760000000,0.0,52.35,13.128,13.151,1584000000,8714000000.0,3163000000.0,3163000000.0,0.0,,,,,30000000.0,442000000.0,1.0,3082512088,3088000000,3620000000.0,1.024,14265000000,883000000,463000000.0,4146000000,4.619,3546000000
30,V,ARQ,2013-12-31,2014-01-30,2013-12-31,2021-07-29,43000000,36248000000,,7765000000,28483000000,,8.692,-120000000.0,2170000000,2170000000,470000000.0,1407000000.0,1.771,0.342,0,0,0,0,0,107000000.0,0,0.006,0.0,2083000000.0,2190000000.0,0.694,2190000000.0,2083000000.0,2083000000.0,0.552,0.55,0.552,27014000000,,27014000000,169203634825.0,22.0,21.281,1421000000.0,0.457,1.0,2685000000.0,0.851,23015000000,0.0,6678000000,,0,5079000000,1969000000,3110000000,9234000000,4385000000,4849000000,171373634825.0,-65000000.0,0.0,-1130000000.0,0.0,-254000000.0,-1330000000.0,-276000000.0,-156000000.0,1541000000.0,0.0,1407000000.0,1407000000.0,1407000000.0,0.0,0.0,0.446,608000000.0,2077000000.0,1347000000,0.0,6.344,33.642,28.03,1746000000,0.0,55.22,14.178,14.199,1728000000,8269000000.0,3155000000.0,3155000000.0,0.0,,,,,-9000000.0,369000000.0,1.0,3103470388,3108000000,3644000000.0,1.015,13233000000,486000000,676000000.0,4160000000,4.258,3380000000
31,V,ARQ,2013-09-30,2013-11-22,2013-09-30,2021-07-29,21000000,35956000000,,7822000000,28134000000,,8.634,-138000000.0,2235000000,2235000000,499000000.0,1192000000.0,1.804,0.338,0,0,0,0,0,106000000.0,0,0.007,0.1,1766000000.0,1872000000.0,0.63,1872000000.0,1766000000.0,1766000000.0,0.463,0.462,0.463,26870000000,,26870000000,155175865805.0,21.0,20.274,1907000000.0,0.613,1.0,2474000000.0,0.832,23032000000,0.0,6354000000,,0,4888000000,2069000000,2819000000,9086000000,4335000000,4751000000,157410865805.0,733000000.0,0.0,-1301000000.0,0.0,-211000000.0,-1502000000.0,190000000.0,328000000.0,2045000000.0,0.0,1192000000.0,1192000000.0,1192000000.0,0.0,0.0,0.401,723000000.0,1751000000.0,1409000000,0.216,5.858,31.609,26.553,1732000000,0.0,50.53,13.365,13.609,1560000000,7974000000.0,2973000000.0,2973000000.0,0.0,,,,,30000000.0,495000000.0,1.0,3115196236,3112000000,3656000000.0,0.955,12924000000,623000000,574000000.0,4149000000,4.153,3487000000
32,V,ARQ,2013-06-30,2013-07-24,2013-06-30,2021-07-29,-116000000,35285000000,,6941000000,28344000000,,8.567,-122000000.0,1502000000,1502000000,493000000.0,1225000000.0,1.891,0.307,0,0,0,0,0,101000000.0,0,0.006,0.083,1833000000.0,1934000000.0,0.644,1934000000.0,1833000000.0,1833000000.0,0.472,0.47,0.472,27003000000,,27003000000,145562894994.0,21.0,19.665,2035000000.0,0.646,1.0,2508000000.0,0.836,23049000000,0.0,7063000000,,0,5110000000,1895000000,3215000000,8282000000,3671000000,4611000000,147064894994.0,76000000.0,0.0,-967000000.0,-1000000.0,-216000000.0,-1176000000.0,-905000000.0,-783000000.0,2157000000.0,0.0,1225000000.0,1225000000.0,1225000000.0,0.0,0.0,0.408,680000000.0,1828000000.0,948000000,0.176,5.446,26.984,22.719,1689000000,0.0,46.688,12.748,12.757,1238000000,7989000000.0,3001000000.0,3001000000.0,0.0,,,,,33000000.0,463000000.0,1.0,3149984364,3152000000,3696000000.0,0.952,12236000000,1029000000,608000000.0,4043000000,3.882,3270000000
33,V,ARQ,2013-03-31,2013-05-01,2013-03-31,2021-07-29,-133000000,35059000000,,6914000000,28145000000,,8.436,-111000000.0,1426000000,1426000000,486000000.0,1270000000.0,1.954,0.304,0,0,0,0,0,98000000.0,0,0.007,0.083,1857000000.0,1955000000.0,0.661,1955000000.0,1857000000.0,1857000000.0,0.482,0.48,0.482,26895000000,,26895000000,130061762801.0,50.0,43.999,1533000000.0,0.481,1.0,2472000000.0,0.836,23066000000,0.0,7028000000,,0,4351000000,1342000000,3009000000,8164000000,3539000000,4625000000,131487762801.0,43000000.0,0.0,-1806000000.0,0.0,-217000000.0,-2017000000.0,416000000.0,527000000.0,1644000000.0,0.0,1270000000.0,1270000000.0,1270000000.0,0.0,0.0,0.429,612000000.0,1860000000.0,840000000,0.172,4.889,55.108,46.271,1674000000,0.0,41.505,11.846,11.921,1290000000,7723000000.0,2958000000.0,2958000000.0,0.0,,,,,44000000.0,394000000.0,1.0,3167998140,3188000000,3732000000.0,0.928,11993000000,1584000000,587000000.0,4046000000,3.762,3375000000
34,V,ARQ,2012-12-31,2013-02-06,2012-12-31,2021-07-29,-137000000,35859000000,,7387000000,28472000000,,8.557,-100000000.0,1383000000,1383000000,454000000.0,1293000000.0,1.971,0.3,0,0,0,0,0,92000000.0,0,0.006,0.0,1801000000.0,1893000000.0,0.665,1893000000.0,1801000000.0,1801000000.0,0.485,0.482,0.485,27588000000,,27588000000,127821570690.0,54.0,47.394,-2924000000.0,-0.907,1.0,2392000000.0,0.84,23084000000,0.0,7645000000,,0,4886000000,1451000000,3435000000,8271000000,3747000000,4524000000,129204570690.0,-740000000.0,0.0,-1247000000.0,-5000000.0,-220000000.0,2949000000.0,-865000000.0,-765000000.0,-2824000000.0,0.0,1293000000.0,1293000000.0,1293000000.0,0.0,0.0,0.454,592000000.0,1800000000.0,1186000000,0.0,4.683,53.656,44.922,1641000000,0.0,40.205,12.053,12.092,1660000000,7997000000.0,2846000000.0,2846000000.0,0.0,,,,,-2000000.0,387000000.0,1.0,3213644340,3224000000,3776000000.0,0.883,12775000000,1730000000,508000000.0,4057000000,3.962,3640000000
35,V,ARQ,2012-09-30,2012-11-16,2012-09-30,2021-07-29,-171000000,40013000000,,11786000000,28227000000,,8.559,-141000000.0,6506000000,6506000000,471000000.0,1662000000.0,1.482,0.448,0,0,0,0,0,89000000.0,0,0.007,0.138,1531000000.0,1620000000.0,0.593,1620000000.0,1531000000.0,1588000000.0,0.615,0.613,0.615,27630000000,,27630000000,109175850983.0,50.0,43.444,1228000000.0,0.38,1.0,2260000000.0,0.828,23101000000,-57000000.0,2452000000,,0,4029000000,743000000,3286000000,12383000000,7954000000,4429000000,115681850983.0,516000000.0,0.0,-111000000.0,0.0,-147000000.0,-393000000.0,-471000000.0,-365000000.0,1369000000.0,11000000.0,1662000000.0,1662000000.0,1662000000.0,0.0,0.0,0.609,738000000.0,1522000000.0,871000000,0.224,4.187,53.956,45.047,1634000000,0.0,35.678,11.101,11.093,1177000000,7809000000.0,2731000000.0,2731000000.0,0.0,,,,,6000000.0,536000000.0,1.0,3242431532,3228000000,3796000000.0,0.846,16912000000,2027000000,-74000000.0,4058000000,5.239,3832000000
36,V,ARQ,2012-06-30,2012-07-27,2012-06-30,2021-07-29,-175000000,38741000000,,10899000000,27842000000,,8.073,-108000000.0,5840000000,5840000000,435000000.0,-1839000000.0,1.388,0.481,0,0,0,0,0,84000000.0,0,0.006,0.055,-2596000000.0,-2512000000.0,-0.979,-2512000000.0,-2596000000.0,-2607000000.0,-0.685,-0.685,-0.685,26158000000,,26158000000,98913923518.0,49.0,42.289,1149000000.0,0.355,1.0,2130000000.0,0.83,23118000000,11000000.0,1929000000,,0,3669000000,745000000,2924000000,12583000000,7854000000,4729000000,104753923518.0,-484000000.0,-3000000.0,-427000000.0,0.0,-148000000.0,-560000000.0,-1173000000.0,-1062000000.0,1257000000.0,-8000000.0,-1839000000.0,-1839000000.0,-1839000000.0,0.0,0.0,-0.717,4737000000.0,-2607000000.0,858000000,-0.08,4.005,76.912,65.888,1581000000,0.0,32.285,10.399,10.385,1236000000,6411000000.0,2565000000.0,2565000000.0,0.0,,,,,21000000.0,453000000.0,1.0,3244662336,3240000000,3828000000.0,0.792,15623000000,1645000000,-768000000.0,3944000000,4.822,3045000000
37,V,ARQ,2012-03-31,2012-05-02,2012-03-31,2021-07-29,-176000000,36846000000,,10295000000,26551000000,,8.792,-61000000.0,6324000000,6324000000,431000000.0,1292000000.0,2.87,0.292,0,0,0,0,0,80000000.0,0,0.006,0.055,1616000000.0,1696000000.0,0.658,1696000000.0,1616000000.0,1609000000.0,0.48,0.477,0.48,28521000000,,28521000000,93135998213.0,15.0,14.373,1036000000.0,0.319,1.0,2147000000.0,0.833,23105000000,7000000.0,3830000000,,0,2616000000,915000000,1701000000,8325000000,3587000000,4738000000,99459998213.0,100000000.0,0.0,33000000.0,-1000000.0,-148000000.0,-37000000.0,-964000000.0,-903000000.0,1097000000.0,4000000.0,1292000000.0,1292000000.0,1292000000.0,0.0,0.0,0.501,541000000.0,1606000000.0,777000000,0.115,3.487,23.647,19.94,1540000000,0.0,30.547,10.118,10.081,1163000000,8688000000.0,2578000000.0,2578000000.0,0.0,,,,,29000000.0,358000000.0,1.0,3255912864,3244000000,3852000000.0,0.795,13741000000,430000000,317000000.0,3941000000,4.236,6708000000
38,V,ARQ,2011-12-31,2012-02-08,2011-12-31,2021-07-29,-172000000,35768000000,,9978000000,25790000000,,8.416,-64000000.0,6294000000,6294000000,389000000.0,1027000000.0,2.821,0.31,0,0,0,0,0,80000000.0,0,0.006,0.0,1629000000.0,1709000000.0,0.671,1709000000.0,1629000000.0,1619000000.0,0.375,0.372,0.375,27301000000,,27301000000,81827001367.0,14.0,13.105,1222000000.0,0.377,1.0,2158000000.0,0.847,23122000000,10000000.0,2815000000,,0,1699000000,799000000,900000000,8467000000,3537000000,4930000000,88121001367.0,-185000000.0,0.0,-31000000.0,-5000000.0,-152000000.0,-1665000000.0,194000000.0,293000000.0,1286000000.0,0.0,1029000000.0,1029000000.0,1029000000.0,0.0,-2000000.0,0.404,540000000.0,1618000000.0,513000000,0.0,3.228,23.22,19.873,1542000000,0.0,27.087,9.279,9.253,1138000000,7544000000.0,2547000000.0,2547000000.0,0.0,,,,,20000000.0,362000000.0,1.0,3253198020,3244000000,3924000000.0,0.785,12646000000,461000000,590000000.0,4212000000,3.898,6441000000
39,V,ARQ,2011-09-30,2011-11-18,2011-09-30,2021-07-29,-176000000,34760000000,,9190000000,25570000000,,8.17,-117000000.0,4984000000,4984000000,388000000.0,878000000.0,2.663,0.315,0,0,0,0,0,77000000.0,0,0.007,0.092,1369000000.0,1446000000.0,0.607,1446000000.0,1369000000.0,1356000000.0,0.32,0.318,0.32,26437000000,,26437000000,68839743042.0,12.0,11.512,751000000.0,0.232,1.0,1995000000.0,0.837,23104000000,13000000.0,3221000000,,0,1982000000,1271000000,711000000,8323000000,3451000000,4872000000,73823743042.0,-1473000000.0,0.0,-388000000.0,-35000000.0,-103000000.0,-450000000.0,-1874000000.0,-1757000000.0,868000000.0,-17000000.0,880000000.0,880000000.0,880000000.0,0.0,-2000000.0,0.369,633000000.0,1362000000.0,618000000,0.287,2.792,20.226,17.531,1541000000,0.0,22.703,8.035,8.144,972000000,6706000000.0,2383000000.0,2383000000.0,0.0,,,,,26000000.0,449000000.0,1.0,3251789144,3236000000,3932000000.0,0.736,11656000000,489000000,476000000.0,4205000000,3.602,5739000000
40,V,ARQ,2011-06-30,2011-07-29,2011-06-30,2021-07-29,-136000000,34447000000,,9516000000,24931000000,,7.894,-89000000.0,6527000000,6527000000,363000000.0,1004000000.0,2.695,0.322,35000000,13000000,22000000,35000000,0,74000000.0,0,0.007,0.037,1555000000.0,1629000000.0,0.702,1629000000.0,1555000000.0,1544000000.0,0.357,0.357,0.357,26050000000,,26050000000,63388916638.0,11.0,10.886,1306000000.0,0.396,1.0,1959000000.0,0.844,23121000000,11000000.0,1303000000,,0,227000000,220000000,7000000,8395000000,3531000000,4864000000,69880916638.0,88000000.0,-106000000.0,-1040000000.0,-4000000.0,-105000000.0,-1075000000.0,-229000000.0,-34000000.0,1395000000.0,-3000000.0,1005000000.0,1005000000.0,1005000000.0,0.0,-1000000.0,0.433,614000000.0,1345000000.0,558000000,0.104,2.683,19.718,17.246,1510000000,0.0,21.385,7.832,7.91,956000000,6130000000.0,2322000000.0,2322000000.0,0.0,,,,,28000000.0,449000000.0,1.0,3267753876,3300000000,4032000000.0,0.704,11326000000,507000000,539000000.0,4254000000,3.432,5985000000
41,V,ARQ,2011-03-31,2011-05-05,2011-03-31,2021-07-29,-139000000,34422000000,,9606000000,24816000000,,7.877,-72000000.0,6509000000,6509000000,351000000.0,880000000.0,2.772,0.316,37000000,12000000,25000000,37000000,0,70000000.0,0,0.007,0.037,1390000000.0,1460000000.0,0.65,1460000000.0,1390000000.0,1378000000.0,0.31,0.307,0.31,26151000000,,26151000000,58854622328.0,12.0,10.915,531000000.0,0.16,1.0,1894000000.0,0.844,23052000000,12000000.0,1433000000,,0,205000000,197000000,8000000,8268000000,3465000000,4803000000,65326622328.0,-172000000.0,-162000000.0,-217000000.0,-5000000.0,-107000000.0,-658000000.0,-123000000.0,111000000.0,603000000.0,6000000.0,881000000.0,881000000.0,881000000.0,0.0,-1000000.0,0.392,511000000.0,1383000000.0,411000000,0.119,2.498,20.07,17.489,1453000000,0.0,19.675,7.571,7.57,935000000,5707000000.0,2245000000.0,2245000000.0,0.0,,,,,41000000.0,355000000.0,1.0,3320285760,3320000000,4156000000.0,0.676,11370000000,497000000,497000000.0,4205000000,3.425,6141000000
42,V,ARQ,2010-12-31,2011-02-02,2010-12-31,2021-07-29,-150000000,33989000000,,9355000000,24634000000,,7.665,-75000000.0,6350000000,6350000000,357000000.0,884000000.0,2.543,0.331,41000000,12000000,29000000,41000000,0,67000000.0,0,0.007,0.0,1378000000.0,1445000000.0,0.646,1445000000.0,1378000000.0,1382000000.0,0.307,0.307,0.307,25541000000,,25541000000,53737680140.0,11.0,10.463,931000000.0,0.279,1.0,1881000000.0,0.84,22910000000,-4000000.0,1091000000,,0,216000000,201000000,15000000,8445000000,3679000000,4766000000,60046680140.0,-183000000.0,0.0,-280000000.0,-10000000.0,-108000000.0,-1121000000.0,-73000000.0,2000000.0,1006000000.0,5000000.0,884000000.0,884000000.0,884000000.0,0.0,0.0,0.395,515000000.0,1366000000.0,525000000,0.0,2.351,19.451,17.051,1380000000,0.0,18.023,7.197,7.198,1033000000,5023000000.0,2238000000.0,2238000000.0,0.0,,,,,41000000.0,368000000.0,1.0,3331761972,3332000000,4232000000.0,0.672,11079000000,545000000,498000000.0,4186000000,3.325,5676000000
43,V,ARQ,2010-09-30,2010-11-19,2010-09-30,2021-07-29,-151000000,33408000000,,8734000000,24674000000,,7.479,-95000000.0,5803000000,5803000000,353000000.0,773000000.0,2.497,0.336,44000000,12000000,32000000,44000000,0,78000000.0,0,0.007,0.069,1211000000.0,1289000000.0,0.609,1289000000.0,1211000000.0,1196000000.0,0.265,0.262,0.265,25011000000,,25011000000,58721802988.0,12.0,11.799,798000000.0,0.239,1.0,1764000000.0,0.833,22925000000,15000000.0,1226000000,,0,171000000,184000000,-13000000,8394000000,3498000000,4896000000,64480802988.0,-1338000000.0,-1805000000.0,-316000000.0,-5000000.0,-90000000.0,-340000000.0,-1894000000.0,6000000.0,893000000.0,3000000.0,774000000.0,774000000.0,774000000.0,0.0,-1000000.0,0.366,651000000.0,1113000000.0,543000000,0.26,2.578,21.74,19.11,1357000000,0.0,19.262,7.995,8.015,878000000,4368000000.0,2117000000.0,2117000000.0,0.0,,,,,35000000.0,469000000.0,1.0,3347478416,3344000000,4288000000.0,0.633,10483000000,623000000,422000000.0,4181000000,3.135,5236000000
44,V,ARQ,2010-06-30,2010-08-02,2010-06-30,2021-07-29,-82000000,32696000000,,9850000000,22846000000,,7.362,-65000000.0,7210000000,7210000000,285000000.0,716000000.0,2.829,0.325,47000000,12000000,35000000,47000000,0,63000000.0,0,0.007,0.031,1135000000.0,1198000000.0,0.59,1198000000.0,1135000000.0,1122000000.0,0.242,0.242,0.242,24676000000,,24676000000,53516307985.0,12.0,11.541,1153000000.0,0.344,1.0,1744000000.0,0.86,21091000000,13000000.0,960000000,,0,204000000,85000000,119000000,8016000000,3482000000,4534000000,60679307985.0,645000000.0,0.0,15000000.0,-4000000.0,-93000000.0,-507000000.0,-62000000.0,3000000.0,1218000000.0,-4000000.0,716000000.0,716000000.0,716000000.0,0.0,0.0,0.353,607000000.0,1137000000.0,540000000,0.128,2.459,22.424,19.735,1185000000,0.0,18.058,7.753,7.733,917000000,3822000000.0,2029000000.0,2029000000.0,0.0,,,,,29000000.0,467000000.0,1.0,3360338252,3352000000,4328000000.0,0.605,11605000000,448000000,406000000.0,3798000000,3.462,6368000000
45,V,ARQ,2010-03-31,2010-05-03,2010-03-31,2021-07-29,-99000000,32068000000,,9115000000,22953000000,,7.146,-41000000.0,6135000000,6135000000,310000000.0,712000000.0,2.577,0.337,50000000,12000000,38000000,50000000,0,62000000.0,0,0.005,0.031,1142000000.0,1204000000.0,0.615,1204000000.0,1142000000.0,1114000000.0,0.242,0.24,0.242,23983000000,,23983000000,68880703446.0,15.0,14.282,568000000.0,0.169,1.0,1649000000.0,0.842,21091000000,28000000.0,1355000000,,0,209000000,85000000,124000000,8081000000,3537000000,4544000000,74965703446.0,400000000.0,0.0,-219000000.0,-5000000.0,-92000000.0,-243000000.0,30000000.0,71000000.0,609000000.0,4000000.0,713000000.0,713000000.0,713000000.0,0.0,-1000000.0,0.364,527000000.0,1122000000.0,696000000,0.128,3.126,27.571,24.391,1183000000,0.0,22.317,10.071,10.061,1168000000,3199000000.0,1959000000.0,1959000000.0,0.0,,,,,26000000.0,413000000.0,1.0,3359054708,3356000000,4436000000.0,0.584,10977000000,470000000,401000000.0,3808000000,3.271,5578000000
46,V,ARQ,2009-12-31,2010-02-03,2009-12-31,2021-07-29,-175000000,31715000000,,8753000000,22962000000,,6.969,-37000000.0,5805000000,5805000000,274000000.0,763000000.0,2.407,0.351,53000000,12000000,41000000,53000000,0,62000000.0,0,0.005,0.0,1224000000.0,1286000000.0,0.656,1286000000.0,1224000000.0,1208000000.0,0.258,0.255,0.258,23472000000,,23472000000,64592249782.0,15.0,14.063,-66000000.0,-0.02,1.0,1686000000.0,0.86,21091000000,16000000.0,1235000000,,0,212000000,93000000,119000000,8238000000,3637000000,4601000000,70344249782.0,-457000000.0,0.0,-424000000.0,-10000000.0,-93000000.0,-452000000.0,22000000.0,59000000.0,-29000000.0,2000000.0,763000000.0,763000000.0,763000000.0,0.0,0.0,0.389,469000000.0,1217000000.0,716000000,0.0,2.997,27.673,24.565,1203000000,0.0,20.88,9.863,9.86,1272000000,2691000000.0,1960000000.0,1960000000.0,0.0,,,,,27000000.0,399000000.0,1.0,3368977480,3368000000,4476000000.0,0.582,10624000000,595000000,445000000.0,3806000000,3.154,5116000000
47,V,ARQ,2009-09-30,2009-11-20,2009-09-30,2021-07-29,-188000000,32281000000,,9241000000,23040000000,,6.869,-101000000.0,6332000000,6332000000,334000000.0,514000000.0,2.08,0.392,56000000,12000000,44000000,56000000,0,61000000.0,0,0.005,0.057,888000000.0,949000000.0,0.505,949000000.0,888000000.0,863000000.0,0.172,,0.172,23189000000,,23189000000,61336273760.0,15.0,14.126,-310000000.0,-0.092,1.0,1545000000.0,0.822,21091000000,25000000.0,472000000,,0,235000000,115000000,120000000,9088000000,4442000000,4646000000,67612273760.0,417000000.0,0.0,12000000.0,-42000000.0,-78000000.0,-260000000.0,875000000.0,976000000.0,-209000000.0,11000000.0,514000000.0,514000000.0,514000000.0,0.0,0.0,0.274,676000000.0,869000000.0,790000000,0.331,2.916,28.734,25.74,1204000000,0.0,20.0,9.783,9.77,1049000000,2219000000.0,1879000000.0,1879000000.0,0.0,,,,,30000000.0,507000000.0,1.0,3380613688,3376000000,,0.557,11190000000,703000000,349000000.0,3807000000,3.315,4799000000
48,V,ARQ,2009-06-30,2009-07-30,2009-06-30,2021-07-29,-102000000,32624000000,,9562000000,23062000000,,6.732,-69000000.0,5761000000,5761000000,262000000.0,729000000.0,2.156,0.431,98000000,52000000,46000000,98000000,0,57000000.0,0,0.006,0.026,1327000000.0,1384000000.0,0.841,1384000000.0,1327000000.0,1297000000.0,0.242,,0.242,22794000000,,22794000000,51231255407.0,18.0,16.808,280000000.0,0.083,1.0,1384000000.0,0.841,21096000000,30000000.0,1430000000,,0,311000000,130000000,181000000,9825000000,4435000000,5390000000,56894255407.0,837000000.0,0.0,18000000.0,-4000000.0,-79000000.0,477000000.0,-1000000.0,68000000.0,349000000.0,12000000.0,729000000.0,729000000.0,729000000.0,0.0,0.0,0.443,562000000.0,822000000.0,1085000000,0.107,2.496,38.364,34.644,1170000000,0.0,16.802,8.44,8.44,1417000000,1783000000.0,1646000000.0,1646000000.0,0.0,,,,,20000000.0,422000000.0,1.0,3386058944,3386058944,,0.486,11528000000,484000000,568000000.0,3653000000,3.405,5127000000
49,V,ARQ,2009-03-31,2009-05-06,2009-03-31,2021-07-29,-88000000,31964000000,,8225000000,23739000000,,6.535,-68000000.0,3363000000,3363000000,272000000.0,536000000.0,1.938,0.445,102000000,52000000,50000000,102000000,0,56000000.0,0,0.005,0.026,918000000.0,974000000.0,0.591,974000000.0,918000000.0,888000000.0,0.177,,0.177,22120000000,,22120000000,52748906581.0,24.0,21.399,165000000.0,0.049,1.0,1375000000.0,0.835,21096000000,30000000.0,3364000000,,0,326000000,126000000,200000000,9840000000,4243000000,5597000000,56009906581.0,750000000.0,0.0,2000000.0,-6000000.0,-80000000.0,464000000.0,55000000.0,123000000.0,233000000.0,-2000000.0,536000000.0,536000000.0,536000000.0,0.0,0.0,0.325,494000000.0,881000000.0,832000000,0.147,2.532,47.627,44.723,1155000000,0.0,16.547,8.35,8.35,1251000000,1133000000.0,1647000000.0,1647000000.0,0.0,,,,,26000000.0,354000000.0,1.0,3384795684,3384795684,,0.487,10868000000,650000000,352000000.0,3859000000,3.211,3982000000
50,V,ARQ,2008-12-31,2009-02-09,2008-12-31,2021-07-29,-94000000,31822000000,,8089000000,23733000000,,6.395,-68000000.0,2613000000,2613000000,275000000.0,574000000.0,1.754,0.47,104000000,51000000,53000000,104000000,0,52000000.0,0,0.004,0.0,983000000.0,1035000000.0,0.595,1035000000.0,983000000.0,953000000.0,0.185,,0.185,21640000000,,21640000000,44290670746.0,26.0,22.586,117000000.0,0.035,1.0,1464000000.0,0.842,21096000000,30000000.0,3605000000,,0,394000000,189000000,205000000,10177000000,4612000000,5565000000,46799670746.0,-2366000000.0,0.0,-2646000000.0,-2000000.0,-81000000.0,-3432000000.0,901000000.0,969000000.0,185000000.0,-20000000.0,574000000.0,574000000.0,574000000.0,0.0,0.0,0.33,498000000.0,966000000.0,735000000,0.0,2.163,49.056,47.69,1117000000,0.0,13.83,7.184,7.184,1123000000,677000000.0,1739000000.0,1739000000.0,0.0,,,,,32000000.0,366000000.0,1.0,3383924132,3383924132,,0.514,10726000000,800000000,379000000.0,3843000000,3.17,3477000000
51,V,ARQ,2008-09-30,2008-11-21,2008-09-30,2021-07-29,-70000000,34981000000,,11174000000,23807000000,,6.927,-92000000.0,4979000000,4979000000,317000000.0,-356000000.0,1.56,0.601,106000000,51000000,55000000,106000000,0,59000000.0,0,0.004,0.026,-404000000.0,-345000000.0,-0.202,-345000000.0,-404000000.0,-431000000.0,-0.12,,-0.12,21141000000,,21141000000,34368594694.0,23.0,20.028,182000000.0,0.06,1.0,1392000000.0,0.815,21096000000,27000000.0,1847000000,,0,599000000,355000000,244000000,12704000000,7165000000,5539000000,39241594694.0,-783000000.0,0.0,0.0,-4000000.0,-93000000.0,-27000000.0,-1025000000.0,-933000000.0,274000000.0,-5000000.0,-356000000.0,-356000000.0,-356000000.0,0.0,0.0,-0.208,1835000000.0,-443000000.0,1254000000,-0.217,1.856,48.808,48.312,1080000000,0.0,11.595,6.266,5.65,1473000000,186000000.0,1709000000.0,1709000000.0,0.0,,,,,27000000.0,512000000.0,1.0,3384354868,3052000000,,0.56,13885000000,944000000,-75000000.0,3811000000,4.549,4009000000
52,V,ARQ,2008-06-30,2008-08-13,2008-06-30,2021-07-29,0,34442000000,,10761000000,23681000000,,5.23,-86000000.0,5762000000,5762000000,310000000.0,422000000.0,1.774,0.519,109000000,11000000,98000000,109000000,0,57000000.0,0,0.001,0.026,744000000.0,801000000.0,0.497,801000000.0,744000000.0,714000000.0,0.128,,0.128,22676000000,,22676000000,74482029698.0,,,423000000.0,0.098,1.0,1303000000.0,0.808,21022000000,30000000.0,1702000000,,0,665000000,477000000,188000000,11766000000,6065000000,5701000000,80135029698.0,721000000.0,-1000000.0,0.0,-4000000.0,0.0,182000000.0,30000000.0,117000000.0,509000000.0,0.0,422000000.0,422000000.0,422000000.0,0.0,0.0,0.262,655000000.0,648000000.0,1355000000,0.203,3.534,,,1048000000,0.0,18.483,,,1572000000,,1613000000.0,1613000000.0,0.0,,,,,28000000.0,440000000.0,1.0,4335724588,4335724588,,0.372,13420000000,587000000,292000000.0,3545000000,3.095,4696000000
53,V,ARQ,2008-03-31,2008-05-13,2008-03-31,2021-07-29,0,33869000000,,10086000000,23783000000,,5.147,-166000000.0,5041000000,5041000000,289000000.0,314000000.0,1.727,0.518,112000000,72000000,40000000,112000000,0,59000000.0,0,0.0,0.0,411000000.0,470000000.0,0.323,470000000.0,411000000.0,370000000.0,0.098,,0.098,22315000000,,22315000000,84366223763.0,,,-600000000.0,-0.138,1.0,1164000000.0,0.801,21099000000,41000000.0,2000000000,,0,792000000,598000000,194000000,11554000000,5841000000,5713000000,89295223763.0,3343000000.0,0.0,5654000000.0,-4000000.0,0.0,3479000000.0,298000000.0,464000000.0,-434000000.0,0.0,314000000.0,314000000.0,314000000.0,0.0,0.0,0.216,815000000.0,349000000.0,1027000000,0.0,4.002,,,1018000000,0.0,20.595,,,1478000000,,1453000000.0,1453000000.0,0.0,,,,,19000000.0,368000000.0,1.0,4335771972,4335771972,,0.335,12770000000,541000000,56000000.0,3563000000,2.945,4245000000
54,V,ARQ,2007-12-31,2008-02-13,2007-12-31,2021-07-29,0,27742000000,,5813000000,21929000000,,5.392,-67000000.0,1698000000,1698000000,283000000.0,424000000.0,1.122,0.66,115000000,75000000,40000000,115000000,0,62000000.0,0,,0.0,728000000.0,790000000.0,0.531,790000000.0,728000000.0,683000000.0,0.138,0.138,0.138,16716000000,,16716000000,,,,115000000.0,0.037,1.0,1205000000.0,0.81,19938000000,45000000.0,1042000000,,0,1109000000,729000000,380000000,11026000000,5179000000,5847000000,,1423000000.0,1003000000.0,0.0,-10000000.0,0.0,-10000000.0,1251000000.0,315000000.0,182000000.0,0.0,424000000.0,424000000.0,424000000.0,0.0,0.0,0.285,519000000.0,686000000.0,1088000000,0.0,,,,912000000,0.0,,,,1501000000,-69000000.0,1488000000.0,1488000000.0,0.0,,,,,0.0,421000000.0,1.0,3609552388,3100322048,3100322048.0,0.48,7804000000,774000000,259000000.0,3658000000,2.517,634000000
55,V,ARQ,2007-12-31,2008-02-04,2007-12-31,2021-07-29,0,27742000000,,5813000000,21929000000,,5.392,-67000000.0,1698000000,1698000000,283000000.0,424000000.0,1.122,0.66,115000000,75000000,40000000,115000000,0,62000000.0,0,,0.0,728000000.0,790000000.0,0.531,790000000.0,728000000.0,683000000.0,0.138,0.138,0.138,16716000000,,16716000000,,,,115000000.0,0.037,1.0,1205000000.0,0.81,19938000000,45000000.0,1042000000,,0,1109000000,729000000,380000000,11026000000,5179000000,5847000000,,1423000000.0,1003000000.0,0.0,-10000000.0,0.0,-10000000.0,1251000000.0,315000000.0,182000000.0,0.0,424000000.0,424000000.0,424000000.0,0.0,0.0,0.285,519000000.0,686000000.0,1088000000,0.0,,,,912000000,0.0,,,,1501000000,-69000000.0,1488000000.0,1488000000.0,0.0,,,,,0.0,421000000.0,1.0,3626330080,3100322048,3100322048.0,0.48,7804000000,774000000,259000000.0,3658000000,2.517,634000000
56,V,ARQ,2007-09-30,2007-12-21,2007-09-30,2021-07-29,-328000,4390117000,,2506939000,1883178000,,-0.138,,275379000,275379000,,,0.764,-9.68,41280000,41280000,0,41280000,0,,3320000,,0.0,,,,,,,,,,-501327000,,-501327000,,,,,,1.0,,,0,,873929000,,0,1711102000,747080000,964022000,4852834000,3282089000,1570745000,,,,,,,,,,,,,,,,,,,,148468000,,,,,313092000,,,,,254716000,-500999000.0,,,,,,,,,,1.0,3626330080,3626330080,,,4390117000,1265639000,,0,1.211,-775150000
0,V,ART,2021-06-30,2021-07-29,2021-06-30,2021-07-29,601000000,82671000000,81052750000.0,28042000000,54629000000,0.279,19.419,-665000000.0,18928000000,18928000000,4115000000.0,10864000000.0,2.0,1.188,20996000000,0,20996000000,20996000000,0,798000000.0,0,0.005,1.26,15353000000.0,16151000000.0,0.713,16151000000.0,15353000000.0,14820000000.0,4.96,4.95,4.96,37790000000,37343750000.0,37790000000,483862127605.0,32.0,29.959,12687000000.0,6.52,1.0,18532000000.0,0.818,44044000000,533000000.0,26672000000,27990250000.0,0,2317000000,1206000000,1111000000,44881000000,14023000000,30858000000,481794127605.0,4340000000.0,-75000000.0,-7185000000.0,227000000.0,-2764000000.0,-10036000000.0,665000000.0,1304000000.0,13352000000.0,359000000.0,10864000000.0,10864000000.0,10864000000.0,0.0,0.0,0.48,3901000000.0,14631000000.0,2548000000,0.254,12.749,44.348,49.984,2707000000,0.0,247.92,21.274,21.303,3515000000,15294000000.0,22647000000.0,22647000000.0,0.0,0.134,0.291,0.549,0.678,528000000.0,2370000000.0,1.0,1943345142,1946000000,2439000000.0,11.638,38627000000,0,3956000000.0,6240000000,19.849,14019000000
1,V,ART,2021-03-31,2021-04-29,2021-03-31,2021-07-29,372000000,80195000000,79856000000.0,26901000000,53294000000,0.267,19.321,-647000000.0,17388000000,17388000000,3958000000.0,10662000000.0,2.116,1.127,20974000000,0,20974000000,20974000000,0,791000000.0,0,0.005,1.24,13907000000.0,14698000000.0,0.688,14698000000.0,13907000000.0,13363000000.0,4.85,4.84,4.85,37696000000,36777250000.0,37696000000,464980170364.0,33.0,31.636,11293000000.0,5.788,1.0,17396000000.0,0.815,43803000000,544000000.0,27267000000,27481750000.0,0,2168000000,2058000000,110000000,42499000000,12711000000,29788000000,461394170364.0,6742000000.0,-75000000.0,-6076000000.0,3211000000.0,-2729000000.0,-6026000000.0,460000000.0,1101000000.0,11940000000.0,368000000.0,10662000000.0,10662000000.0,10662000000.0,0.0,0.0,0.499,3830000000.0,13566000000.0,2126000000,0.256,12.24,43.275,48.837,2684000000,0.0,236.86,21.607,21.641,3225000000,15513000000.0,21354000000.0,21354000000.0,0.0,0.134,0.29,0.506,0.651,476000000.0,2317000000.0,1.0,1947961540,1951000000,2449000000.0,10.945,36392000000,0,2701000000.0,5212000000,18.653,14190000000
2,V,ART,2020-12-31,2021-01-29,2020-12-31,2021-07-29,1154000000,80426000000,78012250000.0,26280000000,54146000000,0.275,19.323,-705000000.0,15926000000,15926000000,3784000000.0,10720000000.0,2.121,1.135,21055000000,0,21055000000,21055000000,0,782000000.0,0,0.006,1.22,14105000000.0,14887000000.0,0.693,14887000000.0,14105000000.0,13564000000.0,4.86,4.84,4.86,37679000000,35999500000.0,37679000000,382413433913.0,27.0,25.688,9373000000.0,4.807,1.0,17695000000.0,0.824,44714000000,541000000.0,28451000000,25915000000.0,0,3170000000,3009000000,161000000,42747000000,12390000000,30357000000,377284433913.0,5792000000.0,-75000000.0,-7491000000.0,4212000000.0,-2696000000.0,-6407000000.0,1504000000.0,2204000000.0,10078000000.0,617000000.0,10720000000.0,10720000000.0,10720000000.0,0.0,0.0,0.499,3786000000.0,13909000000.0,2179000000,0.251,10.013,35.194,39.763,2713000000,0.0,193.25,17.565,17.544,3342000000,14813000000.0,21479000000.0,21479000000.0,0.0,0.137,0.298,0.544,0.657,422000000.0,2273000000.0,1.0,1952312724,1950000000,2456000000.0,11.015,35712000000,0,2844000000.0,5343000000,18.314,13890000000
3,V,ART,2020-09-30,2020-11-19,2020-09-30,2021-07-29,354000000,80919000000,76601000000.0,27645000000,53274000000,0.285,18.541,-736000000.0,17190000000,17190000000,3785000000.0,10866000000.0,1.905,1.235,24070000000,2999000000,21071000000,24070000000,0,767000000.0,0,0.006,1.22,14306000000.0,15073000000.0,0.69,15073000000.0,14306000000.0,13790000000.0,4.9,4.89,4.9,36210000000,35397250000.0,36210000000,411347100563.0,29.0,27.29,9704000000.0,4.969,1.0,18061000000.0,0.827,43718000000,516000000.0,29571000000,23948250000.0,0,3983000000,3752000000,231000000,44709000000,14510000000,30199000000,404467100563.0,8339000000.0,-77000000.0,-8084000000.0,7212000000.0,-2664000000.0,-3968000000.0,1427000000.0,2168000000.0,10440000000.0,440000000.0,10866000000.0,10866000000.0,10866000000.0,0.0,0.0,0.497,3980000000.0,14081000000.0,1910000000,0.249,11.17,37.223,42.361,2737000000,0.0,207.57,18.514,18.556,2882000000,14088000000.0,21846000000.0,21846000000.0,0.0,0.142,0.307,0.597,0.655,416000000.0,2475000000.0,1.0,1948581686,1953000000,2479000000.0,11.186,37201000000,0,2924000000.0,5237000000,19.048,13135000000
4,V,ART,2020-06-30,2020-07-31,2020-06-30,2021-07-29,-279000000,77884000000,74514750000.0,25011000000,52873000000,0.307,18.255,-817000000.0,15046000000,15046000000,3734000000.0,11754000000.0,1.553,1.192,20879000000,2999000000,17880000000,20879000000,0,743000000.0,0,0.006,1.15,14937000000.0,15680000000.0,0.685,15680000000.0,14937000000.0,14446000000.0,5.26,5.26,5.26,35524000000,35015750000.0,35524000000,375662209882.0,25.0,23.958,11569000000.0,5.945,1.0,19148000000.0,0.837,42979000000,491000000.0,24638000000,22657750000.0,0,3286000000,2739000000,547000000,42360000000,16100000000,26260000000,369829209882.0,6265000000.0,-640000000.0,-8685000000.0,3985000000.0,-2565000000.0,-7383000000.0,1304000000.0,2654000000.0,12386000000.0,-42000000.0,11754000000.0,11754000000.0,11754000000.0,0.0,0.0,0.514,4474000000.0,14674000000.0,2878000000,0.219,10.411,31.464,36.198,2746000000,0.0,190.4,16.162,16.193,3564000000,14072000000.0,22882000000.0,22882000000.0,0.0,0.158,0.336,0.659,0.653,408000000.0,2623000000.0,1.0,1942380304,1946000000,2470000000.0,11.758,34905000000,0,2692000000.0,4728000000,17.937,8911000000
5,V,ART,2020-03-31,2020-05-04,2020-03-31,2021-07-29,-444000000,72820000000,72606000000.0,19907000000,52913000000,0.329,17.654,-850000000.0,11004000000,11004000000,3665000000.0,12482000000.0,1.249,1.106,17892000000,3999000000,13893000000,17892000000,0,711000000.0,0,0.006,1.1,15857000000.0,16568000000.0,0.694,16568000000.0,15857000000.0,15380000000.0,5.56,5.56,5.56,34585000000,34883500000.0,34585000000,349235118974.0,22.0,21.079,11918000000.0,6.084,1.0,20220000000.0,0.847,42766000000,477000000.0,21000000000,22677000000.0,0,3475000000,2411000000,1064000000,38235000000,15942000000,22293000000,342347118974.0,2534000000.0,-776000000.0,-9760000000.0,1001000000.0,-2467000000.0,-12462000000.0,2246000000.0,3741000000.0,12768000000.0,-18000000.0,12482000000.0,12482000000.0,12482000000.0,0.0,0.0,0.523,4637000000.0,15583000000.0,2030000000,0.198,9.899,27.427,31.682,2776000000,0.0,176.15,14.333,14.447,2948000000,13366000000.0,23885000000.0,23885000000.0,0.0,0.172,0.358,0.699,0.664,411000000.0,2806000000.0,1.0,1943497695,1959000000,2484000000.0,12.192,30054000000,0,2898000000.0,4796000000,15.342,3965000000
6,V,ART,2019-12-31,2020-01-31,2019-12-31,2021-07-29,-340000000,74781000000,71867250000.0,22319000000,52462000000,0.327,17.913,-790000000.0,10402000000,10402000000,3619000000.0,12375000000.0,1.27,1.12,16688000000,3000000000,13688000000,16688000000,0,679000000.0,0,0.005,1.05,15727000000.0,16406000000.0,0.697,16406000000.0,15727000000.0,15228000000.0,5.48,5.49,5.48,35270000000,34806000000.0,35270000000,396766009831.0,25.0,24.184,12575000000.0,6.386,1.0,19906000000.0,0.846,42904000000,499000000.0,20584000000,23555500000.0,0,5621000000,3902000000,1719000000,39511000000,17579000000,21932000000,390480009831.0,1148000000.0,-776000000.0,-8572000000.0,0.0,-2368000000.0,-12176000000.0,41000000.0,1561000000.0,13365000000.0,-82000000.0,12375000000.0,12375000000.0,12375000000.0,0.0,0.0,0.526,4606000000.0,15300000000.0,4410000000,0.192,11.071,31.554,36.308,2739000000,0.0,198.97,16.599,16.653,4934000000,13899000000.0,23525000000.0,23525000000.0,0.0,0.172,0.356,0.668,0.669,423000000.0,2805000000.0,1.0,1962506960,1969000000,2496000000.0,11.948,31877000000,0,2853000000.0,4810000000,16.189,4740000000
7,V,ART,2019-09-30,2019-11-14,2019-09-30,2021-07-29,-650000000,72574000000,71085750000.0,20970000000,51604000000,0.323,17.351,-756000000.0,9043000000,9043000000,3444000000.0,12080000000.0,1.563,1.092,16729000000,0,16729000000,16729000000,0,656000000.0,0,0.007,1.3,15417000000.0,16073000000.0,0.7,16073000000.0,15417000000.0,14884000000.0,5.32,5.32,5.32,34684000000,34512250000.0,34684000000,361671948376.0,23.0,22.502,12028000000.0,6.017,1.0,19533000000.0,0.85,42436000000,533000000.0,24409000000,24075500000.0,0,6393000000,4236000000,2157000000,37890000000,13415000000,24475000000,353985948376.0,-145000000.0,-699000000.0,-8556000000.0,0.0,-2269000000.0,-12061000000.0,-591000000.0,854000000.0,12784000000.0,-277000000.0,12080000000.0,12080000000.0,12080000000.0,0.0,0.0,0.526,4532000000.0,15001000000.0,4146000000,0.244,10.206,29.303,33.788,2695000000,0.0,179.75,15.406,15.638,4590000000,13502000000.0,22977000000.0,22977000000.0,0.0,0.17,0.35,0.64,0.671,407000000.0,2755000000.0,1.0,1969323774,1999000000,2529000000.0,11.494,30138000000,0,2804000000.0,4807000000,15.077,7555000000
8,V,ART,2019-06-30,2019-07-26,2019-06-30,2021-07-29,110000000,70249000000,70248500000.0,18305000000,51944000000,0.317,17.568,-702000000.0,8814000000,8814000000,3388000000.0,11900000000.0,1.69,1.007,16694000000,0,16694000000,16694000000,0,647000000.0,0,0.005,0.96,15274000000.0,15921000000.0,0.715,15921000000.0,15274000000.0,14711000000.0,5.21,5.21,5.21,34995000000,34342750000.0,34995000000,372305316225.0,24.0,23.385,11534000000.0,5.79,1.0,18886000000.0,0.848,42585000000,563000000.0,24715000000,23509500000.0,0,6183000000,3265000000,2918000000,35254000000,10829000000,24425000000,364425316225.0,-651000000.0,-136000000.0,-8022000000.0,0.0,-2189000000.0,-11447000000.0,-1366000000.0,-507000000.0,12236000000.0,-74000000.0,11900000000.0,11900000000.0,11900000000.0,0.0,0.0,0.534,4214000000.0,14672000000.0,2570000000,0.184,10.414,30.624,35.257,2549000000,0.0,183.69,16.361,16.428,3220000000,13040000000.0,22274000000.0,22274000000.0,0.0,0.169,0.347,0.65,0.686,406000000.0,2814000000.0,1.0,1983914836,1992000000,2522000000.0,11.182,27664000000,0,2811000000.0,4930000000,13.888,7476000000
9,V,ART,2019-03-31,2019-04-26,2019-03-31,2021-07-29,-86000000,69865000000,69730000000.0,18490000000,51375000000,0.311,17.095,-663000000.0,8547000000,8547000000,3368000000.0,11128000000.0,1.625,1.038,16630000000,0,16630000000,16630000000,0,634000000.0,0,0.006,0.92,14247000000.0,14881000000.0,0.687,14881000000.0,14247000000.0,13657000000.0,4.84,4.84,4.84,34275000000,33923500000.0,34275000000,333302109794.0,23.0,22.398,11826000000.0,5.898,1.0,18306000000.0,0.845,42054000000,590000000.0,24514000000,22591750000.0,0,7382000000,3876000000,3506000000,35590000000,11380000000,24210000000,325219109794.0,-675000000.0,0.0,-7632000000.0,0.0,-2111000000.0,-10343000000.0,-2343000000.0,-1591000000.0,12489000000.0,-478000000.0,11128000000.0,11128000000.0,11128000000.0,0.0,0.0,0.513,4657000000.0,13649000000.0,2200000000,0.19,9.489,29.225,33.663,2456000000,0.0,162.93,15.005,15.072,2978000000,12513000000.0,21674000000.0,21674000000.0,0.0,0.16,0.328,0.631,0.657,385000000.0,2686000000.0,1.0,1996066469,2005000000,2536000000.0,10.81,27811000000,0,2529000000.0,4911000000,13.871,7110000000
10,V,ART,2018-12-31,2019-01-31,2018-12-31,2021-07-29,275000000,71655000000,69524250000.0,20107000000,51548000000,0.306,16.904,-720000000.0,9785000000,9785000000,3298000000.0,10756000000.0,1.502,1.102,16633000000,0,16633000000,16633000000,0,627000000.0,0,0.007,0.88,13800000000.0,14427000000.0,0.679,14427000000.0,13800000000.0,13197000000.0,4.65,4.64,4.65,34095000000,33880500000.0,34095000000,277863945548.0,20.0,19.26,12525000000.0,6.21,1.0,17955000000.0,0.845,42450000000,603000000.0,22664000000,22258250000.0,0,7593000000,3461000000,4132000000,37560000000,13389000000,24171000000,271015945548.0,162000000.0,-196000000.0,-7755000000.0,0.0,-2032000000.0,-10387000000.0,-2447000000.0,-1531000000.0,13245000000.0,-249000000.0,10756000000.0,10756000000.0,10756000000.0,0.0,0.0,0.506,4611000000.0,13344000000.0,4014000000,0.189,7.949,25.197,29.034,2437000000,0.0,135.01,12.752,12.813,4528000000,11908000000.0,21253000000.0,21253000000.0,0.0,0.155,0.317,0.62,0.649,359000000.0,2671000000.0,1.0,2007376828,2017000000,2548000000.0,10.537,29205000000,0,2441000000.0,4835000000,14.479,6718000000
11,V,ART,2018-09-30,2018-11-16,2018-09-30,2021-07-29,547000000,69225000000,68399000000.0,18216000000,51009000000,0.301,16.596,-704000000.0,9653000000,9653000000,3170000000.0,10301000000.0,1.611,1.036,16630000000,0,16630000000,16630000000,0,613000000.0,0,0.006,0.88,13418000000.0,14031000000.0,0.681,14031000000.0,13418000000.0,12806000000.0,4.43,4.42,4.43,34006000000,33707000000.0,34006000000,289722535018.0,22.0,20.649,12009000000.0,5.861,1.0,17439000000.0,0.846,42752000000,612000000.0,22145000000,22372250000.0,0,7629000000,3547000000,4082000000,35219000000,11305000000,23914000000,282745535018.0,-1712000000.0,-196000000.0,-7122000000.0,-1750000000.0,-1918000000.0,-11240000000.0,-3084000000.0,-2184000000.0,12713000000.0,-101000000.0,10301000000.0,10301000000.0,10301000000.0,0.0,0.0,0.5,4485000000.0,12954000000.0,2351000000,0.199,8.315,27.448,31.643,2472000000,0.0,140.18,13.72,13.937,2790000000,11318000000.0,20609000000.0,20609000000.0,0.0,0.151,0.306,0.6,0.651,327000000.0,2579000000.0,1.0,2017017656,2049000000,2586000000.0,10.058,26473000000,0,2505000000.0,4618000000,12.92,6911000000
12,V,ART,2018-06-30,2018-07-27,2018-06-30,2021-07-29,741000000,68175000000,68087000000.0,18491000000,49684000000,0.294,16.324,-692000000.0,9992000000,9992000000,3010000000.0,9596000000.0,1.691,1.046,16627000000,0,16627000000,16627000000,0,597000000.0,0,0.006,0.78,12977000000.0,13574000000.0,0.678,13574000000.0,12977000000.0,12367000000.0,4.09,4.08,4.09,33318000000,33395500000.0,33318000000,292874523640.0,23.0,21.576,11294000000.0,5.534,1.0,17020000000.0,0.85,42832000000,610000000.0,21044000000,22457750000.0,0,6231000000,3396000000,2835000000,34857000000,10934000000,23923000000,286239523640.0,1068000000.0,-196000000.0,-7262000000.0,723000000.0,-1825000000.0,-8814000000.0,-2157000000.0,-1269000000.0,11986000000.0,53000000.0,9596000000.0,9596000000.0,9596000000.0,0.0,0.0,0.479,4260000000.0,12760000000.0,2455000000,0.191,8.591,29.829,34.403,2387000000,0.0,140.71,14.291,14.338,2835000000,10426000000.0,20030000000.0,20030000000.0,0.0,0.141,0.287,0.578,0.648,294000000.0,2396000000.0,1.0,2034251465,2041000000,2578000000.0,9.814,25343000000,0,2771000000.0,4802000000,12.417,7557000000
13,V,ART,2018-03-31,2018-04-27,2018-03-31,2021-07-29,1728000000,69042000000,67043250000.0,18536000000,50506000000,0.289,16.595,-732000000.0,9026000000,9026000000,2856000000.0,9326000000.0,1.941,1.025,16624000000,0,16624000000,16624000000,0,577000000.0,0,0.006,0.735,13064000000.0,13641000000.0,0.705,13641000000.0,13064000000.0,12469000000.0,3.96,3.94,3.96,34103000000,33052000000.0,34103000000,265151671563.0,20.0,19.438,11154000000.0,5.428,1.0,16499000000.0,0.852,43909000000,595000000.0,23180000000,22092250000.0,0,6179000000,3577000000,2602000000,34939000000,9551000000,25388000000,257553671563.0,1715000000.0,-196000000.0,-7205000000.0,723000000.0,-1732000000.0,-8064000000.0,-2670000000.0,-1742000000.0,11886000000.0,563000000.0,9326000000.0,9326000000.0,9326000000.0,0.0,0.0,0.482,3600000000.0,12899000000.0,3188000000,0.186,7.552,27.617,31.821,2366000000,0.0,126.01,13.307,13.379,3760000000,10192000000.0,19355000000.0,19355000000.0,0.0,0.139,0.282,0.591,0.675,272000000.0,2367000000.0,1.0,2043914543,2055000000,2594000000.0,9.418,25133000000,0,3143000000.0,5110000000,12.23,8985000000
14,V,ART,2017-12-31,2018-02-01,2017-12-31,2021-07-29,1203000000,67154000000,65589500000.0,17287000000,49867000000,0.286,16.144,-665000000.0,9021000000,9021000000,2736000000.0,7151000000.0,2.067,1.011,16621000000,0,16621000000,16621000000,0,555000000.0,0,0.005,0.69,12531000000.0,13086000000.0,0.698,13086000000.0,12531000000.0,11954000000.0,3.02,3.01,3.02,33401000000,32222000000.0,33401000000,266650865521.0,21.0,20.377,8797000000.0,4.252,1.0,16023000000.0,0.854,43271000000,577000000.0,23120000000,21350250000.0,0,6087000000,3413000000,2674000000,33753000000,8363000000,25390000000,259050865521.0,2314000000.0,-302000000.0,-6734000000.0,157000000.0,-1638000000.0,-8065000000.0,445000000.0,1412000000.0,9462000000.0,472000000.0,7151000000.0,7151000000.0,7151000000.0,0.0,0.0,0.381,3652000000.0,12371000000.0,2410000000,0.228,7.756,36.226,41.629,2238000000,0.0,125.72,13.809,13.866,2899000000,9966000000.0,18759000000.0,18759000000.0,0.0,0.109,0.222,0.587,0.668,258000000.0,2458000000.0,1.0,2060538224,2069000000,2611000000.0,9.067,23883000000,0,4803000000.0,5107000000,11.543,8924000000
15,V,ART,2017-09-30,2017-11-17,2017-09-30,2021-07-29,878000000,67977000000,64643500000.0,19023000000,48954000000,0.284,15.57,-695000000.0,10905000000,10905000000,2628000000.0,6699000000.0,1.903,1.075,18367000000,1749000000,16618000000,18367000000,0,556000000.0,0,0.006,0.69,12257000000.0,12813000000.0,0.698,12813000000.0,12257000000.0,11694000000.0,2.8,2.8,2.8,32760000000,31803250000.0,32760000000,234969787147.0,19.0,18.338,8513000000.0,4.046,1.0,15730000000.0,0.857,42958000000,563000000.0,22487000000,20909000000.0,0,5490000000,3564000000,1926000000,35217000000,9994000000,25223000000,227507787147.0,4255000000.0,-302000000.0,-6818000000.0,2473000000.0,-1579000000.0,-5924000000.0,735000000.0,1732000000.0,9208000000.0,236000000.0,6699000000.0,6699000000.0,6699000000.0,0.0,0.0,0.365,3586000000.0,12144000000.0,2182000000,0.246,6.945,33.961,39.221,2253000000,0.0,109.82,12.393,12.586,2554000000,9508000000.0,18358000000.0,18358000000.0,0.0,0.104,0.211,0.586,0.668,235000000.0,2391000000.0,1.0,2071642571,2104000000,2654000000.0,8.725,25019000000,0,4995000000.0,5980000000,11.891,9029000000
16,V,ART,2017-06-30,2017-07-20,2017-06-30,2021-07-29,118000000,64000000000,63658000000.0,15718000000,48282000000,0.279,15.219,-653000000.0,8467000000,8467000000,2663000000.0,6490000000.0,1.653,1.004,15891000000,1749000000,14142000000,15891000000,0,550000000.0,0,0.006,0.635,11655000000.0,12205000000.0,0.687,12205000000.0,11655000000.0,11105000000.0,2.71,2.69,2.71,31944000000,31841250000.0,31944000000,212283796374.0,18.0,17.393,8240000000.0,3.926,1.0,15101000000.0,0.85,42331000000,550000000.0,19582000000,21018500000.0,0,4871000000,2754000000,2117000000,32056000000,9511000000,22545000000,204859796374.0,1550000000.0,-302000000.0,-6779000000.0,0.0,-1528000000.0,-8295000000.0,830000000.0,1785000000.0,8893000000.0,122000000.0,6490000000.0,6490000000.0,6490000000.0,0.0,0.0,0.365,3544000000.0,11557000000.0,2205000000,0.234,6.413,31.565,36.203,2202000000,0.0,98.11,11.532,11.593,2524000000,9299000000.0,17764000000.0,17764000000.0,0.0,0.102,0.204,0.555,0.656,240000000.0,2362000000.0,1.0,2088062342,2099000000,2644000000.0,8.463,21669000000,0,4615000000.0,5888000000,10.323,6207000000
17,V,ART,2017-03-31,2017-04-21,2017-03-31,2021-07-29,-980000000,63227000000,63624750000.0,15505000000,47722000000,0.265,14.561,-590000000.0,7456000000,7456000000,2474000000.0,4843000000.0,1.519,1.054,15888000000,1748000000,14140000000,15888000000,0,538000000.0,0,0.007,0.61,9154000000.0,9692000000.0,0.576,9692000000.0,9154000000.0,8613000000.0,2.01,2.0,2.01,30783000000,32062000000.0,30783000000,200343587479.0,22.0,20.671,5069000000.0,2.398,1.0,14355000000.0,0.853,41241000000,541000000.0,20212000000,21854750000.0,0,4422000000,1495000000,2927000000,32444000000,10206000000,22238000000,191911587479.0,-9516000000.0,-9370000000.0,-6631000000.0,-2000000.0,-1469000000.0,-8218000000.0,-6802000000.0,3158000000.0,5659000000.0,-155000000.0,4843000000.0,4843000000.0,4843000000.0,0.0,0.0,0.288,5394000000.0,8961000000.0,2999000000,0.303,6.234,39.627,45.348,2133000000,0.0,91.15,11.404,11.45,4431000000,9140000000.0,16829000000.0,16829000000.0,0.0,0.076,0.151,0.419,0.544,220000000.0,2382000000.0,1.0,2105448025,2114000000,2666000000.0,7.961,21986000000,0,3770000000.0,5731000000,10.4,5299000000
18,V,ART,2016-12-31,2017-02-02,2016-12-31,2021-07-29,-1369000000,63370000000,61399500000.0,14689000000,48681000000,0.26,14.951,-568000000.0,6852000000,6852000000,2298000000.0,6120000000.0,1.42,0.997,16451000000,2313000000,14138000000,16451000000,0,528000000.0,0,0.007,0.585,8890000000.0,9418000000.0,0.589,9418000000.0,8890000000.0,8352000000.0,2.54,2.53,2.54,31726000000,31649000000.0,31726000000,183913619905.0,21.0,19.528,5535000000.0,2.608,1.0,13680000000.0,0.856,41273000000,538000000.0,21355000000,23027250000.0,0,7531000000,3697000000,3834000000,31644000000,10341000000,21303000000,174314619905.0,-7013000000.0,-9082000000.0,-6814000000.0,545000000.0,-1409000000.0,-7787000000.0,-5139000000.0,4511000000.0,6103000000.0,-190000000.0,6120000000.0,6120000000.0,6120000000.0,0.0,0.0,0.383,5093000000.0,8587000000.0,2177000000,0.23,5.494,28.483,32.402,2201000000,0.0,82.3,10.91,10.93,2453000000,10492000000.0,15978000000.0,15978000000.0,0.0,0.1,0.193,0.386,0.556,200000000.0,2116000000.0,1.0,2118039124,2122000000,2683000000.0,7.53,22097000000,0,2232000000.0,4822000000,10.413,4348000000
19,V,ART,2016-09-30,2016-11-15,2016-09-30,2021-07-29,-458000000,64035000000,59301250000.0,14313000000,49722000000,0.254,15.167,-523000000.0,6646000000,6646000000,2226000000.0,5991000000.0,1.779,0.946,15882000000,0,15882000000,15882000000,0,502000000.0,0,0.005,0.42,8439000000.0,8941000000.0,0.593,8941000000.0,8439000000.0,8012000000.0,2.49,2.48,2.49,32912000000,31086500000.0,32912000000,176582940544.0,21.0,19.75,5051000000.0,2.328,1.0,12856000000.0,0.852,42300000000,427000000.0,22925000000,24795000000.0,0,7286000000,3319000000,3967000000,31123000000,8046000000,23077000000,167346940544.0,2101000000.0,-9082000000.0,-6984000000.0,15873000000.0,-1350000000.0,7477000000.0,-10916000000.0,-1311000000.0,5574000000.0,-34000000.0,5991000000.0,5991000000.0,5991000000.0,0.0,0.0,0.397,4973000000.0,7883000000.0,2287000000,0.169,5.085,27.933,31.554,2150000000,0.0,78.57,11.096,11.305,2508000000,10462000000.0,15082000000.0,15082000000.0,0.0,0.101,0.193,0.34,0.56,158000000.0,2054000000.0,1.0,2129908878,2170000000,2678000000.0,6.95,21735000000,0,2021000000.0,4808000000,10.016,6267000000
20,V,ART,2016-06-30,2016-07-25,2016-06-30,2021-07-29,-543000000,63867000000,53351500000.0,14374000000,49493000000,0.27,15.184,-520000000.0,6914000000,6914000000,2057000000.0,5572000000.0,1.847,0.946,15879000000,0,15879000000,15879000000,0,480000000.0,0,0.007,0.54,8077000000.0,8557000000.0,0.595,8557000000.0,8077000000.0,7785000000.0,2.3,2.3,2.3,32827000000,30319000000.0,32827000000,178636372790.0,22.0,20.876,4336000000.0,2.006,1.0,12335000000.0,0.857,42122000000,292000000.0,22927000000,20835250000.0,0,6657000000,2865000000,3792000000,31040000000,7783000000,23257000000,169671372790.0,3740000000.0,-9082000000.0,-5309000000.0,15873000000.0,-1303000000.0,9264000000.0,-10318000000.0,-716000000.0,4856000000.0,-62000000.0,5572000000.0,5572000000.0,5572000000.0,0.0,0.0,0.387,4794000000.0,7541000000.0,2114000000,0.235,5.169,30.451,34.322,2136000000,0.0,78.94,11.789,11.859,2565000000,10334000000.0,14392000000.0,14392000000.0,0.0,0.104,0.184,0.388,0.561,143000000.0,1914000000.0,1.0,2149371330,2162000000,2649000000.0,6.657,21745000000,0,2213000000.0,4977000000,10.058,6591000000
21,V,ART,2016-03-31,2016-04-25,2016-03-31,2021-07-29,-96000000,54326000000,47242000000.0,24303000000,30023000000,0.302,13.406,-462000000.0,17004000000,17004000000,2114000000.0,6857000000.0,4.742,0.865,15876000000,0,15876000000,15876000000,0,490000000.0,0,0.007,0.52,9692000000.0,10182000000.0,0.713,10182000000.0,9692000000.0,9531000000.0,2.82,2.82,2.82,29131000000,29269000000.0,29131000000,168370432530.0,17.0,16.536,6202000000.0,2.854,1.0,12166000000.0,0.852,23171000000,161000000.0,24902000000,16891000000.0,0,7571000000,3954000000,3617000000,25195000000,5125000000,20070000000,169498432530.0,13904000000.0,-107000000.0,-4822000000.0,15875000000.0,-1262000000.0,9964000000.0,-2724000000.0,-2155000000.0,6664000000.0,0.0,6857000000.0,6857000000.0,6857000000.0,0.0,0.0,0.48,2791000000.0,9375000000.0,813000000,0.184,5.818,24.719,27.709,1883000000,0.0,78.14,11.87,11.891,1358000000,11582000000.0,14280000000.0,14280000000.0,0.0,0.145,0.234,0.574,0.679,134000000.0,1784000000.0,1.0,2169163457,2173000000,2665000000.0,6.572,31155000000,0,2674000000.0,3256000000,14.337,19178000000
22,V,ART,2015-12-31,2016-01-28,2015-12-31,2021-07-29,-49000000,54977000000,43369250000.0,25473000000,29504000000,0.324,13.386,-426000000.0,13898000000,13898000000,2069000000.0,6700000000.0,4.755,0.865,15877000000,0,15877000000,15877000000,0,494000000.0,0,0.007,0.5,9401000000.0,9895000000.0,0.704,9895000000.0,9401000000.0,9372000000.0,2.74,2.74,2.74,29476000000,29045500000.0,29476000000,153399580294.0,16.0,15.503,6376000000.0,2.896,1.0,11994000000.0,0.853,23173000000,29000000.0,28426000000,12426250000.0,0,12018000000,8508000000,3510000000,25501000000,5357000000,20144000000,151420580294.0,10752000000.0,-93000000.0,-4130000000.0,15894000000.0,-1220000000.0,10943000000.0,-6993000000.0,-6474000000.0,6802000000.0,0.0,6700000000.0,6700000000.0,6700000000.0,0.0,0.0,0.476,2772000000.0,9222000000.0,862000000,0.182,5.137,22.6,25.303,1884000000,0.0,69.33,10.767,10.856,1365000000,11701000000.0,14063000000.0,14063000000.0,0.0,0.154,0.231,0.757,0.668,119000000.0,1776000000.0,1.0,2184055680,2202000000,2695000000.0,6.386,31804000000,0,2672000000.0,3344000000,14.443,20116000000
23,V,ART,2015-09-30,2015-11-20,2015-09-30,2021-07-29,-74000000,40236000000,39346000000.0,10892000000,29344000000,0.353,13.436,-404000000.0,4590000000,4590000000,2079000000.0,6328000000.0,2.027,0.348,0,0,0,0,0,494000000.0,0,0.006,0.5,8995000000.0,9489000000.0,0.684,9489000000.0,8995000000.0,8995000000.0,2.58,2.58,2.58,29842000000,28662000000.0,29842000000,172753659152.0,19.0,18.206,6180000000.0,2.783,1.0,11801000000.0,0.85,23186000000,0.0,7086000000,6933500000.0,0,5886000000,2497000000,3389000000,10394000000,5374000000,5020000000,177343659152.0,1547000000.0,-93000000.0,-2936000000.0,0.0,-1177000000.0,-3603000000.0,-1435000000.0,-938000000.0,6584000000.0,1000000.0,6328000000.0,6328000000.0,6328000000.0,0.0,0.0,0.456,2737000000.0,9064000000.0,907000000,0.194,5.943,28.025,31.081,1888000000,0.0,80.19,12.777,12.832,1255000000,11843000000.0,13880000000.0,13880000000.0,0.0,0.161,0.221,1.297,0.648,103000000.0,1755000000.0,1.0,2211543324,2221000000,2724000000.0,6.249,17050000000,871000000,2667000000.0,4123000000,7.677,5518000000
24,V,ART,2015-06-30,2015-07-23,2015-06-30,2021-07-29,-4000000,39429000000,38929250000.0,10068000000,29361000000,0.348,12.895,-493000000.0,3290000000,3290000000,2054000000.0,5889000000.0,1.739,0.377,0,0,0,0,0,487000000.0,0,0.006,0.46,8262000000.0,8749000000.0,0.646,8749000000.0,8262000000.0,8262000000.0,2.39,2.385,2.39,28627000000,28054750000.0,28627000000,155715855620.0,19.0,17.798,6150000000.0,2.77,1.0,11484000000.0,0.848,23200000000,0.0,7150000000,6644500000.0,0,5880000000,2575000000,3305000000,10802000000,5789000000,5013000000,159005855620.0,89000000.0,-108000000.0,-3694000000.0,0.0,-1133000000.0,-4779000000.0,-1775000000.0,-1174000000.0,6643000000.0,0.0,5889000000.0,5889000000.0,5889000000.0,0.0,0.0,0.435,3151000000.0,8333000000.0,1326000000,0.192,5.554,27.0,30.021,1847000000,0.0,71.75,11.745,11.766,1596000000,10623000000.0,13538000000.0,13538000000.0,0.0,0.151,0.21,1.243,0.61,95000000.0,1740000000.0,1.0,2216109486,2220000000,2713000000.0,6.098,16229000000,834000000,2373000000.0,4134000000,7.31,4279000000
25,V,ART,2015-03-31,2015-04-30,2015-03-31,2021-07-29,31000000,38835000000,38490750000.0,10105000000,28730000000,0.342,12.674,-528000000.0,3217000000,3217000000,1951000000.0,5552000000.0,1.857,0.375,0,0,0,0,0,466000000.0,0,0.007,0.44,8124000000.0,8590000000.0,0.652,8590000000.0,8124000000.0,8124000000.0,2.243,2.237,2.243,28237000000,27719500000.0,28237000000,143687619721.0,18.0,16.727,5946000000.0,2.669,1.0,11224000000.0,0.852,23132000000,0.0,7043000000,6364500000.0,0,5352000000,2567000000,2785000000,10598000000,5443000000,5155000000,146904619721.0,219000000.0,-149000000.0,-3793000000.0,0.0,-1090000000.0,-4863000000.0,-1392000000.0,-715000000.0,6474000000.0,0.0,5552000000.0,5552000000.0,5552000000.0,0.0,0.0,0.421,3133000000.0,8091000000.0,1207000000,0.196,5.203,26.46,29.447,1843000000,0.0,66.05,11.15,11.17,1575000000,10108000000.0,13175000000.0,13175000000.0,0.0,0.144,0.2,1.276,0.617,84000000.0,1733000000.0,1.0,2224142615,2228000000,2725000000.0,5.913,15703000000,838000000,2572000000.0,4131000000,7.048,4662000000
26,V,ART,2014-12-31,2015-01-29,2014-12-31,2021-07-29,10000000,38884000000,38097750000.0,9864000000,29020000000,0.339,9.179,-537000000.0,3483000000,3483000000,1914000000.0,5600000000.0,1.701,0.392,0,0,0,0,0,448000000.0,0,0.007,0.42,7903000000.0,8351000000.0,0.646,8351000000.0,7903000000.0,7903000000.0,2.245,2.237,2.245,27942000000,27484000000.0,27942000000,184560061200.0,23.0,22.1,6888000000.0,2.263,1.0,11015000000.0,0.852,23148000000,0.0,6455000000,6198500000.0,0,5534000000,2495000000,3039000000,10942000000,5798000000,5144000000,188043061200.0,-36000000.0,-149000000.0,-3856000000.0,0.0,-1049000000.0,-6160000000.0,-1301000000.0,-615000000.0,7425000000.0,0.0,5600000000.0,5600000000.0,5600000000.0,0.0,0.0,0.433,3157000000.0,7858000000.0,990000000,0.187,6.73,33.579,27.617,1861000000,0.0,62.0,14.544,14.597,1400000000,9732000000.0,12929000000.0,12929000000.0,0.0,0.147,0.204,1.275,0.611,78000000.0,1767000000.0,1.0,3032952600,3044000000,3544000000.0,4.247,15736000000,927000000,2303000000.0,4139000000,5.17,4066000000
27,V,ART,2014-09-30,2014-11-21,2014-09-30,2021-07-29,-17000000,38569000000,37438750000.0,9562000000,29007000000,0.339,8.912,-553000000.0,3469000000,3469000000,1875000000.0,5438000000.0,1.592,0.407,0,0,0,0,0,435000000.0,0,0.007,0.42,7724000000.0,8159000000.0,0.642,8159000000.0,7724000000.0,7724000000.0,2.163,2.155,2.163,27413000000,27252000000.0,27413000000,190397033501.0,25.0,23.336,6652000000.0,2.163,1.0,10827000000.0,0.852,23164000000,0.0,5930000000,6254250000.0,0,5025000000,1979000000,3046000000,11156000000,6006000000,5150000000,193866033501.0,-215000000.0,-149000000.0,-4113000000.0,0.0,-1006000000.0,-6478000000.0,-941000000.0,-239000000.0,7205000000.0,-1000000.0,5438000000.0,5438000000.0,5438000000.0,0.0,0.0,0.428,3130000000.0,7697000000.0,1479000000,0.194,7.072,35.65,29.383,1892000000,0.0,63.555,15.263,15.391,1608000000,9131000000.0,12702000000.0,12702000000.0,0.0,0.145,0.2,1.235,0.608,82000000.0,1735000000.0,1.0,3050366352,3076000000,3608000000.0,4.129,15405000000,1119000000,2286000000.0,4145000000,5.008,3556000000
28,V,ART,2014-06-30,2014-07-24,2014-06-30,2021-07-29,-16000000,37675000000,36785500000.0,9025000000,28650000000,0.338,8.894,-464000000.0,3163000000,3163000000,1878000000.0,5557000000.0,1.698,0.381,0,0,0,0,0,429000000.0,0,0.007,0.383,7940000000.0,8369000000.0,0.672,8369000000.0,7940000000.0,7940000000.0,2.19,2.185,2.19,27286000000,27116250000.0,27286000000,167320034531.0,21.0,19.993,6993000000.0,2.279,1.0,10568000000.0,0.849,23168000000,0.0,6030000000,6360250000.0,0,4862000000,2006000000,2856000000,10389000000,5314000000,5075000000,170483034531.0,605000000.0,-134000000.0,-4667000000.0,0.0,-969000000.0,-6600000000.0,-252000000.0,346000000.0,7457000000.0,0.0,5557000000.0,5557000000.0,5557000000.0,0.0,0.0,0.446,2672000000.0,7896000000.0,1408000000,0.175,6.248,30.679,25.427,1772000000,0.0,55.685,13.698,13.727,1599000000,8909000000.0,12446000000.0,12446000000.0,0.0,0.151,0.205,1.248,0.638,78000000.0,1742000000.0,1.0,3061561184,3068000000,3596000000.0,4.057,14507000000,856000000,2383000000.0,4170000000,4.728,3711000000
29,V,ART,2014-03-31,2014-04-24,2014-03-31,2021-07-29,26000000,37263000000,36188000000.0,8507000000,28756000000,0.34,8.839,-477000000.0,2925000000,2925000000,1908000000.0,5422000000.0,1.715,0.365,0,0,0,0,0,421000000.0,0,0.007,0.365,7743000000.0,8164000000.0,0.664,8164000000.0,7743000000.0,7743000000.0,2.12,2.112,2.12,27295000000,27045500000.0,27295000000,158444507807.0,20.0,19.408,7195000000.0,2.33,1.0,10384000000.0,0.845,22998000000,0.0,6379000000,6618500000.0,0,4817000000,1674000000,3143000000,9968000000,4961000000,5007000000,161369507807.0,443000000.0,0.0,-4503000000.0,-1000000.0,-934000000.0,-6408000000.0,-821000000.0,-344000000.0,7672000000.0,0.0,5422000000.0,5422000000.0,5422000000.0,0.0,0.0,0.441,2680000000.0,7704000000.0,1213000000,0.172,5.912,29.762,24.693,1760000000,0.0,52.35,13.128,13.151,1584000000,8714000000.0,12292000000.0,12292000000.0,0.0,0.15,0.2,1.17,0.63,84000000.0,1769000000.0,1.0,3082512088,3088000000,3620000000.0,3.981,14265000000,883000000,2321000000.0,4146000000,4.619,3546000000
30,V,ART,2013-12-31,2014-01-30,2013-12-31,2021-07-29,43000000,36248000000,35637000000.0,7765000000,28483000000,0.339,8.692,-491000000.0,2170000000,2170000000,1948000000.0,5094000000.0,1.771,0.342,0,0,0,0,0,412000000.0,0,0.006,0.348,7539000000.0,7951000000.0,0.658,7951000000.0,7539000000.0,7539000000.0,1.97,1.962,1.97,27014000000,26945500000.0,27014000000,169203634825.0,22.0,21.281,6896000000.0,2.219,1.0,10139000000.0,0.839,23015000000,0.0,6678000000,6780750000.0,0,5079000000,1969000000,3110000000,9234000000,4385000000,4849000000,171373634825.0,787000000.0,0.0,-5204000000.0,-1000000.0,-898000000.0,-6025000000.0,-575000000.0,-84000000.0,7387000000.0,0.0,5094000000.0,5094000000.0,5094000000.0,0.0,0.0,0.421,2623000000.0,7516000000.0,1347000000,0.177,6.344,33.642,28.03,1746000000,0.0,55.22,14.178,14.199,1728000000,8269000000.0,12087000000.0,12087000000.0,0.0,0.143,0.189,1.112,0.624,98000000.0,1721000000.0,1.0,3103470388,3108000000,3644000000.0,3.889,13233000000,486000000,2445000000.0,4160000000,4.258,3380000000
31,V,ART,2013-09-30,2013-11-22,2013-09-30,2021-07-29,21000000,35956000000,35539750000.0,7822000000,28134000000,0.331,8.471,-471000000.0,2235000000,2235000000,1932000000.0,4980000000.0,1.804,0.338,0,0,0,0,0,397000000.0,0,0.007,0.348,7257000000.0,7654000000.0,0.65,7654000000.0,7257000000.0,7257000000.0,1.903,1.897,1.903,26870000000,27089000000.0,26870000000,155175865805.0,21.0,20.274,2551000000.0,0.804,1.0,9846000000.0,0.836,23032000000,0.0,6354000000,7022500000.0,0,4888000000,2069000000,2819000000,9086000000,4335000000,4751000000,157410865805.0,112000000.0,0.0,-5321000000.0,-6000000.0,-864000000.0,-1746000000.0,-1164000000.0,-693000000.0,3022000000.0,0.0,4980000000.0,4980000000.0,4980000000.0,0.0,0.0,0.423,2607000000.0,7239000000.0,1409000000,0.183,5.858,31.609,26.553,1732000000,0.0,50.53,13.365,13.609,1560000000,7974000000.0,11778000000.0,11778000000.0,0.0,0.14,0.184,1.033,0.616,105000000.0,1739000000.0,1.0,3115196236,3172000000,3716000000.0,3.713,12924000000,623000000,2277000000.0,4149000000,4.074,3487000000
32,V,ART,2013-06-30,2013-07-24,2013-06-30,2021-07-29,-116000000,35285000000,36554000000.0,6941000000,28344000000,0.316,8.567,-474000000.0,1502000000,1502000000,1904000000.0,5450000000.0,1.891,0.307,0,0,0,0,0,380000000.0,0,0.006,0.302,7022000000.0,7402000000.0,0.642,7402000000.0,7022000000.0,7079000000.0,2.055,2.045,2.055,27003000000,27279000000.0,27003000000,145562894994.0,21.0,19.665,1872000000.0,0.594,1.0,9632000000.0,0.835,23049000000,-57000000.0,7063000000,6047000000.0,0,5110000000,1895000000,3215000000,8282000000,3671000000,4611000000,147064894994.0,-105000000.0,0.0,-4131000000.0,-6000000.0,-800000000.0,-637000000.0,-1825000000.0,-1386000000.0,2346000000.0,11000000.0,5450000000.0,5450000000.0,5450000000.0,0.0,0.0,0.472,2622000000.0,7010000000.0,948000000,0.147,5.446,26.984,22.719,1689000000,0.0,46.688,12.748,12.757,1238000000,7989000000.0,11536000000.0,11536000000.0,0.0,0.149,0.2,1.161,0.609,81000000.0,1780000000.0,1.0,3149984364,3152000000,3696000000.0,3.66,12236000000,1029000000,1629000000.0,4043000000,3.882,3270000000
33,V,ART,2013-03-31,2013-05-01,2013-03-31,2021-07-29,-133000000,35059000000,37418000000.0,6914000000,28145000000,0.297,8.436,-460000000.0,1426000000,1426000000,1846000000.0,2386000000.0,1.954,0.304,0,0,0,0,0,363000000.0,0,0.007,0.275,2593000000.0,2956000000.0,0.266,2956000000.0,2593000000.0,2639000000.0,0.897,0.89,0.897,26895000000,27067750000.0,26895000000,130061762801.0,50.0,43.999,986000000.0,0.309,1.0,9254000000.0,0.834,23066000000,-46000000.0,7028000000,4763500000.0,0,4351000000,1342000000,3009000000,8164000000,3539000000,4625000000,131487762801.0,-665000000.0,-3000000.0,-3591000000.0,-5000000.0,-732000000.0,-21000000.0,-2093000000.0,-1665000000.0,1446000000.0,3000000.0,2386000000.0,2386000000.0,2386000000.0,0.0,0.0,0.215,6679000000.0,2575000000.0,840000000,0.307,4.889,55.108,46.271,1674000000,0.0,41.505,11.846,11.921,1290000000,7723000000.0,11100000000.0,11100000000.0,0.0,0.064,0.088,0.544,0.234,69000000.0,1770000000.0,1.0,3167998140,3188000000,3732000000.0,3.482,11993000000,1584000000,253000000.0,4046000000,3.762,3375000000
34,V,ART,2012-12-31,2013-02-06,2012-12-31,2021-07-29,-137000000,35859000000,37864750000.0,7387000000,28472000000,0.283,8.557,-410000000.0,1383000000,1383000000,1791000000.0,2408000000.0,1.971,0.3,0,0,0,0,0,345000000.0,0,0.006,0.247,2352000000.0,2697000000.0,0.252,2697000000.0,2352000000.0,2391000000.0,0.895,0.887,0.895,27588000000,27474250000.0,27588000000,127821570690.0,54.0,47.394,489000000.0,0.152,1.0,8929000000.0,0.833,23084000000,-39000000.0,7645000000,3964000000.0,0,4886000000,1451000000,3435000000,8271000000,3747000000,4524000000,129204570690.0,-608000000.0,-3000000.0,-1752000000.0,-6000000.0,-663000000.0,1959000000.0,-3473000000.0,-3095000000.0,899000000.0,7000000.0,2408000000.0,2408000000.0,2408000000.0,0.0,0.0,0.225,6608000000.0,2321000000.0,1186000000,0.276,4.683,53.656,44.922,1641000000,0.0,40.205,12.053,12.092,1660000000,7997000000.0,10720000000.0,10720000000.0,0.0,0.064,0.088,0.593,0.219,54000000.0,1734000000.0,1.0,3213644340,3224000000,3776000000.0,3.325,12775000000,1730000000,-17000000.0,4057000000,3.962,3640000000
35,V,ART,2012-09-30,2012-11-16,2012-09-30,2021-07-29,-171000000,40013000000,37842000000.0,11786000000,28227000000,0.275,8.528,-374000000.0,6506000000,6506000000,1726000000.0,2142000000.0,1.482,0.448,0,0,0,0,0,333000000.0,0,0.007,0.247,2180000000.0,2513000000.0,0.241,2513000000.0,2180000000.0,2209000000.0,0.792,0.79,0.792,27630000000,27402500000.0,27630000000,109175850983.0,50.0,43.444,4635000000.0,1.431,1.0,8695000000.0,0.834,23101000000,-29000000.0,2452000000,2756500000.0,0,4029000000,743000000,3286000000,12383000000,7954000000,4429000000,115681850983.0,-53000000.0,-3000000.0,-536000000.0,-6000000.0,-595000000.0,-2655000000.0,-2414000000.0,-2037000000.0,5009000000.0,7000000.0,2144000000.0,2144000000.0,2144000000.0,0.0,-2000000.0,0.206,6556000000.0,2139000000.0,871000000,0.312,4.187,53.956,45.047,1634000000,0.0,35.678,11.101,11.093,1177000000,7809000000.0,10421000000.0,10421000000.0,0.0,0.057,0.078,0.791,0.209,76000000.0,1709000000.0,1.0,3242431532,3240000000,3856000000.0,3.216,16912000000,2027000000,65000000.0,4058000000,5.22,3832000000
36,V,ART,2012-06-30,2012-07-27,2012-06-30,2021-07-29,-175000000,38741000000,36528750000.0,10899000000,27842000000,0.276,8.073,-350000000.0,5840000000,5840000000,1643000000.0,1358000000.0,1.388,0.481,0,0,0,0,0,321000000.0,0,0.006,0.203,2018000000.0,2339000000.0,0.232,2339000000.0,2018000000.0,1977000000.0,0.49,0.482,0.49,26158000000,27104250000.0,26158000000,98913923518.0,49.0,42.289,4158000000.0,1.283,1.0,8430000000.0,0.837,23118000000,41000000.0,1929000000,2948750000.0,0,3669000000,745000000,2924000000,12583000000,7854000000,4729000000,104753923518.0,-2042000000.0,-3000000.0,-813000000.0,-41000000.0,-551000000.0,-2712000000.0,-3817000000.0,-3429000000.0,4508000000.0,-21000000.0,1362000000.0,1362000000.0,1362000000.0,0.0,-4000000.0,0.135,6451000000.0,1979000000.0,858000000,0.414,4.005,76.912,65.888,1581000000,0.0,32.285,10.399,10.385,1236000000,6411000000.0,10073000000.0,10073000000.0,0.0,0.037,0.05,0.684,0.2,96000000.0,1622000000.0,1.0,3244662336,3240000000,3828000000.0,3.109,15623000000,1645000000,615000000.0,3944000000,4.822,3045000000
37,V,ART,2012-03-31,2012-05-02,2012-03-31,2021-07-29,-176000000,36846000000,35455250000.0,10295000000,26551000000,0.277,8.792,-331000000.0,6324000000,6324000000,1571000000.0,4201000000.0,2.87,0.292,0,0,0,0,0,311000000.0,0,0.006,0.185,6169000000.0,6480000000.0,0.659,6480000000.0,6169000000.0,6128000000.0,1.532,1.525,1.532,28521000000,27077250000.0,28521000000,93135998213.0,15.0,14.373,4315000000.0,1.33,1.0,8259000000.0,0.84,23105000000,41000000.0,3830000000,2792250000.0,0,2616000000,915000000,1701000000,8325000000,3587000000,4738000000,99459998213.0,-1470000000.0,-106000000.0,-1426000000.0,-45000000.0,-508000000.0,-3227000000.0,-2873000000.0,-2401000000.0,4646000000.0,-16000000.0,4206000000.0,4206000000.0,4206000000.0,0.0,-5000000.0,0.428,2328000000.0,5931000000.0,777000000,0.121,3.487,23.647,19.94,1540000000,0.0,30.547,10.118,10.081,1163000000,8688000000.0,9830000000.0,9830000000.0,0.0,0.119,0.155,2.209,0.628,103000000.0,1618000000.0,1.0,3255912864,3244000000,3852000000.0,3.03,13741000000,430000000,1922000000.0,3941000000,4.236,6708000000
38,V,ART,2011-12-31,2012-02-08,2011-12-31,2021-07-29,-172000000,35768000000,34849250000.0,9978000000,25790000000,0.273,8.416,-342000000.0,6294000000,6294000000,1491000000.0,3789000000.0,2.821,0.31,0,0,0,0,0,301000000.0,0,0.006,0.168,5943000000.0,6244000000.0,0.657,6244000000.0,5943000000.0,5897000000.0,1.363,1.355,1.363,27301000000,26484750000.0,27301000000,81827001367.0,14.0,13.105,3810000000.0,1.174,1.0,8006000000.0,0.843,23122000000,46000000.0,2815000000,2193000000.0,0,1699000000,799000000,900000000,8467000000,3537000000,4930000000,88121001367.0,-1742000000.0,-268000000.0,-1676000000.0,-49000000.0,-467000000.0,-3848000000.0,-2032000000.0,-1387000000.0,4152000000.0,-14000000.0,3795000000.0,3795000000.0,3795000000.0,0.0,-6000000.0,0.4,2298000000.0,5708000000.0,513000000,0.123,3.228,23.22,19.873,1542000000,0.0,27.087,9.279,9.253,1138000000,7544000000.0,9497000000.0,9497000000.0,0.0,0.109,0.143,2.71,0.626,115000000.0,1615000000.0,1.0,3253198020,3244000000,3924000000.0,2.928,12646000000,461000000,2102000000.0,4212000000,3.898,6441000000
39,V,ART,2011-09-30,2011-11-18,2011-09-30,2021-07-29,-176000000,34760000000,34404500000.0,9190000000,25570000000,0.267,8.021,-353000000.0,4984000000,4984000000,1459000000.0,3646000000.0,2.663,0.315,0,0,0,0,0,288000000.0,0,0.007,0.168,5692000000.0,5980000000.0,0.651,5980000000.0,5692000000.0,5660000000.0,1.295,1.29,1.295,26437000000,26044750000.0,26437000000,68839743042.0,12.0,11.512,3519000000.0,1.068,1.0,7729000000.0,0.841,23104000000,32000000.0,3221000000,1762000000.0,0,1982000000,1271000000,711000000,8323000000,3451000000,4872000000,73823743042.0,-1740000000.0,-268000000.0,-1925000000.0,-54000000.0,-423000000.0,-3304000000.0,-2299000000.0,-1678000000.0,3872000000.0,-9000000.0,3650000000.0,3650000000.0,3650000000.0,0.0,-4000000.0,0.397,2273000000.0,5456000000.0,618000000,0.13,2.792,20.226,17.531,1541000000,0.0,22.703,8.035,8.144,972000000,6706000000.0,9188000000.0,9188000000.0,0.0,0.106,0.14,3.23,0.62,136000000.0,1621000000.0,1.0,3251789144,3296000000,4088000000.0,2.788,11656000000,489000000,2010000000.0,4205000000,3.536,5739000000
40,V,ART,2011-06-30,2011-07-29,2011-06-30,2021-07-29,-136000000,34447000000,34066500000.0,9516000000,24931000000,0.262,7.894,-331000000.0,6527000000,6527000000,1424000000.0,3541000000.0,2.695,0.322,35000000,13000000,22000000,35000000,0,289000000.0,0,0.007,0.144,5534000000.0,5823000000.0,0.653,5823000000.0,5534000000.0,5500000000.0,1.24,1.235,1.24,26050000000,25688250000.0,26050000000,63388916638.0,11.0,10.886,3566000000.0,1.081,1.0,7498000000.0,0.84,23121000000,34000000.0,1303000000,1263250000.0,0,227000000,220000000,7000000,8395000000,3531000000,4864000000,69880916638.0,-1605000000.0,-2073000000.0,-1853000000.0,-24000000.0,-410000000.0,-3194000000.0,-2319000000.0,85000000.0,3897000000.0,11000000.0,3544000000.0,3544000000.0,3544000000.0,0.0,-3000000.0,0.397,2291000000.0,5207000000.0,558000000,0.116,2.683,19.718,17.246,1510000000,0.0,21.385,7.832,7.91,956000000,6130000000.0,8922000000.0,8922000000.0,0.0,0.104,0.138,4.381,0.62,145000000.0,1641000000.0,1.0,3267753876,3300000000,4032000000.0,2.704,11326000000,507000000,1956000000.0,4254000000,3.432,5985000000
41,V,ART,2011-03-31,2011-05-05,2011-03-31,2021-07-29,-139000000,34422000000,33628750000.0,9606000000,24816000000,0.257,7.877,-307000000.0,6509000000,6509000000,1346000000.0,3253000000.0,2.772,0.316,37000000,12000000,25000000,37000000,0,278000000.0,0,0.007,0.138,5114000000.0,5392000000.0,0.625,5392000000.0,5114000000.0,5078000000.0,1.125,1.12,1.125,26151000000,25344750000.0,26151000000,58854622328.0,12.0,10.915,3413000000.0,1.028,1.0,7283000000.0,0.844,23052000000,36000000.0,1433000000,1177500000.0,0,205000000,197000000,8000000,8268000000,3465000000,4803000000,65326622328.0,-1048000000.0,-1967000000.0,-798000000.0,-24000000.0,-398000000.0,-2626000000.0,-2152000000.0,122000000.0,3720000000.0,10000000.0,3255000000.0,3255000000.0,3255000000.0,0.0,-2000000.0,0.377,2284000000.0,4999000000.0,411000000,0.123,2.498,20.07,17.489,1453000000,0.0,19.675,7.571,7.57,935000000,5707000000.0,8629000000.0,8629000000.0,0.0,0.097,0.128,4.343,0.593,146000000.0,1659000000.0,1.0,3320285760,3320000000,4156000000.0,2.599,11370000000,497000000,1823000000.0,4205000000,3.425,6141000000
42,V,ART,2010-12-31,2011-02-02,2010-12-31,2021-07-29,-150000000,33989000000,33040250000.0,9355000000,24634000000,0.253,7.665,-276000000.0,6350000000,6350000000,1305000000.0,3085000000.0,2.543,0.331,41000000,12000000,29000000,41000000,0,270000000.0,0,0.007,0.131,4866000000.0,5136000000.0,0.616,5136000000.0,4866000000.0,4814000000.0,1.057,1.052,1.057,25541000000,24802750000.0,25541000000,53737680140.0,11.0,10.463,3450000000.0,1.035,1.0,7038000000.0,0.844,22910000000,52000000.0,1091000000,1158000000.0,0,216000000,201000000,15000000,8445000000,3679000000,4766000000,60046680140.0,-476000000.0,-1805000000.0,-800000000.0,-24000000.0,-383000000.0,-2211000000.0,-1999000000.0,82000000.0,3726000000.0,8000000.0,3087000000.0,3087000000.0,3087000000.0,0.0,-2000000.0,0.37,2300000000.0,4738000000.0,525000000,0.124,2.351,19.451,17.051,1380000000,0.0,18.023,7.197,7.198,1033000000,5023000000.0,8343000000.0,8343000000.0,0.0,0.093,0.124,4.202,0.583,131000000.0,1717000000.0,1.0,3331761972,3332000000,4232000000.0,2.504,11079000000,545000000,1727000000.0,4186000000,3.325,5676000000
43,V,ART,2010-09-30,2010-11-19,2010-09-30,2021-07-29,-151000000,33408000000,32471750000.0,8734000000,24674000000,0.248,7.453,-238000000.0,5803000000,5803000000,1222000000.0,2964000000.0,2.497,0.336,44000000,12000000,32000000,44000000,0,265000000.0,0,0.007,0.131,4712000000.0,4977000000.0,0.617,4977000000.0,4712000000.0,4640000000.0,1.008,1.002,1.008,25011000000,24285500000.0,25011000000,58721802988.0,12.0,11.799,2453000000.0,0.731,1.0,6843000000.0,0.848,22925000000,72000000.0,1226000000,1194000000.0,0,171000000,184000000,-13000000,8394000000,3498000000,4896000000,64480802988.0,-750000000.0,-1805000000.0,-944000000.0,-24000000.0,-368000000.0,-1542000000.0,-1904000000.0,139000000.0,2691000000.0,5000000.0,2966000000.0,2966000000.0,2966000000.0,0.0,-2000000.0,0.368,2254000000.0,4589000000.0,543000000,0.13,2.578,21.74,19.11,1357000000,0.0,19.262,7.995,8.015,878000000,4368000000.0,8065000000.0,8065000000.0,0.0,0.091,0.122,3.946,0.584,117000000.0,1748000000.0,1.0,3347478416,3356000000,4384000000.0,2.403,10483000000,623000000,1674000000.0,4181000000,3.124,5236000000
44,V,ART,2010-06-30,2010-08-02,2010-06-30,2021-07-29,-82000000,32696000000,32190000000.0,9850000000,22846000000,0.243,7.362,-244000000.0,7210000000,7210000000,1203000000.0,2705000000.0,2.829,0.325,47000000,12000000,35000000,47000000,0,248000000.0,0,0.007,0.12,4389000000.0,4637000000.0,0.592,4637000000.0,4389000000.0,4307000000.0,0.915,,0.915,24676000000,23830000000.0,24676000000,53516307985.0,12.0,11.541,1345000000.0,0.401,1.0,6624000000.0,0.846,21091000000,82000000.0,960000000,1005500000.0,0,204000000,85000000,119000000,8016000000,3482000000,4534000000,60679307985.0,1005000000.0,0.0,-616000000.0,-61000000.0,-356000000.0,-1462000000.0,865000000.0,1109000000.0,1589000000.0,13000000.0,2706000000.0,2706000000.0,2706000000.0,0.0,-1000000.0,0.346,2279000000.0,4345000000.0,540000000,0.131,2.459,22.424,19.735,1185000000,0.0,18.058,7.753,7.733,917000000,3822000000.0,7827000000.0,7827000000.0,0.0,0.084,0.114,4.365,0.561,112000000.0,1786000000.0,1.0,3360338252,3352000000,,2.335,11605000000,448000000,1601000000.0,3798000000,3.462,6368000000
45,V,ART,2010-03-31,2010-05-03,2010-03-31,2021-07-29,-99000000,32068000000,32172000000.0,9115000000,22953000000,0.231,7.146,-248000000.0,6135000000,6135000000,1180000000.0,2718000000.0,2.577,0.337,50000000,12000000,38000000,50000000,0,242000000.0,0,0.005,0.115,4581000000.0,4823000000.0,0.648,4823000000.0,4581000000.0,4482000000.0,0.915,,0.915,23983000000,23359500000.0,23983000000,68880703446.0,15.0,14.282,472000000.0,0.141,1.0,6264000000.0,0.841,21091000000,99000000.0,1355000000,1123000000.0,0,209000000,85000000,124000000,8081000000,3537000000,4544000000,74965703446.0,1197000000.0,0.0,-613000000.0,-61000000.0,-342000000.0,-478000000.0,926000000.0,1174000000.0,720000000.0,29000000.0,2719000000.0,2719000000.0,2719000000.0,0.0,-1000000.0,0.365,2234000000.0,4030000000.0,696000000,0.126,3.126,27.571,24.391,1183000000,0.0,22.317,10.071,10.061,1168000000,3199000000.0,7444000000.0,7444000000.0,0.0,0.085,0.116,4.079,0.615,103000000.0,1741000000.0,1.0,3359054708,3356000000,,2.218,10977000000,470000000,1763000000.0,3808000000,3.271,5578000000
46,V,ART,2009-12-31,2010-02-03,2009-12-31,2021-07-29,-175000000,31715000000,32146000000.0,8753000000,22962000000,0.222,6.969,-275000000.0,5805000000,5805000000,1142000000.0,2542000000.0,2.407,0.351,53000000,12000000,41000000,53000000,0,236000000.0,0,0.005,0.11,4357000000.0,4593000000.0,0.644,4593000000.0,4357000000.0,4256000000.0,0.85,,0.85,23472000000,22893750000.0,23472000000,64592249782.0,15.0,14.063,69000000.0,0.02,1.0,5990000000.0,0.84,21091000000,101000000.0,1235000000,1625250000.0,0,212000000,93000000,119000000,8238000000,3637000000,4601000000,70344249782.0,1547000000.0,0.0,-392000000.0,-62000000.0,-330000000.0,229000000.0,951000000.0,1226000000.0,344000000.0,23000000.0,2542000000.0,2542000000.0,2542000000.0,0.0,0.0,0.356,2201000000.0,3789000000.0,716000000,0.129,2.997,27.673,24.565,1203000000,0.0,20.88,9.863,9.86,1272000000,2691000000.0,7132000000.0,7132000000.0,0.0,0.079,0.111,2.681,0.611,103000000.0,1682000000.0,1.0,3368977480,3368000000,,2.118,10624000000,595000000,1714000000.0,3806000000,3.154,5116000000
47,V,ART,2009-09-30,2009-11-20,2009-09-30,2021-07-29,-188000000,32281000000,32172750000.0,9241000000,23040000000,0.215,6.869,-306000000.0,6332000000,6332000000,1143000000.0,2353000000.0,2.08,0.392,56000000,12000000,44000000,56000000,0,226000000.0,0,0.005,0.11,4116000000.0,4342000000.0,0.628,4342000000.0,4116000000.0,4001000000.0,0.777,0.775,0.777,23189000000,22435750000.0,23189000000,61336273760.0,15.0,14.126,252000000.0,0.075,1.0,5768000000.0,0.835,21091000000,115000000.0,472000000,2217750000.0,0,235000000,115000000,120000000,9088000000,4442000000,4646000000,67612273760.0,-362000000.0,0.0,-2614000000.0,-54000000.0,-318000000.0,-2751000000.0,1830000000.0,2136000000.0,558000000.0,1000000.0,2353000000.0,2353000000.0,2353000000.0,0.0,0.0,0.34,2230000000.0,3538000000.0,790000000,0.142,2.916,28.734,25.74,1204000000,0.0,20.0,9.783,9.77,1049000000,2219000000.0,6911000000.0,6911000000.0,0.0,0.073,0.105,1.856,0.596,108000000.0,1649000000.0,1.0,3380613688,3376000000,4604000000.0,2.047,11190000000,703000000,1648000000.0,3807000000,3.315,4799000000
48,V,ART,2009-06-30,2009-07-30,2009-06-30,2021-07-29,-102000000,32624000000,32847750000.0,9562000000,23062000000,0.205,6.732,-297000000.0,5761000000,5761000000,1126000000.0,1483000000.0,2.156,0.431,98000000,52000000,46000000,98000000,0,224000000.0,0,0.006,0.105,2824000000.0,3048000000.0,0.452,3048000000.0,2824000000.0,2707000000.0,0.485,,0.485,22794000000,21923750000.0,22794000000,51231255407.0,18.0,16.808,744000000.0,0.22,1.0,5615000000.0,0.833,21096000000,117000000.0,1430000000,2561500000.0,0,311000000,130000000,181000000,9825000000,4435000000,5390000000,56894255407.0,-1562000000.0,0.0,-2626000000.0,-16000000.0,-333000000.0,-2518000000.0,-70000000.0,227000000.0,1041000000.0,-15000000.0,1483000000.0,1483000000.0,1483000000.0,0.0,0.0,0.22,3389000000.0,2226000000.0,1085000000,0.216,2.496,38.364,34.644,1170000000,0.0,16.802,8.44,8.44,1417000000,1783000000.0,6741000000.0,6741000000.0,0.0,0.045,0.068,1.102,0.419,105000000.0,1654000000.0,1.0,3386058944,3386058944,,1.991,11528000000,484000000,1224000000.0,3653000000,3.405,5127000000
49,V,ART,2009-03-31,2009-05-06,2009-03-31,2021-07-29,-88000000,31964000000,33302250000.0,8225000000,23739000000,0.201,6.535,-314000000.0,3363000000,3363000000,1174000000.0,1176000000.0,1.938,0.445,102000000,52000000,50000000,102000000,0,224000000.0,0,0.005,0.079,2241000000.0,2465000000.0,0.367,2465000000.0,2241000000.0,2124000000.0,0.37,,0.37,22120000000,21894250000.0,22120000000,52748906581.0,24.0,21.399,887000000.0,0.262,1.0,5534000000.0,0.825,21096000000,117000000.0,3364000000,2629500000.0,0,326000000,126000000,200000000,9840000000,4243000000,5597000000,56009906581.0,-1678000000.0,-1000000.0,-2644000000.0,-16000000.0,-254000000.0,-2813000000.0,-39000000.0,276000000.0,1201000000.0,-27000000.0,1176000000.0,1176000000.0,1176000000.0,0.0,0.0,0.175,3482000000.0,2052000000.0,832000000,0.214,2.532,47.627,44.723,1155000000,0.0,16.547,8.35,8.35,1251000000,1133000000.0,6708000000.0,6708000000.0,0.0,0.035,0.054,0.852,0.334,113000000.0,1672000000.0,1.0,3384795684,3384795684,,1.982,10868000000,650000000,948000000.0,3859000000,3.211,3982000000
50,V,ART,2008-12-31,2009-02-09,2008-12-31,2021-07-29,-94000000,31822000000,33778500000.0,8089000000,23733000000,0.193,6.395,-412000000.0,2613000000,2613000000,1191000000.0,954000000.0,1.754,0.47,104000000,51000000,53000000,104000000,0,227000000.0,0,0.004,0.052,1734000000.0,1961000000.0,0.301,1961000000.0,1734000000.0,1606000000.0,0.29,,0.29,21640000000,21943000000.0,21640000000,44290670746.0,26.0,22.586,122000000.0,0.036,1.0,5323000000.0,0.817,21096000000,128000000.0,3605000000,2288500000.0,0,394000000,189000000,205000000,10177000000,4612000000,5565000000,46799670746.0,915000000.0,-1000000.0,3008000000.0,-14000000.0,-174000000.0,202000000.0,204000000.0,617000000.0,534000000.0,-25000000.0,954000000.0,954000000.0,954000000.0,0.0,0.0,0.146,3803000000.0,1520000000.0,735000000,0.179,2.163,49.056,47.69,1117000000,0.0,13.83,7.184,7.184,1123000000,677000000.0,6514000000.0,6514000000.0,0.0,0.028,0.043,0.758,0.266,106000000.0,1686000000.0,1.0,3383924132,3383924132,,1.925,10726000000,800000000,652000000.0,3843000000,3.17,3477000000
51,V,ART,2008-09-30,2008-11-21,2008-09-30,2021-07-29,-70000000,34981000000,32758500000.0,11174000000,23807000000,0.191,6.927,-411000000.0,4979000000,4979000000,1199000000.0,804000000.0,1.56,0.601,106000000,51000000,55000000,106000000,0,237000000.0,0,0.004,0.052,1479000000.0,1716000000.0,0.274,1716000000.0,1479000000.0,1336000000.0,0.24,0.24,0.24,21141000000,20712000000.0,21141000000,34368594694.0,23.0,20.028,120000000.0,0.039,1.0,5064000000.0,0.809,21096000000,143000000.0,1847000000,1647750000.0,0,599000000,355000000,244000000,12704000000,7165000000,5539000000,39241594694.0,4704000000.0,1002000000.0,5654000000.0,-22000000.0,-93000000.0,3624000000.0,554000000.0,-37000000.0,531000000.0,-5000000.0,804000000.0,804000000.0,804000000.0,0.0,0.0,0.128,3832000000.0,1232000000.0,1254000000,0.217,1.856,48.808,48.312,1080000000,0.0,11.595,6.266,5.65,1473000000,186000000.0,6263000000.0,6263000000.0,0.0,0.025,0.039,0.898,0.236,74000000.0,1687000000.0,1.0,3384354868,3052000000,5172000000.0,2.052,13885000000,944000000,532000000.0,3811000000,4.549,4009000000
52,V,ART,2008-06-30,2008-08-13,2008-06-30,2021-07-29,0,34442000000,25110779250.0,10761000000,23681000000,,5.23,,5762000000,5762000000,,,1.774,0.519,109000000,11000000,98000000,109000000,0,,0,0.001,0.026,,,,,,,,,,22676000000,15301418250.0,22676000000,74482029698.0,,,,,1.0,,,21022000000,,1702000000,1404482250.0,0,665000000,477000000,188000000,11766000000,6065000000,5701000000,80135029698.0,,,,,,,,,,,,,,,,,,,1355000000,,3.534,,,1048000000,,18.483,,,1572000000,,,,,,,,,,,1.0,4335724588,4335724588,,,13420000000,587000000,,3545000000,3.095,4696000000
53,V,ART,2008-03-31,2008-05-13,2008-03-31,2021-07-29,0,33869000000,,10086000000,23783000000,,5.147,,5041000000,5041000000,,,1.727,0.518,112000000,72000000,40000000,112000000,0,,0,0.0,0.0,,,,,,,,,,22315000000,,22315000000,84366223763.0,,,,,1.0,,,21099000000,,2000000000,,0,792000000,598000000,194000000,11554000000,5841000000,5713000000,89295223763.0,,,,,,,,,,,,,,,,,,,1027000000,,4.002,,,1018000000,,20.595,,,1478000000,,,,,,,,,,,1.0,4335771972,4335771972,,,12770000000,541000000,,3563000000,2.945,4245000000
54,V,ART,2007-12-31,2008-02-13,2007-12-31,2021-07-29,0,27742000000,,5813000000,21929000000,,5.392,,1698000000,1698000000,,,1.122,0.66,115000000,75000000,40000000,115000000,0,,0,,0.0,,,,,,,,,,16716000000,,16716000000,,,,,,1.0,,,19938000000,,1042000000,,0,1109000000,729000000,380000000,11026000000,5179000000,5847000000,,,,,,,,,,,,,,,,,,,,1088000000,,,,,912000000,,,,,1501000000,-69000000.0,,,,,,,,,,1.0,3609552388,3100322048,,,7804000000,774000000,,3658000000,2.517,634000000
55,V,ART,2007-12-31,2008-02-04,2007-12-31,2021-07-29,0,27742000000,,5813000000,21929000000,,5.392,,1698000000,1698000000,,,1.122,0.66,115000000,75000000,40000000,115000000,0,,0,,0.0,,,,,,,,,,16716000000,,16716000000,,,,,,1.0,,,19938000000,,1042000000,,0,1109000000,729000000,380000000,11026000000,5179000000,5847000000,,,,,,,,,,,,,,,,,,,,1088000000,,,,,912000000,,,,,1501000000,-69000000.0,,,,,,,,,,1.0,3626330080,3100322048,,,7804000000,774000000,,3658000000,2.517,634000000
56,V,ART,2007-09-30,2007-12-21,2007-09-30,2021-07-29,-328000,4390117000,,2506939000,1883178000,,-0.138,-159960000.0,275379000,275379000,721381000.0,-1076095000.0,0.764,-9.68,41280000,41280000,0,41280000,0,125505000.0,3320000,,0.0,-1311430000.0,-1185925000.0,-0.33,-1185925000.0,-1311430000.0,-1392088000.0,,,,-501327000,,-501327000,,,,345187000.0,0.095,1.0,2868415000.0,0.799,0,80658000.0,873929000,,0,1711102000,747080000,964022000,4852834000,3282089000,1570745000,,5255000.0,-2022000.0,0.0,-36651000.0,0.0,-36651000.0,-463241000.0,-301259000.0,505147000.0,0.0,-1076095000.0,-1076095000.0,-1076095000.0,0.0,0.0,-0.3,4145182000.0,-1276767000.0,148468000,,,,,313092000,0.0,,,,254716000,-500999000.0,3589796000.0,3589796000.0,0.0,,,,-0.365,0.0,1158062000.0,1.0,3626330080,3626330080,,0.99,4390117000,1265639000,-315993000.0,0,1.211,-775150000
