None,ticker,dimension,calendardate,datekey,reportperiod,lastupdated,accoci,assets,assetsavg,assetsc,assetsnc,assetturnover,bvps,capex,cashneq,cashnequsd,cor,consolinc,currentratio,de,debt,debtc,debtnc,debtusd,deferredrev,depamor,deposits,divyield,dps,ebit,ebitda,ebitdamargin,ebitdausd,ebitusd,ebt,eps,epsdil,epsusd,equity,equityavg,equityusd,ev,evebit,evebitda,fcf,fcfps,fxusd,gp,grossmargin,intangibles,intexp,invcap,invcapavg,inventory,investments,investmentsc,investmentsnc,liabilities,liabilitiesc,liabilitiesnc,marketcap,ncf,ncfbus,ncfcommon,ncfdebt,ncfdiv,ncff,ncfi,ncfinv,ncfo,ncfx,netinc,netinccmn,netinccmnusd,netincdis,netincnci,netmargin,opex,opinc,payables,payoutratio,pb,pe,pe1,ppnenet,prefdivis,price,ps,ps1,receivables,retearn,revenue,revenueusd,rnd,roa,roe,roic,ros,sbcomp,sgna,sharefactor,sharesbas,shareswa,shareswadil,sps,tangibles,taxassets,taxexp,taxliabilities,tbvps,workingcapital
0,V,MRY,2020-12-31,2020-09-30,2020-09-30,2021-07-29,354000000.0,80919000000.0,76601000000.0,27645000000.0,53274000000.0,0.285,18.541,-736000000.0,17190000000.0,17190000000.0,3785000000.0,10866000000.0,1.905,1.235,24070000000.0,2999000000.0,21071000000.0,24070000000.0,0.0,767000000.0,0.0,0.006,1.2,14306000000.0,15073000000.0,0.69,15073000000.0,14306000000.0,13790000000.0,4.9,4.89,4.9,36210000000.0,35397250000.0,36210000000.0,394250789391.0,28.0,26.156,9704000000.0,4.969,1.0,18061000000.0,0.827,43718000000.0,516000000.0,29571000000.0,23948250000.0,0.0,3983000000.0,3752000000.0,231000000.0,44709000000.0,14510000000.0,30199000000.0,388417789391.0,8339000000.0,-77000000.0,-8084000000.0,7212000000.0,-2664000000.0,-3968000000.0,1427000000.0,2168000000.0,10440000000.0,440000000.0,10866000000.0,10866000000.0,10866000000.0,0.0,0.0,0.497,3980000000.0,14081000000.0,1910000000.0,0.245,10.727,35.746,40.81,2737000000.0,0.0,199.97,17.78,17.877,2882000000.0,14088000000.0,21846000000.0,21846000000.0,0.0,0.142,0.307,0.597,0.655,416000000.0,2475000000.0,1.0,1942380304.0,1953000000.0,2479000000.0,11.186,37201000000.0,0.0,2924000000.0,5237000000.0,19.048,13135000000.0
1,V,MRY,2019-12-31,2019-09-30,2019-09-30,2021-07-29,-650000000.0,72574000000.0,71085750000.0,20970000000.0,51604000000.0,0.323,17.351,-756000000.0,9043000000.0,9043000000.0,3444000000.0,12080000000.0,1.563,1.092,16729000000.0,0.0,16729000000.0,16729000000.0,0.0,656000000.0,0.0,0.006,1.0,15417000000.0,16073000000.0,0.7,16073000000.0,15417000000.0,14884000000.0,5.32,5.32,5.32,34684000000.0,34512250000.0,34684000000.0,349133190940.0,23.0,21.722,12028000000.0,6.017,1.0,19533000000.0,0.85,42436000000.0,533000000.0,24409000000.0,24075500000.0,0.0,6393000000.0,4236000000.0,2157000000.0,37890000000.0,13415000000.0,24475000000.0,341253190940.0,-145000000.0,-699000000.0,-8556000000.0,0.0,-2269000000.0,-12061000000.0,-591000000.0,842000000.0,12784000000.0,-277000000.0,12080000000.0,12080000000.0,12080000000.0,0.0,0.0,0.526,4532000000.0,15001000000.0,4146000000.0,0.188,9.839,28.249,32.333,2695000000.0,0.0,172.01,14.852,14.965,4590000000.0,13502000000.0,22977000000.0,22977000000.0,0.0,0.17,0.35,0.64,0.671,407000000.0,2755000000.0,1.0,1983914836.0,1999000000.0,2529000000.0,11.494,30138000000.0,0.0,2804000000.0,4807000000.0,15.077,7555000000.0
2,V,MRY,2018-12-31,2018-09-30,2018-09-30,2021-07-29,547000000.0,69225000000.0,68399000000.0,18216000000.0,51009000000.0,0.301,16.596,-718000000.0,9653000000.0,9653000000.0,3170000000.0,10301000000.0,1.611,1.036,16630000000.0,0.0,16630000000.0,16630000000.0,0.0,613000000.0,0.0,0.005,0.825,13418000000.0,14031000000.0,0.681,14031000000.0,13418000000.0,12806000000.0,4.43,4.42,4.43,34006000000.0,33707000000.0,34006000000.0,311955802382.0,23.0,22.233,12223000000.0,5.965,1.0,17439000000.0,0.846,42752000000.0,612000000.0,22145000000.0,22372250000.0,0.0,7629000000.0,3547000000.0,4082000000.0,35219000000.0,11305000000.0,23914000000.0,305320802382.0,-1034000000.0,-196000000.0,-7122000000.0,-1750000000.0,-1918000000.0,-10790000000.0,-3084000000.0,-2186000000.0,12941000000.0,-101000000.0,10301000000.0,10301000000.0,10301000000.0,0.0,0.0,0.5,4485000000.0,12954000000.0,2351000000.0,0.186,8.978,29.64,33.88,2472000000.0,0.0,150.09,14.815,14.922,2790000000.0,11318000000.0,20609000000.0,20609000000.0,0.0,0.151,0.306,0.6,0.651,327000000.0,2579000000.0,1.0,2034251465.0,2049000000.0,2586000000.0,10.058,26473000000.0,0.0,2505000000.0,4618000000.0,12.92,6911000000.0
3,V,MRY,2017-12-31,2017-09-30,2017-09-30,2021-07-29,878000000.0,67977000000.0,64643500000.0,19023000000.0,48954000000.0,0.284,15.57,-695000000.0,10905000000.0,10905000000.0,2628000000.0,6699000000.0,1.903,1.075,18367000000.0,1749000000.0,16618000000.0,18367000000.0,0.0,556000000.0,0.0,0.006,0.66,12257000000.0,12813000000.0,0.698,12813000000.0,12257000000.0,11694000000.0,2.8,2.8,2.8,32760000000.0,31803250000.0,32760000000.0,227171680872.0,19.0,17.73,8622000000.0,4.098,1.0,15730000000.0,0.857,42958000000.0,563000000.0,22487000000.0,20909000000.0,0.0,5490000000.0,3564000000.0,1926000000.0,35217000000.0,9994000000.0,25223000000.0,219747680872.0,4364000000.0,-302000000.0,-6818000000.0,2473000000.0,-1579000000.0,-5924000000.0,735000000.0,1732000000.0,9317000000.0,236000000.0,6699000000.0,6699000000.0,6699000000.0,0.0,0.0,0.365,3586000000.0,12144000000.0,2182000000.0,0.236,6.708,32.803,37.586,2253000000.0,0.0,105.24,11.97,12.061,2554000000.0,9508000000.0,18358000000.0,18358000000.0,0.0,0.104,0.211,0.586,0.668,235000000.0,2391000000.0,1.0,2088062342.0,2104000000.0,2654000000.0,8.725,25019000000.0,0.0,4995000000.0,5980000000.0,11.891,9029000000.0
4,V,MRY,2016-12-31,2016-09-30,2016-09-30,2021-07-29,-458000000.0,64035000000.0,59301250000.0,14313000000.0,49722000000.0,0.254,15.167,-523000000.0,6646000000.0,6646000000.0,2226000000.0,5991000000.0,1.779,0.946,15882000000.0,0.0,15882000000.0,15882000000.0,0.0,502000000.0,0.0,0.007,0.56,8439000000.0,8941000000.0,0.593,8941000000.0,8439000000.0,8012000000.0,2.49,2.48,2.49,32912000000.0,31086500000.0,32912000000.0,186718008991.0,22.0,20.883,5051000000.0,2.328,1.0,12856000000.0,0.852,42300000000.0,427000000.0,22925000000.0,24795000000.0,0.0,7250000000.0,3319000000.0,3931000000.0,31123000000.0,8046000000.0,23077000000.0,177753008991.0,2101000000.0,-9082000000.0,-6984000000.0,15873000000.0,-1350000000.0,7477000000.0,-10916000000.0,-1311000000.0,5574000000.0,-34000000.0,5991000000.0,5991000000.0,5991000000.0,0.0,0.0,0.397,4973000000.0,7883000000.0,2287000000.0,0.225,5.401,29.67,33.213,2150000000.0,0.0,82.7,11.786,11.899,2508000000.0,10462000000.0,15082000000.0,15082000000.0,0.0,0.101,0.193,0.34,0.56,158000000.0,2054000000.0,1.0,2149371330.0,2170000000.0,2678000000.0,6.95,21735000000.0,0.0,2021000000.0,4808000000.0,10.016,6267000000.0
5,V,MRY,2015-12-31,2015-09-30,2015-09-30,2021-07-29,-74000000.0,39367000000.0,39128750000.0,10021000000.0,29346000000.0,0.355,13.436,-404000000.0,4590000000.0,4590000000.0,2079000000.0,6328000000.0,1.871,0.319,0.0,0.0,0.0,0.0,0.0,494000000.0,0.0,0.007,0.48,8998000000.0,9492000000.0,0.684,9492000000.0,8998000000.0,8995000000.0,2.58,2.58,2.58,29842000000.0,28662000000.0,29842000000.0,151084186795.0,17.0,15.917,6180000000.0,2.783,1.0,11801000000.0,0.85,23186000000.0,3000000.0,6236000000.0,6721000000.0,0.0,5886000000.0,2497000000.0,3389000000.0,9525000000.0,5355000000.0,4170000000.0,154374186795.0,1547000000.0,-93000000.0,-2936000000.0,0.0,-1177000000.0,-3603000000.0,-1435000000.0,-938000000.0,6584000000.0,1000000.0,6328000000.0,6328000000.0,6328000000.0,0.0,0.0,0.456,2737000000.0,9064000000.0,907000000.0,0.186,5.173,24.395,27.0,1888000000.0,0.0,69.66,11.122,11.147,1255000000.0,11843000000.0,13880000000.0,13880000000.0,0.0,0.162,0.221,1.339,0.648,103000000.0,1755000000.0,1.0,2216109486.0,2221000000.0,2724000000.0,6.249,16181000000.0,0.0,2667000000.0,3273000000.0,7.285,4666000000.0
6,V,MRY,2014-12-31,2014-09-30,2014-09-30,2021-07-29,-17000000.0,38569000000.0,37438750000.0,9562000000.0,29007000000.0,0.339,12.108,-553000000.0,3469000000.0,3469000000.0,1875000000.0,5438000000.0,1.592,0.407,0.0,0.0,0.0,0.0,0.0,435000000.0,0.0,0.007,0.4,7732000000.0,8167000000.0,0.643,8167000000.0,7732000000.0,7724000000.0,2.16,2.16,2.16,27413000000.0,27252000000.0,27413000000.0,160148327458.0,21.0,19.609,6652000000.0,2.938,1.0,10827000000.0,0.852,23164000000.0,8000000.0,5930000000.0,6254250000.0,0.0,5025000000.0,1979000000.0,3046000000.0,11156000000.0,6006000000.0,5150000000.0,163311327458.0,-215000000.0,-149000000.0,-4113000000.0,0.0,-1006000000.0,-6478000000.0,-941000000.0,-239000000.0,7205000000.0,-1000000.0,5438000000.0,5438000000.0,5438000000.0,0.0,0.0,0.428,3130000000.0,7697000000.0,1479000000.0,0.185,5.957,30.032,24.696,1892000000.0,0.0,53.343,12.857,9.508,1608000000.0,9131000000.0,12702000000.0,12702000000.0,0.0,0.145,0.2,1.236,0.609,82000000.0,1735000000.0,1.0,3061561184.0,2264000000.0,2794000000.0,5.61,15405000000.0,1028000000.0,2286000000.0,4145000000.0,6.804,3556000000.0
7,V,MRY,2013-12-31,2013-09-30,2013-09-30,2021-07-29,21000000.0,35956000000.0,35539750000.0,7822000000.0,28134000000.0,0.331,11.419,-471000000.0,2235000000.0,2235000000.0,1932000000.0,4980000000.0,1.804,0.338,0.0,0.0,0.0,0.0,0.0,397000000.0,0.0,0.007,0.33,7257000000.0,7654000000.0,0.65,7654000000.0,7257000000.0,7257000000.0,1.9,1.9,1.9,26870000000.0,27089000000.0,26870000000.0,148988502990.0,21.0,19.465,2551000000.0,1.084,1.0,9846000000.0,0.836,23032000000.0,0.0,6354000000.0,7022500000.0,0.0,4888000000.0,2069000000.0,2819000000.0,9086000000.0,4335000000.0,4751000000.0,150490502990.0,112000000.0,0.0,-5321000000.0,-6000000.0,-864000000.0,-1746000000.0,-1164000000.0,-693000000.0,3022000000.0,0.0,4980000000.0,4980000000.0,4980000000.0,0.0,0.0,0.423,2607000000.0,7239000000.0,1409000000.0,0.174,5.601,30.219,25.145,1732000000.0,0.0,47.775,12.777,9.544,1560000000.0,7974000000.0,11778000000.0,11778000000.0,0.0,0.14,0.184,1.033,0.616,105000000.0,1739000000.0,1.0,3149984364.0,2353000000.0,2897000000.0,5.006,12924000000.0,623000000.0,2277000000.0,4149000000.0,5.493,3487000000.0
8,V,MRY,2012-12-31,2012-09-30,2012-09-30,2021-07-29,-171000000.0,40013000000.0,37842000000.0,11786000000.0,28227000000.0,0.275,8.528,-374000000.0,6506000000.0,6506000000.0,1726000000.0,2142000000.0,1.482,0.448,0.0,0.0,0.0,0.0,0.0,333000000.0,0.0,0.007,0.22,2209000000.0,2542000000.0,0.244,2542000000.0,2209000000.0,2209000000.0,0.792,0.79,0.792,27630000000.0,27402500000.0,27630000000.0,103083314620.0,47.0,40.552,4635000000.0,1.431,1.0,8695000000.0,0.834,23101000000.0,0.0,2452000000.0,2756500000.0,0.0,4029000000.0,743000000.0,3286000000.0,12383000000.0,7954000000.0,4429000000.0,108923314620.0,-53000000.0,-3000000.0,-536000000.0,-6000000.0,-595000000.0,-2655000000.0,-2414000000.0,-2037000000.0,5009000000.0,7000000.0,2144000000.0,2144000000.0,2144000000.0,0.0,-2000000.0,0.206,6556000000.0,2139000000.0,871000000.0,0.278,3.942,50.804,42.386,1634000000.0,0.0,33.57,10.452,10.437,1177000000.0,7809000000.0,10421000000.0,10421000000.0,0.0,0.057,0.078,0.801,0.212,76000000.0,1709000000.0,1.0,3244662336.0,3240000000.0,3856000000.0,3.216,16912000000.0,2206000000.0,65000000.0,4058000000.0,5.22,3832000000.0
9,V,MRY,2011-12-31,2011-09-30,2011-09-30,2021-07-29,-176000000.0,34760000000.0,34404500000.0,9190000000.0,25570000000.0,0.267,8.021,-353000000.0,4984000000.0,4984000000.0,1459000000.0,3646000000.0,2.663,0.315,0.0,0.0,0.0,0.0,0.0,288000000.0,0.0,0.007,0.15,5660000000.0,5948000000.0,0.647,5948000000.0,5660000000.0,5660000000.0,1.295,1.29,1.295,26437000000.0,26044750000.0,26437000000.0,63535965563.0,11.0,10.682,3519000000.0,1.068,1.0,7729000000.0,0.841,23104000000.0,0.0,3221000000.0,1762000000.0,0.0,1982000000.0,1271000000.0,711000000.0,8323000000.0,3451000000.0,4872000000.0,70027965563.0,-1740000000.0,-268000000.0,-1925000000.0,-54000000.0,-423000000.0,-3304000000.0,-2299000000.0,-1678000000.0,3872000000.0,-9000000.0,3650000000.0,3650000000.0,3650000000.0,0.0,-4000000.0,0.397,2273000000.0,5456000000.0,618000000.0,0.116,2.649,19.186,16.548,1541000000.0,0.0,21.43,7.622,7.688,972000000.0,6706000000.0,9188000000.0,9188000000.0,0.0,0.106,0.14,3.212,0.616,136000000.0,1621000000.0,1.0,3267753876.0,3296000000.0,4088000000.0,2.788,11656000000.0,489000000.0,2010000000.0,4205000000.0,3.536,5739000000.0
10,V,MRY,2010-12-31,2010-09-30,2010-09-30,2021-07-29,-151000000.0,33408000000.0,32471750000.0,8734000000.0,24674000000.0,0.248,7.453,-238000000.0,5803000000.0,5803000000.0,1222000000.0,2964000000.0,2.497,0.336,44000000.0,12000000.0,32000000.0,44000000.0,0.0,265000000.0,0.0,0.007,0.125,4712000000.0,4977000000.0,0.617,4977000000.0,4712000000.0,4640000000.0,1.008,1.002,1.008,25011000000.0,24285500000.0,25011000000.0,55221679648.0,12.0,11.095,2453000000.0,0.731,1.0,6843000000.0,0.848,22925000000.0,72000000.0,1226000000.0,1194000000.0,0.0,211000000.0,184000000.0,27000000.0,8394000000.0,3498000000.0,4896000000.0,62384679648.0,-750000000.0,-1805000000.0,-944000000.0,-24000000.0,-368000000.0,-1542000000.0,-1904000000.0,139000000.0,2691000000.0,5000000.0,2966000000.0,2966000000.0,2966000000.0,0.0,-2000000.0,0.368,2254000000.0,4589000000.0,543000000.0,0.124,2.494,21.033,18.418,1357000000.0,0.0,18.565,7.735,7.725,878000000.0,4368000000.0,8065000000.0,8065000000.0,0.0,0.091,0.122,3.946,0.584,117000000.0,1609000000.0,1.0,3360338252.0,3356000000.0,4384000000.0,2.403,10483000000.0,623000000.0,1674000000.0,4181000000.0,3.124,5236000000.0
11,V,MRY,2009-12-31,2009-09-30,2009-09-30,2021-07-29,-188000000.0,32281000000.0,32172750000.0,9241000000.0,23040000000.0,0.215,6.869,-306000000.0,6332000000.0,6332000000.0,1228000000.0,2352000000.0,2.08,0.392,56000000.0,12000000.0,44000000.0,56000000.0,0.0,226000000.0,0.0,0.006,0.105,4116000000.0,4342000000.0,0.628,4342000000.0,4116000000.0,4001000000.0,0.775,0.775,0.775,23189000000.0,22435750000.0,23189000000.0,52839633405.0,13.0,12.169,252000000.0,0.075,1.0,5683000000.0,0.822,21091000000.0,115000000.0,472000000.0,2217750000.0,0.0,235000000.0,115000000.0,120000000.0,9088000000.0,4442000000.0,4646000000.0,58502633405.0,-362000000.0,0.0,-2614000000.0,-54000000.0,-318000000.0,-2751000000.0,1830000000.0,2136000000.0,558000000.0,1000000.0,2353000000.0,2353000000.0,2353000000.0,0.0,-1000000.0,0.34,2145000000.0,3538000000.0,790000000.0,0.135,2.523,24.863,22.294,1204000000.0,0.0,17.277,8.465,8.44,1049000000.0,2219000000.0,6911000000.0,6911000000.0,0.0,0.073,0.105,1.856,0.596,108000000.0,1524000000.0,1.0,3386058944.0,3376000000.0,4608000000.0,2.047,11190000000.0,703000000.0,1648000000.0,3807000000.0,3.315,4799000000.0
12,V,MRY,2008-12-31,2008-09-30,2008-09-30,2021-07-29,-70000000.0,34981000000.0,32758500000.0,11174000000.0,23807000000.0,0.191,9.24,-411000000.0,6907000000.0,6907000000.0,1314000000.0,804000000.0,1.56,0.601,106000000.0,51000000.0,55000000.0,106000000.0,0.0,237000000.0,0.0,0.002,0.026,1479000000.0,1716000000.0,0.274,1716000000.0,1479000000.0,1336000000.0,0.24,0.24,0.24,21141000000.0,20712000000.0,21141000000.0,60889533114.0,41.0,35.483,120000000.0,0.052,1.0,4949000000.0,0.79,21096000000.0,143000000.0,-81000000.0,1165750000.0,0.0,600000000.0,355000000.0,245000000.0,12704000000.0,7165000000.0,5539000000.0,66542533114.0,4704000000.0,1002000000.0,5654000000.0,-22000000.0,-93000000.0,3624000000.0,554000000.0,-37000000.0,531000000.0,-5000000.0,804000000.0,804000000.0,804000000.0,0.0,0.0,0.128,3717000000.0,1232000000.0,1254000000.0,0.108,3.148,82.764,63.948,1080000000.0,0.0,15.348,10.625,5.607,1473000000.0,186000000.0,6263000000.0,6263000000.0,0.0,0.025,0.039,1.269,0.236,74000000.0,1687000000.0,1.0,4335724588.0,2288000000.0,4412000000.0,2.737,13885000000.0,944000000.0,532000000.0,3811000000.0,6.069,4009000000.0
13,V,MRY,2007-12-31,2007-09-30,2007-09-30,2021-07-29,0.0,4390000000.0,3676959000.0,2507000000.0,1883000000.0,0.976,-0.138,-160000000.0,275000000.0,275000000.0,721000000.0,-1076000000.0,0.764,-9.687,41000000.0,41000000.0,0.0,41000000.0,0.0,126000000.0,0.0,,0.0,-1311000000.0,-1185000000.0,-0.33,-1185000000.0,-1311000000.0,-1392000000.0,,,,-501000000.0,40907000.0,-501000000.0,,,,345000000.0,0.095,1.0,2869000000.0,0.799,0.0,81000000.0,874000000.0,1124225000.0,0.0,1711000000.0,747000000.0,964000000.0,4853000000.0,3282000000.0,1571000000.0,,5000000.0,0.0,0.0,-37000000.0,0.0,-37000000.0,-463000000.0,-303000000.0,505000000.0,0.0,-1076000000.0,-1076000000.0,-1076000000.0,0.0,0.0,-0.3,4145000000.0,-1276000000.0,149000000.0,,,,,313000000.0,0.0,,,,255000000.0,-501000000.0,3590000000.0,3590000000.0,0.0,-0.293,-26.304,-1.166,-0.365,0.0,1032000000.0,1.0,3626330080.0,3626330080.0,,0.99,4390000000.0,1266000000.0,-316000000.0,0.0,1.211,-775000000.0
14,V,MRY,2006-12-31,2006-09-30,2006-09-30,2021-07-29,-958000.0,2963918000.0,,1593931000.0,1369987000.0,,,-102000000.0,270124000.0,270124000.0,671000000.0,455000000.0,1.144,4.021,73619000.0,32339000.0,41280000.0,73619000.0,0.0,138000000.0,137390000.0,,0.0,795000000.0,933000000.0,0.316,933000000.0,795000000.0,706000000.0,,,,582814000.0,,582814000.0,,,,348000000.0,,1.0,2277000000.0,0.772,0.0,89000000.0,1374450000.0,,0.0,1362094000.0,660451000.0,701643000.0,2343264000.0,1392963000.0,950301000.0,,135000000.0,0.0,0.0,-37000000.0,0.0,-37000000.0,-278000000.0,-176000000.0,450000000.0,0.0,455000000.0,455000000.0,455000000.0,0.0,0.0,0.154,1388000000.0,889000000.0,207842000.0,,,,,280899000.0,0.0,,,,258035000.0,583772000.0,2948000000.0,2948000000.0,0.0,,,,0.27,0.0,936000000.0,1.0,,,,,2963918000.0,387204000.0,251000000.0,0.0,,200968000.0
15,V,MRY,2005-12-31,2005-09-30,2005-09-30,2021-07-29,,,,,,,,-119267000.0,,,618723000.0,360445000.0,,,,,,,,118531000.0,,,0.0,652226000.0,770757000.0,0.289,770757000.0,652226000.0,543741000.0,,,,,,,,,,361362000.0,,1.0,2045882000.0,0.768,,108485000.0,,,,,,,,,,,-38468000.0,117424000.0,0.0,-33768000.0,0.0,-45966000.0,-473131000.0,-471288000.0,480629000.0,0.0,360445000.0,360445000.0,360445000.0,0.0,0.0,0.135,1424505000.0,621377000.0,,,,,,,0.0,,,,,,2664605000.0,2664605000.0,0.0,,,,0.245,0.0,1019162000.0,1.0,,,,,,,183296000.0,,,
0,V,MRQ,2021-06-30,2021-06-30,2021-06-30,2021-07-29,601000000.0,82671000000.0,,28042000000.0,54629000000.0,,19.419,-179000000.0,18928000000.0,18928000000.0,1098000000.0,2575000000.0,2.0,1.188,20996000000.0,0.0,20996000000.0,20996000000.0,0.0,204000000.0,0.0,0.005,0.32,4520000000.0,4724000000.0,0.771,4724000000.0,4520000000.0,4389000000.0,1.18,1.18,1.18,37790000000.0,,37790000000.0,459058367283.0,30.0,28.423,4235000000.0,2.176,1.0,5032000000.0,0.821,44044000000.0,131000000.0,26672000000.0,,0.0,2317000000.0,1206000000.0,1111000000.0,44881000000.0,14023000000.0,30858000000.0,455472367283.0,1716000000.0,0.0,-2148000000.0,0.0,-698000000.0,-2846000000.0,72000000.0,187000000.0,4414000000.0,76000000.0,2575000000.0,2575000000.0,2575000000.0,0.0,0.0,0.42,968000000.0,4064000000.0,2548000000.0,0.271,12.053,41.925,47.141,2707000000.0,0.0,233.82,20.112,20.092,3515000000.0,15294000000.0,6130000000.0,6130000000.0,0.0,,,,,159000000.0,580000000.0,1.0,1947961540.0,1946000000.0,2439000000.0,3.15,38627000000.0,0.0,1814000000.0,6240000000.0,19.849,14019000000.0
1,V,MRQ,2021-03-31,2021-03-31,2021-03-31,2021-07-29,372000000.0,80195000000.0,,26901000000.0,53294000000.0,,19.321,-158000000.0,17388000000.0,17388000000.0,1114000000.0,3026000000.0,2.116,1.127,20974000000.0,0.0,20974000000.0,20974000000.0,0.0,201000000.0,0.0,0.006,0.32,3749000000.0,3950000000.0,0.689,3950000000.0,3749000000.0,3628000000.0,1.38,1.38,1.38,37696000000.0,,37696000000.0,418492173053.0,30.0,28.473,3171000000.0,1.625,1.0,4615000000.0,0.806,43803000000.0,121000000.0,27267000000.0,,0.0,2168000000.0,2058000000.0,110000000.0,42499000000.0,12711000000.0,29788000000.0,413363173053.0,1503000000.0,0.0,-1672000000.0,0.0,-701000000.0,-2373000000.0,835000000.0,996000000.0,3329000000.0,-288000000.0,3026000000.0,3026000000.0,3026000000.0,0.0,0.0,0.528,1034000000.0,3581000000.0,2126000000.0,0.232,10.966,38.77,43.656,2684000000.0,0.0,211.73,19.358,19.345,3225000000.0,15513000000.0,5729000000.0,5729000000.0,0.0,,,,,153000000.0,651000000.0,1.0,1952312724.0,1951000000.0,2449000000.0,2.936,36392000000.0,0.0,602000000.0,5212000000.0,18.653,14190000000.0
2,V,MRQ,2020-12-31,2020-12-31,2020-12-31,2021-07-29,1154000000.0,80426000000.0,,26280000000.0,54146000000.0,,19.323,-160000000.0,15926000000.0,15926000000.0,981000000.0,3126000000.0,2.121,1.135,21055000000.0,0.0,21055000000.0,21055000000.0,0.0,197000000.0,0.0,0.006,0.32,3884000000.0,4081000000.0,0.718,4081000000.0,3884000000.0,3748000000.0,1.42,1.42,1.42,37679000000.0,,37679000000.0,433093272179.0,31.0,29.092,3353000000.0,1.719,1.0,4706000000.0,0.828,44714000000.0,136000000.0,28451000000.0,,0.0,3170000000.0,3009000000.0,161000000.0,42747000000.0,12390000000.0,30357000000.0,426213272179.0,-1116000000.0,-75000000.0,-1869000000.0,-3000000000.0,-703000000.0,-5572000000.0,639000000.0,830000000.0,3513000000.0,304000000.0,3126000000.0,3126000000.0,3126000000.0,0.0,0.0,0.55,862000000.0,3844000000.0,2179000000.0,0.225,11.312,39.759,45.006,2713000000.0,0.0,218.73,19.843,19.858,3342000000.0,14813000000.0,5687000000.0,5687000000.0,0.0,,,,,122000000.0,491000000.0,1.0,1948581686.0,1950000000.0,2456000000.0,2.916,35712000000.0,0.0,622000000.0,5343000000.0,18.314,13890000000.0
3,V,MRQ,2020-09-30,2020-09-30,2020-09-30,2021-07-29,354000000.0,80919000000.0,,27645000000.0,53274000000.0,,18.684,-168000000.0,17190000000.0,17190000000.0,922000000.0,2137000000.0,1.905,1.235,24070000000.0,2999000000.0,21071000000.0,24070000000.0,0.0,196000000.0,0.0,0.006,0.3,3200000000.0,3396000000.0,0.666,3396000000.0,3200000000.0,3055000000.0,0.98,0.97,0.98,36210000000.0,,36210000000.0,394250789391.0,28.0,26.156,1928000000.0,0.995,1.0,4179000000.0,0.819,43718000000.0,145000000.0,29571000000.0,,0.0,3983000000.0,3752000000.0,231000000.0,44709000000.0,14510000000.0,30199000000.0,388417789391.0,2237000000.0,0.0,-1496000000.0,3227000000.0,-662000000.0,755000000.0,-881000000.0,-709000000.0,2096000000.0,267000000.0,2137000000.0,2137000000.0,2137000000.0,0.0,0.0,0.419,1037000000.0,3142000000.0,1910000000.0,0.306,10.727,35.746,40.81,2737000000.0,0.0,199.97,17.78,17.877,2882000000.0,14088000000.0,5101000000.0,5101000000.0,0.0,,,,,94000000.0,648000000.0,1.0,1942380304.0,1938000000.0,2467000000.0,2.632,37201000000.0,0.0,918000000.0,5237000000.0,19.196,13135000000.0
4,V,MRQ,2020-06-30,2020-06-30,2020-06-30,2021-07-29,-279000000.0,77884000000.0,,25011000000.0,52873000000.0,,18.255,-161000000.0,15046000000.0,15046000000.0,941000000.0,2373000000.0,1.553,1.192,20879000000.0,2999000000.0,17880000000.0,20879000000.0,0.0,197000000.0,0.0,0.006,0.3,3074000000.0,3271000000.0,0.676,3271000000.0,3074000000.0,2932000000.0,1.07,1.07,1.07,35524000000.0,,35524000000.0,382313449743.0,26.0,24.382,2841000000.0,1.46,1.0,3896000000.0,0.805,42979000000.0,142000000.0,24638000000.0,,0.0,3286000000.0,2739000000.0,547000000.0,42360000000.0,16100000000.0,26260000000.0,375425449743.0,4118000000.0,0.0,-1039000000.0,2984000000.0,-663000000.0,1164000000.0,-133000000.0,-19000000.0,3002000000.0,85000000.0,2373000000.0,2373000000.0,2373000000.0,0.0,0.0,0.491,897000000.0,2999000000.0,2878000000.0,0.28,10.568,31.94,36.724,2746000000.0,0.0,193.17,16.407,16.428,3564000000.0,14072000000.0,4837000000.0,4837000000.0,0.0,,,,,107000000.0,527000000.0,1.0,1943497695.0,1946000000.0,2470000000.0,2.486,34905000000.0,0.0,559000000.0,4728000000.0,17.937,8911000000.0
5,V,MRQ,2020-03-31,2020-03-31,2020-03-31,2021-07-29,-444000000.0,72820000000.0,,19907000000.0,52913000000.0,,17.654,-216000000.0,11004000000.0,11004000000.0,940000000.0,3084000000.0,1.249,1.106,17892000000.0,3999000000.0,13893000000.0,17892000000.0,0.0,192000000.0,0.0,0.007,0.3,3947000000.0,4139000000.0,0.707,4139000000.0,3947000000.0,3829000000.0,1.39,1.38,1.39,34585000000.0,,34585000000.0,322485121395.0,20.0,19.464,1251000000.0,0.639,1.0,4914000000.0,0.839,42766000000.0,118000000.0,21000000000.0,,0.0,3475000000.0,2411000000.0,1064000000.0,38235000000.0,15942000000.0,22293000000.0,316199121395.0,553000000.0,0.0,-3087000000.0,1001000000.0,-668000000.0,-2754000000.0,1879000000.0,2098000000.0,1467000000.0,-39000000.0,3084000000.0,3084000000.0,3084000000.0,0.0,0.0,0.527,990000000.0,3924000000.0,2030000000.0,0.216,9.143,25.332,28.978,2776000000.0,0.0,161.12,13.238,13.215,2948000000.0,13366000000.0,5854000000.0,5854000000.0,0.0,,,,,99000000.0,607000000.0,1.0,1962506960.0,1959000000.0,2484000000.0,2.988,30054000000.0,0.0,745000000.0,4796000000.0,15.342,3965000000.0
6,V,MRQ,2019-12-31,2019-12-31,2019-12-31,2021-07-29,-340000000.0,74781000000.0,,22319000000.0,52462000000.0,,17.913,-191000000.0,10402000000.0,10402000000.0,982000000.0,3272000000.0,1.27,1.12,16688000000.0,3000000000.0,13688000000.0,16688000000.0,0.0,182000000.0,0.0,0.006,0.3,4085000000.0,4267000000.0,0.705,4267000000.0,4085000000.0,3974000000.0,1.46,1.46,1.46,35270000000.0,,35270000000.0,377721937135.0,24.0,23.023,3684000000.0,1.871,1.0,5072000000.0,0.838,42904000000.0,111000000.0,20584000000.0,,0.0,5621000000.0,3902000000.0,1719000000.0,39511000000.0,17579000000.0,21932000000.0,370035937135.0,1431000000.0,-77000000.0,-2462000000.0,0.0,-671000000.0,-3133000000.0,562000000.0,793000000.0,3875000000.0,127000000.0,3272000000.0,3272000000.0,3272000000.0,0.0,0.0,0.54,1056000000.0,4016000000.0,4410000000.0,0.205,10.492,29.902,34.288,2739000000.0,0.0,187.9,15.729,15.727,4934000000.0,13899000000.0,6054000000.0,6054000000.0,0.0,,,,,116000000.0,693000000.0,1.0,1969323774.0,1969000000.0,2496000000.0,3.075,31877000000.0,0.0,702000000.0,4810000000.0,16.189,4740000000.0
7,V,MRQ,2019-09-30,2019-09-30,2019-09-30,2021-07-29,-650000000.0,72574000000.0,,20970000000.0,51604000000.0,,17.508,-249000000.0,9043000000.0,9043000000.0,871000000.0,3025000000.0,1.563,1.092,16729000000.0,0.0,16729000000.0,16729000000.0,0.0,172000000.0,0.0,0.006,0.25,3831000000.0,4003000000.0,0.652,4003000000.0,3831000000.0,3711000000.0,1.34,1.35,1.34,34684000000.0,,34684000000.0,349133190940.0,23.0,21.722,3793000000.0,1.915,1.0,5266000000.0,0.858,42436000000.0,120000000.0,24409000000.0,,0.0,6393000000.0,4236000000.0,2157000000.0,37890000000.0,13415000000.0,24475000000.0,341253190940.0,163000000.0,-563000000.0,-2097000000.0,0.0,-563000000.0,-2660000000.0,-1004000000.0,-235000000.0,4042000000.0,-215000000.0,3025000000.0,3025000000.0,3025000000.0,0.0,0.0,0.493,1531000000.0,3735000000.0,4146000000.0,0.187,9.839,28.249,32.333,2695000000.0,0.0,172.01,14.852,14.965,4590000000.0,13502000000.0,6137000000.0,6137000000.0,0.0,,,,,86000000.0,796000000.0,1.0,1983914836.0,1981000000.0,2511000000.0,3.098,30138000000.0,0.0,686000000.0,4807000000.0,15.214,7555000000.0
8,V,MRQ,2019-06-30,2019-06-30,2019-06-30,2021-07-29,110000000.0,70249000000.0,,18305000000.0,51944000000.0,,17.568,-194000000.0,8814000000.0,8814000000.0,872000000.0,3101000000.0,1.69,1.007,16694000000.0,0.0,16694000000.0,16694000000.0,0.0,165000000.0,0.0,0.006,0.25,3994000000.0,4159000000.0,0.712,4159000000.0,3994000000.0,3866000000.0,1.37,1.37,1.37,34995000000.0,,34995000000.0,354500335695.0,23.0,22.266,3190000000.0,1.601,1.0,4968000000.0,0.851,42585000000.0,128000000.0,24715000000.0,,0.0,6183000000.0,3265000000.0,2918000000.0,35254000000.0,10829000000.0,24425000000.0,346417335695.0,387000000.0,-136000000.0,-2114000000.0,0.0,-565000000.0,-3915000000.0,809000000.0,1071000000.0,3384000000.0,109000000.0,3101000000.0,3101000000.0,3101000000.0,0.0,0.0,0.531,1060000000.0,3908000000.0,2570000000.0,0.182,9.899,29.111,33.311,2549000000.0,0.0,173.55,15.553,15.521,3220000000.0,13040000000.0,5840000000.0,5840000000.0,0.0,,,,,110000000.0,710000000.0,1.0,1996066469.0,1992000000.0,2522000000.0,2.932,27664000000.0,0.0,765000000.0,4930000000.0,13.888,7476000000.0
9,V,MRQ,2019-03-31,2019-03-31,2019-03-31,2021-07-29,-86000000.0,69865000000.0,,18490000000.0,51375000000.0,,17.095,-156000000.0,8547000000.0,8547000000.0,894000000.0,2977000000.0,1.625,1.038,16630000000.0,0.0,16630000000.0,16630000000.0,0.0,160000000.0,0.0,0.006,0.25,3817000000.0,3977000000.0,0.724,3977000000.0,3817000000.0,3677000000.0,1.31,1.31,1.31,34275000000.0,,34275000000.0,320380186765.0,22.0,21.529,1908000000.0,0.952,1.0,4600000000.0,0.837,42054000000.0,140000000.0,24514000000.0,,0.0,7382000000.0,3876000000.0,3506000000.0,35590000000.0,11380000000.0,24210000000.0,313532186765.0,-833000000.0,0.0,-1899000000.0,0.0,-569000000.0,-2468000000.0,-326000000.0,-81000000.0,2064000000.0,-103000000.0,2977000000.0,2977000000.0,2977000000.0,0.0,0.0,0.542,959000000.0,3641000000.0,2200000000.0,0.191,9.148,28.175,32.271,2456000000.0,0.0,156.19,14.466,14.449,2978000000.0,12513000000.0,5494000000.0,5494000000.0,0.0,,,,,111000000.0,606000000.0,1.0,2007376828.0,2005000000.0,2536000000.0,2.74,27811000000.0,0.0,700000000.0,4911000000.0,13.871,7110000000.0
10,V,MRQ,2018-12-31,2018-12-31,2018-12-31,2021-07-29,275000000.0,71655000000.0,,20107000000.0,51548000000.0,,16.904,-157000000.0,9785000000.0,9785000000.0,807000000.0,2977000000.0,1.502,1.102,16633000000.0,0.0,16633000000.0,16633000000.0,0.0,159000000.0,0.0,0.007,0.25,3775000000.0,3934000000.0,0.714,3934000000.0,3775000000.0,3630000000.0,1.3,1.3,1.3,34095000000.0,,34095000000.0,273102309533.0,20.0,18.93,3137000000.0,1.555,1.0,4699000000.0,0.853,42450000000.0,145000000.0,22664000000.0,,0.0,7593000000.0,3461000000.0,4132000000.0,37560000000.0,13389000000.0,24171000000.0,266125309533.0,138000000.0,0.0,-2446000000.0,0.0,-572000000.0,-3018000000.0,-70000000.0,87000000.0,3294000000.0,-68000000.0,2977000000.0,2977000000.0,2977000000.0,0.0,0.0,0.541,982000000.0,3717000000.0,4014000000.0,0.192,7.805,24.742,28.374,2437000000.0,0.0,131.94,12.522,12.522,4528000000.0,11908000000.0,5506000000.0,5506000000.0,0.0,,,,,100000000.0,643000000.0,1.0,2017017656.0,2017000000.0,2548000000.0,2.73,29205000000.0,0.0,653000000.0,4835000000.0,14.479,6718000000.0
11,V,MRQ,2018-09-30,2018-09-30,2018-09-30,2021-07-29,547000000.0,69225000000.0,,18216000000.0,51009000000.0,,16.743,-209000000.0,9653000000.0,9653000000.0,815000000.0,2845000000.0,1.611,1.036,16630000000.0,0.0,16630000000.0,16630000000.0,0.0,163000000.0,0.0,0.005,0.21,3688000000.0,3851000000.0,0.709,3851000000.0,3688000000.0,3538000000.0,1.23,1.23,1.23,34006000000.0,,34006000000.0,311955802382.0,23.0,22.233,3267000000.0,1.609,1.0,4619000000.0,0.85,42752000000.0,150000000.0,22145000000.0,,0.0,7629000000.0,3547000000.0,4082000000.0,35219000000.0,11305000000.0,23914000000.0,305320802382.0,-361000000.0,0.0,-1563000000.0,0.0,-483000000.0,-2046000000.0,-1779000000.0,-1586000000.0,3476000000.0,-12000000.0,2845000000.0,2845000000.0,2845000000.0,0.0,0.0,0.524,1213000000.0,3406000000.0,2351000000.0,0.171,8.978,29.64,33.88,2472000000.0,0.0,150.09,14.815,14.922,2790000000.0,11318000000.0,5434000000.0,5434000000.0,0.0,,,,,85000000.0,855000000.0,1.0,2034251465.0,2031000000.0,2562000000.0,2.676,26473000000.0,0.0,693000000.0,4618000000.0,13.034,6911000000.0
12,V,MRQ,2018-06-30,2018-06-30,2018-06-30,2021-07-29,741000000.0,68175000000.0,,18491000000.0,49684000000.0,,16.324,-155000000.0,9992000000.0,9992000000.0,852000000.0,2329000000.0,1.691,1.046,16627000000.0,0.0,16627000000.0,16627000000.0,0.0,152000000.0,0.0,0.006,0.21,2967000000.0,3119000000.0,0.595,3119000000.0,2967000000.0,2812000000.0,1.0,1.0,1.0,33318000000.0,,33318000000.0,278314481220.0,21.0,20.503,3581000000.0,1.755,1.0,4388000000.0,0.837,42832000000.0,155000000.0,21044000000.0,,0.0,6231000000.0,3396000000.0,2835000000.0,34857000000.0,10934000000.0,23923000000.0,270716481220.0,1062000000.0,0.0,-1724000000.0,0.0,-487000000.0,-2211000000.0,-168000000.0,-13000000.0,3736000000.0,-295000000.0,2329000000.0,2329000000.0,2329000000.0,0.0,0.0,0.444,1503000000.0,2885000000.0,2455000000.0,0.21,8.125,28.211,32.384,2387000000.0,0.0,132.45,13.516,13.496,2835000000.0,10426000000.0,5240000000.0,5240000000.0,0.0,,,,,89000000.0,582000000.0,1.0,2043914543.0,2041000000.0,2578000000.0,2.567,25343000000.0,0.0,483000000.0,4802000000.0,12.417,7557000000.0
13,V,MRQ,2018-03-31,2018-03-31,2018-03-31,2021-07-29,1728000000.0,69042000000.0,,18536000000.0,50506000000.0,,16.595,-213000000.0,9026000000.0,9026000000.0,824000000.0,2605000000.0,1.941,1.025,16624000000.0,0.0,16624000000.0,16624000000.0,0.0,153000000.0,0.0,0.006,0.21,3370000000.0,3523000000.0,0.694,3523000000.0,3370000000.0,3217000000.0,1.12,1.11,1.12,34103000000.0,,34103000000.0,254081582355.0,19.0,18.626,2703000000.0,1.315,1.0,4249000000.0,0.838,43909000000.0,153000000.0,23180000000.0,,0.0,6179000000.0,3577000000.0,2602000000.0,34939000000.0,9551000000.0,25388000000.0,246481582355.0,100000000.0,-196000000.0,-2022000000.0,0.0,-490000000.0,-2512000000.0,-430000000.0,-21000000.0,2916000000.0,126000000.0,2605000000.0,2605000000.0,2605000000.0,0.0,0.0,0.514,913000000.0,3336000000.0,3188000000.0,0.188,7.228,26.43,30.207,2366000000.0,0.0,119.62,12.735,12.701,3760000000.0,10192000000.0,5073000000.0,5073000000.0,0.0,,,,,85000000.0,591000000.0,1.0,2060538224.0,2055000000.0,2594000000.0,2.469,25133000000.0,0.0,612000000.0,5110000000.0,12.23,8985000000.0
14,V,MRQ,2017-12-31,2017-12-31,2017-12-31,2021-07-29,1203000000.0,67154000000.0,,17287000000.0,49867000000.0,,16.144,-141000000.0,9021000000.0,9021000000.0,679000000.0,2522000000.0,2.067,1.011,16621000000.0,0.0,16621000000.0,16621000000.0,0.0,145000000.0,0.0,0.006,0.195,3393000000.0,3538000000.0,0.728,3538000000.0,3393000000.0,3239000000.0,1.07,1.07,1.07,33401000000.0,,33401000000.0,243670685945.0,19.0,18.621,2672000000.0,1.291,1.0,4183000000.0,0.86,43271000000.0,154000000.0,23120000000.0,,0.0,6087000000.0,3413000000.0,2674000000.0,33753000000.0,8363000000.0,25390000000.0,236208685945.0,-1835000000.0,0.0,-1813000000.0,-1750000000.0,-458000000.0,-4021000000.0,-707000000.0,-566000000.0,2813000000.0,80000000.0,2522000000.0,2522000000.0,2522000000.0,0.0,0.0,0.519,856000000.0,3327000000.0,2410000000.0,0.182,7.072,33.032,37.755,2238000000.0,0.0,114.02,12.592,12.576,2899000000.0,9966000000.0,4862000000.0,4862000000.0,0.0,,,,,68000000.0,551000000.0,1.0,2071642571.0,2069000000.0,2611000000.0,2.35,23883000000.0,0.0,717000000.0,5107000000.0,11.543,8924000000.0
15,V,MRQ,2017-09-30,2017-09-30,2017-09-30,2021-07-29,878000000.0,67977000000.0,,19023000000.0,48954000000.0,,15.75,-183000000.0,10905000000.0,10905000000.0,655000000.0,2140000000.0,1.903,1.075,18367000000.0,1749000000.0,16618000000.0,18367000000.0,0.0,147000000.0,0.0,0.006,0.165,3247000000.0,3394000000.0,0.699,3394000000.0,3247000000.0,3099000000.0,0.9,0.9,0.9,32760000000.0,,32760000000.0,227171680872.0,19.0,17.73,2693000000.0,1.295,1.0,4200000000.0,0.865,42958000000.0,148000000.0,22487000000.0,,0.0,5490000000.0,3564000000.0,1926000000.0,35217000000.0,9994000000.0,25223000000.0,219747680872.0,2546000000.0,0.0,-1703000000.0,2473000000.0,-390000000.0,380000000.0,-852000000.0,-669000000.0,2876000000.0,142000000.0,2140000000.0,2140000000.0,2140000000.0,0.0,0.0,0.441,988000000.0,3212000000.0,2182000000.0,0.183,6.708,32.803,37.586,2253000000.0,0.0,105.24,11.97,12.061,2554000000.0,9508000000.0,4855000000.0,4855000000.0,0.0,,,,,52000000.0,672000000.0,1.0,2088062342.0,2080000000.0,2624000000.0,2.334,25019000000.0,0.0,959000000.0,5980000000.0,12.028,9029000000.0
16,V,MRQ,2017-06-30,2017-06-30,2017-06-30,2021-07-29,118000000.0,64000000000.0,,15718000000.0,48282000000.0,,15.219,-195000000.0,8467000000.0,8467000000.0,698000000.0,2059000000.0,1.653,1.004,15891000000.0,1749000000.0,14142000000.0,15891000000.0,0.0,132000000.0,0.0,0.007,0.165,3054000000.0,3186000000.0,0.698,3186000000.0,3054000000.0,2914000000.0,0.87,0.86,0.87,31944000000.0,,31944000000.0,205880915784.0,18.0,16.869,3342000000.0,1.592,1.0,3867000000.0,0.847,42331000000.0,140000000.0,19582000000.0,,0.0,4871000000.0,2754000000.0,2117000000.0,32056000000.0,9511000000.0,22545000000.0,197448915784.0,1010000000.0,0.0,-1667000000.0,0.0,-394000000.0,-2061000000.0,-681000000.0,-486000000.0,3537000000.0,215000000.0,2059000000.0,2059000000.0,2059000000.0,0.0,0.0,0.451,843000000.0,3024000000.0,2205000000.0,0.19,6.181,30.424,34.605,2202000000.0,0.0,93.78,11.115,11.081,2524000000.0,9299000000.0,4565000000.0,4565000000.0,0.0,,,,,67000000.0,553000000.0,1.0,2105448025.0,2099000000.0,2644000000.0,2.175,21669000000.0,0.0,855000000.0,5888000000.0,10.323,6207000000.0
17,V,MRQ,2017-03-31,2017-03-31,2017-03-31,2021-07-29,-980000000.0,63227000000.0,,15505000000.0,47722000000.0,,14.561,-146000000.0,7456000000.0,7456000000.0,704000000.0,430000000.0,1.519,1.054,15888000000.0,1748000000.0,14140000000.0,15888000000.0,0.0,131000000.0,0.0,0.007,0.165,2837000000.0,2968000000.0,0.663,2968000000.0,2837000000.0,2702000000.0,0.18,0.18,0.18,30783000000.0,,30783000000.0,197829136950.0,22.0,20.412,250000000.0,0.118,1.0,3773000000.0,0.843,41241000000.0,135000000.0,20212000000.0,,0.0,4422000000.0,1495000000.0,2927000000.0,32444000000.0,10206000000.0,22238000000.0,188230136950.0,603000000.0,-302000000.0,-1551000000.0,-566000000.0,-396000000.0,-2513000000.0,2685000000.0,3133000000.0,396000000.0,35000000.0,430000000.0,430000000.0,430000000.0,0.0,0.0,0.096,965000000.0,2808000000.0,2999000000.0,0.917,6.115,38.866,44.214,2133000000.0,0.0,88.87,11.185,11.164,4431000000.0,9140000000.0,4477000000.0,4477000000.0,0.0,,,,,71000000.0,682000000.0,1.0,2118039124.0,2114000000.0,2666000000.0,2.118,21986000000.0,0.0,2272000000.0,5731000000.0,10.4,5299000000.0
18,V,MRQ,2016-12-31,2016-12-31,2016-12-31,2021-07-29,-1369000000.0,63370000000.0,,14689000000.0,48681000000.0,,14.951,-171000000.0,6852000000.0,6852000000.0,571000000.0,2070000000.0,1.42,0.997,16451000000.0,2313000000.0,14138000000.0,16451000000.0,0.0,146000000.0,0.0,0.007,0.165,3119000000.0,3265000000.0,0.732,3265000000.0,3119000000.0,2979000000.0,0.86,0.86,0.86,31726000000.0,,31726000000.0,175411490662.0,20.0,18.625,2337000000.0,1.101,1.0,3890000000.0,0.872,41273000000.0,140000000.0,21355000000.0,,0.0,7531000000.0,3697000000.0,3834000000.0,31644000000.0,10341000000.0,21303000000.0,166175490662.0,205000000.0,0.0,-1897000000.0,566000000.0,-399000000.0,-1730000000.0,-417000000.0,-246000000.0,2508000000.0,-156000000.0,2070000000.0,2070000000.0,2070000000.0,0.0,0.0,0.464,790000000.0,3100000000.0,2177000000.0,0.192,5.238,27.153,30.717,2201000000.0,0.0,78.02,10.4,10.362,2453000000.0,10492000000.0,4461000000.0,4461000000.0,0.0,,,,,45000000.0,484000000.0,1.0,2129908878.0,2122000000.0,2683000000.0,2.102,22097000000.0,0.0,909000000.0,4822000000.0,10.413,4348000000.0
19,V,MRQ,2016-09-30,2016-09-30,2016-09-30,2021-07-29,-458000000.0,64035000000.0,,14313000000.0,49722000000.0,,15.358,-141000000.0,6646000000.0,6646000000.0,690000000.0,1931000000.0,1.779,0.946,15882000000.0,0.0,15882000000.0,15882000000.0,0.0,141000000.0,0.0,0.007,0.14,2645000000.0,2786000000.0,0.654,2786000000.0,2645000000.0,2510000000.0,0.8,0.79,0.8,32912000000.0,,32912000000.0,186718008991.0,22.0,20.883,2311000000.0,1.078,1.0,3571000000.0,0.838,42300000000.0,135000000.0,22925000000.0,,0.0,7250000000.0,3319000000.0,3931000000.0,31123000000.0,8046000000.0,23077000000.0,177753008991.0,-268000000.0,0.0,-1664000000.0,0.0,-339000000.0,-1991000000.0,-757000000.0,-616000000.0,2452000000.0,28000000.0,1931000000.0,1931000000.0,1931000000.0,0.0,0.0,0.453,946000000.0,2625000000.0,2287000000.0,0.175,5.401,29.67,33.213,2150000000.0,0.0,82.7,11.786,11.899,2508000000.0,10462000000.0,4261000000.0,4261000000.0,0.0,,,,,57000000.0,643000000.0,1.0,2149371330.0,2143000000.0,2702000000.0,1.988,21735000000.0,0.0,579000000.0,4808000000.0,10.142,6267000000.0
20,V,MRQ,2016-06-30,2016-06-30,2016-06-30,2021-07-29,-543000000.0,63867000000.0,,14374000000.0,49493000000.0,,15.184,-132000000.0,6914000000.0,6914000000.0,509000000.0,412000000.0,1.847,0.946,15879000000.0,0.0,15879000000.0,15879000000.0,0.0,120000000.0,0.0,0.007,0.14,553000000.0,673000000.0,0.185,673000000.0,553000000.0,422000000.0,0.17,0.17,0.17,32827000000.0,,32827000000.0,159758853606.0,20.0,18.668,171000000.0,0.079,1.0,3121000000.0,0.86,42122000000.0,131000000.0,22927000000.0,,0.0,6657000000.0,2865000000.0,3792000000.0,31040000000.0,7783000000.0,23257000000.0,160886853606.0,-10056000000.0,-9068000000.0,-1519000000.0,-2000000.0,-335000000.0,-1984000000.0,-8313000000.0,887000000.0,303000000.0,-62000000.0,412000000.0,412000000.0,412000000.0,0.0,0.0,0.113,2693000000.0,428000000.0,2114000000.0,0.824,4.901,28.874,32.248,2136000000.0,0.0,74.17,11.179,11.142,2565000000.0,10334000000.0,3630000000.0,3630000000.0,0.0,,,,,47000000.0,573000000.0,1.0,2169163457.0,2162000000.0,2649000000.0,1.679,21745000000.0,0.0,10000000.0,4977000000.0,10.058,6591000000.0
21,V,MRQ,2016-03-31,2016-03-31,2016-03-31,2021-07-29,-96000000.0,54326000000.0,,24303000000.0,30023000000.0,,13.406,-124000000.0,17004000000.0,17004000000.0,528000000.0,1707000000.0,4.742,0.865,15876000000.0,0.0,15876000000.0,15876000000.0,0.0,121000000.0,0.0,0.007,0.14,2573000000.0,2694000000.0,0.743,2694000000.0,2573000000.0,2441000000.0,0.71,0.71,0.71,29131000000.0,,29131000000.0,169015578406.0,17.0,16.611,716000000.0,0.329,1.0,3098000000.0,0.854,23171000000.0,132000000.0,24902000000.0,,0.0,7571000000.0,3954000000.0,3617000000.0,25195000000.0,5125000000.0,20070000000.0,167036578406.0,3106000000.0,-14000000.0,-1734000000.0,-19000000.0,-336000000.0,-2082000000.0,4348000000.0,4486000000.0,840000000.0,0.0,1707000000.0,1707000000.0,1707000000.0,0.0,0.0,0.471,664000000.0,2434000000.0,813000000.0,0.197,5.734,24.36,27.121,1883000000.0,0.0,76.48,11.697,11.638,1358000000.0,11582000000.0,3626000000.0,3626000000.0,0.0,,,,,51000000.0,416000000.0,1.0,2184055680.0,2173000000.0,2665000000.0,1.669,31155000000.0,0.0,734000000.0,3256000000.0,14.337,19178000000.0
22,V,MRQ,2015-12-31,2015-12-31,2015-12-31,2021-07-29,-49000000.0,54977000000.0,,25473000000.0,29504000000.0,,13.386,-126000000.0,13898000000.0,13898000000.0,499000000.0,1941000000.0,4.755,0.865,15877000000.0,0.0,15877000000.0,15877000000.0,0.0,120000000.0,0.0,0.006,0.14,2668000000.0,2788000000.0,0.782,2788000000.0,2668000000.0,2639000000.0,0.8,0.8,0.8,29476000000.0,,29476000000.0,166915184776.0,18.0,16.869,1853000000.0,0.842,1.0,3066000000.0,0.86,23173000000.0,29000000.0,28426000000.0,,0.0,12018000000.0,8508000000.0,3510000000.0,25501000000.0,5357000000.0,20144000000.0,171505184776.0,9319000000.0,0.0,-2067000000.0,15894000000.0,-340000000.0,13534000000.0,-6194000000.0,-6068000000.0,1979000000.0,0.0,1941000000.0,1941000000.0,1941000000.0,0.0,0.0,0.544,670000000.0,2396000000.0,862000000.0,0.175,5.818,25.598,28.303,1884000000.0,0.0,77.55,12.195,12.143,1365000000.0,11701000000.0,3565000000.0,3565000000.0,0.0,,,,,3000000.0,422000000.0,1.0,2211543324.0,2202000000.0,2695000000.0,1.619,31804000000.0,0.0,698000000.0,3344000000.0,14.443,20116000000.0
23,V,MRQ,2015-09-30,2015-09-30,2015-09-30,2021-07-29,-74000000.0,39367000000.0,,10021000000.0,29346000000.0,,13.602,-138000000.0,4590000000.0,4590000000.0,521000000.0,1512000000.0,1.871,0.319,0.0,0.0,0.0,0.0,0.0,119000000.0,0.0,0.007,0.12,2284000000.0,2403000000.0,0.673,2403000000.0,2284000000.0,2283000000.0,0.62,0.62,0.62,29842000000.0,,29842000000.0,151084186795.0,17.0,15.917,1596000000.0,0.727,1.0,3050000000.0,0.854,23186000000.0,1000000.0,6236000000.0,,0.0,5886000000.0,2497000000.0,3389000000.0,9525000000.0,5355000000.0,4170000000.0,154374186795.0,1371000000.0,0.0,11000000.0,0.0,-292000000.0,-204000000.0,-159000000.0,-21000000.0,1734000000.0,0.0,1512000000.0,1512000000.0,1512000000.0,0.0,0.0,0.423,767000000.0,2283000000.0,907000000.0,0.194,5.173,24.395,27.0,1888000000.0,0.0,69.66,11.122,11.147,1255000000.0,11843000000.0,3571000000.0,3571000000.0,0.0,,,,,42000000.0,503000000.0,1.0,2216109486.0,2194000000.0,2712000000.0,1.628,16181000000.0,0.0,771000000.0,3273000000.0,7.375,4666000000.0
24,V,MRQ,2015-06-30,2015-06-30,2015-06-30,2021-07-29,-4000000.0,39429000000.0,,10068000000.0,29361000000.0,,12.895,-74000000.0,3290000000.0,3290000000.0,566000000.0,1697000000.0,1.739,0.377,0.0,0.0,0.0,0.0,0.0,130000000.0,0.0,0.007,0.12,2160000000.0,2290000000.0,0.651,2290000000.0,2160000000.0,2168000000.0,0.69,0.69,0.69,28627000000.0,,28627000000.0,146134176597.0,18.0,16.684,2037000000.0,0.918,1.0,2952000000.0,0.839,23200000000.0,-8000000.0,7150000000.0,,0.0,5880000000.0,2575000000.0,3305000000.0,10802000000.0,5789000000.0,5013000000.0,149351176597.0,108000000.0,-93000000.0,-1032000000.0,0.0,-294000000.0,-1284000000.0,-719000000.0,-552000000.0,2111000000.0,0.0,1697000000.0,1697000000.0,1697000000.0,0.0,0.0,0.482,690000000.0,2262000000.0,1326000000.0,0.174,5.217,25.361,28.214,1847000000.0,0.0,67.15,11.032,11.011,1596000000.0,10623000000.0,3518000000.0,3518000000.0,0.0,,,,,38000000.0,443000000.0,1.0,2224142615.0,2220000000.0,2713000000.0,1.585,16229000000.0,834000000.0,471000000.0,4134000000.0,7.31,4279000000.0
25,V,MRQ,2015-03-31,2015-03-31,2015-03-31,2021-07-29,31000000.0,38835000000.0,,10105000000.0,28730000000.0,,12.674,-88000000.0,3217000000.0,3217000000.0,483000000.0,1550000000.0,1.857,0.375,0.0,0.0,0.0,0.0,0.0,125000000.0,0.0,0.007,0.12,2289000000.0,2414000000.0,0.708,2414000000.0,2289000000.0,2282000000.0,0.63,0.63,0.63,28237000000.0,,28237000000.0,194902429566.0,24.0,22.642,890000000.0,0.399,1.0,2926000000.0,0.858,23132000000.0,7000000.0,7043000000.0,,0.0,5352000000.0,2567000000.0,2785000000.0,10598000000.0,5443000000.0,5155000000.0,198385429566.0,-46000000.0,0.0,-1042000000.0,0.0,-294000000.0,-1103000000.0,79000000.0,167000000.0,978000000.0,0.0,1550000000.0,1550000000.0,1550000000.0,0.0,0.0,0.455,645000000.0,2281000000.0,1207000000.0,0.19,7.026,35.732,29.332,1843000000.0,0.0,65.41,15.058,11.061,1575000000.0,10108000000.0,3409000000.0,3409000000.0,0.0,,,,,36000000.0,408000000.0,1.0,3032952600.0,2228000000.0,2725000000.0,1.53,15703000000.0,838000000.0,732000000.0,4131000000.0,7.048,4662000000.0
26,V,MRQ,2014-12-31,2014-12-31,2014-12-31,2021-07-29,10000000.0,38884000000.0,,9864000000.0,29020000000.0,,12.469,-104000000.0,3483000000.0,3483000000.0,509000000.0,1569000000.0,1.701,0.392,0.0,0.0,0.0,0.0,0.0,120000000.0,0.0,0.006,0.12,2265000000.0,2385000000.0,0.705,2385000000.0,2265000000.0,2262000000.0,0.63,0.63,0.63,27942000000.0,,27942000000.0,196482514374.0,25.0,23.497,1657000000.0,0.739,1.0,2873000000.0,0.849,23148000000.0,3000000.0,6455000000.0,,0.0,5534000000.0,2495000000.0,3039000000.0,10942000000.0,5798000000.0,5144000000.0,199951514374.0,114000000.0,0.0,-873000000.0,0.0,-297000000.0,-1012000000.0,-636000000.0,-532000000.0,1761000000.0,1000000.0,1569000000.0,1569000000.0,1569000000.0,0.0,0.0,0.464,635000000.0,2238000000.0,990000000.0,0.19,7.156,35.706,29.395,1861000000.0,0.0,65.55,15.465,11.362,1400000000.0,9732000000.0,3382000000.0,3382000000.0,0.0,,,,,-13000000.0,401000000.0,1.0,3050366352.0,2241000000.0,2745000000.0,1.509,15736000000.0,927000000.0,693000000.0,4139000000.0,7.022,4066000000.0
27,V,MRQ,2014-09-30,2014-09-30,2014-09-30,2021-07-29,-17000000.0,38569000000.0,,9562000000.0,29007000000.0,,12.238,-227000000.0,3469000000.0,3469000000.0,496000000.0,1073000000.0,1.592,0.407,0.0,0.0,0.0,0.0,0.0,112000000.0,0.0,0.007,0.1,1558000000.0,1670000000.0,0.517,1670000000.0,1558000000.0,1550000000.0,0.43,0.44,0.43,27413000000.0,,27413000000.0,160148327458.0,21.0,19.609,1566000000.0,0.699,1.0,2733000000.0,0.846,23164000000.0,8000000.0,5930000000.0,,0.0,5025000000.0,1979000000.0,3046000000.0,11156000000.0,6006000000.0,5150000000.0,163311327458.0,-87000000.0,-15000000.0,-747000000.0,0.0,-248000000.0,-1380000000.0,-499000000.0,-257000000.0,1793000000.0,-1000000.0,1073000000.0,1073000000.0,1073000000.0,0.0,0.0,0.332,1181000000.0,1552000000.0,1479000000.0,0.233,5.957,30.032,24.696,1892000000.0,0.0,53.343,12.857,9.508,1608000000.0,9131000000.0,3229000000.0,3229000000.0,0.0,,,,,34000000.0,488000000.0,1.0,3061561184.0,2240000000.0,2764000000.0,1.442,15405000000.0,1028000000.0,477000000.0,4145000000.0,6.877,3556000000.0
28,V,MRQ,2014-06-30,2014-06-30,2014-06-30,2021-07-29,-16000000.0,37675000000.0,,9025000000.0,28650000000.0,,12.111,-109000000.0,3163000000.0,3163000000.0,463000000.0,1360000000.0,1.698,0.381,0.0,0.0,0.0,0.0,0.0,109000000.0,0.0,0.007,0.1,2030000000.0,2139000000.0,0.678,2139000000.0,2030000000.0,2030000000.0,0.54,0.54,0.54,27286000000.0,,27286000000.0,159454030516.0,20.0,19.053,1833000000.0,0.814,1.0,2692000000.0,0.853,23168000000.0,0.0,6030000000.0,,0.0,4862000000.0,2006000000.0,2856000000.0,10389000000.0,5314000000.0,5075000000.0,162379030516.0,238000000.0,-134000000.0,-1131000000.0,0.0,-251000000.0,-1368000000.0,-336000000.0,-93000000.0,1942000000.0,0.0,1360000000.0,1360000000.0,1360000000.0,0.0,0.0,0.431,672000000.0,2020000000.0,1408000000.0,0.185,5.951,29.221,24.131,1772000000.0,0.0,52.678,13.047,9.536,1599000000.0,8909000000.0,3155000000.0,3155000000.0,0.0,,,,,27000000.0,436000000.0,1.0,3082512088.0,2253000000.0,2782000000.0,1.4,14507000000.0,856000000.0,670000000.0,4170000000.0,6.439,3711000000.0
29,V,MRQ,2014-03-31,2014-03-31,2014-03-31,2021-07-29,26000000.0,37263000000.0,,8507000000.0,28756000000.0,,12.003,-97000000.0,2925000000.0,2925000000.0,446000000.0,1598000000.0,1.715,0.365,0.0,0.0,0.0,0.0,0.0,107000000.0,0.0,0.007,0.1,2061000000.0,2168000000.0,0.685,2168000000.0,2061000000.0,2061000000.0,0.63,0.63,0.63,27295000000.0,,27295000000.0,165308779488.0,21.0,20.249,1832000000.0,0.806,1.0,2717000000.0,0.859,22998000000.0,0.0,6379000000.0,,0.0,4817000000.0,1674000000.0,3143000000.0,9968000000.0,4961000000.0,5007000000.0,167478779488.0,-301000000.0,0.0,-1105000000.0,0.0,-253000000.0,-2400000000.0,170000000.0,267000000.0,1929000000.0,0.0,1598000000.0,1598000000.0,1598000000.0,0.0,0.0,0.505,669000000.0,2048000000.0,1213000000.0,0.159,6.136,30.889,25.515,1760000000.0,0.0,53.965,13.625,9.983,1584000000.0,8714000000.0,3163000000.0,3163000000.0,0.0,,,,,30000000.0,442000000.0,1.0,3103470388.0,2274000000.0,2805000000.0,1.391,14265000000.0,883000000.0,463000000.0,4146000000.0,6.273,3546000000.0
30,V,MRQ,2013-12-31,2013-12-31,2013-12-31,2021-07-29,43000000.0,36248000000.0,,7765000000.0,28483000000.0,,8.692,-120000000.0,2170000000.0,2170000000.0,470000000.0,1407000000.0,1.771,0.342,0.0,0.0,0.0,0.0,0.0,107000000.0,0.0,0.006,0.1,2083000000.0,2190000000.0,0.694,2190000000.0,2083000000.0,2083000000.0,0.552,0.55,0.552,27014000000.0,,27014000000.0,171187974458.0,23.0,21.53,1421000000.0,0.457,1.0,2685000000.0,0.851,23015000000.0,0.0,6678000000.0,,0.0,5079000000.0,1969000000.0,3110000000.0,9234000000.0,4385000000.0,4849000000.0,173422974458.0,-65000000.0,0.0,-1130000000.0,0.0,-254000000.0,-1330000000.0,-276000000.0,-156000000.0,1541000000.0,0.0,1407000000.0,1407000000.0,1407000000.0,0.0,0.0,0.446,608000000.0,2077000000.0,1347000000.0,0.181,6.42,34.045,28.302,1746000000.0,0.0,55.67,14.348,14.315,1728000000.0,8269000000.0,3155000000.0,3155000000.0,0.0,,,,,-9000000.0,369000000.0,1.0,3115196236.0,3108000000.0,3644000000.0,1.015,13233000000.0,486000000.0,676000000.0,4160000000.0,4.258,3380000000.0
31,V,MRQ,2013-09-30,2013-09-30,2013-09-30,2021-07-29,21000000.0,35956000000.0,,7822000000.0,28134000000.0,,11.419,-138000000.0,2235000000.0,2235000000.0,499000000.0,1192000000.0,1.804,0.338,0.0,0.0,0.0,0.0,0.0,106000000.0,0.0,0.007,0.083,1766000000.0,1872000000.0,0.63,1872000000.0,1766000000.0,1766000000.0,0.46,0.465,0.46,26870000000.0,,26870000000.0,148988502990.0,21.0,19.465,1907000000.0,0.81,1.0,2474000000.0,0.832,23032000000.0,0.0,6354000000.0,,0.0,4888000000.0,2069000000.0,2819000000.0,9086000000.0,4335000000.0,4751000000.0,150490502990.0,733000000.0,0.0,-1301000000.0,0.0,-211000000.0,-1502000000.0,190000000.0,328000000.0,2045000000.0,0.0,1192000000.0,1192000000.0,1192000000.0,0.0,0.0,0.401,723000000.0,1751000000.0,1409000000.0,0.18,5.601,30.219,25.145,1732000000.0,0.0,47.775,12.777,9.544,1560000000.0,7974000000.0,2973000000.0,2973000000.0,0.0,,,,,30000000.0,495000000.0,1.0,3149984364.0,2353000000.0,2897000000.0,1.263,12924000000.0,623000000.0,574000000.0,4149000000.0,5.493,3487000000.0
32,V,MRQ,2013-06-30,2013-06-30,2013-06-30,2021-07-29,-116000000.0,35285000000.0,,6941000000.0,28344000000.0,,8.567,-122000000.0,1502000000.0,1502000000.0,493000000.0,1225000000.0,1.891,0.307,0.0,0.0,0.0,0.0,0.0,101000000.0,0.0,0.007,0.083,1833000000.0,1934000000.0,0.644,1934000000.0,1833000000.0,1833000000.0,0.472,0.47,0.472,27003000000.0,,27003000000.0,143311915021.0,20.0,19.213,2035000000.0,0.646,1.0,2508000000.0,0.836,23049000000.0,0.0,7063000000.0,,0.0,5110000000.0,1895000000.0,3215000000.0,8282000000.0,3671000000.0,4611000000.0,144737915021.0,76000000.0,0.0,-967000000.0,-1000000.0,-216000000.0,-1176000000.0,-905000000.0,-783000000.0,2157000000.0,0.0,1225000000.0,1225000000.0,1225000000.0,0.0,0.0,0.408,680000000.0,1828000000.0,948000000.0,0.176,5.36,26.557,22.232,1689000000.0,0.0,45.688,12.547,12.483,1238000000.0,7989000000.0,3001000000.0,3001000000.0,0.0,,,,,33000000.0,463000000.0,1.0,3167998140.0,3152000000.0,3696000000.0,0.952,12236000000.0,1029000000.0,608000000.0,4043000000.0,3.882,3270000000.0
33,V,MRQ,2013-03-31,2013-03-31,2013-03-31,2021-07-29,-133000000.0,35059000000.0,,6914000000.0,28145000000.0,,8.436,-111000000.0,1426000000.0,1426000000.0,486000000.0,1270000000.0,1.954,0.304,0.0,0.0,0.0,0.0,0.0,98000000.0,0.0,0.006,0.083,1857000000.0,1955000000.0,0.661,1955000000.0,1857000000.0,1857000000.0,0.482,0.48,0.482,26895000000.0,,26895000000.0,135068338676.0,51.0,44.993,1533000000.0,0.481,1.0,2472000000.0,0.836,23066000000.0,0.0,7028000000.0,,0.0,4351000000.0,1342000000.0,3009000000.0,8164000000.0,3539000000.0,4625000000.0,136451338676.0,43000000.0,0.0,-1806000000.0,0.0,-217000000.0,-2017000000.0,416000000.0,527000000.0,1644000000.0,0.0,1270000000.0,1270000000.0,1270000000.0,0.0,0.0,0.429,612000000.0,1860000000.0,840000000.0,0.172,5.073,57.188,47.336,1674000000.0,0.0,42.46,12.293,12.195,1290000000.0,7723000000.0,2958000000.0,2958000000.0,0.0,,,,,44000000.0,394000000.0,1.0,3213644340.0,3188000000.0,3732000000.0,0.928,11993000000.0,1584000000.0,587000000.0,4046000000.0,3.762,3375000000.0
34,V,MRQ,2012-12-31,2012-12-31,2012-12-31,2021-07-29,-137000000.0,35859000000.0,,7387000000.0,28472000000.0,,8.557,-100000000.0,1383000000.0,1383000000.0,454000000.0,1293000000.0,1.971,0.3,0.0,0.0,0.0,0.0,0.0,92000000.0,0.0,0.007,0.083,1801000000.0,1893000000.0,0.665,1893000000.0,1801000000.0,1801000000.0,0.485,0.482,0.485,27588000000.0,,27588000000.0,116365942905.0,49.0,42.531,-2924000000.0,-0.907,1.0,2392000000.0,0.84,23084000000.0,0.0,7645000000.0,,0.0,4886000000.0,1451000000.0,3435000000.0,8271000000.0,3747000000.0,4524000000.0,122871942905.0,-740000000.0,0.0,-1247000000.0,-5000000.0,-220000000.0,2949000000.0,-865000000.0,-765000000.0,-2824000000.0,0.0,1293000000.0,1293000000.0,1293000000.0,0.0,0.0,0.454,592000000.0,1800000000.0,1186000000.0,0.171,4.454,51.027,42.341,1641000000.0,0.0,37.895,11.462,11.397,1660000000.0,7997000000.0,2846000000.0,2846000000.0,0.0,,,,,-2000000.0,387000000.0,1.0,3242431532.0,3224000000.0,3776000000.0,0.883,12775000000.0,1730000000.0,508000000.0,4057000000.0,3.962,3640000000.0
35,V,MRQ,2012-09-30,2012-09-30,2012-09-30,2021-07-29,-171000000.0,40013000000.0,,11786000000.0,28227000000.0,,8.559,-106000000.0,6506000000.0,6506000000.0,471000000.0,1662000000.0,1.482,0.448,0.0,0.0,0.0,0.0,0.0,89000000.0,0.0,0.007,0.055,1588000000.0,1677000000.0,0.614,1677000000.0,1588000000.0,1588000000.0,0.615,0.613,0.615,27630000000.0,,27630000000.0,103083314620.0,47.0,40.552,1263000000.0,0.391,1.0,2260000000.0,0.828,23101000000.0,0.0,2452000000.0,,0.0,4029000000.0,743000000.0,3286000000.0,12383000000.0,7954000000.0,4429000000.0,108923314620.0,516000000.0,0.0,-111000000.0,0.0,-147000000.0,-393000000.0,-471000000.0,-365000000.0,1369000000.0,11000000.0,1662000000.0,1662000000.0,1662000000.0,0.0,0.0,0.609,738000000.0,1522000000.0,871000000.0,0.089,3.942,50.804,42.386,1634000000.0,0.0,33.57,10.452,10.437,1177000000.0,7809000000.0,2731000000.0,2731000000.0,0.0,,,,,6000000.0,536000000.0,1.0,3244662336.0,3228000000.0,3796000000.0,0.846,16912000000.0,2206000000.0,-74000000.0,4058000000.0,5.239,3832000000.0
36,V,MRQ,2012-06-30,2012-06-30,2012-06-30,2021-07-29,-175000000.0,38741000000.0,,10899000000.0,27842000000.0,,8.073,-108000000.0,5840000000.0,5840000000.0,435000000.0,-1839000000.0,1.388,0.481,0.0,0.0,0.0,0.0,0.0,84000000.0,0.0,0.007,0.055,-2607000000.0,-2523000000.0,-0.984,-2523000000.0,-2607000000.0,-2607000000.0,-0.685,-0.685,-0.685,26158000000.0,,26158000000.0,94308126844.0,48.0,41.381,1149000000.0,0.355,1.0,2130000000.0,0.83,23118000000.0,0.0,1929000000.0,,0.0,3669000000.0,745000000.0,2924000000.0,12583000000.0,7854000000.0,4729000000.0,100632126844.0,-484000000.0,-3000000.0,-427000000.0,0.0,-148000000.0,-560000000.0,-1173000000.0,-1062000000.0,1257000000.0,-8000000.0,-1839000000.0,-1839000000.0,-1839000000.0,0.0,0.0,-0.717,4737000000.0,-2607000000.0,858000000.0,-0.08,3.847,73.886,63.077,1581000000.0,0.0,30.907,9.99,9.941,1236000000.0,6411000000.0,2565000000.0,2565000000.0,0.0,,,,,21000000.0,453000000.0,1.0,3255912864.0,3240000000.0,3828000000.0,0.792,15623000000.0,1645000000.0,-768000000.0,3944000000.0,4.822,3045000000.0
37,V,MRQ,2012-03-31,2012-03-31,2012-03-31,2021-07-29,-176000000.0,36846000000.0,,10295000000.0,26551000000.0,,8.792,-61000000.0,6324000000.0,6324000000.0,431000000.0,1292000000.0,2.87,0.292,0.0,0.0,0.0,0.0,0.0,80000000.0,0.0,0.006,0.055,1609000000.0,1689000000.0,0.655,1689000000.0,1609000000.0,1609000000.0,0.48,0.477,0.48,28521000000.0,,28521000000.0,89675341590.0,15.0,13.944,1036000000.0,0.319,1.0,2147000000.0,0.833,23105000000.0,0.0,3830000000.0,,0.0,2616000000.0,915000000.0,1701000000.0,8325000000.0,3587000000.0,4738000000.0,95969341590.0,100000000.0,0.0,33000000.0,-1000000.0,-148000000.0,-37000000.0,-964000000.0,-903000000.0,1097000000.0,4000000.0,1292000000.0,1292000000.0,1292000000.0,0.0,0.0,0.501,541000000.0,1606000000.0,777000000.0,0.115,3.365,22.817,19.256,1540000000.0,0.0,29.5,9.763,9.735,1163000000.0,8688000000.0,2578000000.0,2578000000.0,0.0,,,,,29000000.0,358000000.0,1.0,3253198020.0,3244000000.0,3852000000.0,0.795,13741000000.0,430000000.0,317000000.0,3941000000.0,4.236,6708000000.0
38,V,MRQ,2011-12-31,2011-12-31,2011-12-31,2021-07-29,-172000000.0,35768000000.0,,9978000000.0,25790000000.0,,8.416,-99000000.0,6294000000.0,6294000000.0,389000000.0,1027000000.0,2.821,0.31,0.0,0.0,0.0,0.0,0.0,80000000.0,0.0,0.007,0.055,1619000000.0,1699000000.0,0.667,1699000000.0,1619000000.0,1619000000.0,0.375,0.372,0.375,27301000000.0,,27301000000.0,77554537948.0,13.0,12.505,1187000000.0,0.366,1.0,2158000000.0,0.847,23122000000.0,0.0,2815000000.0,,0.0,1699000000.0,799000000.0,900000000.0,8467000000.0,3537000000.0,4930000000.0,82538537948.0,-185000000.0,0.0,-31000000.0,-5000000.0,-152000000.0,-1665000000.0,194000000.0,293000000.0,1286000000.0,0.0,1029000000.0,1029000000.0,1029000000.0,0.0,-2000000.0,0.404,540000000.0,1618000000.0,513000000.0,0.147,3.023,21.749,18.623,1542000000.0,0.0,25.383,8.691,8.67,1138000000.0,7544000000.0,2547000000.0,2547000000.0,0.0,,,,,20000000.0,362000000.0,1.0,3251789144.0,3244000000.0,3924000000.0,0.785,12646000000.0,461000000.0,590000000.0,4212000000.0,3.898,6441000000.0
39,V,MRQ,2011-09-30,2011-09-30,2011-09-30,2021-07-29,-176000000.0,34760000000.0,,9190000000.0,25570000000.0,,8.17,-117000000.0,4984000000.0,4984000000.0,388000000.0,878000000.0,2.663,0.315,0.0,0.0,0.0,0.0,0.0,77000000.0,0.0,0.007,0.037,1337000000.0,1414000000.0,0.593,1414000000.0,1337000000.0,1356000000.0,0.32,0.318,0.32,26437000000.0,,26437000000.0,63535965563.0,11.0,10.682,751000000.0,0.232,1.0,1995000000.0,0.837,23104000000.0,-19000000.0,3221000000.0,,0.0,1982000000.0,1271000000.0,711000000.0,8323000000.0,3451000000.0,4872000000.0,70027965563.0,-1473000000.0,0.0,-388000000.0,-35000000.0,-103000000.0,-450000000.0,-1874000000.0,-1757000000.0,868000000.0,-17000000.0,880000000.0,880000000.0,880000000.0,0.0,-2000000.0,0.369,633000000.0,1362000000.0,618000000.0,0.116,2.649,19.186,16.548,1541000000.0,0.0,21.43,7.622,7.688,972000000.0,6706000000.0,2383000000.0,2383000000.0,0.0,,,,,26000000.0,449000000.0,1.0,3267753876.0,3236000000.0,3932000000.0,0.736,11656000000.0,489000000.0,476000000.0,4205000000.0,3.602,5739000000.0
40,V,MRQ,2011-06-30,2011-06-30,2011-06-30,2021-07-29,-136000000.0,34447000000.0,,9516000000.0,24931000000.0,,7.894,-89000000.0,6527000000.0,6527000000.0,363000000.0,1004000000.0,2.695,0.322,35000000.0,13000000.0,22000000.0,35000000.0,0.0,74000000.0,0.0,0.007,0.037,1555000000.0,1629000000.0,0.702,1629000000.0,1555000000.0,1544000000.0,0.357,0.357,0.357,26050000000.0,,26050000000.0,63469819534.0,11.0,10.9,1306000000.0,0.396,1.0,1959000000.0,0.844,23121000000.0,11000000.0,1303000000.0,,0.0,227000000.0,220000000.0,7000000.0,8395000000.0,3531000000.0,4864000000.0,69941819534.0,88000000.0,-106000000.0,-1040000000.0,-4000000.0,-105000000.0,-1075000000.0,-229000000.0,-34000000.0,1395000000.0,-3000000.0,1005000000.0,1005000000.0,1005000000.0,0.0,-1000000.0,0.433,614000000.0,1345000000.0,558000000.0,0.104,2.685,19.735,16.988,1510000000.0,0.0,21.065,7.839,7.791,956000000.0,6130000000.0,2322000000.0,2322000000.0,0.0,,,,,28000000.0,449000000.0,1.0,3320285760.0,3300000000.0,4032000000.0,0.704,11326000000.0,507000000.0,539000000.0,4254000000.0,3.432,5985000000.0
41,V,MRQ,2011-03-31,2011-03-31,2011-03-31,2021-07-29,-139000000.0,34422000000.0,,9606000000.0,24816000000.0,,7.877,-72000000.0,6509000000.0,6509000000.0,351000000.0,880000000.0,2.772,0.316,37000000.0,12000000.0,25000000.0,37000000.0,0.0,70000000.0,0.0,0.007,0.037,1390000000.0,1460000000.0,0.65,1460000000.0,1390000000.0,1378000000.0,0.31,0.307,0.31,26151000000.0,,26151000000.0,55012079095.0,11.0,10.203,531000000.0,0.16,1.0,1894000000.0,0.844,23052000000.0,12000000.0,1433000000.0,,0.0,205000000.0,197000000.0,8000000.0,8268000000.0,3465000000.0,4803000000.0,61321079095.0,-172000000.0,-162000000.0,-217000000.0,-5000000.0,-107000000.0,-658000000.0,-123000000.0,111000000.0,603000000.0,6000000.0,881000000.0,881000000.0,881000000.0,0.0,-1000000.0,0.392,511000000.0,1383000000.0,411000000.0,0.119,2.345,18.839,16.36,1453000000.0,0.0,18.405,7.106,7.081,935000000.0,5707000000.0,2245000000.0,2245000000.0,0.0,,,,,41000000.0,355000000.0,1.0,3331761972.0,3320000000.0,4156000000.0,0.676,11370000000.0,497000000.0,497000000.0,4205000000.0,3.425,6141000000.0
42,V,MRQ,2010-12-31,2010-12-31,2010-12-31,2021-07-29,-150000000.0,33989000000.0,,9355000000.0,24634000000.0,,7.665,-75000000.0,6350000000.0,6350000000.0,357000000.0,884000000.0,2.543,0.331,41000000.0,12000000.0,29000000.0,41000000.0,0.0,67000000.0,0.0,0.007,0.037,1378000000.0,1445000000.0,0.646,1445000000.0,1378000000.0,1382000000.0,0.307,0.307,0.307,25541000000.0,,25541000000.0,53139882730.0,11.0,10.347,931000000.0,0.279,1.0,1881000000.0,0.84,22910000000.0,-4000000.0,1091000000.0,,0.0,216000000.0,201000000.0,15000000.0,8445000000.0,3679000000.0,4766000000.0,58898882730.0,-183000000.0,0.0,-280000000.0,-10000000.0,-108000000.0,-1121000000.0,-73000000.0,2000000.0,1006000000.0,5000000.0,884000000.0,884000000.0,884000000.0,0.0,0.0,0.395,515000000.0,1366000000.0,525000000.0,0.121,2.306,19.08,16.646,1380000000.0,0.0,17.595,7.06,7.027,1033000000.0,5023000000.0,2238000000.0,2238000000.0,0.0,,,,,41000000.0,368000000.0,1.0,3347478416.0,3332000000.0,4232000000.0,0.672,11079000000.0,545000000.0,498000000.0,4186000000.0,3.325,5676000000.0
43,V,MRQ,2010-09-30,2010-09-30,2010-09-30,2021-07-29,-151000000.0,33408000000.0,,8734000000.0,24674000000.0,,7.479,-95000000.0,5803000000.0,5803000000.0,353000000.0,773000000.0,2.497,0.336,44000000.0,12000000.0,32000000.0,44000000.0,0.0,78000000.0,0.0,0.007,0.031,1211000000.0,1289000000.0,0.609,1289000000.0,1211000000.0,1196000000.0,0.265,0.262,0.265,25011000000.0,,25011000000.0,55221679648.0,12.0,11.095,798000000.0,0.239,1.0,1764000000.0,0.833,22925000000.0,15000000.0,1226000000.0,,0.0,211000000.0,184000000.0,27000000.0,8394000000.0,3498000000.0,4896000000.0,62384679648.0,-1338000000.0,-1805000000.0,-316000000.0,-5000000.0,-90000000.0,-340000000.0,-1894000000.0,6000000.0,893000000.0,3000000.0,774000000.0,774000000.0,774000000.0,0.0,-1000000.0,0.366,651000000.0,1113000000.0,543000000.0,0.117,2.494,21.033,18.418,1357000000.0,0.0,18.565,7.735,7.725,878000000.0,4368000000.0,2117000000.0,2117000000.0,0.0,,,,,35000000.0,458000000.0,1.0,3360338252.0,3344000000.0,4288000000.0,0.633,10483000000.0,623000000.0,422000000.0,4181000000.0,3.135,5236000000.0
44,V,MRQ,2010-06-30,2010-06-30,2010-06-30,2021-07-29,-82000000.0,32696000000.0,,9850000000.0,22846000000.0,,7.362,-65000000.0,7210000000.0,7210000000.0,285000000.0,716000000.0,2.829,0.325,47000000.0,12000000.0,35000000.0,47000000.0,0.0,63000000.0,0.0,0.007,0.031,1135000000.0,1198000000.0,0.59,1198000000.0,1135000000.0,1122000000.0,0.242,0.242,0.242,24676000000.0,,24676000000.0,53328280148.0,12.0,11.501,1153000000.0,0.344,1.0,1744000000.0,0.86,21091000000.0,13000000.0,960000000.0,,0.0,204000000.0,85000000.0,119000000.0,8016000000.0,3482000000.0,4534000000.0,59413280148.0,645000000.0,0.0,15000000.0,-4000000.0,-93000000.0,-507000000.0,-62000000.0,3000000.0,1218000000.0,-4000000.0,716000000.0,716000000.0,716000000.0,0.0,0.0,0.353,607000000.0,1137000000.0,540000000.0,0.128,2.408,21.956,19.331,1185000000.0,0.0,17.688,7.591,7.575,917000000.0,3822000000.0,2029000000.0,2029000000.0,0.0,,,,,29000000.0,441000000.0,1.0,3359054708.0,3352000000.0,4328000000.0,0.605,11605000000.0,448000000.0,406000000.0,3798000000.0,3.462,6368000000.0
45,V,MRQ,2010-03-31,2010-03-31,2010-03-31,2021-07-29,-99000000.0,32068000000.0,,9115000000.0,22953000000.0,,7.146,-41000000.0,6135000000.0,6135000000.0,310000000.0,712000000.0,2.577,0.337,50000000.0,12000000.0,38000000.0,50000000.0,0.0,62000000.0,0.0,0.005,0.031,1142000000.0,1204000000.0,0.615,1204000000.0,1142000000.0,1114000000.0,0.242,0.24,0.242,23983000000.0,,23983000000.0,70917505001.0,15.0,14.704,568000000.0,0.169,1.0,1649000000.0,0.842,21091000000.0,28000000.0,1355000000.0,,0.0,209000000.0,85000000.0,124000000.0,8081000000.0,3537000000.0,4544000000.0,76669505001.0,400000000.0,0.0,-219000000.0,-5000000.0,-92000000.0,-243000000.0,30000000.0,71000000.0,609000000.0,4000000.0,713000000.0,713000000.0,713000000.0,0.0,-1000000.0,0.364,527000000.0,1122000000.0,696000000.0,0.128,3.197,28.198,24.872,1183000000.0,0.0,22.758,10.3,10.26,1168000000.0,3199000000.0,1959000000.0,1959000000.0,0.0,,,,,26000000.0,365000000.0,1.0,3368977480.0,3356000000.0,4436000000.0,0.584,10977000000.0,470000000.0,401000000.0,3808000000.0,3.271,5578000000.0
46,V,MRQ,2009-12-31,2009-12-31,2009-12-31,2021-07-29,-175000000.0,31715000000.0,,8753000000.0,22962000000.0,,6.969,-37000000.0,5805000000.0,5805000000.0,274000000.0,763000000.0,2.407,0.351,53000000.0,12000000.0,41000000.0,53000000.0,0.0,62000000.0,0.0,0.005,0.031,1224000000.0,1286000000.0,0.656,1286000000.0,1224000000.0,1208000000.0,0.258,0.255,0.258,23472000000.0,,23472000000.0,67641118288.0,16.0,14.727,-66000000.0,-0.02,1.0,1686000000.0,0.86,21091000000.0,16000000.0,1235000000.0,,0.0,212000000.0,93000000.0,119000000.0,8238000000.0,3637000000.0,4601000000.0,73917118288.0,-457000000.0,0.0,-424000000.0,-10000000.0,-93000000.0,-452000000.0,22000000.0,59000000.0,-29000000.0,2000000.0,763000000.0,763000000.0,763000000.0,0.0,0.0,0.389,469000000.0,1217000000.0,716000000.0,0.12,3.149,29.078,25.724,1203000000.0,0.0,21.865,10.364,10.325,1272000000.0,2691000000.0,1960000000.0,1960000000.0,0.0,,,,,27000000.0,345000000.0,1.0,3380613688.0,3368000000.0,4476000000.0,0.582,10624000000.0,595000000.0,445000000.0,3806000000.0,3.154,5116000000.0
47,V,MRQ,2009-09-30,2009-09-30,2009-09-30,2021-07-29,-188000000.0,32281000000.0,,9241000000.0,23040000000.0,,6.893,-101000000.0,6332000000.0,6332000000.0,355000000.0,514000000.0,2.08,0.392,56000000.0,12000000.0,44000000.0,56000000.0,0.0,61000000.0,0.0,0.006,0.026,888000000.0,949000000.0,0.505,949000000.0,888000000.0,863000000.0,0.172,0.172,0.172,23189000000.0,,23189000000.0,52839633405.0,13.0,12.169,-310000000.0,-0.092,1.0,1524000000.0,0.811,21091000000.0,25000000.0,472000000.0,,0.0,235000000.0,115000000.0,120000000.0,9088000000.0,4442000000.0,4646000000.0,58502633405.0,417000000.0,0.0,12000000.0,-42000000.0,-78000000.0,-260000000.0,875000000.0,976000000.0,-209000000.0,11000000.0,514000000.0,514000000.0,514000000.0,0.0,0.0,0.274,655000000.0,869000000.0,790000000.0,0.151,2.523,24.863,22.294,1204000000.0,0.0,17.277,8.465,8.44,1049000000.0,2219000000.0,1879000000.0,1879000000.0,0.0,,,,,30000000.0,382000000.0,1.0,3386058944.0,3364000000.0,4512000000.0,0.559,11190000000.0,703000000.0,349000000.0,3807000000.0,3.326,4799000000.0
48,V,MRQ,2009-06-30,2009-06-30,2009-06-30,2021-07-29,-102000000.0,32624000000.0,,9562000000.0,23062000000.0,,6.736,-69000000.0,5761000000.0,5761000000.0,282000000.0,729000000.0,2.156,0.431,98000000.0,52000000.0,46000000.0,98000000.0,0.0,57000000.0,0.0,0.007,0.026,1327000000.0,1384000000.0,0.841,1384000000.0,1327000000.0,1297000000.0,0.242,0.24,0.242,22794000000.0,,22794000000.0,49423344821.0,18.0,16.215,280000000.0,0.083,1.0,1364000000.0,0.829,21096000000.0,30000000.0,1430000000.0,,0.0,311000000.0,130000000.0,181000000.0,9825000000.0,4435000000.0,5390000000.0,52684344821.0,837000000.0,0.0,18000000.0,-4000000.0,-79000000.0,477000000.0,-1000000.0,68000000.0,349000000.0,12000000.0,729000000.0,729000000.0,729000000.0,0.0,0.0,0.443,542000000.0,822000000.0,1085000000.0,0.107,2.311,35.526,32.093,1170000000.0,0.0,15.565,7.816,7.814,1417000000.0,1783000000.0,1646000000.0,1646000000.0,0.0,,,,,20000000.0,422000000.0,1.0,3384795684.0,3384000000.0,4620000000.0,0.486,11528000000.0,484000000.0,568000000.0,3653000000.0,3.407,5127000000.0
49,V,MRQ,2009-03-31,2009-03-31,2009-03-31,2021-07-29,-88000000.0,31964000000.0,,8225000000.0,23739000000.0,,6.544,-68000000.0,3363000000.0,3363000000.0,292000000.0,535000000.0,1.938,0.445,102000000.0,52000000.0,50000000.0,102000000.0,0.0,56000000.0,0.0,0.006,0.026,918000000.0,974000000.0,0.591,974000000.0,918000000.0,888000000.0,0.177,0.177,0.177,22120000000.0,,22120000000.0,44527545435.0,20.0,18.064,165000000.0,0.049,1.0,1355000000.0,0.823,21096000000.0,30000000.0,3364000000.0,,0.0,326000000.0,126000000.0,200000000.0,9840000000.0,4243000000.0,5597000000.0,47036545435.0,750000000.0,0.0,2000000.0,-6000000.0,-80000000.0,464000000.0,55000000.0,123000000.0,233000000.0,-2000000.0,536000000.0,536000000.0,536000000.0,0.0,-1000000.0,0.325,474000000.0,881000000.0,832000000.0,0.147,2.126,39.997,37.568,1155000000.0,0.0,13.9,7.012,7.004,1251000000.0,1133000000.0,1647000000.0,1647000000.0,0.0,,,,,26000000.0,354000000.0,1.0,3383924132.0,3380000000.0,4616000000.0,0.487,10868000000.0,650000000.0,352000000.0,3859000000.0,3.215,3982000000.0
50,V,MRQ,2008-12-31,2008-12-31,2008-12-31,2021-07-29,-94000000.0,31822000000.0,,8089000000.0,23733000000.0,,6.418,-68000000.0,2613000000.0,2613000000.0,299000000.0,574000000.0,1.754,0.47,104000000.0,51000000.0,53000000.0,104000000.0,0.0,52000000.0,0.0,0.004,0.026,983000000.0,1035000000.0,0.595,1035000000.0,983000000.0,953000000.0,0.185,0.185,0.185,21640000000.0,,21640000000.0,39504353207.0,23.0,20.145,117000000.0,0.035,1.0,1440000000.0,0.828,21096000000.0,30000000.0,3605000000.0,,0.0,394000000.0,189000000.0,205000000.0,10177000000.0,4612000000.0,5565000000.0,44377353207.0,-2366000000.0,0.0,-2646000000.0,-2000000.0,-81000000.0,-3432000000.0,901000000.0,969000000.0,185000000.0,-20000000.0,574000000.0,574000000.0,574000000.0,0.0,0.0,0.33,474000000.0,966000000.0,735000000.0,0.141,2.051,46.517,45.216,1117000000.0,0.0,13.113,6.813,6.788,1123000000.0,677000000.0,1739000000.0,1739000000.0,0.0,,,,,32000000.0,366000000.0,1.0,3384354868.0,3372000000.0,4680000000.0,0.516,10726000000.0,800000000.0,379000000.0,3843000000.0,3.181,3477000000.0
51,V,MRQ,2008-09-30,2008-09-30,2008-09-30,2021-07-29,-70000000.0,34981000000.0,,11174000000.0,23807000000.0,,9.24,-92000000.0,6907000000.0,6907000000.0,432000000.0,-356000000.0,1.56,0.601,106000000.0,51000000.0,55000000.0,106000000.0,0.0,59000000.0,0.0,0.002,0.026,-404000000.0,-345000000.0,-0.202,-345000000.0,-404000000.0,-431000000.0,-0.12,,-0.12,21141000000.0,,21141000000.0,60889533114.0,41.0,35.483,182000000.0,0.08,1.0,1277000000.0,0.747,21096000000.0,27000000.0,-81000000.0,,0.0,600000000.0,355000000.0,245000000.0,12704000000.0,7165000000.0,5539000000.0,66542533114.0,-783000000.0,0.0,0.0,-4000000.0,-93000000.0,-27000000.0,-1025000000.0,-933000000.0,274000000.0,-5000000.0,-356000000.0,-356000000.0,-356000000.0,0.0,0.0,-0.208,1720000000.0,-443000000.0,1254000000.0,-0.217,3.148,82.764,63.948,1080000000.0,0.0,15.348,10.625,5.607,1473000000.0,186000000.0,1709000000.0,1709000000.0,0.0,,,,,27000000.0,512000000.0,1.0,4335724588.0,2288000000.0,,0.747,13885000000.0,944000000.0,-75000000.0,3811000000.0,6.069,4009000000.0
52,V,MRQ,2008-06-30,2008-06-30,2008-06-30,2021-07-29,0.0,34442000000.0,,10761000000.0,23681000000.0,,5.23,-86000000.0,5762000000.0,5762000000.0,310000000.0,422000000.0,1.774,0.519,109000000.0,11000000.0,98000000.0,109000000.0,0.0,57000000.0,0.0,0.0,0.0,744000000.0,801000000.0,0.497,801000000.0,744000000.0,714000000.0,0.128,,0.128,22676000000.0,,22676000000.0,83206404761.0,-186.0,-364.94,539000000.0,0.124,1.0,1303000000.0,0.808,21022000000.0,30000000.0,1702000000.0,,0.0,665000000.0,477000000.0,188000000.0,11766000000.0,6065000000.0,5701000000.0,88135404761.0,721000000.0,0.0,-116000000.0,-4000000.0,0.0,66000000.0,30000000.0,116000000.0,625000000.0,0.0,422000000.0,422000000.0,422000000.0,0.0,0.0,0.262,655000000.0,648000000.0,1355000000.0,0.0,3.887,-168.197,,1048000000.0,0.0,20.328,15.895,15.895,1572000000.0,,1613000000.0,1613000000.0,0.0,,,,,28000000.0,440000000.0,1.0,4335771972.0,4335771972.0,,0.372,13420000000.0,587000000.0,292000000.0,3545000000.0,3.095,4696000000.0
53,V,MRQ,2008-03-31,2008-03-31,2008-03-31,2021-07-29,0.0,33869000000.0,,10086000000.0,23783000000.0,,6.182,-166000000.0,5041000000.0,5041000000.0,289000000.0,314000000.0,1.727,0.518,112000000.0,72000000.0,40000000.0,112000000.0,0.0,59000000.0,0.0,0.0,0.0,411000000.0,470000000.0,0.323,470000000.0,411000000.0,370000000.0,0.098,,0.098,22315000000.0,,22315000000.0,54689921729.0,-67.0,-86.535,-716000000.0,-0.198,1.0,1164000000.0,0.801,21099000000.0,41000000.0,2000000000.0,,0.0,792000000.0,598000000.0,194000000.0,11554000000.0,5841000000.0,5713000000.0,56272921729.0,3343000000.0,0.0,5770000000.0,-4000000.0,0.0,3595000000.0,298000000.0,464000000.0,-550000000.0,0.0,314000000.0,314000000.0,314000000.0,0.0,0.0,0.216,815000000.0,349000000.0,1027000000.0,0.0,2.522,-77.833,,1018000000.0,0.0,15.59,11.548,11.548,1478000000.0,,1453000000.0,1453000000.0,0.0,,,,,19000000.0,368000000.0,1.0,3609552388.0,3609552388.0,,0.403,12770000000.0,541000000.0,56000000.0,3563000000.0,3.538,4245000000.0
54,V,MRQ,2007-12-31,2007-12-31,2007-12-31,2021-07-29,0.0,27742000000.0,,5813000000.0,21929000000.0,,5.392,-67000000.0,1698000000.0,1698000000.0,283000000.0,424000000.0,1.122,0.66,115000000.0,75000000.0,40000000.0,115000000.0,0.0,62000000.0,0.0,,0.0,728000000.0,790000000.0,0.531,790000000.0,728000000.0,683000000.0,0.138,0.138,0.138,16716000000.0,,16716000000.0,,,,115000000.0,0.037,1.0,1205000000.0,0.81,19938000000.0,45000000.0,1042000000.0,,0.0,1109000000.0,729000000.0,380000000.0,11026000000.0,5179000000.0,5847000000.0,,1423000000.0,1002000000.0,0.0,-10000000.0,0.0,-10000000.0,1251000000.0,316000000.0,182000000.0,0.0,424000000.0,424000000.0,424000000.0,0.0,0.0,0.285,527000000.0,678000000.0,1088000000.0,0.0,,,,912000000.0,0.0,,,,1501000000.0,-69000000.0,1488000000.0,1488000000.0,0.0,,,,,0.0,367000000.0,1.0,3626330080.0,3100322048.0,3100322048.0,0.48,7804000000.0,774000000.0,259000000.0,3658000000.0,2.517,634000000.0
55,V,MRQ,2007-09-30,2007-09-30,2007-09-30,2021-07-29,0.0,4390000000.0,,2507000000.0,1883000000.0,,-0.138,-84000000.0,275000000.0,275000000.0,192000000.0,-1684000000.0,0.764,-9.687,41000000.0,41000000.0,0.0,41000000.0,0.0,41000000.0,0.0,,0.0,-2330000000.0,-2289000000.0,-2.31,-2289000000.0,-2330000000.0,-2351000000.0,,,,-501000000.0,,-501000000.0,,,,-122000000.0,-0.034,1.0,799000000.0,0.806,0.0,21000000.0,874000000.0,,0.0,1711000000.0,747000000.0,964000000.0,4853000000.0,3282000000.0,1571000000.0,,-315000000.0,1000000.0,0.0,-10000000.0,0.0,-10000000.0,-267000000.0,-184000000.0,-38000000.0,0.0,-1684000000.0,-1684000000.0,-1684000000.0,0.0,0.0,-1.699,3118000000.0,-2319000000.0,149000000.0,,,,,313000000.0,0.0,,,,255000000.0,-501000000.0,991000000.0,991000000.0,0.0,,,,,0.0,344000000.0,1.0,3626330080.0,3626330080.0,,0.273,4390000000.0,1266000000.0,-667000000.0,0.0,1.211,-775000000.0
56,V,MRQ,2007-06-30,2007-06-30,2007-06-30,2021-07-29,,,,,,,,-31000000.0,,,184000000.0,223000000.0,,,,,,,,28000000.0,,,0.0,369000000.0,397000000.0,0.422,397000000.0,369000000.0,349000000.0,,,,,,,,,,126000000.0,,1.0,757000000.0,0.804,,20000000.0,,,,,,,,,,,204000000.0,0.0,0.0,-8000000.0,0.0,-8000000.0,55000000.0,86000000.0,157000000.0,0.0,223000000.0,223000000.0,223000000.0,0.0,0.0,0.237,380000000.0,377000000.0,,,,,,,0.0,,,,,,941000000.0,941000000.0,0.0,,,,,0.0,263000000.0,1.0,,,,,,,126000000.0,,,
57,V,MRQ,2007-03-31,2007-03-31,2007-03-31,2021-07-29,,,,,,,,-29000000.0,,,174000000.0,180000000.0,,,,,,,,28000000.0,,,0.0,306000000.0,334000000.0,0.411,334000000.0,306000000.0,286000000.0,,,,,,,,,,180000000.0,,1.0,639000000.0,0.786,,20000000.0,,,,,,,,,,,20000000.0,0.0,0.0,-10000000.0,0.0,-10000000.0,-179000000.0,-150000000.0,209000000.0,0.0,180000000.0,180000000.0,180000000.0,0.0,0.0,0.221,325000000.0,314000000.0,,,,,,,0.0,,,,,,813000000.0,813000000.0,0.0,,,,,0.0,205000000.0,1.0,,,,,,,106000000.0,,,
58,V,MRQ,2006-12-31,2006-12-31,2006-12-31,2021-07-29,,,,,,,,-16000000.0,,,171000000.0,205000000.0,,,,,,,,29000000.0,,,0.0,344000000.0,373000000.0,0.441,373000000.0,344000000.0,324000000.0,,,,,,,,,,161000000.0,,1.0,674000000.0,0.798,,20000000.0,,,,,,,,,,,96000000.0,-1000000.0,0.0,-9000000.0,0.0,-9000000.0,-72000000.0,-55000000.0,177000000.0,0.0,205000000.0,205000000.0,205000000.0,0.0,0.0,0.243,322000000.0,352000000.0,,,,,,,0.0,,,,,,845000000.0,845000000.0,0.0,,,,,0.0,249000000.0,1.0,,,,,,,119000000.0,,,
59,V,MRQ,2006-09-30,2006-09-30,2006-09-30,2021-07-29,-958000.0,2963918000.0,,1593931000.0,1369987000.0,,,,270124000.0,270124000.0,,,1.144,4.021,73619000.0,32339000.0,41280000.0,73619000.0,0.0,,137390000.0,,0.0,,,,,,,,,,582814000.0,,582814000.0,,,,,,1.0,,,0.0,,1374450000.0,,0.0,1362094000.0,660451000.0,701643000.0,2343264000.0,1392963000.0,950301000.0,,,,,,,,,,,,,,,,,,,,207842000.0,,,,,280899000.0,,,,,258035000.0,583772000.0,,,,,,,,,,1.0,,,,,2963918000.0,387204000.0,,0.0,,200968000.0
0,V,MRT,2021-06-30,2021-06-30,2021-06-30,2021-07-29,601000000.0,82671000000.0,81052750000.0,28042000000.0,54629000000.0,0.279,19.419,-665000000.0,18928000000.0,18928000000.0,4115000000.0,10864000000.0,2.0,1.188,20996000000.0,0.0,20996000000.0,20996000000.0,0.0,798000000.0,0.0,0.005,1.26,15353000000.0,16151000000.0,0.713,16151000000.0,15353000000.0,14820000000.0,4.96,4.95,4.96,37790000000.0,37343750000.0,37790000000.0,459058367283.0,30.0,28.423,12687000000.0,6.52,1.0,18532000000.0,0.818,44044000000.0,533000000.0,26672000000.0,27990250000.0,0.0,2317000000.0,1206000000.0,1111000000.0,44881000000.0,14023000000.0,30858000000.0,455472367283.0,4340000000.0,-75000000.0,-7185000000.0,227000000.0,-2764000000.0,-10036000000.0,665000000.0,1304000000.0,13352000000.0,359000000.0,10864000000.0,10864000000.0,10864000000.0,0.0,0.0,0.48,3901000000.0,14631000000.0,2548000000.0,0.254,12.053,41.925,47.141,2707000000.0,0.0,233.82,20.112,20.092,3515000000.0,15294000000.0,22647000000.0,22647000000.0,0.0,0.134,0.291,0.549,0.678,528000000.0,2370000000.0,1.0,1947961540.0,1946000000.0,2439000000.0,11.638,38627000000.0,0.0,3956000000.0,6240000000.0,19.849,14019000000.0
1,V,MRT,2021-03-31,2021-03-31,2021-03-31,2021-07-29,372000000.0,80195000000.0,79856000000.0,26901000000.0,53294000000.0,0.267,19.321,-647000000.0,17388000000.0,17388000000.0,3958000000.0,10662000000.0,2.116,1.127,20974000000.0,0.0,20974000000.0,20974000000.0,0.0,791000000.0,0.0,0.006,1.24,13907000000.0,14698000000.0,0.688,14698000000.0,13907000000.0,13363000000.0,4.85,4.84,4.85,37696000000.0,36777250000.0,37696000000.0,418492173053.0,30.0,28.473,11293000000.0,5.788,1.0,17396000000.0,0.815,43803000000.0,544000000.0,27267000000.0,27481750000.0,0.0,2168000000.0,2058000000.0,110000000.0,42499000000.0,12711000000.0,29788000000.0,413363173053.0,6742000000.0,-75000000.0,-6076000000.0,3211000000.0,-2729000000.0,-6026000000.0,460000000.0,1098000000.0,11940000000.0,368000000.0,10662000000.0,10662000000.0,10662000000.0,0.0,0.0,0.499,3830000000.0,13566000000.0,2126000000.0,0.256,10.966,38.77,43.656,2684000000.0,0.0,211.73,19.358,19.345,3225000000.0,15513000000.0,21354000000.0,21354000000.0,0.0,0.134,0.29,0.506,0.651,476000000.0,2317000000.0,1.0,1952312724.0,1951000000.0,2449000000.0,10.945,36392000000.0,0.0,2701000000.0,5212000000.0,18.653,14190000000.0
2,V,MRT,2020-12-31,2020-12-31,2020-12-31,2021-07-29,1154000000.0,80426000000.0,78012250000.0,26280000000.0,54146000000.0,0.275,19.323,-705000000.0,15926000000.0,15926000000.0,3784000000.0,10720000000.0,2.121,1.135,21055000000.0,0.0,21055000000.0,21055000000.0,0.0,782000000.0,0.0,0.006,1.22,14105000000.0,14887000000.0,0.693,14887000000.0,14105000000.0,13564000000.0,4.86,4.84,4.86,37679000000.0,35999500000.0,37679000000.0,433093272179.0,31.0,29.092,9373000000.0,4.807,1.0,17695000000.0,0.824,44714000000.0,541000000.0,28451000000.0,25915000000.0,0.0,3170000000.0,3009000000.0,161000000.0,42747000000.0,12390000000.0,30357000000.0,426213272179.0,5792000000.0,-75000000.0,-7491000000.0,4212000000.0,-2696000000.0,-6407000000.0,1504000000.0,2200000000.0,10078000000.0,617000000.0,10720000000.0,10720000000.0,10720000000.0,0.0,0.0,0.499,3786000000.0,13909000000.0,2179000000.0,0.251,11.312,39.759,45.006,2713000000.0,0.0,218.73,19.843,19.858,3342000000.0,14813000000.0,21479000000.0,21479000000.0,0.0,0.137,0.298,0.544,0.657,422000000.0,2273000000.0,1.0,1948581686.0,1950000000.0,2456000000.0,11.015,35712000000.0,0.0,2844000000.0,5343000000.0,18.314,13890000000.0
3,V,MRT,2020-09-30,2020-09-30,2020-09-30,2021-07-29,354000000.0,80919000000.0,76601000000.0,27645000000.0,53274000000.0,0.285,18.541,-736000000.0,17190000000.0,17190000000.0,3785000000.0,10866000000.0,1.905,1.235,24070000000.0,2999000000.0,21071000000.0,24070000000.0,0.0,767000000.0,0.0,0.006,1.2,14306000000.0,15073000000.0,0.69,15073000000.0,14306000000.0,13790000000.0,4.9,4.89,4.9,36210000000.0,35397250000.0,36210000000.0,394250789391.0,28.0,26.156,9704000000.0,4.969,1.0,18061000000.0,0.827,43718000000.0,516000000.0,29571000000.0,23948250000.0,0.0,3983000000.0,3752000000.0,231000000.0,44709000000.0,14510000000.0,30199000000.0,388417789391.0,8339000000.0,-77000000.0,-8084000000.0,7212000000.0,-2664000000.0,-3968000000.0,1427000000.0,2168000000.0,10440000000.0,440000000.0,10866000000.0,10866000000.0,10866000000.0,0.0,0.0,0.497,3980000000.0,14081000000.0,1910000000.0,0.245,10.727,35.746,40.81,2737000000.0,0.0,199.97,17.78,17.877,2882000000.0,14088000000.0,21846000000.0,21846000000.0,0.0,0.142,0.307,0.597,0.655,416000000.0,2475000000.0,1.0,1942380304.0,1953000000.0,2479000000.0,11.186,37201000000.0,0.0,2924000000.0,5237000000.0,19.048,13135000000.0
4,V,MRT,2020-06-30,2020-06-30,2020-06-30,2021-07-29,-279000000.0,77884000000.0,74514750000.0,25011000000.0,52873000000.0,0.307,18.255,-817000000.0,15046000000.0,15046000000.0,3734000000.0,11754000000.0,1.553,1.192,20879000000.0,2999000000.0,17880000000.0,20879000000.0,0.0,743000000.0,0.0,0.006,1.15,14937000000.0,15680000000.0,0.685,15680000000.0,14937000000.0,14446000000.0,5.26,5.26,5.26,35524000000.0,35015750000.0,35524000000.0,382313449743.0,26.0,24.382,11569000000.0,5.945,1.0,19148000000.0,0.837,42979000000.0,491000000.0,24638000000.0,22657750000.0,0.0,3286000000.0,2739000000.0,547000000.0,42360000000.0,16100000000.0,26260000000.0,375425449743.0,6265000000.0,-640000000.0,-8685000000.0,3985000000.0,-2565000000.0,-7383000000.0,1304000000.0,2637000000.0,12386000000.0,-42000000.0,11754000000.0,11754000000.0,11754000000.0,0.0,0.0,0.514,4474000000.0,14674000000.0,2878000000.0,0.219,10.568,31.94,36.724,2746000000.0,0.0,193.17,16.407,16.428,3564000000.0,14072000000.0,22882000000.0,22882000000.0,0.0,0.158,0.336,0.659,0.653,408000000.0,2623000000.0,1.0,1943497695.0,1946000000.0,2470000000.0,11.758,34905000000.0,0.0,2692000000.0,4728000000.0,17.937,8911000000.0
5,V,MRT,2020-03-31,2020-03-31,2020-03-31,2021-07-29,-444000000.0,72820000000.0,72606000000.0,19907000000.0,52913000000.0,0.329,17.654,-850000000.0,11004000000.0,11004000000.0,3665000000.0,12482000000.0,1.249,1.106,17892000000.0,3999000000.0,13893000000.0,17892000000.0,0.0,711000000.0,0.0,0.007,1.1,15857000000.0,16568000000.0,0.694,16568000000.0,15857000000.0,15380000000.0,5.56,5.56,5.56,34585000000.0,34883500000.0,34585000000.0,322485121395.0,20.0,19.464,11918000000.0,6.084,1.0,20220000000.0,0.847,42766000000.0,477000000.0,21000000000.0,22677000000.0,0.0,3475000000.0,2411000000.0,1064000000.0,38235000000.0,15942000000.0,22293000000.0,316199121395.0,2534000000.0,-776000000.0,-9760000000.0,1001000000.0,-2467000000.0,-12462000000.0,2246000000.0,3727000000.0,12768000000.0,-18000000.0,12482000000.0,12482000000.0,12482000000.0,0.0,0.0,0.523,4637000000.0,15583000000.0,2030000000.0,0.198,9.143,25.332,28.978,2776000000.0,0.0,161.12,13.238,13.215,2948000000.0,13366000000.0,23885000000.0,23885000000.0,0.0,0.172,0.358,0.699,0.664,411000000.0,2806000000.0,1.0,1962506960.0,1959000000.0,2484000000.0,12.192,30054000000.0,0.0,2898000000.0,4796000000.0,15.342,3965000000.0
6,V,MRT,2019-12-31,2019-12-31,2019-12-31,2021-07-29,-340000000.0,74781000000.0,71867250000.0,22319000000.0,52462000000.0,0.327,17.913,-790000000.0,10402000000.0,10402000000.0,3619000000.0,12375000000.0,1.27,1.12,16688000000.0,3000000000.0,13688000000.0,16688000000.0,0.0,679000000.0,0.0,0.006,1.05,15727000000.0,16406000000.0,0.697,16406000000.0,15727000000.0,15228000000.0,5.48,5.49,5.48,35270000000.0,34806000000.0,35270000000.0,377721937135.0,24.0,23.023,12575000000.0,6.386,1.0,19906000000.0,0.846,42904000000.0,499000000.0,20584000000.0,23555500000.0,0.0,5621000000.0,3902000000.0,1719000000.0,39511000000.0,17579000000.0,21932000000.0,370035937135.0,1148000000.0,-776000000.0,-8572000000.0,0.0,-2368000000.0,-12176000000.0,41000000.0,1548000000.0,13365000000.0,-82000000.0,12375000000.0,12375000000.0,12375000000.0,0.0,0.0,0.526,4606000000.0,15300000000.0,4410000000.0,0.192,10.492,29.902,34.288,2739000000.0,0.0,187.9,15.729,15.727,4934000000.0,13899000000.0,23525000000.0,23525000000.0,0.0,0.172,0.356,0.668,0.669,423000000.0,2805000000.0,1.0,1969323774.0,1969000000.0,2496000000.0,11.948,31877000000.0,0.0,2853000000.0,4810000000.0,16.189,4740000000.0
7,V,MRT,2019-09-30,2019-09-30,2019-09-30,2021-07-29,-650000000.0,72574000000.0,71085750000.0,20970000000.0,51604000000.0,0.323,17.351,-756000000.0,9043000000.0,9043000000.0,3444000000.0,12080000000.0,1.563,1.092,16729000000.0,0.0,16729000000.0,16729000000.0,0.0,656000000.0,0.0,0.006,1.0,15417000000.0,16073000000.0,0.7,16073000000.0,15417000000.0,14884000000.0,5.32,5.32,5.32,34684000000.0,34512250000.0,34684000000.0,349133190940.0,23.0,21.722,12028000000.0,6.017,1.0,19533000000.0,0.85,42436000000.0,533000000.0,24409000000.0,24075500000.0,0.0,6393000000.0,4236000000.0,2157000000.0,37890000000.0,13415000000.0,24475000000.0,341253190940.0,-145000000.0,-699000000.0,-8556000000.0,0.0,-2269000000.0,-12061000000.0,-591000000.0,842000000.0,12784000000.0,-277000000.0,12080000000.0,12080000000.0,12080000000.0,0.0,0.0,0.526,4532000000.0,15001000000.0,4146000000.0,0.188,9.839,28.249,32.333,2695000000.0,0.0,172.01,14.852,14.965,4590000000.0,13502000000.0,22977000000.0,22977000000.0,0.0,0.17,0.35,0.64,0.671,407000000.0,2755000000.0,1.0,1983914836.0,1999000000.0,2529000000.0,11.494,30138000000.0,0.0,2804000000.0,4807000000.0,15.077,7555000000.0
8,V,MRT,2019-06-30,2019-06-30,2019-06-30,2021-07-29,110000000.0,70249000000.0,70248500000.0,18305000000.0,51944000000.0,0.317,17.568,-716000000.0,8814000000.0,8814000000.0,3388000000.0,11900000000.0,1.69,1.007,16694000000.0,0.0,16694000000.0,16694000000.0,0.0,647000000.0,0.0,0.006,0.96,15274000000.0,15921000000.0,0.715,15921000000.0,15274000000.0,14711000000.0,5.21,5.21,5.21,34995000000.0,34342750000.0,34995000000.0,354500335695.0,23.0,22.266,11502000000.0,5.774,1.0,18886000000.0,0.848,42585000000.0,563000000.0,24715000000.0,23509500000.0,0.0,6183000000.0,3265000000.0,2918000000.0,35254000000.0,10829000000.0,24425000000.0,346417335695.0,-669000000.0,-136000000.0,-8022000000.0,0.0,-2189000000.0,-11447000000.0,-1366000000.0,-509000000.0,12218000000.0,-74000000.0,11900000000.0,11900000000.0,11900000000.0,0.0,0.0,0.534,4214000000.0,14672000000.0,2570000000.0,0.184,9.899,29.111,33.311,2549000000.0,0.0,173.55,15.553,15.521,3220000000.0,13040000000.0,22274000000.0,22274000000.0,0.0,0.169,0.347,0.65,0.686,406000000.0,2814000000.0,1.0,1996066469.0,1992000000.0,2522000000.0,11.182,27664000000.0,0.0,2811000000.0,4930000000.0,13.888,7476000000.0
9,V,MRT,2019-03-31,2019-03-31,2019-03-31,2021-07-29,-86000000.0,69865000000.0,69730000000.0,18490000000.0,51375000000.0,0.311,17.095,-677000000.0,8547000000.0,8547000000.0,3368000000.0,11128000000.0,1.625,1.038,16630000000.0,0.0,16630000000.0,16630000000.0,0.0,634000000.0,0.0,0.006,0.92,14247000000.0,14881000000.0,0.687,14881000000.0,14247000000.0,13657000000.0,4.84,4.84,4.84,34275000000.0,33923500000.0,34275000000.0,320380186765.0,22.0,21.529,11893000000.0,5.932,1.0,18306000000.0,0.845,42054000000.0,590000000.0,24514000000.0,22591750000.0,0.0,7382000000.0,3876000000.0,3506000000.0,35590000000.0,11380000000.0,24210000000.0,313532186765.0,6000000.0,0.0,-7632000000.0,0.0,-2111000000.0,-9743000000.0,-2343000000.0,-1593000000.0,12570000000.0,-478000000.0,11128000000.0,11128000000.0,11128000000.0,0.0,0.0,0.513,4657000000.0,13649000000.0,2200000000.0,0.19,9.148,28.175,32.271,2456000000.0,0.0,156.19,14.466,14.449,2978000000.0,12513000000.0,21674000000.0,21674000000.0,0.0,0.16,0.328,0.631,0.657,385000000.0,2686000000.0,1.0,2007376828.0,2005000000.0,2536000000.0,10.81,27811000000.0,0.0,2529000000.0,4911000000.0,13.871,7110000000.0
10,V,MRT,2018-12-31,2018-12-31,2018-12-31,2021-07-29,275000000.0,71655000000.0,69524250000.0,20107000000.0,51548000000.0,0.306,16.904,-734000000.0,9785000000.0,9785000000.0,3298000000.0,10756000000.0,1.502,1.102,16633000000.0,0.0,16633000000.0,16633000000.0,0.0,627000000.0,0.0,0.007,0.88,13800000000.0,14427000000.0,0.679,14427000000.0,13800000000.0,13197000000.0,4.65,4.64,4.65,34095000000.0,33880500000.0,34095000000.0,273102309533.0,20.0,18.93,12688000000.0,6.291,1.0,17955000000.0,0.845,42450000000.0,603000000.0,22664000000.0,22258250000.0,0.0,7593000000.0,3461000000.0,4132000000.0,37560000000.0,13389000000.0,24171000000.0,266125309533.0,939000000.0,-196000000.0,-7755000000.0,0.0,-2032000000.0,-9787000000.0,-2447000000.0,-1533000000.0,13422000000.0,-249000000.0,10756000000.0,10756000000.0,10756000000.0,0.0,0.0,0.506,4611000000.0,13344000000.0,4014000000.0,0.189,7.805,24.742,28.374,2437000000.0,0.0,131.94,12.522,12.522,4528000000.0,11908000000.0,21253000000.0,21253000000.0,0.0,0.155,0.317,0.62,0.649,359000000.0,2671000000.0,1.0,2017017656.0,2017000000.0,2548000000.0,10.537,29205000000.0,0.0,2441000000.0,4835000000.0,14.479,6718000000.0
11,V,MRT,2018-09-30,2018-09-30,2018-09-30,2021-07-29,547000000.0,69225000000.0,68399000000.0,18216000000.0,51009000000.0,0.301,16.596,-718000000.0,9653000000.0,9653000000.0,3170000000.0,10301000000.0,1.611,1.036,16630000000.0,0.0,16630000000.0,16630000000.0,0.0,613000000.0,0.0,0.005,0.825,13418000000.0,14031000000.0,0.681,14031000000.0,13418000000.0,12806000000.0,4.43,4.42,4.43,34006000000.0,33707000000.0,34006000000.0,311955802382.0,23.0,22.233,12223000000.0,5.965,1.0,17439000000.0,0.846,42752000000.0,612000000.0,22145000000.0,22372250000.0,0.0,7629000000.0,3547000000.0,4082000000.0,35219000000.0,11305000000.0,23914000000.0,305320802382.0,-1034000000.0,-196000000.0,-7122000000.0,-1750000000.0,-1918000000.0,-10790000000.0,-3084000000.0,-2186000000.0,12941000000.0,-101000000.0,10301000000.0,10301000000.0,10301000000.0,0.0,0.0,0.5,4485000000.0,12954000000.0,2351000000.0,0.186,8.978,29.64,33.88,2472000000.0,0.0,150.09,14.815,14.922,2790000000.0,11318000000.0,20609000000.0,20609000000.0,0.0,0.151,0.306,0.6,0.651,327000000.0,2579000000.0,1.0,2034251465.0,2049000000.0,2586000000.0,10.058,26473000000.0,0.0,2505000000.0,4618000000.0,12.92,6911000000.0
12,V,MRT,2018-06-30,2018-06-30,2018-06-30,2021-07-29,741000000.0,68175000000.0,68087000000.0,18491000000.0,49684000000.0,0.294,16.324,-692000000.0,9992000000.0,9992000000.0,3010000000.0,9596000000.0,1.691,1.046,16627000000.0,0.0,16627000000.0,16627000000.0,0.0,597000000.0,0.0,0.006,0.78,12977000000.0,13574000000.0,0.678,13574000000.0,12977000000.0,12367000000.0,4.09,4.08,4.09,33318000000.0,33395500000.0,33318000000.0,278314481220.0,21.0,20.503,11649000000.0,5.707,1.0,17020000000.0,0.85,42832000000.0,610000000.0,21044000000.0,22457750000.0,0.0,6231000000.0,3396000000.0,2835000000.0,34857000000.0,10934000000.0,23923000000.0,270716481220.0,1873000000.0,-196000000.0,-7262000000.0,723000000.0,-1825000000.0,-8364000000.0,-2157000000.0,-1269000000.0,12341000000.0,53000000.0,9596000000.0,9596000000.0,9596000000.0,0.0,0.0,0.479,4260000000.0,12760000000.0,2455000000.0,0.191,8.125,28.211,32.384,2387000000.0,0.0,132.45,13.516,13.496,2835000000.0,10426000000.0,20030000000.0,20030000000.0,0.0,0.141,0.287,0.578,0.648,294000000.0,2396000000.0,1.0,2043914543.0,2041000000.0,2578000000.0,9.814,25343000000.0,0.0,2771000000.0,4802000000.0,12.417,7557000000.0
13,V,MRT,2018-03-31,2018-03-31,2018-03-31,2021-07-29,1728000000.0,69042000000.0,67043250000.0,18536000000.0,50506000000.0,0.289,16.595,-732000000.0,9026000000.0,9026000000.0,2856000000.0,9326000000.0,1.941,1.025,16624000000.0,0.0,16624000000.0,16624000000.0,0.0,577000000.0,0.0,0.006,0.735,13064000000.0,13641000000.0,0.705,13641000000.0,13064000000.0,12469000000.0,3.96,3.94,3.96,34103000000.0,33052000000.0,34103000000.0,254081582355.0,19.0,18.626,11410000000.0,5.552,1.0,16499000000.0,0.852,43909000000.0,595000000.0,23180000000.0,22092250000.0,0.0,6179000000.0,3577000000.0,2602000000.0,34939000000.0,9551000000.0,25388000000.0,246481582355.0,1821000000.0,-196000000.0,-7205000000.0,723000000.0,-1732000000.0,-8214000000.0,-2670000000.0,-1742000000.0,12142000000.0,563000000.0,9326000000.0,9326000000.0,9326000000.0,0.0,0.0,0.482,3600000000.0,12899000000.0,3188000000.0,0.186,7.228,26.43,30.207,2366000000.0,0.0,119.62,12.735,12.701,3760000000.0,10192000000.0,19355000000.0,19355000000.0,0.0,0.139,0.282,0.591,0.675,272000000.0,2367000000.0,1.0,2060538224.0,2055000000.0,2594000000.0,9.418,25133000000.0,0.0,3143000000.0,5110000000.0,12.23,8985000000.0
14,V,MRT,2017-12-31,2017-12-31,2017-12-31,2021-07-29,1203000000.0,67154000000.0,65589500000.0,17287000000.0,49867000000.0,0.286,16.144,-665000000.0,9021000000.0,9021000000.0,2736000000.0,7151000000.0,2.067,1.011,16621000000.0,0.0,16621000000.0,16621000000.0,0.0,555000000.0,0.0,0.006,0.69,12531000000.0,13086000000.0,0.698,13086000000.0,12531000000.0,11954000000.0,3.02,3.01,3.02,33401000000.0,32222000000.0,33401000000.0,243670685945.0,19.0,18.621,8957000000.0,4.329,1.0,16023000000.0,0.854,43271000000.0,577000000.0,23120000000.0,21350250000.0,0.0,6087000000.0,3413000000.0,2674000000.0,33753000000.0,8363000000.0,25390000000.0,236208685945.0,2324000000.0,-302000000.0,-6734000000.0,157000000.0,-1638000000.0,-8215000000.0,445000000.0,1412000000.0,9622000000.0,472000000.0,7151000000.0,7151000000.0,7151000000.0,0.0,0.0,0.381,3652000000.0,12371000000.0,2410000000.0,0.228,7.072,33.032,37.755,2238000000.0,0.0,114.02,12.592,12.576,2899000000.0,9966000000.0,18759000000.0,18759000000.0,0.0,0.109,0.222,0.587,0.668,258000000.0,2458000000.0,1.0,2071642571.0,2069000000.0,2611000000.0,9.067,23883000000.0,0.0,4803000000.0,5107000000.0,11.543,8924000000.0
15,V,MRT,2017-09-30,2017-09-30,2017-09-30,2021-07-29,878000000.0,67977000000.0,64643500000.0,19023000000.0,48954000000.0,0.284,15.57,-695000000.0,10905000000.0,10905000000.0,2628000000.0,6699000000.0,1.903,1.075,18367000000.0,1749000000.0,16618000000.0,18367000000.0,0.0,556000000.0,0.0,0.006,0.66,12257000000.0,12813000000.0,0.698,12813000000.0,12257000000.0,11694000000.0,2.8,2.8,2.8,32760000000.0,31803250000.0,32760000000.0,227171680872.0,19.0,17.73,8622000000.0,4.098,1.0,15730000000.0,0.857,42958000000.0,563000000.0,22487000000.0,20909000000.0,0.0,5490000000.0,3564000000.0,1926000000.0,35217000000.0,9994000000.0,25223000000.0,219747680872.0,4364000000.0,-302000000.0,-6818000000.0,2473000000.0,-1579000000.0,-5924000000.0,735000000.0,1732000000.0,9317000000.0,236000000.0,6699000000.0,6699000000.0,6699000000.0,0.0,0.0,0.365,3586000000.0,12144000000.0,2182000000.0,0.236,6.708,32.803,37.586,2253000000.0,0.0,105.24,11.97,12.061,2554000000.0,9508000000.0,18358000000.0,18358000000.0,0.0,0.104,0.211,0.586,0.668,235000000.0,2391000000.0,1.0,2088062342.0,2104000000.0,2654000000.0,8.725,25019000000.0,0.0,4995000000.0,5980000000.0,11.891,9029000000.0
16,V,MRT,2017-06-30,2017-06-30,2017-06-30,2021-07-29,118000000.0,64000000000.0,63658000000.0,15718000000.0,48282000000.0,0.279,15.219,-653000000.0,8467000000.0,8467000000.0,2663000000.0,6490000000.0,1.653,1.004,15891000000.0,1749000000.0,14142000000.0,15891000000.0,0.0,550000000.0,0.0,0.007,0.635,11655000000.0,12205000000.0,0.687,12205000000.0,11655000000.0,11105000000.0,2.71,2.69,2.71,31944000000.0,31841250000.0,31944000000.0,205880915784.0,18.0,16.869,8240000000.0,3.926,1.0,15101000000.0,0.85,42331000000.0,550000000.0,19582000000.0,21018500000.0,0.0,4871000000.0,2754000000.0,2117000000.0,32056000000.0,9511000000.0,22545000000.0,197448915784.0,1550000000.0,-302000000.0,-6779000000.0,0.0,-1528000000.0,-8295000000.0,830000000.0,1785000000.0,8893000000.0,122000000.0,6490000000.0,6490000000.0,6490000000.0,0.0,0.0,0.365,3544000000.0,11557000000.0,2205000000.0,0.234,6.181,30.424,34.605,2202000000.0,0.0,93.78,11.115,11.081,2524000000.0,9299000000.0,17764000000.0,17764000000.0,0.0,0.102,0.204,0.555,0.656,240000000.0,2362000000.0,1.0,2105448025.0,2099000000.0,2644000000.0,8.463,21669000000.0,0.0,4615000000.0,5888000000.0,10.323,6207000000.0
17,V,MRT,2017-03-31,2017-03-31,2017-03-31,2021-07-29,-980000000.0,63227000000.0,63624750000.0,15505000000.0,47722000000.0,0.265,14.561,-590000000.0,7456000000.0,7456000000.0,2474000000.0,4843000000.0,1.519,1.054,15888000000.0,1748000000.0,14140000000.0,15888000000.0,0.0,538000000.0,0.0,0.007,0.61,9154000000.0,9692000000.0,0.576,9692000000.0,9154000000.0,8613000000.0,2.01,2.0,2.01,30783000000.0,32062000000.0,30783000000.0,197829136950.0,22.0,20.412,5069000000.0,2.398,1.0,14355000000.0,0.853,41241000000.0,541000000.0,20212000000.0,21854750000.0,0.0,4422000000.0,1495000000.0,2927000000.0,32444000000.0,10206000000.0,22238000000.0,188230136950.0,-9516000000.0,-9370000000.0,-6631000000.0,-2000000.0,-1469000000.0,-8218000000.0,-6802000000.0,3158000000.0,5659000000.0,-155000000.0,4843000000.0,4843000000.0,4843000000.0,0.0,0.0,0.288,5394000000.0,8961000000.0,2999000000.0,0.303,6.115,38.866,44.214,2133000000.0,0.0,88.87,11.185,11.164,4431000000.0,9140000000.0,16829000000.0,16829000000.0,0.0,0.076,0.151,0.419,0.544,220000000.0,2382000000.0,1.0,2118039124.0,2114000000.0,2666000000.0,7.961,21986000000.0,0.0,3770000000.0,5731000000.0,10.4,5299000000.0
18,V,MRT,2016-12-31,2016-12-31,2016-12-31,2021-07-29,-1369000000.0,63370000000.0,61399500000.0,14689000000.0,48681000000.0,0.26,14.951,-568000000.0,6852000000.0,6852000000.0,2298000000.0,6120000000.0,1.42,0.997,16451000000.0,2313000000.0,14138000000.0,16451000000.0,0.0,528000000.0,0.0,0.007,0.585,8890000000.0,9418000000.0,0.589,9418000000.0,8890000000.0,8352000000.0,2.54,2.53,2.54,31726000000.0,31649000000.0,31726000000.0,175411490662.0,20.0,18.625,5535000000.0,2.608,1.0,13680000000.0,0.856,41273000000.0,538000000.0,21355000000.0,23027250000.0,0.0,7531000000.0,3697000000.0,3834000000.0,31644000000.0,10341000000.0,21303000000.0,166175490662.0,-7013000000.0,-9082000000.0,-6814000000.0,545000000.0,-1409000000.0,-7787000000.0,-5139000000.0,4511000000.0,6103000000.0,-190000000.0,6120000000.0,6120000000.0,6120000000.0,0.0,0.0,0.383,5093000000.0,8587000000.0,2177000000.0,0.23,5.238,27.153,30.717,2201000000.0,0.0,78.02,10.4,10.362,2453000000.0,10492000000.0,15978000000.0,15978000000.0,0.0,0.1,0.193,0.386,0.556,200000000.0,2116000000.0,1.0,2129908878.0,2122000000.0,2683000000.0,7.53,22097000000.0,0.0,2232000000.0,4822000000.0,10.413,4348000000.0
19,V,MRT,2016-09-30,2016-09-30,2016-09-30,2021-07-29,-458000000.0,64035000000.0,59301250000.0,14313000000.0,49722000000.0,0.254,15.167,-523000000.0,6646000000.0,6646000000.0,2226000000.0,5991000000.0,1.779,0.946,15882000000.0,0.0,15882000000.0,15882000000.0,0.0,502000000.0,0.0,0.007,0.56,8439000000.0,8941000000.0,0.593,8941000000.0,8439000000.0,8012000000.0,2.49,2.48,2.49,32912000000.0,31086500000.0,32912000000.0,186718008991.0,22.0,20.883,5051000000.0,2.328,1.0,12856000000.0,0.852,42300000000.0,427000000.0,22925000000.0,24795000000.0,0.0,7250000000.0,3319000000.0,3931000000.0,31123000000.0,8046000000.0,23077000000.0,177753008991.0,2101000000.0,-9082000000.0,-6984000000.0,15873000000.0,-1350000000.0,7477000000.0,-10916000000.0,-1311000000.0,5574000000.0,-34000000.0,5991000000.0,5991000000.0,5991000000.0,0.0,0.0,0.397,4973000000.0,7883000000.0,2287000000.0,0.225,5.401,29.67,33.213,2150000000.0,0.0,82.7,11.786,11.899,2508000000.0,10462000000.0,15082000000.0,15082000000.0,0.0,0.101,0.193,0.34,0.56,158000000.0,2054000000.0,1.0,2149371330.0,2170000000.0,2678000000.0,6.95,21735000000.0,0.0,2021000000.0,4808000000.0,10.016,6267000000.0
20,V,MRT,2016-06-30,2016-06-30,2016-06-30,2021-07-29,-543000000.0,63867000000.0,53134250000.0,14374000000.0,49493000000.0,0.271,15.184,-520000000.0,6914000000.0,6914000000.0,2057000000.0,5572000000.0,1.847,0.946,15879000000.0,0.0,15879000000.0,15879000000.0,0.0,480000000.0,0.0,0.007,0.54,8078000000.0,8558000000.0,0.595,8558000000.0,8078000000.0,7785000000.0,2.3,2.3,2.3,32827000000.0,30319000000.0,32827000000.0,159758853606.0,20.0,18.668,4336000000.0,2.006,1.0,12335000000.0,0.857,42122000000.0,293000000.0,22927000000.0,20622750000.0,0.0,6657000000.0,2865000000.0,3792000000.0,31040000000.0,7783000000.0,23257000000.0,160886853606.0,3740000000.0,-9082000000.0,-5309000000.0,15873000000.0,-1303000000.0,9264000000.0,-10318000000.0,-716000000.0,4856000000.0,-62000000.0,5572000000.0,5572000000.0,5572000000.0,0.0,0.0,0.387,4794000000.0,7541000000.0,2114000000.0,0.235,4.901,28.874,32.248,2136000000.0,0.0,74.17,11.179,11.142,2565000000.0,10334000000.0,14392000000.0,14392000000.0,0.0,0.105,0.184,0.392,0.561,143000000.0,1914000000.0,1.0,2169163457.0,2162000000.0,2649000000.0,6.657,21745000000.0,0.0,2213000000.0,4977000000.0,10.058,6591000000.0
21,V,MRT,2016-03-31,2016-03-31,2016-03-31,2021-07-29,-96000000.0,54326000000.0,47024750000.0,24303000000.0,30023000000.0,0.304,13.406,-462000000.0,17004000000.0,17004000000.0,2114000000.0,6857000000.0,4.742,0.865,15876000000.0,0.0,15876000000.0,15876000000.0,0.0,490000000.0,0.0,0.007,0.52,9685000000.0,10175000000.0,0.713,10175000000.0,9685000000.0,9531000000.0,2.82,2.82,2.82,29131000000.0,29269000000.0,29131000000.0,169015578406.0,17.0,16.611,6202000000.0,2.854,1.0,12166000000.0,0.852,23171000000.0,154000000.0,24902000000.0,16678500000.0,0.0,7571000000.0,3954000000.0,3617000000.0,25195000000.0,5125000000.0,20070000000.0,167036578406.0,13904000000.0,-107000000.0,-4822000000.0,15875000000.0,-1262000000.0,9964000000.0,-2724000000.0,-2155000000.0,6664000000.0,0.0,6857000000.0,6857000000.0,6857000000.0,0.0,0.0,0.48,2791000000.0,9375000000.0,813000000.0,0.184,5.734,24.36,27.121,1883000000.0,0.0,76.48,11.697,11.638,1358000000.0,11582000000.0,14280000000.0,14280000000.0,0.0,0.146,0.234,0.581,0.678,134000000.0,1784000000.0,1.0,2184055680.0,2173000000.0,2665000000.0,6.572,31155000000.0,0.0,2674000000.0,3256000000.0,14.337,19178000000.0
22,V,MRT,2015-12-31,2015-12-31,2015-12-31,2021-07-29,-49000000.0,54977000000.0,43152000000.0,25473000000.0,29504000000.0,0.326,13.386,-426000000.0,13898000000.0,13898000000.0,2069000000.0,6700000000.0,4.755,0.865,15877000000.0,0.0,15877000000.0,15877000000.0,0.0,494000000.0,0.0,0.006,0.5,9401000000.0,9895000000.0,0.704,9895000000.0,9401000000.0,9372000000.0,2.74,2.74,2.74,29476000000.0,29045500000.0,29476000000.0,166915184776.0,18.0,16.869,6376000000.0,2.896,1.0,11994000000.0,0.853,23173000000.0,29000000.0,28426000000.0,12213750000.0,0.0,12018000000.0,8508000000.0,3510000000.0,25501000000.0,5357000000.0,20144000000.0,171505184776.0,10752000000.0,-93000000.0,-4130000000.0,15894000000.0,-1220000000.0,10943000000.0,-6993000000.0,-6474000000.0,6802000000.0,0.0,6700000000.0,6700000000.0,6700000000.0,0.0,0.0,0.476,2772000000.0,9222000000.0,862000000.0,0.182,5.818,25.598,28.303,1884000000.0,0.0,77.55,12.195,12.143,1365000000.0,11701000000.0,14063000000.0,14063000000.0,0.0,0.155,0.231,0.77,0.668,119000000.0,1776000000.0,1.0,2211543324.0,2202000000.0,2695000000.0,6.386,31804000000.0,0.0,2672000000.0,3344000000.0,14.443,20116000000.0
23,V,MRT,2015-09-30,2015-09-30,2015-09-30,2021-07-29,-74000000.0,39367000000.0,39128750000.0,10021000000.0,29346000000.0,0.355,13.436,-404000000.0,4590000000.0,4590000000.0,2079000000.0,6328000000.0,1.871,0.319,0.0,0.0,0.0,0.0,0.0,494000000.0,0.0,0.007,0.48,8998000000.0,9492000000.0,0.684,9492000000.0,8998000000.0,8995000000.0,2.58,2.58,2.58,29842000000.0,28662000000.0,29842000000.0,151084186795.0,17.0,15.917,6180000000.0,2.783,1.0,11801000000.0,0.85,23186000000.0,3000000.0,6236000000.0,6721000000.0,0.0,5886000000.0,2497000000.0,3389000000.0,9525000000.0,5355000000.0,4170000000.0,154374186795.0,1547000000.0,-93000000.0,-2936000000.0,0.0,-1177000000.0,-3603000000.0,-1435000000.0,-938000000.0,6584000000.0,1000000.0,6328000000.0,6328000000.0,6328000000.0,0.0,0.0,0.456,2737000000.0,9064000000.0,907000000.0,0.186,5.173,24.395,27.0,1888000000.0,0.0,69.66,11.122,11.147,1255000000.0,11843000000.0,13880000000.0,13880000000.0,0.0,0.162,0.221,1.339,0.648,103000000.0,1755000000.0,1.0,2216109486.0,2221000000.0,2724000000.0,6.249,16181000000.0,0.0,2667000000.0,3273000000.0,7.285,4666000000.0
24,V,MRT,2015-06-30,2015-06-30,2015-06-30,2021-07-29,-4000000.0,39429000000.0,38929250000.0,10068000000.0,29361000000.0,0.348,12.895,-493000000.0,3290000000.0,3290000000.0,2054000000.0,5889000000.0,1.739,0.377,0.0,0.0,0.0,0.0,0.0,487000000.0,0.0,0.007,0.46,8272000000.0,8759000000.0,0.647,8759000000.0,8272000000.0,8262000000.0,2.38,2.39,2.38,28627000000.0,28054750000.0,28627000000.0,146134176597.0,18.0,16.684,6150000000.0,2.77,1.0,11484000000.0,0.848,23200000000.0,10000000.0,7150000000.0,6644500000.0,0.0,5880000000.0,2575000000.0,3305000000.0,10802000000.0,5789000000.0,5013000000.0,149351176597.0,89000000.0,-108000000.0,-3694000000.0,0.0,-1133000000.0,-4779000000.0,-1775000000.0,-1174000000.0,6643000000.0,0.0,5889000000.0,5889000000.0,5889000000.0,0.0,0.0,0.435,3151000000.0,8333000000.0,1326000000.0,0.193,5.217,25.361,28.214,1847000000.0,0.0,67.15,11.032,11.011,1596000000.0,10623000000.0,13538000000.0,13538000000.0,0.0,0.151,0.21,1.245,0.611,95000000.0,1740000000.0,1.0,2224142615.0,2220000000.0,2713000000.0,6.098,16229000000.0,834000000.0,2373000000.0,4134000000.0,7.31,4279000000.0
25,V,MRT,2015-03-31,2015-03-31,2015-03-31,2021-07-29,31000000.0,38835000000.0,38490750000.0,10105000000.0,28730000000.0,0.342,12.674,-528000000.0,3217000000.0,3217000000.0,1951000000.0,5552000000.0,1.857,0.375,0.0,0.0,0.0,0.0,0.0,466000000.0,0.0,0.007,0.44,8142000000.0,8608000000.0,0.653,8608000000.0,8142000000.0,8124000000.0,2.23,2.24,2.23,28237000000.0,27719500000.0,28237000000.0,194902429566.0,24.0,22.642,5946000000.0,2.669,1.0,11224000000.0,0.852,23132000000.0,18000000.0,7043000000.0,6364500000.0,0.0,5352000000.0,2567000000.0,2785000000.0,10598000000.0,5443000000.0,5155000000.0,198385429566.0,219000000.0,-149000000.0,-3793000000.0,0.0,-1090000000.0,-4863000000.0,-1392000000.0,-715000000.0,6474000000.0,0.0,5552000000.0,5552000000.0,5552000000.0,0.0,0.0,0.421,3133000000.0,8091000000.0,1207000000.0,0.197,7.026,35.732,29.332,1843000000.0,0.0,65.41,15.058,11.061,1575000000.0,10108000000.0,13175000000.0,13175000000.0,0.0,0.144,0.2,1.279,0.618,84000000.0,1733000000.0,1.0,3032952600.0,2228000000.0,2725000000.0,5.913,15703000000.0,838000000.0,2572000000.0,4131000000.0,7.048,4662000000.0
26,V,MRT,2014-12-31,2014-12-31,2014-12-31,2021-07-29,10000000.0,38884000000.0,38097750000.0,9864000000.0,29020000000.0,0.339,12.469,-537000000.0,3483000000.0,3483000000.0,1914000000.0,5600000000.0,1.701,0.392,0.0,0.0,0.0,0.0,0.0,448000000.0,0.0,0.006,0.42,7914000000.0,8362000000.0,0.647,8362000000.0,7914000000.0,7903000000.0,2.23,2.24,2.23,27942000000.0,27484000000.0,27942000000.0,196482514374.0,25.0,23.497,6888000000.0,3.074,1.0,11015000000.0,0.852,23148000000.0,11000000.0,6455000000.0,6198500000.0,0.0,5534000000.0,2495000000.0,3039000000.0,10942000000.0,5798000000.0,5144000000.0,199951514374.0,-36000000.0,-149000000.0,-3856000000.0,0.0,-1049000000.0,-6160000000.0,-1301000000.0,-615000000.0,7425000000.0,0.0,5600000000.0,5600000000.0,5600000000.0,0.0,0.0,0.433,3157000000.0,7858000000.0,990000000.0,0.188,7.156,35.706,29.395,1861000000.0,0.0,65.55,15.465,11.362,1400000000.0,9732000000.0,12929000000.0,12929000000.0,0.0,0.147,0.204,1.277,0.612,78000000.0,1767000000.0,1.0,3050366352.0,2241000000.0,2745000000.0,5.769,15736000000.0,927000000.0,2303000000.0,4139000000.0,7.022,4066000000.0
27,V,MRT,2014-09-30,2014-09-30,2014-09-30,2021-07-29,-17000000.0,38569000000.0,37438750000.0,9562000000.0,29007000000.0,0.339,12.108,-553000000.0,3469000000.0,3469000000.0,1875000000.0,5438000000.0,1.592,0.407,0.0,0.0,0.0,0.0,0.0,435000000.0,0.0,0.007,0.4,7732000000.0,8167000000.0,0.643,8167000000.0,7732000000.0,7724000000.0,2.16,2.16,2.16,27413000000.0,27252000000.0,27413000000.0,160148327458.0,21.0,19.609,6652000000.0,2.938,1.0,10827000000.0,0.852,23164000000.0,8000000.0,5930000000.0,6254250000.0,0.0,5025000000.0,1979000000.0,3046000000.0,11156000000.0,6006000000.0,5150000000.0,163311327458.0,-215000000.0,-149000000.0,-4113000000.0,0.0,-1006000000.0,-6478000000.0,-941000000.0,-239000000.0,7205000000.0,-1000000.0,5438000000.0,5438000000.0,5438000000.0,0.0,0.0,0.428,3130000000.0,7697000000.0,1479000000.0,0.185,5.957,30.032,24.696,1892000000.0,0.0,53.343,12.857,9.508,1608000000.0,9131000000.0,12702000000.0,12702000000.0,0.0,0.145,0.2,1.236,0.609,82000000.0,1735000000.0,1.0,3061561184.0,2264000000.0,2794000000.0,5.61,15405000000.0,1028000000.0,2286000000.0,4145000000.0,6.804,3556000000.0
28,V,MRT,2014-06-30,2014-06-30,2014-06-30,2021-07-29,-16000000.0,37675000000.0,36785500000.0,9025000000.0,28650000000.0,0.338,12.111,-464000000.0,3163000000.0,3163000000.0,1878000000.0,5557000000.0,1.698,0.381,0.0,0.0,0.0,0.0,0.0,429000000.0,0.0,0.007,0.383,7940000000.0,8369000000.0,0.672,8369000000.0,7940000000.0,7940000000.0,2.183,2.185,2.183,27286000000.0,27116250000.0,27286000000.0,159454030516.0,20.0,19.053,6993000000.0,3.104,1.0,10568000000.0,0.849,23168000000.0,0.0,6030000000.0,6360250000.0,0.0,4862000000.0,2006000000.0,2856000000.0,10389000000.0,5314000000.0,5075000000.0,162379030516.0,605000000.0,-134000000.0,-4667000000.0,0.0,-969000000.0,-6600000000.0,-252000000.0,346000000.0,7457000000.0,0.0,5557000000.0,5557000000.0,5557000000.0,0.0,0.0,0.446,2672000000.0,7896000000.0,1408000000.0,0.175,5.951,29.221,24.131,1772000000.0,0.0,52.678,13.047,9.536,1599000000.0,8909000000.0,12446000000.0,12446000000.0,0.0,0.151,0.205,1.248,0.638,78000000.0,1742000000.0,1.0,3082512088.0,2253000000.0,2782000000.0,5.524,14507000000.0,856000000.0,2383000000.0,4170000000.0,6.439,3711000000.0
29,V,MRT,2014-03-31,2014-03-31,2014-03-31,2021-07-29,26000000.0,37263000000.0,36188000000.0,8507000000.0,28756000000.0,0.34,12.003,-477000000.0,2925000000.0,2925000000.0,1908000000.0,5422000000.0,1.715,0.365,0.0,0.0,0.0,0.0,0.0,421000000.0,0.0,0.007,0.365,7743000000.0,8164000000.0,0.664,8164000000.0,7743000000.0,7743000000.0,2.115,2.115,2.115,27295000000.0,27045500000.0,27295000000.0,165308779488.0,21.0,20.249,7195000000.0,3.164,1.0,10384000000.0,0.845,22998000000.0,0.0,6379000000.0,6618500000.0,0.0,4817000000.0,1674000000.0,3143000000.0,9968000000.0,4961000000.0,5007000000.0,167478779488.0,443000000.0,0.0,-4503000000.0,-1000000.0,-934000000.0,-6408000000.0,-821000000.0,-344000000.0,7672000000.0,0.0,5422000000.0,5422000000.0,5422000000.0,0.0,0.0,0.441,2680000000.0,7704000000.0,1213000000.0,0.173,6.136,30.889,25.515,1760000000.0,0.0,53.965,13.625,9.983,1584000000.0,8714000000.0,12292000000.0,12292000000.0,0.0,0.15,0.2,1.17,0.63,84000000.0,1769000000.0,1.0,3103470388.0,2274000000.0,2805000000.0,5.405,14265000000.0,883000000.0,2321000000.0,4146000000.0,6.273,3546000000.0
30,V,MRT,2013-12-31,2013-12-31,2013-12-31,2021-07-29,43000000.0,36248000000.0,35637000000.0,7765000000.0,28483000000.0,0.339,8.692,-491000000.0,2170000000.0,2170000000.0,1948000000.0,5094000000.0,1.771,0.342,0.0,0.0,0.0,0.0,0.0,412000000.0,0.0,0.006,0.348,7539000000.0,7951000000.0,0.658,7951000000.0,7539000000.0,7539000000.0,1.967,1.965,1.967,27014000000.0,26945500000.0,27014000000.0,171187974458.0,23.0,21.53,6896000000.0,2.219,1.0,10139000000.0,0.839,23015000000.0,0.0,6678000000.0,6780750000.0,0.0,5079000000.0,1969000000.0,3110000000.0,9234000000.0,4385000000.0,4849000000.0,173422974458.0,787000000.0,0.0,-5204000000.0,-1000000.0,-898000000.0,-6025000000.0,-575000000.0,-84000000.0,7387000000.0,0.0,5094000000.0,5094000000.0,5094000000.0,0.0,0.0,0.421,2623000000.0,7516000000.0,1347000000.0,0.177,6.42,34.045,28.302,1746000000.0,0.0,55.67,14.348,14.315,1728000000.0,8269000000.0,12087000000.0,12087000000.0,0.0,0.143,0.189,1.112,0.624,98000000.0,1721000000.0,1.0,3115196236.0,3108000000.0,3644000000.0,3.889,13233000000.0,486000000.0,2445000000.0,4160000000.0,4.258,3380000000.0
31,V,MRT,2013-09-30,2013-09-30,2013-09-30,2021-07-29,21000000.0,35956000000.0,35539750000.0,7822000000.0,28134000000.0,0.331,11.419,-471000000.0,2235000000.0,2235000000.0,1932000000.0,4980000000.0,1.804,0.338,0.0,0.0,0.0,0.0,0.0,397000000.0,0.0,0.007,0.33,7257000000.0,7654000000.0,0.65,7654000000.0,7257000000.0,7257000000.0,1.9,1.9,1.9,26870000000.0,27089000000.0,26870000000.0,148988502990.0,21.0,19.465,2551000000.0,1.084,1.0,9846000000.0,0.836,23032000000.0,0.0,6354000000.0,7022500000.0,0.0,4888000000.0,2069000000.0,2819000000.0,9086000000.0,4335000000.0,4751000000.0,150490502990.0,112000000.0,0.0,-5321000000.0,-6000000.0,-864000000.0,-1746000000.0,-1164000000.0,-693000000.0,3022000000.0,0.0,4980000000.0,4980000000.0,4980000000.0,0.0,0.0,0.423,2607000000.0,7239000000.0,1409000000.0,0.174,5.601,30.219,25.145,1732000000.0,0.0,47.775,12.777,9.544,1560000000.0,7974000000.0,11778000000.0,11778000000.0,0.0,0.14,0.184,1.033,0.616,105000000.0,1739000000.0,1.0,3149984364.0,2353000000.0,2897000000.0,5.006,12924000000.0,623000000.0,2277000000.0,4149000000.0,5.493,3487000000.0
32,V,MRT,2013-06-30,2013-06-30,2013-06-30,2021-07-29,-116000000.0,35285000000.0,36554000000.0,6941000000.0,28344000000.0,0.316,8.567,-439000000.0,1502000000.0,1502000000.0,1904000000.0,5450000000.0,1.891,0.307,0.0,0.0,0.0,0.0,0.0,380000000.0,0.0,0.007,0.302,7079000000.0,7459000000.0,0.647,7459000000.0,7079000000.0,7079000000.0,2.055,2.045,2.055,27003000000.0,27279000000.0,27003000000.0,143311915021.0,20.0,19.213,1907000000.0,0.605,1.0,9632000000.0,0.835,23049000000.0,0.0,7063000000.0,6047000000.0,0.0,5110000000.0,1895000000.0,3215000000.0,8282000000.0,3671000000.0,4611000000.0,144737915021.0,-105000000.0,0.0,-4131000000.0,-6000000.0,-800000000.0,-637000000.0,-1825000000.0,-1386000000.0,2346000000.0,11000000.0,5450000000.0,5450000000.0,5450000000.0,0.0,0.0,0.472,2622000000.0,7010000000.0,948000000.0,0.147,5.36,26.557,22.232,1689000000.0,0.0,45.688,12.547,12.483,1238000000.0,7989000000.0,11536000000.0,11536000000.0,0.0,0.149,0.2,1.171,0.614,81000000.0,1780000000.0,1.0,3167998140.0,3152000000.0,3696000000.0,3.66,12236000000.0,1029000000.0,1629000000.0,4043000000.0,3.882,3270000000.0
33,V,MRT,2013-03-31,2013-03-31,2013-03-31,2021-07-29,-133000000.0,35059000000.0,37418000000.0,6914000000.0,28145000000.0,0.297,8.436,-425000000.0,1426000000.0,1426000000.0,1846000000.0,2386000000.0,1.954,0.304,0.0,0.0,0.0,0.0,0.0,363000000.0,0.0,0.006,0.275,2639000000.0,3002000000.0,0.27,3002000000.0,2639000000.0,2639000000.0,0.897,0.89,0.897,26895000000.0,27067750000.0,26895000000.0,135068338676.0,51.0,44.993,1021000000.0,0.32,1.0,9254000000.0,0.834,23066000000.0,0.0,7028000000.0,4763500000.0,0.0,4351000000.0,1342000000.0,3009000000.0,8164000000.0,3539000000.0,4625000000.0,136451338676.0,-665000000.0,-3000000.0,-3591000000.0,-5000000.0,-732000000.0,-21000000.0,-2093000000.0,-1665000000.0,1446000000.0,3000000.0,2386000000.0,2386000000.0,2386000000.0,0.0,0.0,0.215,6679000000.0,2575000000.0,840000000.0,0.307,5.073,57.188,47.336,1674000000.0,0.0,42.46,12.293,12.195,1290000000.0,7723000000.0,11100000000.0,11100000000.0,0.0,0.064,0.088,0.554,0.238,69000000.0,1770000000.0,1.0,3213644340.0,3188000000.0,3732000000.0,3.482,11993000000.0,1584000000.0,253000000.0,4046000000.0,3.762,3375000000.0
34,V,MRT,2012-12-31,2012-12-31,2012-12-31,2021-07-29,-137000000.0,35859000000.0,37864750000.0,7387000000.0,28472000000.0,0.283,8.557,-375000000.0,1383000000.0,1383000000.0,1791000000.0,2408000000.0,1.971,0.3,0.0,0.0,0.0,0.0,0.0,345000000.0,0.0,0.007,0.247,2391000000.0,2736000000.0,0.255,2736000000.0,2391000000.0,2391000000.0,0.895,0.887,0.895,27588000000.0,27474250000.0,27588000000.0,116365942905.0,49.0,42.531,524000000.0,0.163,1.0,8929000000.0,0.833,23084000000.0,0.0,7645000000.0,3964000000.0,0.0,4886000000.0,1451000000.0,3435000000.0,8271000000.0,3747000000.0,4524000000.0,122871942905.0,-608000000.0,-3000000.0,-1752000000.0,-6000000.0,-663000000.0,1959000000.0,-3473000000.0,-3095000000.0,899000000.0,7000000.0,2408000000.0,2408000000.0,2408000000.0,0.0,0.0,0.225,6608000000.0,2321000000.0,1186000000.0,0.276,4.454,51.027,42.341,1641000000.0,0.0,37.895,11.462,11.397,1660000000.0,7997000000.0,10720000000.0,10720000000.0,0.0,0.064,0.088,0.603,0.223,54000000.0,1734000000.0,1.0,3242431532.0,3224000000.0,3776000000.0,3.325,12775000000.0,1730000000.0,-17000000.0,4057000000.0,3.962,3640000000.0
35,V,MRT,2012-09-30,2012-09-30,2012-09-30,2021-07-29,-171000000.0,40013000000.0,37842000000.0,11786000000.0,28227000000.0,0.275,8.528,-374000000.0,6506000000.0,6506000000.0,1726000000.0,2142000000.0,1.482,0.448,0.0,0.0,0.0,0.0,0.0,333000000.0,0.0,0.007,0.22,2209000000.0,2542000000.0,0.244,2542000000.0,2209000000.0,2209000000.0,0.792,0.79,0.792,27630000000.0,27402500000.0,27630000000.0,103083314620.0,47.0,40.552,4635000000.0,1.431,1.0,8695000000.0,0.834,23101000000.0,0.0,2452000000.0,2756500000.0,0.0,4029000000.0,743000000.0,3286000000.0,12383000000.0,7954000000.0,4429000000.0,108923314620.0,-53000000.0,-3000000.0,-536000000.0,-6000000.0,-595000000.0,-2655000000.0,-2414000000.0,-2037000000.0,5009000000.0,7000000.0,2144000000.0,2144000000.0,2144000000.0,0.0,-2000000.0,0.206,6556000000.0,2139000000.0,871000000.0,0.278,3.942,50.804,42.386,1634000000.0,0.0,33.57,10.452,10.437,1177000000.0,7809000000.0,10421000000.0,10421000000.0,0.0,0.057,0.078,0.801,0.212,76000000.0,1709000000.0,1.0,3244662336.0,3240000000.0,3856000000.0,3.216,16912000000.0,2206000000.0,65000000.0,4058000000.0,5.22,3832000000.0
36,V,MRT,2012-06-30,2012-06-30,2012-06-30,2021-07-29,-175000000.0,38741000000.0,36528750000.0,10899000000.0,27842000000.0,0.276,8.073,-385000000.0,5840000000.0,5840000000.0,1643000000.0,1358000000.0,1.388,0.481,0.0,0.0,0.0,0.0,0.0,321000000.0,0.0,0.007,0.203,1958000000.0,2279000000.0,0.226,2279000000.0,1958000000.0,1977000000.0,0.49,0.482,0.49,26158000000.0,27104250000.0,26158000000.0,94308126844.0,48.0,41.381,4123000000.0,1.273,1.0,8430000000.0,0.837,23118000000.0,-19000000.0,1929000000.0,2948750000.0,0.0,3669000000.0,745000000.0,2924000000.0,12583000000.0,7854000000.0,4729000000.0,100632126844.0,-2042000000.0,-3000000.0,-813000000.0,-41000000.0,-551000000.0,-2712000000.0,-3817000000.0,-3429000000.0,4508000000.0,-21000000.0,1362000000.0,1362000000.0,1362000000.0,0.0,-4000000.0,0.135,6451000000.0,1979000000.0,858000000.0,0.414,3.847,73.886,63.077,1581000000.0,0.0,30.907,9.99,9.941,1236000000.0,6411000000.0,10073000000.0,10073000000.0,0.0,0.037,0.05,0.664,0.194,96000000.0,1622000000.0,1.0,3255912864.0,3240000000.0,3828000000.0,3.109,15623000000.0,1645000000.0,615000000.0,3944000000.0,4.822,3045000000.0
37,V,MRT,2012-03-31,2012-03-31,2012-03-31,2021-07-29,-176000000.0,36846000000.0,35455250000.0,10295000000.0,26551000000.0,0.277,8.792,-366000000.0,6324000000.0,6324000000.0,1571000000.0,4201000000.0,2.87,0.292,0.0,0.0,0.0,0.0,0.0,311000000.0,0.0,0.006,0.185,6120000000.0,6431000000.0,0.654,6431000000.0,6120000000.0,6128000000.0,1.532,1.525,1.532,28521000000.0,27077250000.0,28521000000.0,89675341590.0,15.0,13.944,4280000000.0,1.319,1.0,8259000000.0,0.84,23105000000.0,-8000000.0,3830000000.0,2792250000.0,0.0,2616000000.0,915000000.0,1701000000.0,8325000000.0,3587000000.0,4738000000.0,95969341590.0,-1470000000.0,-106000000.0,-1426000000.0,-45000000.0,-508000000.0,-3227000000.0,-2873000000.0,-2401000000.0,4646000000.0,-16000000.0,4206000000.0,4206000000.0,4206000000.0,0.0,-5000000.0,0.428,2328000000.0,5931000000.0,777000000.0,0.121,3.365,22.817,19.256,1540000000.0,0.0,29.5,9.763,9.735,1163000000.0,8688000000.0,9830000000.0,9830000000.0,0.0,0.119,0.155,2.192,0.623,103000000.0,1618000000.0,1.0,3253198020.0,3244000000.0,3852000000.0,3.03,13741000000.0,430000000.0,1922000000.0,3941000000.0,4.236,6708000000.0
38,V,MRT,2011-12-31,2011-12-31,2011-12-31,2021-07-29,-172000000.0,35768000000.0,34849250000.0,9978000000.0,25790000000.0,0.273,8.416,-377000000.0,6294000000.0,6294000000.0,1491000000.0,3789000000.0,2.821,0.31,0.0,0.0,0.0,0.0,0.0,301000000.0,0.0,0.007,0.168,5901000000.0,6202000000.0,0.653,6202000000.0,5901000000.0,5897000000.0,1.363,1.355,1.363,27301000000.0,26484750000.0,27301000000.0,77554537948.0,13.0,12.505,3775000000.0,1.164,1.0,8006000000.0,0.843,23122000000.0,4000000.0,2815000000.0,2193000000.0,0.0,1699000000.0,799000000.0,900000000.0,8467000000.0,3537000000.0,4930000000.0,82538537948.0,-1742000000.0,-268000000.0,-1676000000.0,-49000000.0,-467000000.0,-3848000000.0,-2032000000.0,-1387000000.0,4152000000.0,-14000000.0,3795000000.0,3795000000.0,3795000000.0,0.0,-6000000.0,0.4,2298000000.0,5708000000.0,513000000.0,0.123,3.023,21.749,18.623,1542000000.0,0.0,25.383,8.691,8.67,1138000000.0,7544000000.0,9497000000.0,9497000000.0,0.0,0.109,0.143,2.691,0.621,115000000.0,1615000000.0,1.0,3251789144.0,3244000000.0,3924000000.0,2.928,12646000000.0,461000000.0,2102000000.0,4212000000.0,3.898,6441000000.0
39,V,MRT,2011-09-30,2011-09-30,2011-09-30,2021-07-29,-176000000.0,34760000000.0,34404500000.0,9190000000.0,25570000000.0,0.267,8.021,-353000000.0,4984000000.0,4984000000.0,1459000000.0,3646000000.0,2.663,0.315,0.0,0.0,0.0,0.0,0.0,288000000.0,0.0,0.007,0.15,5660000000.0,5948000000.0,0.647,5948000000.0,5660000000.0,5660000000.0,1.295,1.29,1.295,26437000000.0,26044750000.0,26437000000.0,63535965563.0,11.0,10.682,3519000000.0,1.068,1.0,7729000000.0,0.841,23104000000.0,0.0,3221000000.0,1762000000.0,0.0,1982000000.0,1271000000.0,711000000.0,8323000000.0,3451000000.0,4872000000.0,70027965563.0,-1740000000.0,-268000000.0,-1925000000.0,-54000000.0,-423000000.0,-3304000000.0,-2299000000.0,-1678000000.0,3872000000.0,-9000000.0,3650000000.0,3650000000.0,3650000000.0,0.0,-4000000.0,0.397,2273000000.0,5456000000.0,618000000.0,0.116,2.649,19.186,16.548,1541000000.0,0.0,21.43,7.622,7.688,972000000.0,6706000000.0,9188000000.0,9188000000.0,0.0,0.106,0.14,3.212,0.616,136000000.0,1621000000.0,1.0,3267753876.0,3296000000.0,4088000000.0,2.788,11656000000.0,489000000.0,2010000000.0,4205000000.0,3.536,5739000000.0
40,V,MRT,2011-06-30,2011-06-30,2011-06-30,2021-07-29,-136000000.0,34447000000.0,34066500000.0,9516000000.0,24931000000.0,0.262,7.894,-331000000.0,6527000000.0,6527000000.0,1424000000.0,3541000000.0,2.695,0.322,35000000.0,13000000.0,22000000.0,35000000.0,0.0,289000000.0,0.0,0.007,0.144,5534000000.0,5823000000.0,0.653,5823000000.0,5534000000.0,5500000000.0,1.24,1.235,1.24,26050000000.0,25688250000.0,26050000000.0,63469819534.0,11.0,10.9,3566000000.0,1.081,1.0,7498000000.0,0.84,23121000000.0,34000000.0,1303000000.0,1263250000.0,0.0,227000000.0,220000000.0,7000000.0,8395000000.0,3531000000.0,4864000000.0,69941819534.0,-1605000000.0,-2073000000.0,-1853000000.0,-24000000.0,-410000000.0,-3194000000.0,-2319000000.0,85000000.0,3897000000.0,11000000.0,3544000000.0,3544000000.0,3544000000.0,0.0,-3000000.0,0.397,2291000000.0,5207000000.0,558000000.0,0.116,2.685,19.735,16.988,1510000000.0,0.0,21.065,7.839,7.791,956000000.0,6130000000.0,8922000000.0,8922000000.0,0.0,0.104,0.138,4.381,0.62,145000000.0,1630000000.0,1.0,3320285760.0,3300000000.0,4032000000.0,2.704,11326000000.0,507000000.0,1956000000.0,4254000000.0,3.432,5985000000.0
41,V,MRT,2011-03-31,2011-03-31,2011-03-31,2021-07-29,-139000000.0,34422000000.0,33628750000.0,9606000000.0,24816000000.0,0.257,7.877,-307000000.0,6509000000.0,6509000000.0,1346000000.0,3253000000.0,2.772,0.316,37000000.0,12000000.0,25000000.0,37000000.0,0.0,278000000.0,0.0,0.007,0.138,5114000000.0,5392000000.0,0.625,5392000000.0,5114000000.0,5078000000.0,1.125,1.12,1.125,26151000000.0,25344750000.0,26151000000.0,55012079095.0,11.0,10.203,3413000000.0,1.028,1.0,7283000000.0,0.844,23052000000.0,36000000.0,1433000000.0,1177500000.0,0.0,205000000.0,197000000.0,8000000.0,8268000000.0,3465000000.0,4803000000.0,61321079095.0,-1048000000.0,-1967000000.0,-798000000.0,-24000000.0,-398000000.0,-2626000000.0,-2152000000.0,122000000.0,3720000000.0,10000000.0,3255000000.0,3255000000.0,3255000000.0,0.0,-2000000.0,0.377,2284000000.0,4999000000.0,411000000.0,0.123,2.345,18.839,16.36,1453000000.0,0.0,18.405,7.106,7.081,935000000.0,5707000000.0,8629000000.0,8629000000.0,0.0,0.097,0.128,4.343,0.593,146000000.0,1622000000.0,1.0,3331761972.0,3320000000.0,4156000000.0,2.599,11370000000.0,497000000.0,1823000000.0,4205000000.0,3.425,6141000000.0
42,V,MRT,2010-12-31,2010-12-31,2010-12-31,2021-07-29,-150000000.0,33989000000.0,33040250000.0,9355000000.0,24634000000.0,0.253,7.665,-276000000.0,6350000000.0,6350000000.0,1305000000.0,3085000000.0,2.543,0.331,41000000.0,12000000.0,29000000.0,41000000.0,0.0,270000000.0,0.0,0.007,0.131,4866000000.0,5136000000.0,0.616,5136000000.0,4866000000.0,4814000000.0,1.057,1.052,1.057,25541000000.0,24802750000.0,25541000000.0,53139882730.0,11.0,10.347,3450000000.0,1.035,1.0,7038000000.0,0.844,22910000000.0,52000000.0,1091000000.0,1158000000.0,0.0,216000000.0,201000000.0,15000000.0,8445000000.0,3679000000.0,4766000000.0,58898882730.0,-476000000.0,-1805000000.0,-800000000.0,-24000000.0,-383000000.0,-2211000000.0,-1999000000.0,82000000.0,3726000000.0,8000000.0,3087000000.0,3087000000.0,3087000000.0,0.0,-2000000.0,0.37,2300000000.0,4738000000.0,525000000.0,0.124,2.306,19.08,16.646,1380000000.0,0.0,17.595,7.06,7.027,1033000000.0,5023000000.0,8343000000.0,8343000000.0,0.0,0.093,0.124,4.202,0.583,131000000.0,1632000000.0,1.0,3347478416.0,3332000000.0,4232000000.0,2.504,11079000000.0,545000000.0,1727000000.0,4186000000.0,3.325,5676000000.0
43,V,MRT,2010-09-30,2010-09-30,2010-09-30,2021-07-29,-151000000.0,33408000000.0,32471750000.0,8734000000.0,24674000000.0,0.248,7.453,-238000000.0,5803000000.0,5803000000.0,1222000000.0,2964000000.0,2.497,0.336,44000000.0,12000000.0,32000000.0,44000000.0,0.0,265000000.0,0.0,0.007,0.125,4712000000.0,4977000000.0,0.617,4977000000.0,4712000000.0,4640000000.0,1.008,1.002,1.008,25011000000.0,24285500000.0,25011000000.0,55221679648.0,12.0,11.095,2453000000.0,0.731,1.0,6843000000.0,0.848,22925000000.0,72000000.0,1226000000.0,1194000000.0,0.0,211000000.0,184000000.0,27000000.0,8394000000.0,3498000000.0,4896000000.0,62384679648.0,-750000000.0,-1805000000.0,-944000000.0,-24000000.0,-368000000.0,-1542000000.0,-1904000000.0,139000000.0,2691000000.0,5000000.0,2966000000.0,2966000000.0,2966000000.0,0.0,-2000000.0,0.368,2254000000.0,4589000000.0,543000000.0,0.124,2.494,21.033,18.418,1357000000.0,0.0,18.565,7.735,7.725,878000000.0,4368000000.0,8065000000.0,8065000000.0,0.0,0.091,0.122,3.946,0.584,117000000.0,1609000000.0,1.0,3360338252.0,3356000000.0,4384000000.0,2.403,10483000000.0,623000000.0,1674000000.0,4181000000.0,3.124,5236000000.0
44,V,MRT,2010-06-30,2010-06-30,2010-06-30,2021-07-29,-82000000.0,32696000000.0,32190000000.0,9850000000.0,22846000000.0,0.243,7.362,-244000000.0,7210000000.0,7210000000.0,1224000000.0,2705000000.0,2.829,0.325,47000000.0,12000000.0,35000000.0,47000000.0,0.0,248000000.0,0.0,0.007,0.12,4389000000.0,4637000000.0,0.592,4637000000.0,4389000000.0,4307000000.0,0.915,0.91,0.915,24676000000.0,23830000000.0,24676000000.0,53328280148.0,12.0,11.501,1345000000.0,0.401,1.0,6603000000.0,0.844,21091000000.0,82000000.0,960000000.0,1005500000.0,0.0,204000000.0,85000000.0,119000000.0,8016000000.0,3482000000.0,4534000000.0,59413280148.0,1005000000.0,0.0,-616000000.0,-61000000.0,-356000000.0,-1462000000.0,865000000.0,1109000000.0,1589000000.0,13000000.0,2706000000.0,2706000000.0,2706000000.0,0.0,-1000000.0,0.346,2258000000.0,4345000000.0,540000000.0,0.131,2.408,21.956,19.331,1185000000.0,0.0,17.688,7.591,7.575,917000000.0,3822000000.0,7827000000.0,7827000000.0,0.0,0.084,0.114,4.365,0.561,112000000.0,1533000000.0,1.0,3359054708.0,3352000000.0,4328000000.0,2.335,11605000000.0,448000000.0,1601000000.0,3798000000.0,3.462,6368000000.0
45,V,MRT,2010-03-31,2010-03-31,2010-03-31,2021-07-29,-99000000.0,32068000000.0,32172000000.0,9115000000.0,22953000000.0,0.231,7.146,-248000000.0,6135000000.0,6135000000.0,1221000000.0,2718000000.0,2.577,0.337,50000000.0,12000000.0,38000000.0,50000000.0,0.0,242000000.0,0.0,0.005,0.115,4581000000.0,4823000000.0,0.648,4823000000.0,4581000000.0,4482000000.0,0.915,0.907,0.915,23983000000.0,23359500000.0,23983000000.0,70917505001.0,15.0,14.704,472000000.0,0.141,1.0,6223000000.0,0.836,21091000000.0,99000000.0,1355000000.0,1123000000.0,0.0,209000000.0,85000000.0,124000000.0,8081000000.0,3537000000.0,4544000000.0,76669505001.0,1197000000.0,0.0,-613000000.0,-61000000.0,-342000000.0,-478000000.0,926000000.0,1174000000.0,720000000.0,29000000.0,2719000000.0,2719000000.0,2719000000.0,0.0,-1000000.0,0.365,2193000000.0,4030000000.0,696000000.0,0.126,3.197,28.198,24.872,1183000000.0,0.0,22.758,10.3,10.26,1168000000.0,3199000000.0,7444000000.0,7444000000.0,0.0,0.085,0.116,4.079,0.615,103000000.0,1514000000.0,1.0,3368977480.0,3356000000.0,4436000000.0,2.218,10977000000.0,470000000.0,1763000000.0,3808000000.0,3.271,5578000000.0
46,V,MRT,2009-12-31,2009-12-31,2009-12-31,2021-07-29,-175000000.0,31715000000.0,32146000000.0,8753000000.0,22962000000.0,0.222,6.969,-275000000.0,5805000000.0,5805000000.0,1203000000.0,2541000000.0,2.407,0.351,53000000.0,12000000.0,41000000.0,53000000.0,0.0,236000000.0,0.0,0.005,0.11,4357000000.0,4593000000.0,0.644,4593000000.0,4357000000.0,4256000000.0,0.85,0.845,0.85,23472000000.0,22893750000.0,23472000000.0,67641118288.0,16.0,14.727,69000000.0,0.02,1.0,5929000000.0,0.831,21091000000.0,101000000.0,1235000000.0,1625250000.0,0.0,212000000.0,93000000.0,119000000.0,8238000000.0,3637000000.0,4601000000.0,73917118288.0,1547000000.0,0.0,-392000000.0,-62000000.0,-330000000.0,229000000.0,951000000.0,1226000000.0,344000000.0,23000000.0,2542000000.0,2542000000.0,2542000000.0,0.0,-1000000.0,0.356,2140000000.0,3789000000.0,716000000.0,0.129,3.149,29.078,25.724,1203000000.0,0.0,21.865,10.364,10.325,1272000000.0,2691000000.0,7132000000.0,7132000000.0,0.0,0.079,0.111,2.681,0.611,103000000.0,1503000000.0,1.0,3380613688.0,3368000000.0,4476000000.0,2.118,10624000000.0,595000000.0,1714000000.0,3806000000.0,3.154,5116000000.0
47,V,MRT,2009-09-30,2009-09-30,2009-09-30,2021-07-29,-188000000.0,32281000000.0,32172750000.0,9241000000.0,23040000000.0,0.215,6.869,-306000000.0,6332000000.0,6332000000.0,1228000000.0,2352000000.0,2.08,0.392,56000000.0,12000000.0,44000000.0,56000000.0,0.0,226000000.0,0.0,0.006,0.105,4116000000.0,4342000000.0,0.628,4342000000.0,4116000000.0,4001000000.0,0.775,0.775,0.775,23189000000.0,22435750000.0,23189000000.0,52839633405.0,13.0,12.169,252000000.0,0.075,1.0,5683000000.0,0.822,21091000000.0,115000000.0,472000000.0,2217750000.0,0.0,235000000.0,115000000.0,120000000.0,9088000000.0,4442000000.0,4646000000.0,58502633405.0,-362000000.0,0.0,-2614000000.0,-54000000.0,-318000000.0,-2751000000.0,1830000000.0,2136000000.0,558000000.0,1000000.0,2353000000.0,2353000000.0,2353000000.0,0.0,-1000000.0,0.34,2145000000.0,3538000000.0,790000000.0,0.135,2.523,24.863,22.294,1204000000.0,0.0,17.277,8.465,8.44,1049000000.0,2219000000.0,6911000000.0,6911000000.0,0.0,0.073,0.105,1.856,0.596,108000000.0,1524000000.0,1.0,3386058944.0,3376000000.0,4608000000.0,2.047,11190000000.0,703000000.0,1648000000.0,3807000000.0,3.315,4799000000.0
48,V,MRT,2009-06-30,2009-06-30,2009-06-30,2021-07-29,-102000000.0,32624000000.0,32847750000.0,9562000000.0,23062000000.0,0.205,6.736,-297000000.0,5761000000.0,5761000000.0,1305000000.0,1482000000.0,2.156,0.431,98000000.0,52000000.0,46000000.0,98000000.0,0.0,224000000.0,0.0,0.007,0.105,2824000000.0,3048000000.0,0.452,3048000000.0,2824000000.0,2707000000.0,0.485,,0.485,22794000000.0,21923750000.0,22794000000.0,49423344821.0,18.0,16.215,744000000.0,0.22,1.0,5436000000.0,0.806,21096000000.0,117000000.0,1430000000.0,2079500000.0,0.0,311000000.0,130000000.0,181000000.0,9825000000.0,4435000000.0,5390000000.0,52684344821.0,-1562000000.0,0.0,-2626000000.0,-16000000.0,-333000000.0,-2518000000.0,-70000000.0,227000000.0,1041000000.0,-15000000.0,1483000000.0,1483000000.0,1483000000.0,0.0,-1000000.0,0.22,3210000000.0,2226000000.0,1085000000.0,0.216,2.311,35.526,32.093,1170000000.0,0.0,15.565,7.816,7.814,1417000000.0,1783000000.0,6741000000.0,6741000000.0,0.0,0.045,0.068,1.358,0.419,105000000.0,1654000000.0,1.0,3384795684.0,3384000000.0,,1.992,11528000000.0,484000000.0,1224000000.0,3653000000.0,3.407,5127000000.0
49,V,MRT,2009-03-31,2009-03-31,2009-03-31,2021-07-29,-88000000.0,31964000000.0,33302250000.0,8225000000.0,23739000000.0,0.201,6.544,-314000000.0,3363000000.0,3363000000.0,1333000000.0,1175000000.0,1.938,0.445,102000000.0,52000000.0,50000000.0,102000000.0,0.0,224000000.0,0.0,0.006,0.079,2241000000.0,2465000000.0,0.367,2465000000.0,2241000000.0,2124000000.0,0.37,,0.37,22120000000.0,21894250000.0,22120000000.0,44527545435.0,20.0,18.064,1003000000.0,0.297,1.0,5375000000.0,0.801,21096000000.0,117000000.0,3364000000.0,2147500000.0,0.0,326000000.0,126000000.0,200000000.0,9840000000.0,4243000000.0,5597000000.0,47036545435.0,-1678000000.0,0.0,-2760000000.0,-16000000.0,-254000000.0,-2929000000.0,-39000000.0,275000000.0,1317000000.0,-27000000.0,1176000000.0,1176000000.0,1176000000.0,0.0,-1000000.0,0.175,3323000000.0,2052000000.0,832000000.0,0.214,2.126,39.997,37.568,1155000000.0,0.0,13.9,7.012,7.004,1251000000.0,1133000000.0,6708000000.0,6708000000.0,0.0,0.035,0.054,1.044,0.334,113000000.0,1672000000.0,1.0,3383924132.0,3380000000.0,,1.985,10868000000.0,650000000.0,948000000.0,3859000000.0,3.215,3982000000.0
50,V,MRT,2008-12-31,2008-12-31,2008-12-31,2021-07-29,-94000000.0,31822000000.0,33778500000.0,8089000000.0,23733000000.0,0.193,6.418,-412000000.0,2613000000.0,2613000000.0,1330000000.0,954000000.0,1.754,0.47,104000000.0,51000000.0,53000000.0,104000000.0,0.0,227000000.0,0.0,0.004,0.052,1734000000.0,1961000000.0,0.301,1961000000.0,1734000000.0,1606000000.0,0.29,,0.29,21640000000.0,21943000000.0,21640000000.0,39504353207.0,23.0,20.145,122000000.0,0.036,1.0,5184000000.0,0.796,21096000000.0,128000000.0,3605000000.0,1806500000.0,0.0,394000000.0,189000000.0,205000000.0,10177000000.0,4612000000.0,5565000000.0,44377353207.0,915000000.0,0.0,3008000000.0,-14000000.0,-174000000.0,202000000.0,204000000.0,616000000.0,534000000.0,-25000000.0,954000000.0,954000000.0,954000000.0,0.0,0.0,0.146,3664000000.0,1520000000.0,735000000.0,0.179,2.051,46.517,45.216,1117000000.0,0.0,13.113,6.813,6.788,1123000000.0,677000000.0,6514000000.0,6514000000.0,0.0,0.028,0.043,0.96,0.266,106000000.0,1686000000.0,1.0,3384354868.0,3372000000.0,,1.932,10726000000.0,800000000.0,652000000.0,3843000000.0,3.181,3477000000.0
51,V,MRT,2008-09-30,2008-09-30,2008-09-30,2021-07-29,-70000000.0,34981000000.0,32758500000.0,11174000000.0,23807000000.0,0.191,9.24,-411000000.0,6907000000.0,6907000000.0,1314000000.0,804000000.0,1.56,0.601,106000000.0,51000000.0,55000000.0,106000000.0,0.0,237000000.0,0.0,0.002,0.026,1479000000.0,1716000000.0,0.274,1716000000.0,1479000000.0,1336000000.0,0.24,0.24,0.24,21141000000.0,20712000000.0,21141000000.0,60889533114.0,41.0,35.483,120000000.0,0.052,1.0,4949000000.0,0.79,21096000000.0,143000000.0,-81000000.0,1165750000.0,0.0,600000000.0,355000000.0,245000000.0,12704000000.0,7165000000.0,5539000000.0,66542533114.0,4704000000.0,1002000000.0,5654000000.0,-22000000.0,-93000000.0,3624000000.0,554000000.0,-37000000.0,531000000.0,-5000000.0,804000000.0,804000000.0,804000000.0,0.0,0.0,0.128,3717000000.0,1232000000.0,1254000000.0,0.108,3.148,82.764,63.948,1080000000.0,0.0,15.348,10.625,5.607,1473000000.0,186000000.0,6263000000.0,6263000000.0,0.0,0.025,0.039,1.269,0.236,74000000.0,1687000000.0,1.0,4335724588.0,2288000000.0,4412000000.0,2.737,13885000000.0,944000000.0,532000000.0,3811000000.0,6.069,4009000000.0
52,V,MRT,2008-06-30,2008-06-30,2008-06-30,2021-07-29,0.0,34442000000.0,25110750000.0,10761000000.0,23681000000.0,0.221,5.23,-403000000.0,5762000000.0,5762000000.0,1074000000.0,-524000000.0,1.774,0.519,109000000.0,11000000.0,98000000.0,109000000.0,0.0,219000000.0,0.0,0.0,0.0,-447000000.0,-228000000.0,-0.041,-228000000.0,-447000000.0,-584000000.0,,,,22676000000.0,15301500000.0,22676000000.0,83206404761.0,-186.0,-364.94,-184000000.0,-0.042,1.0,4471000000.0,0.806,21022000000.0,137000000.0,1702000000.0,1404500000.0,0.0,665000000.0,477000000.0,188000000.0,11766000000.0,6065000000.0,5701000000.0,88135404761.0,5172000000.0,1003000000.0,5654000000.0,-28000000.0,0.0,3641000000.0,1312000000.0,712000000.0,219000000.0,0.0,-524000000.0,-524000000.0,-524000000.0,0.0,0.0,-0.094,5115000000.0,-644000000.0,1355000000.0,,3.887,-168.197,,1048000000.0,0.0,20.328,15.895,15.895,1572000000.0,,5545000000.0,5545000000.0,0.0,-0.021,-0.034,-0.318,-0.081,47000000.0,1519000000.0,1.0,4335771972.0,4335771972.0,,1.279,13420000000.0,587000000.0,-60000000.0,3545000000.0,3.095,4696000000.0
53,V,MRT,2008-03-31,2008-03-31,2008-03-31,2021-07-29,0.0,33869000000.0,,10086000000.0,23783000000.0,,6.182,-348000000.0,5041000000.0,5041000000.0,948000000.0,-723000000.0,1.727,0.518,112000000.0,72000000.0,40000000.0,112000000.0,0.0,190000000.0,0.0,0.0,0.0,-822000000.0,-632000000.0,-0.13,-632000000.0,-822000000.0,-949000000.0,,,,22315000000.0,,22315000000.0,54689921729.0,-67.0,-86.535,-597000000.0,-0.165,1.0,3925000000.0,0.805,21099000000.0,127000000.0,2000000000.0,,0.0,792000000.0,598000000.0,194000000.0,11554000000.0,5841000000.0,5713000000.0,56272921729.0,4655000000.0,1003000000.0,5770000000.0,-32000000.0,0.0,3567000000.0,1337000000.0,682000000.0,-249000000.0,0.0,-723000000.0,-723000000.0,-723000000.0,0.0,0.0,-0.148,4840000000.0,-915000000.0,1027000000.0,,2.522,-77.833,,1018000000.0,0.0,15.59,11.548,11.548,1478000000.0,,4873000000.0,4873000000.0,0.0,,,,-0.169,19000000.0,1342000000.0,1.0,3609552388.0,3609552388.0,,1.35,12770000000.0,541000000.0,-226000000.0,3563000000.0,3.538,4245000000.0
54,V,MRT,2007-12-31,2007-12-31,2007-12-31,2021-07-29,0.0,27742000000.0,,5813000000.0,21929000000.0,,5.392,-211000000.0,1698000000.0,1698000000.0,833000000.0,-857000000.0,1.122,0.66,115000000.0,75000000.0,40000000.0,115000000.0,0.0,159000000.0,0.0,,0.0,-927000000.0,-768000000.0,-0.181,-768000000.0,-927000000.0,-1033000000.0,,,,16716000000.0,,16716000000.0,,,,299000000.0,0.096,1.0,3400000000.0,0.803,19938000000.0,106000000.0,1042000000.0,,0.0,1109000000.0,729000000.0,380000000.0,11026000000.0,5179000000.0,5847000000.0,,1332000000.0,1003000000.0,0.0,-38000000.0,0.0,-38000000.0,860000000.0,68000000.0,510000000.0,0.0,-857000000.0,-857000000.0,-857000000.0,0.0,0.0,-0.202,4350000000.0,-950000000.0,1088000000.0,,,,,912000000.0,0.0,,,,1501000000.0,-69000000.0,4233000000.0,4233000000.0,0.0,,,,-0.219,0.0,1179000000.0,1.0,3626330080.0,3100322048.0,,1.365,7804000000.0,774000000.0,-176000000.0,3658000000.0,2.517,634000000.0
55,V,MRT,2007-09-30,2007-09-30,2007-09-30,2021-07-29,0.0,4390000000.0,3676959000.0,2507000000.0,1883000000.0,0.976,-0.138,-160000000.0,275000000.0,275000000.0,721000000.0,-1076000000.0,0.764,-9.687,41000000.0,41000000.0,0.0,41000000.0,0.0,126000000.0,0.0,,0.0,-1311000000.0,-1185000000.0,-0.33,-1185000000.0,-1311000000.0,-1392000000.0,,,,-501000000.0,40907000.0,-501000000.0,,,,345000000.0,0.095,1.0,2869000000.0,0.799,0.0,81000000.0,874000000.0,1124225000.0,0.0,1711000000.0,747000000.0,964000000.0,4853000000.0,3282000000.0,1571000000.0,,5000000.0,0.0,0.0,-37000000.0,0.0,-37000000.0,-463000000.0,-303000000.0,505000000.0,0.0,-1076000000.0,-1076000000.0,-1076000000.0,0.0,0.0,-0.3,4145000000.0,-1276000000.0,149000000.0,,,,,313000000.0,0.0,,,,255000000.0,-501000000.0,3590000000.0,3590000000.0,0.0,-0.293,-26.304,-1.166,-0.365,0.0,1032000000.0,1.0,3626330080.0,3626330080.0,,0.99,4390000000.0,1266000000.0,-316000000.0,0.0,1.211,-775000000.0
56,V,MRT,2007-06-30,2007-06-30,2007-06-30,2021-07-29,,,,,,,,,,,,,,,,,,,,,,,0.0,,,,,,,,,,,,,,,,,,1.0,,,,,,,,,,,,,,,,,,,,,,,,,,,,,,,,,,,,,,,,,,,,,,,,,,,,,,1.0,,,,,,,,,,
57,V,MRT,2007-03-31,2007-03-31,2007-03-31,2021-07-29,,,,,,,,,,,,,,,,,,,,,,,0.0,,,,,,,,,,,,,,,,,,1.0,,,,,,,,,,,,,,,,,,,,,,,,,,,,,,,,,,,,,,,,,,,,,,,,,,,,,,1.0,,,,,,,,,,
58,V,MRT,2006-12-31,2006-12-31,2006-12-31,2021-07-29,,,,,,,,,,,,,,,,,,,,,,,0.0,,,,,,,,,,,,,,,,,,1.0,,,,,,,,,,,,,,,,,,,,,,,,,,,,,,,,,,,,,,,,,,,,,,,,,,,,,,1.0,,,,,,,,,,
59,V,MRT,2006-09-30,2006-09-30,2006-09-30,2021-07-29,-958000.0,2963918000.0,,1593931000.0,1369987000.0,,,-102000000.0,270124000.0,270124000.0,671000000.0,455000000.0,1.144,4.021,73619000.0,32339000.0,41280000.0,73619000.0,0.0,138000000.0,137390000.0,,0.0,795000000.0,933000000.0,0.316,933000000.0,795000000.0,706000000.0,,,,582814000.0,,582814000.0,,,,348000000.0,,1.0,2277000000.0,0.772,0.0,89000000.0,1374450000.0,,0.0,1362094000.0,660451000.0,701643000.0,2343264000.0,1392963000.0,950301000.0,,135000000.0,0.0,0.0,-37000000.0,0.0,-37000000.0,-278000000.0,-176000000.0,450000000.0,0.0,455000000.0,455000000.0,455000000.0,0.0,0.0,0.154,1388000000.0,889000000.0,207842000.0,,,,,280899000.0,0.0,,,,258035000.0,583772000.0,2948000000.0,2948000000.0,0.0,,,,0.27,0.0,936000000.0,1.0,,,,,2963918000.0,387204000.0,251000000.0,0.0,,200968000.0
60,V,MRT,2005-09-30,2005-09-30,2005-09-30,2021-07-29,,,,,,,,-119267000.0,,,618723000.0,360445000.0,,,,,,,,118531000.0,,,0.0,652226000.0,770757000.0,0.289,770757000.0,652226000.0,543741000.0,,,,,,,,,,361362000.0,,1.0,2045882000.0,0.768,,108485000.0,,,,,,,,,,,-38468000.0,117424000.0,0.0,-33768000.0,0.0,-45966000.0,-473131000.0,-471288000.0,480629000.0,0.0,360445000.0,360445000.0,360445000.0,0.0,0.0,0.135,1424505000.0,621377000.0,,,,,,,0.0,,,,,,2664605000.0,2664605000.0,0.0,,,,0.245,0.0,1019162000.0,1.0,,,,,,,183296000.0,,,
