None,ticker,dimension,calendardate,datekey,reportperiod,lastupdated,accoci,assets,assetsavg,assetsc,assetsnc,assetturnover,bvps,capex,cashneq,cashnequsd,cor,consolinc,currentratio,de,debt,debtc,debtnc,debtusd,deferredrev,depamor,deposits,divyield,dps,ebit,ebitda,ebitdamargin,ebitdausd,ebitusd,ebt,eps,epsdil,epsusd,equity,equityavg,equityusd,ev,evebit,evebitda,fcf,fcfps,fxusd,gp,grossmargin,intangibles,intexp,invcap,invcapavg,inventory,investments,investmentsc,investmentsnc,liabilities,liabilitiesc,liabilitiesnc,marketcap,ncf,ncfbus,ncfcommon,ncfdebt,ncfdiv,ncff,ncfi,ncfinv,ncfo,ncfx,netinc,netinccmn,netinccmnusd,netincdis,netincnci,netmargin,opex,opinc,payables,payoutratio,pb,pe,pe1,ppnenet,prefdivis,price,ps,ps1,receivables,retearn,revenue,revenueusd,rnd,roa,roe,roic,ros,sbcomp,sgna,sharefactor,sharesbas,shareswa,shareswadil,sps,tangibles,taxassets,taxexp,taxliabilities,tbvps,workingcapital
0,KEYS,ARY,2020-12-31,2020-12-17,2020-10-31,2021-08-31,-599000000,7218000000,6994250000.0,3374000000,3844000000,0.603,17.631,-117000000.0,1756000000,1756000000,1688000000.0,627000000.0,3.121,1.189,1981000000,43000000,1938000000,1981000000,566000000,326000000.0,0,0.0,0.0,839000000.0,1165000000.0,0.276,1165000000.0,839000000.0,761000000.0,3.35,3.31,3.35,3297000000,3215750000.0,3297000000,23832891944.0,28.0,20.457,899000000.0,4.807,1.0,2533000000.0,0.6,1898000000,78000000.0,4464000000,4448500000.0,757000000,61000000,0,61000000,3921000000,1081000000,2840000000,23607891944.0,167000000.0,-357000000.0,-353000000.0,-7000000.0,0.0,-413000000.0,-442000000.0,0.0,1016000000.0,6000000.0,627000000.0,627000000.0,627000000.0,0.0,0.0,0.149,1768000000.0,765000000.0,224000000,0.0,7.16,37.652,37.869,777000000,0.0,126.86,5.593,5.62,606000000,2536000000.0,4221000000.0,4221000000.0,715000000.0,0.09,0.195,0.189,0.199,92000000.0,1097000000.0,1.0,186094056,187000000,189000000.0,22.572,5320000000,740000000,134000000.0,64000000,28.449,2293000000
1,KEYS,ARY,2019-12-31,2019-12-18,2019-10-31,2021-08-31,-578000000,6623000000,6284750000.0,3215000000,3408000000,0.685,15.979,-120000000.0,1598000000,1598000000,1769000000.0,621000000.0,3.205,1.205,1788000000,0,1788000000,1788000000,510000000,308000000.0,0,0.0,0.0,795000000.0,1103000000.0,0.256,1103000000.0,795000000.0,715000000.0,3.31,3.25,3.31,3004000000,2849500000.0,3004000000,19775355534.0,25.0,17.929,878000000.0,4.67,1.0,2534000000.0,0.589,1699000000,80000000.0,4111000000,3667000000.0,705000000,46000000,0,46000000,3619000000,1003000000,2616000000,19585355534.0,683000000.0,-86000000.0,-92000000.0,-4000000.0,0.0,-122000000.0,-196000000.0,7000000.0,998000000.0,3000000.0,621000000.0,621000000.0,621000000.0,0.0,0.0,0.144,1823000000.0,711000000.0,253000000,0.0,6.52,31.538,31.399,576000000,0.0,103.93,4.552,4.541,668000000,1909000000.0,4303000000.0,4303000000.0,688000000.0,0.099,0.218,0.217,0.185,82000000.0,1155000000.0,1.0,188447566,188000000,191000000.0,22.888,4924000000,755000000,94000000.0,55000000,26.191,2212000000
2,KEYS,ARY,2018-12-31,2018-12-18,2018-10-31,2021-08-31,-488000000,5824000000,5910750000.0,2378000000,3446000000,0.656,13.011,-132000000.0,913000000,913000000,1756000000.0,165000000.0,1.627,1.394,1790000000,499000000,1291000000,1790000000,461000000,310000000.0,0,0.0,0.0,-328000000.0,-18000000.0,-0.005,-18000000.0,-328000000.0,-411000000.0,0.88,0.86,0.88,2433000000,2513250000.0,2433000000,12270607910.0,-37.0,-681.7,423000000.0,2.262,1.0,2122000000.0,0.547,1816000000,83000000.0,3423000000,3422000000.0,619000000,46000000,0,46000000,3391000000,1462000000,1929000000,11393607910.0,95000000.0,18000000.0,-56000000.0,-260000000.0,0.0,-335000000.0,-116000000.0,0.0,555000000.0,-9000000.0,165000000.0,165000000.0,165000000.0,0.0,0.0,0.043,2468000000.0,-346000000.0,242000000,0.0,4.683,69.052,69.0,555000000,0.0,60.72,2.938,2.928,624000000,1212000000.0,3878000000.0,3878000000.0,607000000.0,0.028,0.066,-0.096,-0.085,59000000.0,1185000000.0,1.0,187641764,187000000,191000000.0,20.738,4008000000,750000000,-576000000.0,42000000,21.433,916000000
3,KEYS,ARY,2017-12-31,2017-12-20,2017-10-31,2021-08-31,-457000000,5933000000,5414000000.0,2177000000,3756000000,0.589,12.833,-64000000.0,818000000,818000000,1487000000.0,102000000.0,2.658,1.568,2048000000,10000000,2038000000,2048000000,392000000,225000000.0,0,0.0,0.0,259000000.0,484000000.0,0.152,484000000.0,259000000.0,179000000.0,0.57,0.56,0.57,2310000000,2087250000.0,2310000000,9270112638.0,36.0,19.153,249000000.0,1.383,1.0,1702000000.0,0.534,2737000000,80000000.0,3607000000,3391000000.0,588000000,63000000,0,63000000,3623000000,819000000,2804000000,8040112638.0,35000000.0,-1702000000.0,495000000.0,942000000.0,0.0,1440000000.0,-1722000000.0,44000000.0,313000000.0,4000000.0,102000000.0,102000000.0,102000000.0,0.0,0.0,0.032,1463000000.0,239000000.0,211000000,0.0,3.481,78.825,75.316,530000000,0.0,42.93,2.521,2.423,547000000,1041000000.0,3189000000.0,3189000000.0,498000000.0,0.019,0.049,0.076,0.081,53000000.0,1049000000.0,1.0,187284245,180000000,182000000.0,17.717,3196000000,186000000,77000000.0,28000000,17.756,1358000000
4,KEYS,ARY,2016-12-31,2016-12-19,2016-10-31,2021-08-31,-618000000,3803000000,3653500000.0,1854000000,1949000000,0.799,8.9,-81000000.0,783000000,783000000,1294000000.0,335000000.0,2.879,1.514,1100000000,0,1100000000,1100000000,252000000,134000000.0,0,0.0,0.0,413000000.0,547000000.0,0.187,547000000.0,413000000.0,366000000.0,1.97,1.95,1.97,1513000000,1498000000.0,1513000000,6470176231.0,16.0,11.828,335000000.0,1.971,1.0,1624000000.0,0.557,944000000,47000000.0,2532000000,2522500000.0,474000000,55000000,0,55000000,2290000000,644000000,1646000000,6153176231.0,300000000.0,-10000000.0,-19000000.0,-1000000.0,0.0,-25000000.0,-90000000.0,0.0,416000000.0,-1000000.0,335000000.0,335000000.0,335000000.0,0.0,0.0,0.115,1218000000.0,406000000.0,189000000,0.0,4.067,18.368,18.218,512000000,0.0,35.89,2.109,2.091,437000000,949000000.0,2918000000.0,2918000000.0,425000000.0,0.092,0.224,0.164,0.142,54000000.0,818000000.0,1.0,171445423,170000000,172000000.0,17.165,2859000000,392000000,31000000.0,41000000,16.818,1210000000
5,KEYS,ARY,2015-12-31,2015-12-21,2015-10-31,2021-08-31,-479000000,3508000000,3173750000.0,1579000000,1929000000,0.9,7.704,-91000000.0,483000000,483000000,1269000000.0,513000000.0,2.302,1.694,1099000000,0,1099000000,1099000000,236000000,99000000.0,0,0.0,0.0,434000000.0,533000000.0,0.187,533000000.0,434000000.0,388000000.0,3.04,3.0,3.04,1302000000,1090250000.0,1302000000,5418608764.0,12.0,10.166,285000000.0,1.686,1.0,1587000000.0,0.556,946000000,46000000.0,2492000000,2267750000.0,487000000,70000000,0,70000000,2206000000,686000000,1520000000,4802608764.0,-327000000.0,-574000000.0,26000000.0,0.0,0.0,-19000000.0,-671000000.0,-6000000.0,376000000.0,-13000000.0,513000000.0,513000000.0,513000000.0,0.0,0.0,0.18,1156000000.0,431000000.0,209000000,0.0,3.689,9.362,9.247,518000000,0.0,28.11,1.682,1.663,398000000,614000000.0,2856000000.0,2856000000.0,387000000.0,0.162,0.471,0.191,0.152,51000000.0,787000000.0,1.0,170850543,169000000,171000000.0,16.899,2562000000,369000000,-125000000.0,50000000,15.16,893000000
6,KEYS,ARY,2014-12-31,2014-12-22,2014-10-31,2021-08-31,-336000000,3050000000,2539000000.0,1850000000,1200000000,1.155,4.605,-70000000.0,810000000,810000000,1313000000.0,392000000.0,2.406,2.966,1099000000,0,1099000000,1099000000,244000000,84000000.0,0,0.0,0.0,478000000.0,562000000.0,0.192,562000000.0,478000000.0,475000000.0,2.35,2.35,2.35,769000000,1007000000.0,769000000,5985341146.0,13.0,10.65,493000000.0,2.952,1.0,1620000000.0,0.552,410000000,3000000.0,2160000000,1594500000.0,498000000,63000000,0,63000000,2281000000,769000000,1512000000,5696341146.0,810000000.0,-11000000.0,0.0,1054000000.0,0.0,335000000.0,-82000000.0,-2000000.0,563000000.0,-6000000.0,392000000.0,392000000.0,392000000.0,0.0,0.0,0.134,1151000000.0,469000000.0,298000000,0.0,7.407,14.531,14.443,470000000,0.0,33.94,1.942,1.932,380000000,101000000.0,2933000000.0,2933000000.0,361000000.0,0.154,0.389,0.3,0.163,39000000.0,790000000.0,1.0,167835626,167000000,167000000.0,17.563,2640000000,246000000,83000000.0,72000000,15.808,1081000000
7,KEYS,ARY,2013-12-31,2014-09-30,2013-10-31,2021-08-31,31000000,2028000000,,972000000,1056000000,,7.418,-69000000.0,0,0,1265000000.0,457000000.0,1.736,0.629,0,0,0,0,284000000,77000000.0,0,,0.0,501000000.0,578000000.0,0.2,578000000.0,501000000.0,501000000.0,,,,1245000000,,1245000000,,,,497000000.0,2.961,1.0,1623000000.0,0.562,439000000,0.0,1029000000,,502000000,44000000,0,44000000,783000000,560000000,223000000,,0.0,-1000000.0,0.0,0.0,0.0,-481000000.0,-85000000.0,-15000000.0,566000000.0,0.0,457000000.0,457000000.0,457000000.0,0.0,0.0,0.158,1127000000.0,496000000.0,131000000,,,,,469000000,0.0,,,,340000000,,2888000000.0,2888000000.0,375000000.0,,,,0.173,41000000.0,752000000.0,1.0,167835626,167835626,,17.207,1589000000,153000000,44000000.0,55000000,9.468,412000000
8,KEYS,ARY,2013-12-31,2014-09-22,2013-10-31,2021-08-31,31000000,2028000000,,972000000,1056000000,,7.418,-69000000.0,0,0,1265000000.0,457000000.0,1.736,0.629,0,0,0,0,284000000,77000000.0,0,,0.0,501000000.0,578000000.0,0.2,578000000.0,501000000.0,501000000.0,,,,1245000000,,1245000000,,,,497000000.0,2.961,1.0,1623000000.0,0.562,439000000,0.0,1029000000,,502000000,44000000,0,44000000,783000000,560000000,223000000,,0.0,-1000000.0,0.0,0.0,0.0,-481000000.0,-85000000.0,-15000000.0,566000000.0,0.0,457000000.0,457000000.0,457000000.0,0.0,0.0,0.158,1127000000.0,496000000.0,131000000,,,,,469000000,0.0,,,,340000000,,2888000000.0,2888000000.0,375000000.0,,,,0.173,41000000.0,752000000.0,1.0,167835626,167835626,,17.207,1589000000,153000000,44000000.0,55000000,9.468,412000000
9,KEYS,ARY,2013-12-31,2014-09-12,2013-10-31,2021-08-31,31000000,2028000000,,972000000,1056000000,,7.418,-69000000.0,0,0,1265000000.0,457000000.0,1.736,0.629,0,0,0,0,284000000,77000000.0,0,,0.0,501000000.0,578000000.0,0.2,578000000.0,501000000.0,501000000.0,,,,1245000000,,1245000000,,,,497000000.0,2.961,1.0,1623000000.0,0.562,439000000,0.0,1029000000,,502000000,44000000,0,44000000,783000000,560000000,223000000,,0.0,-1000000.0,0.0,0.0,0.0,-481000000.0,-85000000.0,-15000000.0,566000000.0,0.0,457000000.0,457000000.0,457000000.0,0.0,0.0,0.158,1127000000.0,496000000.0,131000000,,,,,469000000,0.0,,,,340000000,,2888000000.0,2888000000.0,375000000.0,,,,0.173,41000000.0,752000000.0,1.0,167835626,167835626,,17.207,1589000000,153000000,44000000.0,55000000,9.468,412000000
10,KEYS,ARY,2013-12-31,2014-08-13,2013-10-31,2021-08-31,31000000,2028000000,,972000000,1056000000,,7.418,-69000000.0,0,0,1265000000.0,457000000.0,1.736,0.629,0,0,0,0,284000000,77000000.0,0,,0.0,501000000.0,578000000.0,0.2,578000000.0,501000000.0,501000000.0,,,,1245000000,,1245000000,,,,497000000.0,2.961,1.0,1623000000.0,0.562,439000000,0.0,1029000000,,502000000,44000000,0,44000000,783000000,560000000,223000000,,0.0,-1000000.0,0.0,0.0,0.0,-481000000.0,-85000000.0,-15000000.0,566000000.0,0.0,457000000.0,457000000.0,457000000.0,0.0,0.0,0.158,1127000000.0,496000000.0,131000000,,,,,469000000,0.0,,,,340000000,,2888000000.0,2888000000.0,375000000.0,,,,0.173,41000000.0,752000000.0,1.0,167835626,167835626,,17.207,1589000000,153000000,44000000.0,55000000,9.468,412000000
11,KEYS,ARY,2013-12-31,2014-07-18,2013-10-31,2021-08-31,31000000,2028000000,,972000000,1056000000,,7.418,-69000000.0,0,0,1265000000.0,457000000.0,1.736,0.629,0,0,0,0,284000000,77000000.0,0,,0.0,501000000.0,578000000.0,0.2,578000000.0,501000000.0,501000000.0,,,,1245000000,,1245000000,,,,497000000.0,2.961,1.0,1623000000.0,0.562,439000000,0.0,1029000000,,502000000,44000000,0,44000000,783000000,560000000,223000000,,0.0,-1000000.0,0.0,0.0,0.0,-481000000.0,-85000000.0,-15000000.0,566000000.0,0.0,457000000.0,457000000.0,457000000.0,0.0,0.0,0.158,1127000000.0,496000000.0,131000000,,,,,469000000,0.0,,,,340000000,,2888000000.0,2888000000.0,375000000.0,,,,0.173,41000000.0,752000000.0,1.0,167835626,167835626,,17.207,1589000000,153000000,44000000.0,55000000,9.468,412000000
12,KEYS,ARY,2013-12-31,2014-06-17,2013-10-31,2021-08-31,31000000,2028000000,,972000000,1056000000,,7.418,-69000000.0,0,0,1265000000.0,457000000.0,1.736,0.629,0,0,0,0,284000000,77000000.0,0,,0.0,501000000.0,578000000.0,0.2,578000000.0,501000000.0,501000000.0,,,,1245000000,,1245000000,,,,497000000.0,2.961,1.0,1623000000.0,0.562,439000000,0.0,1029000000,,502000000,44000000,0,44000000,783000000,560000000,223000000,,0.0,-1000000.0,0.0,0.0,0.0,-481000000.0,-85000000.0,-15000000.0,566000000.0,0.0,457000000.0,457000000.0,457000000.0,0.0,0.0,0.158,1127000000.0,496000000.0,131000000,,,,,469000000,0.0,,,,340000000,,2888000000.0,2888000000.0,375000000.0,,,,0.173,41000000.0,752000000.0,1.0,167835626,167835626,,17.207,1589000000,153000000,44000000.0,55000000,9.468,412000000
13,KEYS,ARY,2013-12-31,2014-05-23,2013-10-31,2021-08-31,31000000,2028000000,,972000000,1056000000,,7.418,-69000000.0,0,0,1265000000.0,457000000.0,1.736,0.629,0,0,0,0,284000000,77000000.0,0,,0.0,501000000.0,578000000.0,0.2,578000000.0,501000000.0,501000000.0,,,,1245000000,,1245000000,,,,497000000.0,2.961,1.0,1623000000.0,0.562,439000000,0.0,1029000000,,502000000,44000000,0,44000000,783000000,560000000,223000000,,0.0,-1000000.0,0.0,0.0,0.0,-481000000.0,-85000000.0,-15000000.0,566000000.0,0.0,457000000.0,457000000.0,457000000.0,0.0,0.0,0.158,1127000000.0,496000000.0,131000000,,,,,469000000,0.0,,,,340000000,,2888000000.0,2888000000.0,375000000.0,,,,0.173,41000000.0,752000000.0,1.0,167835626,167835626,,17.207,1589000000,153000000,44000000.0,55000000,9.468,412000000
14,KEYS,ARY,2013-12-31,2014-04-18,2013-10-31,2021-08-31,31000000,2028000000,,972000000,1056000000,,7.418,-69000000.0,0,0,1265000000.0,457000000.0,1.736,0.629,0,0,0,0,284000000,77000000.0,0,,0.0,501000000.0,578000000.0,0.2,578000000.0,501000000.0,501000000.0,,,,1245000000,,1245000000,,,,497000000.0,2.961,1.0,1623000000.0,0.562,439000000,0.0,1029000000,,502000000,44000000,0,44000000,783000000,560000000,223000000,,0.0,-1000000.0,0.0,0.0,0.0,-481000000.0,-85000000.0,-15000000.0,566000000.0,0.0,457000000.0,457000000.0,457000000.0,0.0,0.0,0.158,1127000000.0,496000000.0,131000000,,,,,469000000,0.0,,,,340000000,,2888000000.0,2888000000.0,375000000.0,,,,0.173,41000000.0,752000000.0,1.0,167835626,167835626,,17.207,1589000000,153000000,44000000.0,55000000,9.468,412000000
15,KEYS,ARY,2013-12-31,2014-03-05,2013-10-31,2021-08-31,31000000,2028000000,,972000000,1056000000,,7.418,-69000000.0,0,0,1265000000.0,457000000.0,1.736,0.629,0,0,0,0,284000000,77000000.0,0,,0.0,501000000.0,578000000.0,0.2,578000000.0,501000000.0,501000000.0,,,,1245000000,,1245000000,,,,497000000.0,2.961,1.0,1623000000.0,0.562,439000000,0.0,1029000000,,502000000,44000000,0,44000000,783000000,560000000,223000000,,0.0,-1000000.0,0.0,0.0,0.0,-481000000.0,-85000000.0,-15000000.0,566000000.0,0.0,457000000.0,457000000.0,457000000.0,0.0,0.0,0.158,1127000000.0,496000000.0,131000000,,,,,469000000,0.0,,,,340000000,,2888000000.0,2888000000.0,375000000.0,,,,0.173,41000000.0,752000000.0,1.0,167835626,167835626,,17.207,1589000000,153000000,44000000.0,55000000,9.468,412000000
0,KEYS,ARQ,2021-06-30,2021-08-31,2021-07-31,2021-08-31,-528000000,7804000000,,3829000000,3975000000,,20.38,-40000000.0,2153000000,2153000000,458000000.0,254000000.0,3.193,1.081,2028000000,41000000,1987000000,2028000000,655000000,64000000.0,0,0.0,0.0,290000000.0,354000000.0,0.284,354000000.0,290000000.0,270000000.0,1.38,1.36,1.38,3750000000,,3750000000,32862634597.0,32.0,24.524,217000000.0,1.179,1.0,788000000.0,0.632,1893000000,20000000.0,4587000000,,770000000,68000000,0,68000000,4054000000,1199000000,2855000000,32987634597.0,161000000.0,0.0,-50000000.0,0.0,0.0,-53000000.0,-41000000.0,0.0,257000000.0,-2000000.0,254000000.0,254000000.0,254000000.0,0.0,0.0,0.204,504000000.0,284000000.0,249000000,0.0,8.797,39.792,39.975,847000000,0.0,179.09,6.778,6.771,677000000,3148000000.0,1246000000.0,1246000000.0,207000000.0,,,,,19000000.0,302000000.0,1.0,184195849,184000000,186000000.0,6.772,5911000000,739000000,16000000.0,47000000,32.125,2630000000
1,KEYS,ARQ,2021-03-31,2021-05-28,2021-04-30,2021-08-31,-511000000,7686000000,,3718000000,3968000000,,19.162,-33000000.0,1993000000,1993000000,484000000.0,186000000.0,2.887,1.168,2032000000,42000000,1990000000,2032000000,660000000,85000000.0,0,0.0,0.0,227000000.0,312000000.0,0.256,312000000.0,227000000.0,208000000.0,1.01,0.99,1.01,3545000000,,3545000000,26269095887.0,28.0,20.668,369000000.0,1.995,1.0,737000000.0,0.604,1924000000,19000000.0,4513000000,,774000000,65000000,0,65000000,4141000000,1288000000,2853000000,26230095887.0,106000000.0,-40000000.0,-219000000.0,0.0,0.0,-221000000.0,-73000000.0,0.0,402000000.0,-2000000.0,186000000.0,186000000.0,186000000.0,0.0,0.0,0.152,502000000.0,235000000.0,248000000,0.0,7.399,34.927,35.243,834000000,0.0,142.38,5.663,5.687,676000000,2894000000.0,1221000000.0,1221000000.0,209000000.0,,,,,21000000.0,297000000.0,1.0,184225986,185000000,187000000.0,6.6,5762000000,712000000,22000000.0,82000000,31.146,2430000000
2,KEYS,ARQ,2020-12-31,2021-03-03,2021-01-31,2021-08-31,-536000000,7494000000,,3566000000,3928000000,,19.011,-28000000.0,1887000000,1887000000,473000000.0,172000000.0,3.173,1.119,2016000000,42000000,1974000000,2016000000,622000000,87000000.0,0,0.0,0.0,215000000.0,302000000.0,0.256,302000000.0,215000000.0,195000000.0,0.93,0.92,0.93,3536000000,,3536000000,25699514511.0,31.0,22.041,267000000.0,1.435,1.0,707000000.0,0.599,1944000000,20000000.0,4555000000,,760000000,62000000,0,62000000,3958000000,1124000000,2834000000,25570514511.0,136000000.0,-96000000.0,8000000.0,0.0,0.0,-43000000.0,-124000000.0,0.0,295000000.0,8000000.0,172000000.0,172000000.0,172000000.0,0.0,0.0,0.146,495000000.0,212000000.0,228000000,0.0,7.231,40.205,40.317,812000000,0.0,137.48,5.938,5.939,654000000,2708000000.0,1180000000.0,1180000000.0,199000000.0,,,,,43000000.0,301000000.0,1.0,185994432,186000000,188000000.0,6.344,5550000000,700000000,23000000.0,56000000,29.839,2442000000
3,KEYS,ARQ,2020-09-30,2020-12-17,2020-10-31,2021-08-31,-599000000,7218000000,,3374000000,3844000000,,17.631,-30000000.0,1756000000,1756000000,464000000.0,217000000.0,3.121,1.189,1981000000,43000000,1938000000,1981000000,566000000,87000000.0,0,0.0,0.0,285000000.0,372000000.0,0.305,372000000.0,285000000.0,266000000.0,1.16,1.15,1.16,3297000000,,3297000000,23832891944.0,28.0,20.457,308000000.0,1.647,1.0,756000000.0,0.62,1898000000,19000000.0,4464000000,,757000000,61000000,0,61000000,3921000000,1081000000,2840000000,23607891944.0,64000000.0,-33000000.0,-214000000.0,0.0,0.0,-215000000.0,-63000000.0,0.0,338000000.0,4000000.0,217000000.0,217000000.0,217000000.0,0.0,0.0,0.178,478000000.0,278000000.0,224000000,0.0,7.16,37.652,37.869,777000000,0.0,126.86,5.593,5.62,606000000,2536000000.0,1220000000.0,1220000000.0,193000000.0,,,,,20000000.0,287000000.0,1.0,186094056,187000000,186000000.0,6.524,5320000000,740000000,49000000.0,64000000,28.449,2293000000
4,KEYS,ARQ,2020-06-30,2020-09-01,2020-07-31,2021-08-31,-520000000,7161000000,,3278000000,3883000000,,17.936,-32000000.0,1697000000,1697000000,405000000.0,176000000.0,3.345,1.135,1987000000,43000000,1944000000,1987000000,559000000,80000000.0,0,0.0,0.0,205000000.0,285000000.0,0.282,285000000.0,205000000.0,185000000.0,0.94,0.93,0.94,3354000000,,3354000000,18955280864.0,24.0,17.311,151000000.0,0.807,1.0,606000000.0,0.599,1929000000,20000000.0,4542000000,,778000000,62000000,0,62000000,3807000000,980000000,2827000000,18665280864.0,-140000000.0,-319000000.0,31000000.0,-7000000.0,0.0,22000000.0,-351000000.0,0.0,183000000.0,6000000.0,176000000.0,176000000.0,176000000.0,0.0,0.0,0.174,424000000.0,182000000.0,193000000,0.0,5.565,30.852,30.879,771000000,0.0,99.74,4.529,4.526,569000000,2319000000.0,1011000000.0,1011000000.0,169000000.0,,,,,18000000.0,259000000.0,1.0,187139371,187000000,190000000.0,5.406,5232000000,746000000,9000000.0,40000000,27.979,2298000000
5,KEYS,ARQ,2020-03-31,2020-06-02,2020-04-30,2021-08-31,-567000000,6757000000,,3293000000,3464000000,,16.497,-23000000.0,1841000000,1841000000,379000000.0,71000000.0,3.47,1.19,1950000000,38000000,1912000000,1950000000,558000000,79000000.0,0,0.0,0.0,128000000.0,207000000.0,0.231,207000000.0,128000000.0,108000000.0,0.38,0.37,0.38,3085000000,,3085000000,19992907191.0,25.0,18.06,275000000.0,1.471,1.0,516000000.0,0.577,1599000000,20000000.0,4318000000,,756000000,57000000,0,57000000,3672000000,949000000,2723000000,19883907191.0,150000000.0,0.0,-120000000.0,0.0,0.0,-121000000.0,-23000000.0,0.0,298000000.0,-4000000.0,71000000.0,71000000.0,71000000.0,0.0,0.0,0.079,414000000.0,102000000.0,182000000,0.0,6.445,33.816,33.857,728000000,0.0,106.31,4.738,4.737,485000000,2143000000.0,895000000.0,895000000.0,166000000.0,,,,,15000000.0,251000000.0,1.0,187037035,187000000,189000000.0,4.786,5158000000,726000000,37000000.0,25000000,27.583,2344000000
6,KEYS,ARQ,2019-12-31,2020-03-05,2020-01-31,2021-08-31,-561000000,6841000000,,3326000000,3515000000,,16.633,-32000000.0,1691000000,1691000000,440000000.0,163000000.0,3.387,1.188,1952000000,36000000,1916000000,1952000000,539000000,80000000.0,0,0.0,0.0,221000000.0,301000000.0,0.275,301000000.0,221000000.0,202000000.0,0.87,0.86,0.87,3127000000,,3127000000,18738181806.0,21.0,15.773,165000000.0,0.878,1.0,655000000.0,0.598,1650000000,19000000.0,4470000000,,737000000,48000000,0,48000000,3714000000,982000000,2732000000,18477181806.0,93000000.0,-5000000.0,-50000000.0,0.0,0.0,-99000000.0,-5000000.0,0.0,197000000.0,0.0,163000000.0,163000000.0,163000000.0,0.0,0.0,0.149,452000000.0,203000000.0,224000000,0.0,5.909,27.578,27.619,733000000,0.0,98.6,4.207,4.221,670000000,2072000000.0,1095000000.0,1095000000.0,187000000.0,,,,,39000000.0,300000000.0,1.0,187395353,188000000,191000000.0,5.824,5191000000,737000000,39000000.0,51000000,27.612,2344000000
7,KEYS,ARQ,2019-09-30,2019-12-18,2019-10-31,2021-08-31,-578000000,6623000000,,3215000000,3408000000,,15.979,-30000000.0,1598000000,1598000000,455000000.0,195000000.0,3.205,1.205,1788000000,0,1788000000,1788000000,510000000,79000000.0,0,0.0,0.0,223000000.0,302000000.0,0.27,302000000.0,223000000.0,203000000.0,1.04,1.02,1.04,3004000000,,3004000000,19775355534.0,25.0,17.929,233000000.0,1.239,1.0,665000000.0,0.594,1699000000,20000000.0,4111000000,,705000000,46000000,0,46000000,3619000000,1003000000,2616000000,19585355534.0,204000000.0,2000000.0,-27000000.0,-4000000.0,0.0,-31000000.0,-27000000.0,0.0,263000000.0,-1000000.0,195000000.0,195000000.0,195000000.0,0.0,0.0,0.174,457000000.0,208000000.0,253000000,0.0,6.52,31.538,31.399,576000000,0.0,103.93,4.552,4.541,668000000,1909000000.0,1120000000.0,1120000000.0,176000000.0,,,,,16000000.0,286000000.0,1.0,188447566,188000000,191000000.0,5.957,4924000000,755000000,8000000.0,55000000,26.191,2212000000
8,KEYS,ARQ,2019-06-30,2019-08-30,2019-07-31,2021-08-31,-460000000,6348000000,,2935000000,3413000000,,15.628,-30000000.0,1394000000,1394000000,444000000.0,159000000.0,2.05,1.161,1792000000,500000000,1292000000,1792000000,501000000,78000000.0,0,0.0,0.0,219000000.0,297000000.0,0.273,297000000.0,219000000.0,199000000.0,0.85,0.83,0.85,2938000000,,2938000000,18566800528.0,2321.0,59.13,244000000.0,1.298,1.0,643000000.0,0.592,1755000000,20000000.0,3559000000,,696000000,46000000,0,46000000,3410000000,1432000000,1978000000,18168800528.0,116000000.0,-90000000.0,-35000000.0,0.0,0.0,-37000000.0,-120000000.0,0.0,274000000.0,-1000000.0,159000000.0,159000000.0,159000000.0,0.0,0.0,0.146,446000000.0,197000000.0,247000000,0.0,6.184,58.233,58.349,568000000,0.0,96.86,4.295,4.305,618000000,1714000000.0,1087000000.0,1087000000.0,168000000.0,,,,,16000000.0,281000000.0,1.0,187577953,188000000,191000000.0,5.782,4593000000,703000000,40000000.0,48000000,24.431,1503000000
9,KEYS,ARQ,2019-03-31,2019-05-30,2019-04-30,2021-08-31,-461000000,6190000000,,2824000000,3366000000,,14.883,-29000000.0,1277000000,1277000000,442000000.0,153000000.0,1.902,1.212,1792000000,500000000,1292000000,1792000000,483000000,75000000.0,0,0.0,0.0,213000000.0,288000000.0,0.264,288000000.0,213000000.0,193000000.0,0.81,0.8,0.81,2798000000,,2798000000,15472710405.0,-198.0,68.463,192000000.0,1.021,1.0,648000000.0,0.594,1717000000,20000000.0,3503000000,,660000000,42000000,0,42000000,3392000000,1485000000,1907000000,14957710405.0,178000000.0,0.0,-20000000.0,0.0,0.0,-21000000.0,-20000000.0,7000000.0,221000000.0,-2000000.0,153000000.0,153000000.0,153000000.0,0.0,0.0,0.14,463000000.0,185000000.0,236000000,0.0,5.346,54.59,54.821,563000000,0.0,79.49,3.607,3.604,660000000,1555000000.0,1090000000.0,1090000000.0,171000000.0,,,,,23000000.0,300000000.0,1.0,188170970,188000000,191000000.0,5.798,4473000000,727000000,40000000.0,61000000,23.793,1339000000
10,KEYS,ARQ,2018-12-31,2019-03-05,2019-01-31,2021-08-31,-449000000,5978000000,,2544000000,3434000000,,14.214,-31000000.0,1098000000,1098000000,428000000.0,114000000.0,1.817,1.249,1790000000,499000000,1291000000,1790000000,443000000,76000000.0,0,0.0,0.0,140000000.0,216000000.0,0.215,216000000.0,140000000.0,120000000.0,0.61,0.6,0.61,2658000000,,2658000000,16719918523.0,-89.0,138.181,209000000.0,1.118,1.0,578000000.0,0.575,1775000000,20000000.0,3495000000,,641000000,52000000,0,52000000,3320000000,1400000000,1920000000,16027918523.0,185000000.0,2000000.0,-10000000.0,0.0,0.0,-33000000.0,-29000000.0,0.0,240000000.0,7000000.0,114000000.0,114000000.0,114000000.0,0.0,0.0,0.113,457000000.0,121000000.0,222000000,0.0,6.03,86.637,87.0,558000000,0.0,85.26,3.96,3.94,580000000,1402000000.0,1006000000.0,1006000000.0,173000000.0,,,,,27000000.0,288000000.0,1.0,187988723,187000000,190000000.0,5.38,4203000000,741000000,6000000.0,56000000,22.476,1144000000
11,KEYS,ARQ,2018-09-30,2018-12-18,2018-10-31,2021-08-31,-488000000,5824000000,,2378000000,3446000000,,13.011,-34000000.0,913000000,913000000,460000000.0,-114000000.0,1.627,1.394,1790000000,499000000,1291000000,1790000000,461000000,77000000.0,0,0.0,0.0,-564000000.0,-487000000.0,-0.465,-487000000.0,-564000000.0,-584000000.0,-0.61,-0.6,-0.61,2433000000,,2433000000,12270607910.0,-37.0,-681.7,201000000.0,1.075,1.0,587000000.0,0.561,1816000000,20000000.0,3423000000,,619000000,46000000,0,46000000,3391000000,1462000000,1929000000,11393607910.0,171000000.0,17000000.0,-38000000.0,0.0,0.0,-39000000.0,-19000000.0,0.0,235000000.0,-6000000.0,-114000000.0,-114000000.0,-114000000.0,0.0,0.0,-0.109,1156000000.0,-569000000.0,242000000,0.0,4.683,69.052,69.0,555000000,0.0,60.72,2.938,2.928,624000000,1212000000.0,1047000000.0,1047000000.0,154000000.0,,,,,11000000.0,308000000.0,1.0,187641764,187000000,191000000.0,5.599,4008000000,750000000,-470000000.0,42000000,21.433,916000000
12,KEYS,ARQ,2018-06-30,2018-08-31,2018-07-31,2021-08-31,-449000000,5846000000,,2182000000,3664000000,,13.899,-40000000.0,742000000,742000000,439000000.0,121000000.0,2.424,1.237,1790000000,0,1790000000,1790000000,455000000,76000000.0,0,0.0,0.0,133000000.0,209000000.0,0.208,209000000.0,133000000.0,113000000.0,0.64,0.63,0.64,2613000000,,2613000000,13210206424.0,46.0,22.277,-2000000.0,-0.011,1.0,565000000.0,0.563,2590000000,20000000.0,3404000000,,609000000,54000000,0,54000000,3233000000,900000000,2333000000,12162206424.0,-76000000.0,-8000000.0,-23000000.0,0.0,0.0,-25000000.0,-48000000.0,0.0,38000000.0,-7000000.0,121000000.0,121000000.0,121000000.0,0.0,0.0,0.121,437000000.0,128000000.0,231000000,0.0,4.654,50.466,51.094,549000000,0.0,64.89,3.279,3.289,597000000,1326000000.0,1004000000.0,1004000000.0,151000000.0,,,,,14000000.0,289000000.0,1.0,187428054,188000000,191000000.0,5.34,3256000000,186000000,-8000000.0,45000000,17.319,1282000000
13,KEYS,ARQ,2018-03-31,2018-06-05,2018-04-30,2021-08-31,-419000000,5923000000,,2189000000,3734000000,,13.42,-34000000.0,784000000,784000000,447000000.0,64000000.0,2.297,1.348,1789000000,0,1789000000,1789000000,466000000,79000000.0,0,0.0,0.0,104000000.0,183000000.0,0.185,183000000.0,104000000.0,83000000.0,0.34,0.34,0.34,2523000000,,2523000000,12535724750.0,82.0,27.192,77000000.0,0.41,1.0,543000000.0,0.548,2645000000,21000000.0,3330000000,,597000000,59000000,0,59000000,3400000000,953000000,2447000000,11530724750.0,-162000000.0,12000000.0,-19000000.0,-260000000.0,0.0,-280000000.0,-22000000.0,0.0,111000000.0,-5000000.0,64000000.0,64000000.0,64000000.0,0.0,0.0,0.065,443000000.0,100000000.0,240000000,0.0,4.57,113.046,115.774,546000000,0.0,61.36,3.26,3.261,579000000,1205000000.0,990000000.0,990000000.0,156000000.0,,,,,15000000.0,299000000.0,1.0,187919243,188000000,190000000.0,5.266,3278000000,203000000,19000000.0,47000000,17.436,1236000000
14,KEYS,ARQ,2017-12-31,2018-03-08,2018-01-31,2021-08-31,-412000000,6050000000,,2275000000,3775000000,,13.283,-24000000.0,980000000,980000000,410000000.0,94000000.0,2.568,1.436,2048000000,20000000,2028000000,2048000000,459000000,78000000.0,0,0.0,0.0,-1000000.0,77000000.0,0.092,77000000.0,-1000000.0,-23000000.0,0.5,0.5,0.5,2484000000,,2484000000,10930867701.0,116.0,29.948,147000000.0,0.786,1.0,427000000.0,0.51,2701000000,22000000.0,3531000000,,609000000,61000000,0,61000000,3566000000,886000000,2680000000,9862867701.0,162000000.0,-3000000.0,24000000.0,0.0,0.0,9000000.0,-27000000.0,0.0,171000000.0,9000000.0,94000000.0,94000000.0,94000000.0,0.0,0.0,0.112,432000000.0,-5000000.0,229000000,0.0,3.971,113.366,111.894,539000000,0.0,52.59,2.989,2.98,454000000,1141000000.0,837000000.0,837000000.0,146000000.0,,,,,19000000.0,289000000.0,1.0,187542645,187000000,189000000.0,4.476,3349000000,204000000,-117000000.0,35000000,17.909,1389000000
15,KEYS,ARQ,2017-09-30,2017-12-20,2017-10-31,2021-08-31,-457000000,5933000000,,2177000000,3756000000,,12.419,-18000000.0,818000000,818000000,404000000.0,-38000000.0,2.658,1.568,2048000000,10000000,2038000000,2048000000,392000000,72000000.0,0,0.0,0.0,52000000.0,124000000.0,0.141,124000000.0,52000000.0,30000000.0,-0.21,-0.22,-0.21,2310000000,,2310000000,9270112638.0,36.0,19.153,46000000.0,0.247,1.0,474000000.0,0.54,2737000000,22000000.0,3607000000,,588000000,63000000,0,63000000,3623000000,819000000,2804000000,8040112638.0,-55000000.0,-60000000.0,0.0,-41000000.0,0.0,-42000000.0,-76000000.0,2000000.0,64000000.0,-1000000.0,-38000000.0,-38000000.0,-38000000.0,0.0,0.0,-0.043,435000000.0,39000000.0,211000000,0.0,3.481,78.825,75.316,530000000,0.0,42.93,2.521,2.423,547000000,1041000000.0,878000000.0,878000000.0,139000000.0,,,,,13000000.0,294000000.0,1.0,187284245,186000000,188000000.0,4.72,3196000000,186000000,68000000.0,28000000,17.183,1358000000
16,KEYS,ARQ,2017-06-30,2017-09-06,2017-07-31,2021-08-31,-572000000,5840000000,,2158000000,3682000000,,11.93,-21000000.0,873000000,873000000,421000000.0,-18000000.0,2.753,1.632,2087000000,40000000,2047000000,2087000000,357000000,80000000.0,0,0.0,0.0,-3000000.0,77000000.0,0.093,77000000.0,-3000000.0,-25000000.0,-0.1,-0.1,-0.1,2219000000,,2219000000,8674752442.0,27.0,17.246,77000000.0,0.414,1.0,411000000.0,0.494,2726000000,22000000.0,3544000000,,561000000,63000000,3000000,60000000,3621000000,784000000,2837000000,7460752442.0,89000000.0,-20000000.0,30000000.0,-240000000.0,0.0,-208000000.0,-4000000.0,38000000.0,98000000.0,4000000.0,-18000000.0,-18000000.0,-18000000.0,0.0,0.0,-0.022,415000000.0,-4000000.0,181000000,0.0,3.362,32.158,29.493,546000000,0.0,40.11,2.437,2.436,521000000,1079000000.0,832000000.0,832000000.0,132000000.0,,,,,11000000.0,286000000.0,1.0,186007291,186000000,186000000.0,4.473,3114000000,216000000,-7000000.0,39000000,16.742,1374000000
17,KEYS,ARQ,2017-03-31,2017-06-07,2017-04-30,2021-08-31,-595000000,6014000000,,2314000000,3700000000,,12.271,-17000000.0,983000000,983000000,340000000.0,49000000.0,2.642,1.769,2326000000,170000000,2156000000,2326000000,326000000,41000000.0,0,0.0,0.0,46000000.0,87000000.0,0.116,87000000.0,46000000.0,22000000.0,0.28,0.27,0.28,2172000000,,2172000000,8501910075.0,20.0,14.968,32000000.0,0.181,1.0,413000000.0,0.548,2620000000,24000000.0,3861000000,,585000000,100000000,40000000,60000000,3842000000,876000000,2966000000,7158910075.0,-112000000.0,-1622000000.0,446000000.0,1223000000.0,0.0,1669000000.0,-1634000000.0,4000000.0,49000000.0,3000000.0,49000000.0,49000000.0,49000000.0,0.0,0.0,0.065,371000000.0,42000000.0,180000000,0.0,3.296,20.994,19.31,545000000,0.0,38.62,2.431,2.321,518000000,1097000000.0,753000000.0,753000000.0,119000000.0,,,,,13000000.0,256000000.0,1.0,185367946,177000000,179000000.0,4.254,3394000000,345000000,-27000000.0,22000000,19.175,1438000000
18,KEYS,ARQ,2016-12-31,2017-02-28,2017-01-31,2021-08-31,-611000000,3869000000,,1932000000,1937000000,,9.637,-8000000.0,896000000,896000000,322000000.0,109000000.0,3.242,1.348,1093000000,0,1093000000,1093000000,265000000,32000000.0,0,0.0,0.0,164000000.0,196000000.0,0.27,196000000.0,164000000.0,152000000.0,0.64,0.63,0.64,1648000000,,1648000000,6647034622.0,14.0,10.826,94000000.0,0.55,1.0,404000000.0,0.556,918000000,12000000.0,2552000000,,479000000,60000000,0,60000000,2221000000,596000000,1625000000,6450034622.0,113000000.0,0.0,19000000.0,0.0,0.0,21000000.0,-8000000.0,0.0,102000000.0,-2000000.0,109000000.0,109000000.0,109000000.0,0.0,0.0,0.15,242000000.0,162000000.0,172000000,0.0,3.914,16.974,16.786,494000000,0.0,37.6,2.207,2.2,395000000,1048000000.0,726000000.0,726000000.0,108000000.0,,,,,16000000.0,213000000.0,1.0,171543474,171000000,173000000.0,4.246,2951000000,342000000,43000000.0,19000000,17.257,1336000000
19,KEYS,ARQ,2016-09-30,2016-12-19,2016-10-31,2021-08-31,-618000000,3803000000,,1854000000,1949000000,,8.9,-15000000.0,783000000,783000000,331000000.0,92000000.0,2.879,1.514,1100000000,0,1100000000,1100000000,252000000,33000000.0,0,0.0,0.0,110000000.0,143000000.0,0.19,143000000.0,110000000.0,98000000.0,0.54,0.54,0.54,1513000000,,1513000000,6470176231.0,16.0,11.828,124000000.0,0.729,1.0,420000000.0,0.559,944000000,12000000.0,2532000000,,474000000,55000000,0,55000000,2290000000,644000000,1646000000,6153176231.0,119000000.0,0.0,1000000.0,0.0,0.0,0.0,-14000000.0,0.0,139000000.0,-6000000.0,92000000.0,92000000.0,92000000.0,0.0,0.0,0.123,313000000.0,107000000.0,189000000,0.0,4.067,18.368,18.218,512000000,0.0,35.89,2.109,2.091,437000000,949000000.0,751000000.0,751000000.0,105000000.0,,,,,11000000.0,211000000.0,1.0,171445423,170000000,172000000.0,4.418,2859000000,392000000,6000000.0,41000000,16.818,1210000000
20,KEYS,ARQ,2016-06-30,2016-09-02,2016-07-31,2021-08-31,-433000000,3675000000,,1711000000,1964000000,,9.394,-14000000.0,664000000,664000000,309000000.0,91000000.0,2.847,1.301,1100000000,0,1100000000,1100000000,265000000,34000000.0,0,0.0,0.0,108000000.0,142000000.0,0.199,142000000.0,108000000.0,97000000.0,0.54,0.53,0.54,1597000000,,1597000000,5608881215.0,14.0,10.273,54000000.0,0.318,1.0,406000000.0,0.568,955000000,11000000.0,2555000000,,479000000,56000000,0,56000000,2078000000,601000000,1477000000,5172881215.0,44000000.0,0.0,-4000000.0,-1000000.0,0.0,-9000000.0,-14000000.0,0.0,68000000.0,-1000000.0,91000000.0,91000000.0,91000000.0,0.0,0.0,0.127,300000000.0,106000000.0,156000000,0.0,3.239,9.948,9.915,522000000,0.0,30.44,1.773,1.774,415000000,857000000.0,715000000.0,715000000.0,104000000.0,,,,,14000000.0,200000000.0,1.0,169936965,170000000,172000000.0,4.206,2720000000,317000000,6000000.0,33000000,16.0,1110000000
21,KEYS,ARQ,2016-03-31,2016-06-03,2016-04-30,2021-08-31,-437000000,3655000000,,1737000000,1918000000,,8.824,-28000000.0,620000000,620000000,325000000.0,88000000.0,2.664,1.437,1100000000,0,1100000000,1100000000,267000000,34000000.0,0,0.0,0.0,99000000.0,133000000.0,0.182,133000000.0,99000000.0,87000000.0,0.52,0.51,0.52,1500000000,,1500000000,5828560398.0,14.0,11.081,89000000.0,0.524,1.0,406000000.0,0.555,957000000,12000000.0,2526000000,,475000000,58000000,0,58000000,2155000000,652000000,1503000000,5348560398.0,48000000.0,-10000000.0,-40000000.0,0.0,0.0,-41000000.0,-38000000.0,0.0,117000000.0,10000000.0,88000000.0,88000000.0,88000000.0,0.0,0.0,0.12,311000000.0,95000000.0,168000000,0.0,3.566,10.719,10.687,531000000,0.0,31.42,1.866,1.863,408000000,766000000.0,731000000.0,731000000.0,108000000.0,,,,,14000000.0,207000000.0,1.0,170227893,170000000,172000000.0,4.3,2698000000,339000000,-1000000.0,39000000,15.871,1085000000
22,KEYS,ARQ,2015-12-31,2016-03-04,2016-01-31,2021-08-31,-497000000,3481000000,,1626000000,1855000000,,8.082,-24000000.0,572000000,572000000,329000000.0,64000000.0,2.701,1.519,1099000000,0,1099000000,1099000000,247000000,33000000.0,0,0.0,0.0,96000000.0,129000000.0,0.179,129000000.0,96000000.0,84000000.0,0.37,0.37,0.37,1382000000,,1382000000,5190080711.0,12.0,9.454,68000000.0,0.398,1.0,392000000.0,0.544,929000000,12000000.0,2477000000,,481000000,56000000,0,56000000,2099000000,602000000,1497000000,4663080711.0,89000000.0,0.0,24000000.0,0.0,0.0,25000000.0,-24000000.0,0.0,92000000.0,-4000000.0,64000000.0,64000000.0,64000000.0,0.0,0.0,0.089,294000000.0,98000000.0,175000000,0.0,3.374,9.197,9.104,514000000,0.0,27.22,1.621,1.618,361000000,678000000.0,721000000.0,721000000.0,108000000.0,,,,,15000000.0,200000000.0,1.0,171310827,171000000,172000000.0,4.216,2552000000,330000000,20000000.0,28000000,14.924,1024000000
23,KEYS,ARQ,2015-09-30,2015-12-21,2015-10-31,2021-08-31,-479000000,3508000000,,1579000000,1929000000,,7.704,-25000000.0,483000000,483000000,332000000.0,277000000.0,2.302,1.694,1099000000,0,1099000000,1099000000,236000000,30000000.0,0,0.0,0.0,112000000.0,142000000.0,0.189,142000000.0,112000000.0,101000000.0,1.64,1.62,1.64,1302000000,,1302000000,5418608764.0,12.0,10.166,56000000.0,0.331,1.0,418000000.0,0.557,946000000,11000000.0,2492000000,,487000000,70000000,0,70000000,2206000000,686000000,1520000000,4802608764.0,-517000000.0,-574000000.0,3000000.0,0.0,0.0,3000000.0,-599000000.0,0.0,81000000.0,-2000000.0,277000000.0,277000000.0,277000000.0,0.0,0.0,0.369,307000000.0,111000000.0,209000000,0.0,3.689,9.362,9.247,518000000,0.0,28.11,1.682,1.663,398000000,614000000.0,750000000.0,750000000.0,105000000.0,,,,,6000000.0,206000000.0,1.0,170850543,169000000,171000000.0,4.438,2562000000,369000000,-176000000.0,50000000,15.16,893000000
24,KEYS,ARQ,2015-06-30,2015-09-03,2015-07-31,2021-08-31,-376000000,3097000000,,1983000000,1114000000,,6.538,-35000000.0,1000000000,1000000000,295000000.0,70000000.0,3.198,1.803,1099000000,0,1099000000,1099000000,222000000,23000000.0,0,0.0,0.0,99000000.0,122000000.0,0.183,122000000.0,99000000.0,87000000.0,0.41,0.41,0.41,1105000000,,1105000000,5625437994.0,,,100000000.0,0.592,1.0,370000000.0,0.556,384000000,12000000.0,2192000000,,478000000,70000000,0,70000000,1992000000,620000000,1372000000,5526437994.0,106000000.0,0.0,15000000.0,0.0,0.0,16000000.0,-42000000.0,-7000000.0,135000000.0,-3000000.0,70000000.0,70000000.0,70000000.0,0.0,0.0,0.105,270000000.0,100000000.0,171000000,0.0,5.001,,,462000000,0.0,32.61,,,313000000,337000000.0,665000000.0,665000000.0,90000000.0,,,,,6000000.0,183000000.0,1.0,169470653,169000000,172000000.0,3.935,2713000000,185000000,17000000.0,56000000,16.053,1363000000
25,KEYS,ARQ,2015-03-31,2015-06-04,2015-04-30,2021-08-31,-357000000,3061000000,,1927000000,1134000000,,6.13,-16000000.0,894000000,894000000,324000000.0,96000000.0,3.054,1.955,1099000000,0,1099000000,1099000000,228000000,23000000.0,0,0.0,0.0,133000000.0,156000000.0,0.211,156000000.0,133000000.0,122000000.0,0.57,0.56,0.57,1036000000,,1036000000,5772822195.0,,,52000000.0,0.308,1.0,416000000.0,0.562,392000000,11000000.0,2243000000,,476000000,67000000,0,67000000,2025000000,631000000,1394000000,5567822195.0,7000000.0,0.0,4000000.0,0.0,0.0,-45000000.0,-16000000.0,0.0,68000000.0,0.0,96000000.0,96000000.0,96000000.0,0.0,0.0,0.13,288000000.0,128000000.0,178000000,0.0,5.374,,,460000000,0.0,32.88,,,353000000,267000000.0,740000000.0,740000000.0,96000000.0,,,,,13000000.0,192000000.0,1.0,169337658,169000000,171000000.0,4.379,2669000000,199000000,26000000.0,51000000,15.793,1296000000
26,KEYS,ARQ,2014-12-31,2015-03-05,2015-01-31,2021-08-31,-369000000,3029000000,,1892000000,1137000000,,5.464,-15000000.0,887000000,887000000,318000000.0,70000000.0,2.703,2.3,1099000000,0,1099000000,1099000000,242000000,23000000.0,0,0.0,0.0,90000000.0,113000000.0,0.161,113000000.0,90000000.0,78000000.0,0.42,0.41,0.42,918000000,,918000000,6501943350.0,,,77000000.0,0.458,1.0,383000000.0,0.546,397000000,12000000.0,2144000000,,477000000,59000000,0,59000000,2111000000,700000000,1411000000,6289943350.0,77000000.0,0.0,4000000.0,0.0,0.0,7000000.0,-14000000.0,1000000.0,92000000.0,-8000000.0,70000000.0,70000000.0,70000000.0,0.0,0.0,0.1,302000000.0,81000000.0,222000000,0.0,6.852,,,455000000,0.0,37.34,,,310000000,171000000.0,701000000.0,701000000.0,96000000.0,,,,,26000000.0,206000000.0,1.0,168450545,168000000,170000000.0,4.173,2632000000,217000000,8000000.0,60000000,15.667,1192000000
27,KEYS,ARQ,2014-09-30,2014-12-22,2014-10-31,2021-08-31,-336000000,3050000000,,1850000000,1200000000,,4.605,,810000000,810000000,,,2.406,2.966,1099000000,0,1099000000,1099000000,244000000,,0,0.0,0.0,,,,,,,,,,769000000,,769000000,5985341146.0,13.0,10.65,,,1.0,,,410000000,,2160000000,,498000000,63000000,0,63000000,2281000000,769000000,1512000000,5696341146.0,,,,,,,,,,,,,,,,,,,298000000,,7.407,14.531,14.443,470000000,,33.94,1.942,1.932,380000000,101000000.0,,,,,,,,,,1.0,167835626,167000000,,,2640000000,246000000,,72000000,15.808,1081000000
28,KEYS,ARQ,2013-09-30,2014-09-30,2013-10-31,2021-08-31,31000000,2028000000,,972000000,1056000000,,7.418,,0,0,,,1.736,0.629,0,0,0,0,284000000,,0,,0.0,,,,,,,,,,1245000000,,1245000000,,,,,,1.0,,,439000000,,1029000000,,502000000,44000000,0,44000000,783000000,560000000,223000000,,,,,,,,,,,,,,,,,,,,131000000,,,,,469000000,,,,,340000000,,,,,,,,,,,1.0,167835626,167835626,,,1589000000,153000000,,55000000,9.468,412000000
29,KEYS,ARQ,2013-09-30,2014-09-22,2013-10-31,2021-08-31,31000000,2028000000,,972000000,1056000000,,7.418,,0,0,,,1.736,0.629,0,0,0,0,284000000,,0,,0.0,,,,,,,,,,1245000000,,1245000000,,,,,,1.0,,,439000000,,1029000000,,502000000,44000000,0,44000000,783000000,560000000,223000000,,,,,,,,,,,,,,,,,,,,131000000,,,,,469000000,,,,,340000000,,,,,,,,,,,1.0,167835626,167835626,,,1589000000,153000000,,55000000,9.468,412000000
30,KEYS,ARQ,2013-09-30,2014-09-12,2013-10-31,2021-08-31,31000000,2028000000,,972000000,1056000000,,7.418,,0,0,,,1.736,0.629,0,0,0,0,284000000,,0,,0.0,,,,,,,,,,1245000000,,1245000000,,,,,,1.0,,,439000000,,1029000000,,502000000,44000000,0,44000000,783000000,560000000,223000000,,,,,,,,,,,,,,,,,,,,131000000,,,,,469000000,,,,,340000000,,,,,,,,,,,1.0,167835626,167835626,,,1589000000,153000000,,55000000,9.468,412000000
31,KEYS,ARQ,2013-09-30,2014-08-13,2013-10-31,2021-08-31,31000000,2028000000,,972000000,1056000000,,7.418,,0,0,,,1.736,0.629,0,0,0,0,284000000,,0,,0.0,,,,,,,,,,1245000000,,1245000000,,,,,,1.0,,,439000000,,1029000000,,502000000,44000000,0,44000000,783000000,560000000,223000000,,,,,,,,,,,,,,,,,,,,131000000,,,,,469000000,,,,,340000000,,,,,,,,,,,1.0,167835626,167835626,,,1589000000,153000000,,55000000,9.468,412000000
32,KEYS,ARQ,2013-09-30,2014-07-18,2013-10-31,2021-08-31,31000000,2028000000,,972000000,1056000000,,7.418,,0,0,,,1.736,0.629,0,0,0,0,284000000,,0,,0.0,,,,,,,,,,1245000000,,1245000000,,,,,,1.0,,,439000000,,1029000000,,502000000,44000000,0,44000000,783000000,560000000,223000000,,,,,,,,,,,,,,,,,,,,131000000,,,,,469000000,,,,,340000000,,,,,,,,,,,1.0,167835626,167835626,,,1589000000,153000000,,55000000,9.468,412000000
33,KEYS,ARQ,2013-09-30,2014-06-17,2013-10-31,2021-08-31,31000000,2028000000,,972000000,1056000000,,7.418,,0,0,,,1.736,0.629,0,0,0,0,284000000,,0,,0.0,,,,,,,,,,1245000000,,1245000000,,,,,,1.0,,,439000000,,1029000000,,502000000,44000000,0,44000000,783000000,560000000,223000000,,,,,,,,,,,,,,,,,,,,131000000,,,,,469000000,,,,,340000000,,,,,,,,,,,1.0,167835626,167835626,,,1589000000,153000000,,55000000,9.468,412000000
34,KEYS,ARQ,2013-09-30,2014-05-23,2013-10-31,2021-08-31,31000000,2028000000,,972000000,1056000000,,7.418,,0,0,,,1.736,0.629,0,0,0,0,284000000,,0,,0.0,,,,,,,,,,1245000000,,1245000000,,,,,,1.0,,,439000000,,1029000000,,502000000,44000000,0,44000000,783000000,560000000,223000000,,,,,,,,,,,,,,,,,,,,131000000,,,,,469000000,,,,,340000000,,,,,,,,,,,1.0,167835626,167835626,,,1589000000,153000000,,55000000,9.468,412000000
35,KEYS,ARQ,2013-09-30,2014-04-18,2013-10-31,2021-08-31,31000000,2028000000,,972000000,1056000000,,7.418,,0,0,,,1.736,0.629,0,0,0,0,284000000,,0,,0.0,,,,,,,,,,1245000000,,1245000000,,,,,,1.0,,,439000000,,1029000000,,502000000,44000000,0,44000000,783000000,560000000,223000000,,,,,,,,,,,,,,,,,,,,131000000,,,,,469000000,,,,,340000000,,,,,,,,,,,1.0,167835626,167835626,,,1589000000,153000000,,55000000,9.468,412000000
36,KEYS,ARQ,2013-09-30,2014-03-05,2013-10-31,2021-08-31,31000000,2028000000,,972000000,1056000000,,7.418,,0,0,,,1.736,0.629,0,0,0,0,284000000,,0,,0.0,,,,,,,,,,1245000000,,1245000000,,,,,,1.0,,,439000000,,1029000000,,502000000,44000000,0,44000000,783000000,560000000,223000000,,,,,,,,,,,,,,,,,,,,131000000,,,,,469000000,,,,,340000000,,,,,,,,,,,1.0,167835626,167835626,,,1589000000,153000000,,55000000,9.468,412000000
0,KEYS,ART,2021-06-30,2021-08-31,2021-07-31,2021-08-31,-528000000,7804000000,7550500000.0,3829000000,3975000000,0.645,20.38,-131000000.0,2153000000,2153000000,1879000000.0,829000000.0,3.193,1.081,2028000000,41000000,1987000000,2028000000,655000000,323000000.0,0,0.0,0.0,1017000000.0,1340000000.0,0.275,1340000000.0,1017000000.0,939000000.0,4.48,4.42,4.48,3750000000,3532000000.0,3750000000,32862634597.0,32.0,24.524,1161000000.0,6.31,1.0,2988000000.0,0.614,1893000000,78000000.0,4587000000,4529750000.0,770000000,68000000,0,68000000,4054000000,1199000000,2855000000,32987634597.0,467000000.0,-169000000.0,-475000000.0,0.0,0.0,-532000000.0,-301000000.0,0.0,1292000000.0,8000000.0,829000000.0,829000000.0,829000000.0,0.0,0.0,0.17,1979000000.0,1009000000.0,249000000,0.0,8.797,39.792,39.975,847000000,0.0,179.09,6.778,6.771,677000000,3148000000.0,4867000000.0,4867000000.0,808000000.0,0.11,0.235,0.225,0.209,103000000.0,1187000000.0,1.0,184195849,184000000,186000000.0,26.451,5911000000,739000000,110000000.0,47000000,32.125,2630000000
1,KEYS,ART,2021-03-31,2021-05-28,2021-04-30,2021-08-31,-511000000,7686000000,7389750000.0,3718000000,3968000000,0.627,19.162,-123000000.0,1993000000,1993000000,1826000000.0,751000000.0,2.887,1.168,2032000000,42000000,1990000000,2032000000,660000000,339000000.0,0,0.0,0.0,932000000.0,1271000000.0,0.274,1271000000.0,932000000.0,854000000.0,4.04,3.99,4.04,3545000000,3433000000.0,3545000000,26269095887.0,28.0,20.668,1095000000.0,5.919,1.0,2806000000.0,0.606,1924000000,78000000.0,4513000000,4518500000.0,774000000,65000000,0,65000000,4141000000,1288000000,2853000000,26230095887.0,166000000.0,-488000000.0,-394000000.0,-7000000.0,0.0,-457000000.0,-611000000.0,0.0,1218000000.0,16000000.0,751000000.0,751000000.0,751000000.0,0.0,0.0,0.162,1899000000.0,907000000.0,248000000,0.0,7.399,34.927,35.243,834000000,0.0,142.38,5.663,5.687,676000000,2894000000.0,4632000000.0,4632000000.0,770000000.0,0.102,0.219,0.206,0.201,102000000.0,1144000000.0,1.0,184225986,185000000,187000000.0,25.038,5762000000,712000000,103000000.0,82000000,31.146,2430000000
2,KEYS,ART,2020-12-31,2021-03-03,2021-01-31,2021-08-31,-536000000,7494000000,7157500000.0,3566000000,3928000000,0.602,19.011,-113000000.0,1887000000,1887000000,1721000000.0,636000000.0,3.173,1.119,2016000000,42000000,1974000000,2016000000,622000000,333000000.0,0,0.0,0.0,833000000.0,1166000000.0,0.271,1166000000.0,833000000.0,754000000.0,3.41,3.37,3.41,3536000000,3318000000.0,3536000000,25699514511.0,31.0,22.041,1001000000.0,5.382,1.0,2585000000.0,0.6,1944000000,79000000.0,4555000000,4469750000.0,760000000,62000000,0,62000000,3958000000,1124000000,2834000000,25570514511.0,210000000.0,-448000000.0,-295000000.0,-7000000.0,0.0,-357000000.0,-561000000.0,0.0,1114000000.0,14000000.0,636000000.0,636000000.0,636000000.0,0.0,0.0,0.148,1811000000.0,774000000.0,228000000,0.0,7.231,40.205,40.317,812000000,0.0,137.48,5.938,5.939,654000000,2708000000.0,4306000000.0,4306000000.0,727000000.0,0.089,0.192,0.186,0.193,96000000.0,1098000000.0,1.0,185994432,186000000,188000000.0,23.151,5550000000,700000000,118000000.0,56000000,29.839,2442000000
3,KEYS,ART,2020-09-30,2020-12-17,2020-10-31,2021-08-31,-599000000,7218000000,6994250000.0,3374000000,3844000000,0.603,17.631,-117000000.0,1756000000,1756000000,1688000000.0,627000000.0,3.121,1.189,1981000000,43000000,1938000000,1981000000,566000000,326000000.0,0,0.0,0.0,839000000.0,1165000000.0,0.276,1165000000.0,839000000.0,761000000.0,3.35,3.31,3.35,3297000000,3215750000.0,3297000000,23832891944.0,28.0,20.457,899000000.0,4.807,1.0,2533000000.0,0.6,1898000000,78000000.0,4464000000,4448500000.0,757000000,61000000,0,61000000,3921000000,1081000000,2840000000,23607891944.0,167000000.0,-357000000.0,-353000000.0,-7000000.0,0.0,-413000000.0,-442000000.0,0.0,1016000000.0,6000000.0,627000000.0,627000000.0,627000000.0,0.0,0.0,0.149,1768000000.0,765000000.0,224000000,0.0,7.16,37.652,37.869,777000000,0.0,126.86,5.593,5.62,606000000,2536000000.0,4221000000.0,4221000000.0,715000000.0,0.09,0.195,0.189,0.199,92000000.0,1097000000.0,1.0,186094056,187000000,189000000.0,22.572,5320000000,740000000,134000000.0,64000000,28.449,2293000000
4,KEYS,ART,2020-06-30,2020-09-01,2020-07-31,2021-08-31,-520000000,7161000000,6845500000.0,3278000000,3883000000,0.602,17.936,-117000000.0,1697000000,1697000000,1679000000.0,605000000.0,3.345,1.135,1987000000,43000000,1944000000,1987000000,559000000,318000000.0,0,0.0,0.0,777000000.0,1095000000.0,0.266,1095000000.0,777000000.0,698000000.0,3.23,3.18,3.23,3354000000,3142500000.0,3354000000,18955280864.0,24.0,17.311,824000000.0,4.406,1.0,2442000000.0,0.593,1929000000,79000000.0,4542000000,4360250000.0,778000000,62000000,0,62000000,3807000000,980000000,2827000000,18665280864.0,307000000.0,-322000000.0,-166000000.0,-11000000.0,0.0,-229000000.0,-406000000.0,0.0,941000000.0,1000000.0,605000000.0,605000000.0,605000000.0,0.0,0.0,0.147,1747000000.0,695000000.0,193000000,0.0,5.565,30.852,30.879,771000000,0.0,99.74,4.529,4.526,569000000,2319000000.0,4121000000.0,4121000000.0,698000000.0,0.088,0.193,0.178,0.189,88000000.0,1096000000.0,1.0,187139371,187000000,190000000.0,22.037,5232000000,746000000,93000000.0,40000000,27.979,2298000000
5,KEYS,ART,2020-03-31,2020-06-02,2020-04-30,2021-08-31,-567000000,6757000000,6642250000.0,3293000000,3464000000,0.632,16.497,-115000000.0,1841000000,1841000000,1718000000.0,588000000.0,3.47,1.19,1950000000,38000000,1912000000,1950000000,558000000,316000000.0,0,0.0,0.0,791000000.0,1107000000.0,0.264,1107000000.0,791000000.0,712000000.0,3.14,3.08,3.14,3085000000,3038500000.0,3085000000,19992907191.0,25.0,18.06,917000000.0,4.904,1.0,2479000000.0,0.591,1599000000,79000000.0,4318000000,4114500000.0,756000000,57000000,0,57000000,3672000000,949000000,2723000000,19883907191.0,563000000.0,-93000000.0,-232000000.0,-4000000.0,0.0,-288000000.0,-175000000.0,0.0,1032000000.0,-6000000.0,588000000.0,588000000.0,588000000.0,0.0,0.0,0.14,1769000000.0,710000000.0,182000000,0.0,6.445,33.816,33.857,728000000,0.0,106.31,4.738,4.737,485000000,2143000000.0,4197000000.0,4197000000.0,697000000.0,0.089,0.194,0.192,0.188,86000000.0,1118000000.0,1.0,187037035,187000000,189000000.0,22.444,5158000000,726000000,124000000.0,25000000,27.583,2344000000
6,KEYS,ART,2019-12-31,2020-03-05,2020-01-31,2021-08-31,-561000000,6841000000,6500500000.0,3326000000,3515000000,0.676,16.633,-121000000.0,1691000000,1691000000,1781000000.0,670000000.0,3.387,1.188,1952000000,36000000,1916000000,1952000000,539000000,312000000.0,0,0.0,0.0,876000000.0,1188000000.0,0.27,1188000000.0,876000000.0,797000000.0,3.57,3.51,3.57,3127000000,2966750000.0,3127000000,18738181806.0,21.0,15.773,834000000.0,4.436,1.0,2611000000.0,0.594,1650000000,79000000.0,4470000000,3910750000.0,737000000,48000000,0,48000000,3714000000,982000000,2732000000,18477181806.0,591000000.0,-93000000.0,-132000000.0,-4000000.0,0.0,-188000000.0,-172000000.0,7000000.0,955000000.0,-4000000.0,670000000.0,670000000.0,670000000.0,0.0,0.0,0.153,1818000000.0,793000000.0,224000000,0.0,5.909,27.578,27.619,733000000,0.0,98.6,4.207,4.221,670000000,2072000000.0,4392000000.0,4392000000.0,702000000.0,0.103,0.226,0.224,0.199,94000000.0,1167000000.0,1.0,187395353,188000000,191000000.0,23.362,5191000000,737000000,127000000.0,51000000,27.612,2344000000
7,KEYS,ART,2019-09-30,2019-12-18,2019-10-31,2021-08-31,-578000000,6623000000,6284750000.0,3215000000,3408000000,0.685,15.979,-120000000.0,1598000000,1598000000,1769000000.0,621000000.0,3.205,1.205,1788000000,0,1788000000,1788000000,510000000,308000000.0,0,0.0,0.0,795000000.0,1103000000.0,0.256,1103000000.0,795000000.0,715000000.0,3.31,3.25,3.31,3004000000,2849500000.0,3004000000,19775355534.0,25.0,17.929,878000000.0,4.67,1.0,2534000000.0,0.589,1699000000,80000000.0,4111000000,3667000000.0,705000000,46000000,0,46000000,3619000000,1003000000,2616000000,19585355534.0,683000000.0,-86000000.0,-92000000.0,-4000000.0,0.0,-122000000.0,-196000000.0,7000000.0,998000000.0,3000000.0,621000000.0,621000000.0,621000000.0,0.0,0.0,0.144,1823000000.0,711000000.0,253000000,0.0,6.52,31.538,31.399,576000000,0.0,103.93,4.552,4.541,668000000,1909000000.0,4303000000.0,4303000000.0,688000000.0,0.099,0.218,0.217,0.185,82000000.0,1155000000.0,1.0,188447566,188000000,191000000.0,22.888,4924000000,755000000,94000000.0,55000000,26.191,2212000000
8,KEYS,ART,2019-06-30,2019-08-30,2019-07-31,2021-08-31,-460000000,6348000000,6085000000.0,2935000000,3413000000,0.695,15.628,-124000000.0,1394000000,1394000000,1774000000.0,312000000.0,2.05,1.161,1792000000,500000000,1292000000,1792000000,501000000,306000000.0,0,0.0,0.0,8000000.0,314000000.0,0.074,314000000.0,8000000.0,-72000000.0,1.66,1.63,1.66,2938000000,2706750000.0,2938000000,18566800528.0,2321.0,59.13,846000000.0,4.5,1.0,2456000000.0,0.581,1755000000,80000000.0,3559000000,3495000000.0,696000000,46000000,0,46000000,3410000000,1432000000,1978000000,18168800528.0,650000000.0,-71000000.0,-103000000.0,0.0,0.0,-130000000.0,-188000000.0,7000000.0,970000000.0,-2000000.0,312000000.0,312000000.0,312000000.0,0.0,0.0,0.074,2522000000.0,-66000000.0,247000000,0.0,6.184,58.233,58.349,568000000,0.0,96.86,4.295,4.305,618000000,1714000000.0,4230000000.0,4230000000.0,666000000.0,0.051,0.115,0.002,0.002,77000000.0,1177000000.0,1.0,187577953,188000000,191000000.0,22.5,4593000000,703000000,-384000000.0,48000000,24.431,1503000000
9,KEYS,ART,2019-03-31,2019-05-30,2019-04-30,2021-08-31,-461000000,6190000000,5959500000.0,2824000000,3366000000,0.696,14.883,-134000000.0,1277000000,1277000000,1769000000.0,274000000.0,1.902,1.212,1792000000,500000000,1292000000,1792000000,483000000,304000000.0,0,0.0,0.0,-78000000.0,226000000.0,0.054,226000000.0,-78000000.0,-158000000.0,1.45,1.43,1.45,2798000000,2625500000.0,2798000000,15472710405.0,-198.0,68.463,600000000.0,3.191,1.0,2378000000.0,0.573,1717000000,80000000.0,3503000000,3456250000.0,660000000,42000000,0,42000000,3392000000,1485000000,1907000000,14957710405.0,458000000.0,11000000.0,-91000000.0,0.0,0.0,-118000000.0,-116000000.0,7000000.0,734000000.0,-8000000.0,274000000.0,274000000.0,274000000.0,0.0,0.0,0.066,2513000000.0,-135000000.0,236000000,0.0,5.346,54.59,54.821,563000000,0.0,79.49,3.607,3.604,660000000,1555000000.0,4147000000.0,4147000000.0,649000000.0,0.046,0.104,-0.023,-0.019,75000000.0,1185000000.0,1.0,188170970,188000000,191000000.0,22.059,4473000000,727000000,-432000000.0,61000000,23.793,1339000000
10,KEYS,ART,2018-12-31,2019-03-05,2019-01-31,2021-08-31,-449000000,5978000000,5892750000.0,2544000000,3434000000,0.687,14.214,-139000000.0,1098000000,1098000000,1774000000.0,185000000.0,1.817,1.249,1790000000,499000000,1291000000,1790000000,443000000,308000000.0,0,0.0,0.0,-187000000.0,121000000.0,0.03,121000000.0,-187000000.0,-268000000.0,0.98,0.97,0.98,2658000000,2556750000.0,2658000000,16719918523.0,-89.0,138.181,485000000.0,2.594,1.0,2273000000.0,0.562,1775000000,81000000.0,3495000000,3413000000.0,641000000,52000000,0,52000000,3320000000,1400000000,1920000000,16027918523.0,118000000.0,23000000.0,-90000000.0,-260000000.0,0.0,-377000000.0,-118000000.0,0.0,624000000.0,-11000000.0,185000000.0,185000000.0,185000000.0,0.0,0.0,0.046,2493000000.0,-220000000.0,222000000,0.0,6.03,86.637,87.0,558000000,0.0,85.26,3.96,3.94,580000000,1402000000.0,4047000000.0,4047000000.0,634000000.0,0.031,0.072,-0.055,-0.046,67000000.0,1184000000.0,1.0,187988723,187000000,190000000.0,21.642,4203000000,741000000,-453000000.0,56000000,22.476,1144000000
11,KEYS,ART,2018-09-30,2018-12-18,2018-10-31,2021-08-31,-488000000,5824000000,5910750000.0,2378000000,3446000000,0.656,13.011,-132000000.0,913000000,913000000,1756000000.0,165000000.0,1.627,1.394,1790000000,499000000,1291000000,1790000000,461000000,310000000.0,0,0.0,0.0,-328000000.0,-18000000.0,-0.005,-18000000.0,-328000000.0,-411000000.0,0.88,0.86,0.88,2433000000,2513250000.0,2433000000,12270607910.0,-37.0,-681.7,423000000.0,2.262,1.0,2122000000.0,0.547,1816000000,83000000.0,3423000000,3422000000.0,619000000,46000000,0,46000000,3391000000,1462000000,1929000000,11393607910.0,95000000.0,18000000.0,-56000000.0,-260000000.0,0.0,-335000000.0,-116000000.0,0.0,555000000.0,-9000000.0,165000000.0,165000000.0,165000000.0,0.0,0.0,0.043,2468000000.0,-346000000.0,242000000,0.0,4.683,69.052,69.0,555000000,0.0,60.72,2.938,2.928,624000000,1212000000.0,3878000000.0,3878000000.0,607000000.0,0.028,0.066,-0.096,-0.085,59000000.0,1185000000.0,1.0,187641764,187000000,191000000.0,20.738,4008000000,750000000,-576000000.0,42000000,21.433,916000000
12,KEYS,ART,2018-06-30,2018-08-31,2018-07-31,2021-08-31,-449000000,5846000000,5938000000.0,2182000000,3664000000,0.625,13.899,-116000000.0,742000000,742000000,1700000000.0,241000000.0,2.424,1.237,1790000000,0,1790000000,1790000000,455000000,305000000.0,0,0.0,0.0,288000000.0,593000000.0,0.16,593000000.0,288000000.0,203000000.0,1.27,1.25,1.27,2613000000,2482500000.0,2613000000,13210206424.0,46.0,22.277,268000000.0,1.426,1.0,2009000000.0,0.542,2590000000,85000000.0,3404000000,3468000000.0,609000000,54000000,0,54000000,3233000000,900000000,2333000000,12162206424.0,-131000000.0,-59000000.0,-18000000.0,-301000000.0,0.0,-338000000.0,-173000000.0,2000000.0,384000000.0,-4000000.0,241000000.0,241000000.0,241000000.0,0.0,0.0,0.065,1747000000.0,262000000.0,231000000,0.0,4.654,50.466,51.094,549000000,0.0,64.89,3.279,3.289,597000000,1326000000.0,3709000000.0,3709000000.0,592000000.0,0.041,0.097,0.083,0.078,61000000.0,1171000000.0,1.0,187428054,188000000,191000000.0,19.729,3256000000,186000000,-38000000.0,45000000,17.319,1282000000
13,KEYS,ART,2018-03-31,2018-06-05,2018-04-30,2021-08-31,-419000000,5923000000,5936500000.0,2189000000,3734000000,0.596,13.42,-97000000.0,784000000,784000000,1682000000.0,102000000.0,2.297,1.348,1789000000,0,1789000000,1789000000,466000000,309000000.0,0,0.0,0.0,152000000.0,461000000.0,0.13,461000000.0,152000000.0,65000000.0,0.53,0.52,0.53,2523000000,2384000000.0,2523000000,12535724750.0,82.0,27.192,347000000.0,1.846,1.0,1855000000.0,0.524,2645000000,87000000.0,3330000000,3503000000.0,597000000,59000000,0,59000000,3400000000,953000000,2447000000,11530724750.0,34000000.0,-71000000.0,35000000.0,-541000000.0,0.0,-521000000.0,-129000000.0,40000000.0,444000000.0,7000000.0,102000000.0,102000000.0,102000000.0,0.0,0.0,0.029,1725000000.0,130000000.0,240000000,0.0,4.57,113.046,115.774,546000000,0.0,61.36,3.26,3.261,579000000,1205000000.0,3537000000.0,3537000000.0,573000000.0,0.017,0.043,0.043,0.043,58000000.0,1168000000.0,1.0,187919243,188000000,190000000.0,18.814,3278000000,203000000,-37000000.0,47000000,17.436,1236000000
14,KEYS,ART,2017-12-31,2018-03-08,2018-01-31,2021-08-31,-412000000,6050000000,5959250000.0,2275000000,3775000000,0.554,13.283,-80000000.0,980000000,980000000,1575000000.0,87000000.0,2.568,1.436,2048000000,20000000,2028000000,2048000000,459000000,271000000.0,0,0.0,0.0,94000000.0,365000000.0,0.111,365000000.0,94000000.0,4000000.0,0.47,0.45,0.47,2484000000,2296250000.0,2484000000,10930867701.0,116.0,29.948,302000000.0,1.615,1.0,1725000000.0,0.523,2701000000,90000000.0,3531000000,3635750000.0,609000000,61000000,0,61000000,3566000000,886000000,2680000000,9862867701.0,84000000.0,-1705000000.0,500000000.0,942000000.0,0.0,1428000000.0,-1741000000.0,44000000.0,382000000.0,15000000.0,87000000.0,87000000.0,87000000.0,0.0,0.0,0.026,1653000000.0,72000000.0,229000000,0.0,3.971,113.366,111.894,539000000,0.0,52.59,2.989,2.98,454000000,1141000000.0,3300000000.0,3300000000.0,536000000.0,0.015,0.038,0.026,0.028,56000000.0,1125000000.0,1.0,187542645,187000000,189000000.0,17.647,3349000000,204000000,-83000000.0,35000000,17.909,1389000000
15,KEYS,ART,2017-09-30,2017-12-20,2017-10-31,2021-08-31,-457000000,5933000000,5414000000.0,2177000000,3756000000,0.589,12.833,-64000000.0,818000000,818000000,1487000000.0,102000000.0,2.658,1.568,2048000000,10000000,2038000000,2048000000,392000000,225000000.0,0,0.0,0.0,259000000.0,484000000.0,0.152,484000000.0,259000000.0,179000000.0,0.57,0.56,0.57,2310000000,2087250000.0,2310000000,9270112638.0,36.0,19.153,249000000.0,1.383,1.0,1702000000.0,0.534,2737000000,80000000.0,3607000000,3391000000.0,588000000,63000000,0,63000000,3623000000,819000000,2804000000,8040112638.0,35000000.0,-1702000000.0,495000000.0,942000000.0,0.0,1440000000.0,-1722000000.0,44000000.0,313000000.0,4000000.0,102000000.0,102000000.0,102000000.0,0.0,0.0,0.032,1463000000.0,239000000.0,211000000,0.0,3.481,78.825,75.316,530000000,0.0,42.93,2.521,2.423,547000000,1041000000.0,3189000000.0,3189000000.0,498000000.0,0.019,0.049,0.076,0.081,53000000.0,1049000000.0,1.0,187284245,180000000,182000000.0,17.717,3196000000,186000000,77000000.0,28000000,17.756,1358000000
16,KEYS,ART,2017-06-30,2017-09-06,2017-07-31,2021-08-31,-572000000,5840000000,4881500000.0,2158000000,3682000000,0.627,11.93,-61000000.0,873000000,873000000,1414000000.0,232000000.0,2.753,1.632,2087000000,40000000,2047000000,2087000000,357000000,186000000.0,0,0.0,0.0,317000000.0,503000000.0,0.164,503000000.0,317000000.0,247000000.0,1.36,1.34,1.36,2219000000,1888000000.0,2219000000,8674752442.0,27.0,17.246,327000000.0,1.758,1.0,1648000000.0,0.538,2726000000,70000000.0,3544000000,3122250000.0,561000000,63000000,3000000,60000000,3621000000,784000000,2837000000,7460752442.0,209000000.0,-1642000000.0,496000000.0,983000000.0,0.0,1482000000.0,-1660000000.0,42000000.0,388000000.0,-1000000.0,232000000.0,232000000.0,232000000.0,0.0,0.0,0.076,1341000000.0,307000000.0,181000000,0.0,3.362,32.158,29.493,546000000,0.0,40.11,2.437,2.436,521000000,1079000000.0,3062000000.0,3062000000.0,464000000.0,0.048,0.123,0.102,0.104,51000000.0,966000000.0,1.0,186007291,186000000,186000000.0,16.462,3114000000,216000000,15000000.0,39000000,16.742,1374000000
17,KEYS,ART,2017-03-31,2017-06-07,2017-04-30,2021-08-31,-595000000,6014000000,4340250000.0,2314000000,3700000000,0.679,12.271,-54000000.0,983000000,983000000,1302000000.0,341000000.0,2.642,1.769,2326000000,170000000,2156000000,2326000000,326000000,140000000.0,0,0.0,0.0,428000000.0,568000000.0,0.193,568000000.0,428000000.0,369000000.0,2.0,1.97,2.0,2172000000,1732500000.0,2172000000,8501910075.0,20.0,14.968,304000000.0,1.718,1.0,1643000000.0,0.558,2620000000,59000000.0,3861000000,2875000000.0,585000000,100000000,40000000,60000000,3842000000,876000000,2966000000,7158910075.0,164000000.0,-1622000000.0,462000000.0,1222000000.0,0.0,1681000000.0,-1670000000.0,4000000.0,358000000.0,-6000000.0,341000000.0,341000000.0,341000000.0,0.0,0.0,0.116,1226000000.0,417000000.0,180000000,0.0,3.296,20.994,19.31,545000000,0.0,38.62,2.431,2.321,518000000,1097000000.0,2945000000.0,2945000000.0,436000000.0,0.079,0.197,0.149,0.145,54000000.0,880000000.0,1.0,185367946,177000000,179000000.0,16.638,3394000000,345000000,28000000.0,22000000,19.175,1438000000
18,KEYS,ART,2016-12-31,2017-02-28,2017-01-31,2021-08-31,-611000000,3869000000,3750500000.0,1932000000,1937000000,0.779,9.637,-65000000.0,896000000,896000000,1287000000.0,380000000.0,3.242,1.348,1093000000,0,1093000000,1093000000,265000000,133000000.0,0,0.0,0.0,481000000.0,614000000.0,0.21,614000000.0,481000000.0,434000000.0,2.24,2.21,2.24,1648000000,1564500000.0,1648000000,6647034622.0,14.0,10.826,361000000.0,2.111,1.0,1636000000.0,0.56,918000000,47000000.0,2552000000,2541250000.0,479000000,60000000,0,60000000,2221000000,596000000,1625000000,6450034622.0,324000000.0,-10000000.0,-24000000.0,-1000000.0,0.0,-29000000.0,-74000000.0,0.0,426000000.0,1000000.0,380000000.0,380000000.0,380000000.0,0.0,0.0,0.13,1166000000.0,470000000.0,172000000,0.0,3.914,16.974,16.786,494000000,0.0,37.6,2.207,2.2,395000000,1048000000.0,2923000000.0,2923000000.0,425000000.0,0.101,0.243,0.189,0.165,55000000.0,831000000.0,1.0,171543474,171000000,173000000.0,17.094,2951000000,342000000,54000000.0,19000000,17.257,1336000000
19,KEYS,ART,2016-09-30,2016-12-19,2016-10-31,2021-08-31,-618000000,3803000000,3653500000.0,1854000000,1949000000,0.799,8.9,-81000000.0,783000000,783000000,1294000000.0,335000000.0,2.879,1.514,1100000000,0,1100000000,1100000000,252000000,134000000.0,0,0.0,0.0,413000000.0,547000000.0,0.187,547000000.0,413000000.0,366000000.0,1.97,1.95,1.97,1513000000,1498000000.0,1513000000,6470176231.0,16.0,11.828,335000000.0,1.971,1.0,1624000000.0,0.557,944000000,47000000.0,2532000000,2522500000.0,474000000,55000000,0,55000000,2290000000,644000000,1646000000,6153176231.0,300000000.0,-10000000.0,-19000000.0,-1000000.0,0.0,-25000000.0,-90000000.0,0.0,416000000.0,-1000000.0,335000000.0,335000000.0,335000000.0,0.0,0.0,0.115,1218000000.0,406000000.0,189000000,0.0,4.067,18.368,18.218,512000000,0.0,35.89,2.109,2.091,437000000,949000000.0,2918000000.0,2918000000.0,425000000.0,0.092,0.224,0.164,0.142,54000000.0,818000000.0,1.0,171445423,170000000,172000000.0,17.165,2859000000,392000000,31000000.0,41000000,16.818,1210000000
20,KEYS,ART,2016-06-30,2016-09-02,2016-07-31,2021-08-31,-433000000,3675000000,3579750000.0,1711000000,1964000000,0.815,9.394,-91000000.0,664000000,664000000,1295000000.0,520000000.0,2.847,1.301,1100000000,0,1100000000,1100000000,265000000,131000000.0,0,0.0,0.0,415000000.0,546000000.0,0.187,546000000.0,415000000.0,369000000.0,3.07,3.03,3.07,1597000000,1445250000.0,1597000000,5608881215.0,14.0,10.273,267000000.0,1.571,1.0,1622000000.0,0.556,955000000,46000000.0,2555000000,2512500000.0,479000000,56000000,0,56000000,2078000000,601000000,1477000000,5172881215.0,-336000000.0,-584000000.0,-17000000.0,-1000000.0,0.0,-22000000.0,-675000000.0,0.0,358000000.0,3000000.0,520000000.0,520000000.0,520000000.0,0.0,0.0,0.178,1212000000.0,410000000.0,156000000,0.0,3.239,9.948,9.915,522000000,0.0,30.44,1.773,1.774,415000000,857000000.0,2917000000.0,2917000000.0,425000000.0,0.145,0.36,0.165,0.142,49000000.0,813000000.0,1.0,169936965,170000000,172000000.0,17.159,2720000000,317000000,-151000000.0,33000000,16.0,1110000000
21,KEYS,ART,2016-03-31,2016-06-03,2016-04-30,2021-08-31,-437000000,3655000000,3435250000.0,1737000000,1918000000,0.835,8.824,-112000000.0,620000000,620000000,1281000000.0,499000000.0,2.664,1.437,1100000000,0,1100000000,1100000000,267000000,120000000.0,0,0.0,0.0,406000000.0,526000000.0,0.183,526000000.0,406000000.0,359000000.0,2.94,2.91,2.94,1500000000,1322250000.0,1500000000,5828560398.0,14.0,11.081,313000000.0,1.841,1.0,1586000000.0,0.553,957000000,47000000.0,2526000000,2421750000.0,475000000,58000000,0,58000000,2155000000,652000000,1503000000,5348560398.0,-274000000.0,-584000000.0,2000000.0,0.0,0.0,3000000.0,-703000000.0,-7000000.0,425000000.0,1000000.0,499000000.0,499000000.0,499000000.0,0.0,0.0,0.174,1182000000.0,404000000.0,168000000,0.0,3.566,10.719,10.687,531000000,0.0,31.42,1.866,1.863,408000000,766000000.0,2867000000.0,2867000000.0,411000000.0,0.145,0.377,0.168,0.142,41000000.0,796000000.0,1.0,170227893,170000000,172000000.0,16.865,2698000000,339000000,-140000000.0,39000000,15.871,1085000000
22,KEYS,ART,2015-12-31,2016-03-04,2016-01-31,2021-08-31,-497000000,3481000000,3286750000.0,1626000000,1855000000,0.875,8.082,-100000000.0,572000000,572000000,1280000000.0,507000000.0,2.701,1.519,1099000000,0,1099000000,1099000000,247000000,109000000.0,0,0.0,0.0,440000000.0,549000000.0,0.191,549000000.0,440000000.0,394000000.0,2.99,2.96,2.99,1382000000,1206250000.0,1382000000,5190080711.0,12.0,9.454,276000000.0,1.614,1.0,1596000000.0,0.555,929000000,46000000.0,2477000000,2351000000.0,481000000,56000000,0,56000000,2099000000,602000000,1497000000,4663080711.0,-315000000.0,-574000000.0,46000000.0,0.0,0.0,-1000000.0,-681000000.0,-7000000.0,376000000.0,-9000000.0,507000000.0,507000000.0,507000000.0,0.0,0.0,0.176,1159000000.0,437000000.0,175000000,0.0,3.374,9.197,9.104,514000000,0.0,27.22,1.621,1.618,361000000,678000000.0,2876000000.0,2876000000.0,399000000.0,0.154,0.42,0.187,0.153,40000000.0,781000000.0,1.0,171310827,171000000,172000000.0,16.819,2552000000,330000000,-113000000.0,28000000,14.924,1024000000
23,KEYS,ART,2015-09-30,2015-12-21,2015-10-31,2021-08-31,-479000000,3508000000,3173750000.0,1579000000,1929000000,0.9,7.704,-91000000.0,483000000,483000000,1269000000.0,513000000.0,2.302,1.694,1099000000,0,1099000000,1099000000,236000000,99000000.0,0,0.0,0.0,434000000.0,533000000.0,0.187,533000000.0,434000000.0,388000000.0,3.04,3.0,3.04,1302000000,1090250000.0,1302000000,5418608764.0,12.0,10.166,285000000.0,1.686,1.0,1587000000.0,0.556,946000000,46000000.0,2492000000,2267750000.0,487000000,70000000,0,70000000,2206000000,686000000,1520000000,4802608764.0,-327000000.0,-574000000.0,26000000.0,0.0,0.0,-19000000.0,-671000000.0,-6000000.0,376000000.0,-13000000.0,513000000.0,513000000.0,513000000.0,0.0,0.0,0.18,1156000000.0,431000000.0,209000000,0.0,3.689,9.362,9.247,518000000,0.0,28.11,1.682,1.663,398000000,614000000.0,2856000000.0,2856000000.0,387000000.0,0.162,0.471,0.191,0.152,51000000.0,787000000.0,1.0,170850543,169000000,171000000.0,16.899,2562000000,369000000,-125000000.0,50000000,15.16,893000000
24,KEYS,ART,2015-06-30,2015-09-03,2015-07-31,2021-08-31,-376000000,3097000000,3059250000.0,1983000000,1114000000,,6.538,,1000000000,1000000000,,,3.198,1.803,1099000000,0,1099000000,1099000000,222000000,,0,0.0,0.0,,,,,,,,,,1105000000,957000000.0,1105000000,5625437994.0,,,,,1.0,,,384000000,,2192000000,2184750000.0,478000000,70000000,0,70000000,1992000000,620000000,1372000000,5526437994.0,,,,,,,,,,,,,,,,,,,171000000,,5.001,,,462000000,,32.61,,,313000000,337000000.0,,,,,,,,,,1.0,169470653,169000000,,,2713000000,185000000,,56000000,16.053,1363000000
25,KEYS,ART,2015-03-31,2015-06-04,2015-04-30,2021-08-31,-357000000,3061000000,,1927000000,1134000000,,6.13,,894000000,894000000,,,3.054,1.955,1099000000,0,1099000000,1099000000,228000000,,0,0.0,0.0,,,,,,,,,,1036000000,,1036000000,5772822195.0,,,,,1.0,,,392000000,,2243000000,,476000000,67000000,0,67000000,2025000000,631000000,1394000000,5567822195.0,,,,,,,,,,,,,,,,,,,178000000,,5.374,,,460000000,,32.88,,,353000000,267000000.0,,,,,,,,,,1.0,169337658,169000000,,,2669000000,199000000,,51000000,15.793,1296000000
26,KEYS,ART,2014-12-31,2015-03-05,2015-01-31,2021-08-31,-369000000,3029000000,,1892000000,1137000000,,5.464,,887000000,887000000,,,2.703,2.3,1099000000,0,1099000000,1099000000,242000000,,0,0.0,0.0,,,,,,,,,,918000000,,918000000,6501943350.0,,,,,1.0,,,397000000,,2144000000,,477000000,59000000,0,59000000,2111000000,700000000,1411000000,6289943350.0,,,,,,,,,,,,,,,,,,,222000000,,6.852,,,455000000,,37.34,,,310000000,171000000.0,,,,,,,,,,1.0,168450545,168000000,,,2632000000,217000000,,60000000,15.667,1192000000
27,KEYS,ART,2014-09-30,2014-12-22,2014-10-31,2021-08-31,-336000000,3050000000,2539000000.0,1850000000,1200000000,1.155,4.605,-70000000.0,810000000,810000000,1313000000.0,392000000.0,2.406,2.966,1099000000,0,1099000000,1099000000,244000000,84000000.0,0,0.0,0.0,478000000.0,562000000.0,0.192,562000000.0,478000000.0,475000000.0,2.35,2.35,2.35,769000000,1007000000.0,769000000,5985341146.0,13.0,10.65,493000000.0,2.952,1.0,1620000000.0,0.552,410000000,3000000.0,2160000000,1594500000.0,498000000,63000000,0,63000000,2281000000,769000000,1512000000,5696341146.0,810000000.0,-11000000.0,0.0,1054000000.0,0.0,335000000.0,-82000000.0,-2000000.0,563000000.0,-6000000.0,392000000.0,392000000.0,392000000.0,0.0,0.0,0.134,1151000000.0,469000000.0,298000000,0.0,7.407,14.531,14.443,470000000,0.0,33.94,1.942,1.932,380000000,101000000.0,2933000000.0,2933000000.0,361000000.0,0.154,0.389,0.3,0.163,39000000.0,790000000.0,1.0,167835626,167000000,167000000.0,17.563,2640000000,246000000,83000000.0,72000000,15.808,1081000000
28,KEYS,ART,2013-09-30,2014-09-30,2013-10-31,2021-08-31,31000000,2028000000,,972000000,1056000000,,7.418,-69000000.0,0,0,1265000000.0,457000000.0,1.736,0.629,0,0,0,0,284000000,77000000.0,0,,0.0,501000000.0,578000000.0,0.2,578000000.0,501000000.0,501000000.0,,,,1245000000,,1245000000,,,,497000000.0,2.961,1.0,1623000000.0,0.562,439000000,0.0,1029000000,,502000000,44000000,0,44000000,783000000,560000000,223000000,,0.0,-1000000.0,0.0,0.0,0.0,-481000000.0,-85000000.0,-15000000.0,566000000.0,0.0,457000000.0,457000000.0,457000000.0,0.0,0.0,0.158,1127000000.0,496000000.0,131000000,,,,,469000000,0.0,,,,340000000,,2888000000.0,2888000000.0,375000000.0,,,,0.173,41000000.0,752000000.0,1.0,167835626,167835626,,17.207,1589000000,153000000,44000000.0,55000000,9.468,412000000
29,KEYS,ART,2013-09-30,2014-09-22,2013-10-31,2021-08-31,31000000,2028000000,,972000000,1056000000,,7.418,-69000000.0,0,0,1265000000.0,457000000.0,1.736,0.629,0,0,0,0,284000000,77000000.0,0,,0.0,501000000.0,578000000.0,0.2,578000000.0,501000000.0,501000000.0,,,,1245000000,,1245000000,,,,497000000.0,2.961,1.0,1623000000.0,0.562,439000000,0.0,1029000000,,502000000,44000000,0,44000000,783000000,560000000,223000000,,0.0,-1000000.0,0.0,0.0,0.0,-481000000.0,-85000000.0,-15000000.0,566000000.0,0.0,457000000.0,457000000.0,457000000.0,0.0,0.0,0.158,1127000000.0,496000000.0,131000000,,,,,469000000,0.0,,,,340000000,,2888000000.0,2888000000.0,375000000.0,,,,0.173,41000000.0,752000000.0,1.0,167835626,167835626,,17.207,1589000000,153000000,44000000.0,55000000,9.468,412000000
30,KEYS,ART,2013-09-30,2014-09-12,2013-10-31,2021-08-31,31000000,2028000000,,972000000,1056000000,,7.418,-69000000.0,0,0,1265000000.0,457000000.0,1.736,0.629,0,0,0,0,284000000,77000000.0,0,,0.0,501000000.0,578000000.0,0.2,578000000.0,501000000.0,501000000.0,,,,1245000000,,1245000000,,,,497000000.0,2.961,1.0,1623000000.0,0.562,439000000,0.0,1029000000,,502000000,44000000,0,44000000,783000000,560000000,223000000,,0.0,-1000000.0,0.0,0.0,0.0,-481000000.0,-85000000.0,-15000000.0,566000000.0,0.0,457000000.0,457000000.0,457000000.0,0.0,0.0,0.158,1127000000.0,496000000.0,131000000,,,,,469000000,0.0,,,,340000000,,2888000000.0,2888000000.0,375000000.0,,,,0.173,41000000.0,752000000.0,1.0,167835626,167835626,,17.207,1589000000,153000000,44000000.0,55000000,9.468,412000000
31,KEYS,ART,2013-09-30,2014-08-13,2013-10-31,2021-08-31,31000000,2028000000,,972000000,1056000000,,7.418,-69000000.0,0,0,1265000000.0,457000000.0,1.736,0.629,0,0,0,0,284000000,77000000.0,0,,0.0,501000000.0,578000000.0,0.2,578000000.0,501000000.0,501000000.0,,,,1245000000,,1245000000,,,,497000000.0,2.961,1.0,1623000000.0,0.562,439000000,0.0,1029000000,,502000000,44000000,0,44000000,783000000,560000000,223000000,,0.0,-1000000.0,0.0,0.0,0.0,-481000000.0,-85000000.0,-15000000.0,566000000.0,0.0,457000000.0,457000000.0,457000000.0,0.0,0.0,0.158,1127000000.0,496000000.0,131000000,,,,,469000000,0.0,,,,340000000,,2888000000.0,2888000000.0,375000000.0,,,,0.173,41000000.0,752000000.0,1.0,167835626,167835626,,17.207,1589000000,153000000,44000000.0,55000000,9.468,412000000
32,KEYS,ART,2013-09-30,2014-07-18,2013-10-31,2021-08-31,31000000,2028000000,,972000000,1056000000,,7.418,-69000000.0,0,0,1265000000.0,457000000.0,1.736,0.629,0,0,0,0,284000000,77000000.0,0,,0.0,501000000.0,578000000.0,0.2,578000000.0,501000000.0,501000000.0,,,,1245000000,,1245000000,,,,497000000.0,2.961,1.0,1623000000.0,0.562,439000000,0.0,1029000000,,502000000,44000000,0,44000000,783000000,560000000,223000000,,0.0,-1000000.0,0.0,0.0,0.0,-481000000.0,-85000000.0,-15000000.0,566000000.0,0.0,457000000.0,457000000.0,457000000.0,0.0,0.0,0.158,1127000000.0,496000000.0,131000000,,,,,469000000,0.0,,,,340000000,,2888000000.0,2888000000.0,375000000.0,,,,0.173,41000000.0,752000000.0,1.0,167835626,167835626,,17.207,1589000000,153000000,44000000.0,55000000,9.468,412000000
33,KEYS,ART,2013-09-30,2014-06-17,2013-10-31,2021-08-31,31000000,2028000000,,972000000,1056000000,,7.418,-69000000.0,0,0,1265000000.0,457000000.0,1.736,0.629,0,0,0,0,284000000,77000000.0,0,,0.0,501000000.0,578000000.0,0.2,578000000.0,501000000.0,501000000.0,,,,1245000000,,1245000000,,,,497000000.0,2.961,1.0,1623000000.0,0.562,439000000,0.0,1029000000,,502000000,44000000,0,44000000,783000000,560000000,223000000,,0.0,-1000000.0,0.0,0.0,0.0,-481000000.0,-85000000.0,-15000000.0,566000000.0,0.0,457000000.0,457000000.0,457000000.0,0.0,0.0,0.158,1127000000.0,496000000.0,131000000,,,,,469000000,0.0,,,,340000000,,2888000000.0,2888000000.0,375000000.0,,,,0.173,41000000.0,752000000.0,1.0,167835626,167835626,,17.207,1589000000,153000000,44000000.0,55000000,9.468,412000000
34,KEYS,ART,2013-09-30,2014-05-23,2013-10-31,2021-08-31,31000000,2028000000,,972000000,1056000000,,7.418,-69000000.0,0,0,1265000000.0,457000000.0,1.736,0.629,0,0,0,0,284000000,77000000.0,0,,0.0,501000000.0,578000000.0,0.2,578000000.0,501000000.0,501000000.0,,,,1245000000,,1245000000,,,,497000000.0,2.961,1.0,1623000000.0,0.562,439000000,0.0,1029000000,,502000000,44000000,0,44000000,783000000,560000000,223000000,,0.0,-1000000.0,0.0,0.0,0.0,-481000000.0,-85000000.0,-15000000.0,566000000.0,0.0,457000000.0,457000000.0,457000000.0,0.0,0.0,0.158,1127000000.0,496000000.0,131000000,,,,,469000000,0.0,,,,340000000,,2888000000.0,2888000000.0,375000000.0,,,,0.173,41000000.0,752000000.0,1.0,167835626,167835626,,17.207,1589000000,153000000,44000000.0,55000000,9.468,412000000
35,KEYS,ART,2013-09-30,2014-04-18,2013-10-31,2021-08-31,31000000,2028000000,,972000000,1056000000,,7.418,-69000000.0,0,0,1265000000.0,457000000.0,1.736,0.629,0,0,0,0,284000000,77000000.0,0,,0.0,501000000.0,578000000.0,0.2,578000000.0,501000000.0,501000000.0,,,,1245000000,,1245000000,,,,497000000.0,2.961,1.0,1623000000.0,0.562,439000000,0.0,1029000000,,502000000,44000000,0,44000000,783000000,560000000,223000000,,0.0,-1000000.0,0.0,0.0,0.0,-481000000.0,-85000000.0,-15000000.0,566000000.0,0.0,457000000.0,457000000.0,457000000.0,0.0,0.0,0.158,1127000000.0,496000000.0,131000000,,,,,469000000,0.0,,,,340000000,,2888000000.0,2888000000.0,375000000.0,,,,0.173,41000000.0,752000000.0,1.0,167835626,167835626,,17.207,1589000000,153000000,44000000.0,55000000,9.468,412000000
36,KEYS,ART,2013-09-30,2014-03-05,2013-10-31,2021-08-31,31000000,2028000000,,972000000,1056000000,,7.418,-69000000.0,0,0,1265000000.0,457000000.0,1.736,0.629,0,0,0,0,284000000,77000000.0,0,,0.0,501000000.0,578000000.0,0.2,578000000.0,501000000.0,501000000.0,,,,1245000000,,1245000000,,,,497000000.0,2.961,1.0,1623000000.0,0.562,439000000,0.0,1029000000,,502000000,44000000,0,44000000,783000000,560000000,223000000,,0.0,-1000000.0,0.0,0.0,0.0,-481000000.0,-85000000.0,-15000000.0,566000000.0,0.0,457000000.0,457000000.0,457000000.0,0.0,0.0,0.158,1127000000.0,496000000.0,131000000,,,,,469000000,0.0,,,,340000000,,2888000000.0,2888000000.0,375000000.0,,,,0.173,41000000.0,752000000.0,1.0,167835626,167835626,,17.207,1589000000,153000000,44000000.0,55000000,9.468,412000000
