None,ticker,dimension,calendardate,datekey,reportperiod,lastupdated,accoci,assets,assetsavg,assetsc,assetsnc,assetturnover,bvps,capex,cashneq,cashnequsd,cor,consolinc,currentratio,de,debt,debtc,debtnc,debtusd,deferredrev,depamor,deposits,divyield,dps,ebit,ebitda,ebitdamargin,ebitdausd,ebitusd,ebt,eps,epsdil,epsusd,equity,equityavg,equityusd,ev,evebit,evebitda,fcf,fcfps,fxusd,gp,grossmargin,intangibles,intexp,invcap,invcapavg,inventory,investments,investmentsc,investmentsnc,liabilities,liabilitiesc,liabilitiesnc,marketcap,ncf,ncfbus,ncfcommon,ncfdebt,ncfdiv,ncff,ncfi,ncfinv,ncfo,ncfx,netinc,netinccmn,netinccmnusd,netincdis,netincnci,netmargin,opex,opinc,payables,payoutratio,pb,pe,pe1,ppnenet,prefdivis,price,ps,ps1,receivables,retearn,revenue,revenueusd,rnd,roa,roe,roic,ros,sbcomp,sgna,sharefactor,sharesbas,shareswa,shareswadil,sps,tangibles,taxassets,taxexp,taxliabilities,tbvps,workingcapital
0,TNL,MRY,2020-12-31,2020-12-31,2020-12-31,2021-08-25,-16000000.0,7613000000.0,7702000000.0,,,0.28,-11.437,-69000000.0,1317000000.0,1317000000.0,1233000000.0,-255000000.0,,-8.738,6418000000.0,,,6418000000.0,447000000.0,149000000.0,0.0,0.036,1.6,-86000000.0,63000000.0,0.029,63000000.0,-86000000.0,-278000000.0,-2.97,-2.97,-2.97,-982000000.0,-988500000.0,-982000000.0,9094738187.0,-106.0,144.361,305000000.0,3.552,1.0,927000000.0,0.429,1095000000.0,192000000.0,11619000000.0,11805500000.0,1347000000.0,0.0,,,8581000000.0,,,3851738187.0,815000000.0,0.0,-121000000.0,794000000.0,-138000000.0,502000000.0,-65000000.0,0.0,374000000.0,4000000.0,-255000000.0,-255000000.0,-255000000.0,2000000.0,0.0,-0.118,1032000000.0,-105000000.0,62000000.0,-0.539,-3.922,-15.105,-15.104,666000000.0,0.0,44.86,1.783,1.783,2597000000.0,1390000000.0,2160000000.0,2160000000.0,0.0,-0.033,0.258,-0.007,-0.04,20000000.0,727000000.0,1.0,85861306.0,85861306.0,,25.157,6518000000.0,0.0,-23000000.0,725000000.0,75.913,
1,TNL,MRY,2019-12-31,2019-12-31,2019-12-31,2021-08-25,-52000000.0,7453000000.0,7463000000.0,,,0.542,-5.909,-108000000.0,502000000.0,502000000.0,1940000000.0,507000000.0,,-14.882,5575000000.0,,,5575000000.0,541000000.0,152000000.0,0.0,0.035,1.8,860000000.0,1012000000.0,0.25,1012000000.0,860000000.0,698000000.0,5.5,5.48,5.5,-536000000.0,-570500000.0,-536000000.0,9831501028.0,11.0,9.715,344000000.0,3.793,1.0,2103000000.0,0.52,1113000000.0,162000000.0,11413000000.0,11425000000.0,1199000000.0,0.0,,,7977000000.0,,,4688501028.0,98000000.0,55000000.0,-329000000.0,301000000.0,-166000000.0,-289000000.0,-66000000.0,0.0,452000000.0,1000000.0,507000000.0,507000000.0,507000000.0,-18000000.0,0.0,0.125,1359000000.0,744000000.0,73000000.0,0.327,-8.747,9.248,9.398,680000000.0,0.0,51.69,1.16,1.16,3264000000.0,1785000000.0,4043000000.0,4043000000.0,0.0,0.068,-0.889,0.075,0.213,24000000.0,1157000000.0,1.0,90704218.0,90704218.0,,44.573,6340000000.0,0.0,191000000.0,815000000.0,69.898,
2,TNL,MRY,2018-12-31,2018-12-31,2018-12-31,2021-08-25,-52000000.0,7158000000.0,8116000000.0,,,0.484,-5.941,-99000000.0,373000000.0,373000000.0,1913000000.0,672000000.0,,-13.345,5238000000.0,,,5238000000.0,518000000.0,138000000.0,0.0,0.053,1.89,972000000.0,1110000000.0,0.282,1110000000.0,972000000.0,802000000.0,6.8,6.77,6.8,-579000000.0,-243250000.0,-579000000.0,8487706309.0,9.0,7.647,343000000.0,3.52,1.0,2018000000.0,0.513,1031000000.0,170000000.0,10992000000.0,11125000000.0,1224000000.0,0.0,,,7727000000.0,,,3492706309.0,-12000000.0,-4000000.0,-330000000.0,-702000000.0,-194000000.0,280000000.0,-725000000.0,0.0,442000000.0,-9000000.0,672000000.0,672000000.0,672000000.0,-406000000.0,0.0,0.171,1495000000.0,523000000.0,66000000.0,0.278,-6.032,5.197,5.271,712000000.0,0.0,35.84,0.889,0.889,3158000000.0,1442000000.0,3931000000.0,3931000000.0,0.0,0.083,-2.763,0.087,0.247,129000000.0,1122000000.0,1.0,97452743.0,97452743.0,,40.337,6127000000.0,0.0,130000000.0,736000000.0,62.871,
3,TNL,MRY,2017-12-31,2017-12-31,2017-12-31,2021-08-25,-11000000.0,10450000000.0,10350500000.0,2995000000.0,7455000000.0,0.368,7.589,-107000000.0,219000000.0,219000000.0,1860000000.0,855000000.0,1.139,12.583,6006000000.0,321000000.0,5686000000.0,6006000000.0,559000000.0,136000000.0,0.0,0.02,2.32,681000000.0,817000000.0,0.215,817000000.0,681000000.0,526000000.0,8.29,8.24,8.29,769000000.0,660500000.0,769000000.0,17352671892.0,25.0,21.24,879000000.0,8.675,1.0,1946000000.0,0.511,1054000000.0,155000000.0,12554000000.0,11194500000.0,1249000000.0,0.0,0.0,0.0,9676000000.0,2629000000.0,7047000000.0,11740671892.0,83000000.0,-48000000.0,-599000000.0,348000000.0,-242000000.0,-558000000.0,-362000000.0,0.0,986000000.0,17000000.0,854000000.0,854000000.0,854000000.0,-209000000.0,1000000.0,0.224,1507000000.0,439000000.0,232000000.0,0.28,15.267,13.748,13.977,822000000.0,0.0,115.87,3.085,3.085,3096000000.0,2501000000.0,3806000000.0,3806000000.0,0.0,0.083,1.293,0.061,0.179,59000000.0,1126000000.0,1.0,101326244.0,101326244.0,,37.562,9396000000.0,0.0,-328000000.0,613000000.0,92.73,366000000.0
4,TNL,MRY,2016-12-31,2016-12-31,2016-12-31,2021-08-25,-113000000.0,9819000000.0,9917250000.0,1812000000.0,8007000000.0,0.372,6.625,-117000000.0,113000000.0,113000000.0,1828000000.0,612000000.0,0.892,12.746,5441000000.0,217000000.0,5224000000.0,5441000000.0,615000000.0,127000000.0,0.0,0.026,2.0,934000000.0,1061000000.0,0.287,1061000000.0,934000000.0,801000000.0,5.56,5.52,5.56,714000000.0,780500000.0,714000000.0,13347894283.0,14.0,12.58,846000000.0,7.85,1.0,1864000000.0,0.505,2239000000.0,133000000.0,10876000000.0,10383750000.0,1345000000.0,0.0,0.0,0.0,9101000000.0,2032000000.0,7069000000.0,8230894283.0,11000000.0,-21000000.0,-619000000.0,302000000.0,-223000000.0,-586000000.0,-346000000.0,0.0,963000000.0,-20000000.0,611000000.0,611000000.0,611000000.0,-260000000.0,1000000.0,0.165,1206000000.0,658000000.0,213000000.0,0.36,11.528,13.471,13.736,1028000000.0,0.0,76.37,2.229,2.229,3153000000.0,1977000000.0,3692000000.0,3692000000.0,0.0,0.062,0.783,0.09,0.253,48000000.0,1067000000.0,1.0,107776539.0,107776539.0,,34.256,7580000000.0,0.0,190000000.0,1167000000.0,70.331,-220000000.0
5,TNL,MRY,2015-12-31,2015-12-31,2015-12-31,2021-08-25,-74000000.0,9591000000.0,9805000000.0,1743000000.0,7848000000.0,0.498,8.182,-189000000.0,171000000.0,171000000.0,2335000000.0,612000000.0,0.891,9.093,5181000000.0,253000000.0,4928000000.0,5181000000.0,681000000.0,187000000.0,0.0,0.023,1.68,1019000000.0,1206000000.0,0.247,1206000000.0,1019000000.0,897000000.0,5.18,5.14,5.18,950000000.0,1028500000.0,950000000.0,13359100900.0,13.0,11.077,802000000.0,6.907,1.0,2543000000.0,0.521,2686000000.0,122000000.0,9958000000.0,10023750000.0,1259000000.0,0.0,0.0,0.0,8638000000.0,1957000000.0,6681000000.0,8435100900.0,-12000000.0,-74000000.0,-658000000.0,158000000.0,-202000000.0,-675000000.0,-302000000.0,-8000000.0,991000000.0,-26000000.0,612000000.0,612000000.0,612000000.0,-60000000.0,0.0,0.125,1608000000.0,935000000.0,394000000.0,0.324,8.879,13.783,14.025,1399000000.0,0.0,72.65,1.729,1.729,3296000000.0,1592000000.0,4878000000.0,4878000000.0,0.0,0.062,0.595,0.102,0.209,41000000.0,1408000000.0,1.0,116106000.0,116106000.0,,42.013,6905000000.0,0.0,285000000.0,1154000000.0,59.472,-214000000.0
6,TNL,MRY,2014-12-31,2014-12-31,2014-12-31,2021-08-25,24000000.0,9679000000.0,9778750000.0,1867000000.0,7812000000.0,0.54,10.181,-235000000.0,183000000.0,183000000.0,2504000000.0,529000000.0,1.004,6.711,5053000000.0,261000000.0,4792000000.0,5053000000.0,663000000.0,233000000.0,0.0,0.016,1.4,958000000.0,1191000000.0,0.226,1191000000.0,958000000.0,845000000.0,4.22,4.18,4.22,1255000000.0,1417250000.0,1255000000.0,15182019272.0,16.0,12.747,749000000.0,6.076,1.0,2777000000.0,0.526,2665000000.0,113000000.0,10025000000.0,9727000000.0,1162000000.0,0.0,0.0,0.0,8422000000.0,1859000000.0,6563000000.0,10571019272.0,-11000000.0,-23000000.0,-646000000.0,169000000.0,-179000000.0,-701000000.0,-276000000.0,-20000000.0,984000000.0,-18000000.0,529000000.0,529000000.0,529000000.0,0.0,0.0,0.1,1836000000.0,941000000.0,385000000.0,0.332,8.423,19.983,20.322,1500000000.0,0.0,85.76,2.002,2.002,3207000000.0,1183000000.0,5281000000.0,5281000000.0,0.0,0.054,0.373,0.098,0.181,23000000.0,1557000000.0,1.0,123262818.0,123262818.0,,42.843,7014000000.0,114000000.0,316000000.0,1202000000.0,56.903,8000000.0
7,TNL,MRY,2013-12-31,2013-12-31,2013-12-31,2021-08-25,122000000.0,9741000000.0,9787000000.0,1940000000.0,7801000000.0,0.512,12.455,-238000000.0,194000000.0,194000000.0,2394000000.0,433000000.0,1.084,5.001,4841000000.0,233000000.0,4608000000.0,4841000000.0,643000000.0,216000000.0,0.0,0.02,1.45,813000000.0,1029000000.0,0.205,1029000000.0,813000000.0,682000000.0,3.25,3.21,3.25,1623000000.0,1671750000.0,1623000000.0,14164307945.0,17.0,13.765,770000000.0,5.909,1.0,2615000000.0,0.522,2742000000.0,131000000.0,9856000000.0,9766000000.0,1023000000.0,0.0,0.0,0.0,8116000000.0,1790000000.0,6326000000.0,9602307945.0,-1000000.0,-123000000.0,-593000000.0,64000000.0,-156000000.0,-605000000.0,-401000000.0,-68000000.0,1008000000.0,-3000000.0,432000000.0,432000000.0,432000000.0,0.0,1000000.0,0.086,1705000000.0,910000000.0,360000000.0,0.446,5.916,22.228,22.674,1555000000.0,0.0,73.69,1.917,1.917,3258000000.0,832000000.0,5009000000.0,5009000000.0,0.0,0.044,0.258,0.083,0.162,38000000.0,1471000000.0,1.0,130306798.0,130306798.0,,38.44,6999000000.0,108000000.0,250000000.0,1173000000.0,53.712,150000000.0
8,TNL,MRY,2012-12-31,2012-12-31,2012-12-31,2021-08-25,151000000.0,9463000000.0,9326000000.0,1866000000.0,7597000000.0,0.486,13.759,-208000000.0,195000000.0,195000000.0,2093000000.0,399000000.0,0.966,3.903,4562000000.0,544000000.0,4018000000.0,4562000000.0,590000000.0,185000000.0,0.0,0.017,0.92,761000000.0,946000000.0,0.209,946000000.0,761000000.0,629000000.0,2.8,2.75,2.8,1930000000.0,2018000000.0,1930000000.0,11682592437.0,15.0,12.349,796000000.0,5.675,1.0,2441000000.0,0.538,2755000000.0,132000000.0,9144000000.0,9015750000.0,1077000000.0,0.0,0.0,0.0,7532000000.0,1931000000.0,5601000000.0,7463592437.0,53000000.0,-262000000.0,-618000000.0,310000000.0,-134000000.0,-431000000.0,-519000000.0,-56000000.0,1004000000.0,-1000000.0,400000000.0,400000000.0,400000000.0,0.0,-1000000.0,0.088,1589000000.0,852000000.0,346000000.0,0.329,3.867,18.659,19.004,1292000000.0,0.0,53.21,1.646,1.646,3331000000.0,558000000.0,4534000000.0,4534000000.0,0.0,0.043,0.198,0.084,0.168,8000000.0,1389000000.0,1.0,140266725.0,140266725.0,,32.324,6708000000.0,157000000.0,229000000.0,1141000000.0,47.823,-65000000.0
9,TNL,MRY,2011-12-31,2011-12-31,2011-12-31,2021-08-25,128000000.0,9023000000.0,9207750000.0,1730000000.0,7293000000.0,0.462,14.492,-239000000.0,142000000.0,142000000.0,2025000000.0,417000000.0,1.107,3.043,4015000000.0,242000000.0,3773000000.0,4015000000.0,584000000.0,178000000.0,0.0,0.016,0.6,790000000.0,968000000.0,0.228,968000000.0,790000000.0,650000000.0,2.57,2.51,2.57,2232000000.0,2493000000.0,2232000000.0,9480496854.0,12.0,9.794,764000000.0,4.96,1.0,2229000000.0,0.524,2610000000.0,140000000.0,8723000000.0,8548000000.0,1110000000.0,0.0,0.0,0.0,6791000000.0,1563000000.0,5228000000.0,5826496854.0,-14000000.0,-27000000.0,-882000000.0,198000000.0,-99000000.0,-753000000.0,-256000000.0,-17000000.0,1003000000.0,-8000000.0,417000000.0,417000000.0,417000000.0,0.0,0.0,0.098,1462000000.0,767000000.0,325000000.0,0.233,2.61,13.972,14.72,1117000000.0,0.0,37.83,1.37,1.37,3257000000.0,293000000.0,4254000000.0,4254000000.0,0.0,0.045,0.167,0.092,0.186,24000000.0,1221000000.0,1.0,154017892.0,154017892.0,,27.62,6413000000.0,153000000.0,233000000.0,1065000000.0,41.638,167000000.0
10,TNL,MRY,2010-12-31,2010-12-31,2010-12-31,2021-08-25,155000000.0,9416000000.0,9358250000.0,1752000000.0,7664000000.0,0.412,16.672,-167000000.0,156000000.0,156000000.0,1876000000.0,379000000.0,1.112,2.228,3744000000.0,234000000.0,3510000000.0,3744000000.0,607000000.0,173000000.0,0.0,0.016,0.48,700000000.0,873000000.0,0.227,873000000.0,700000000.0,563000000.0,2.13,2.05,2.13,2917000000.0,2809750000.0,2917000000.0,8687999935.0,12.0,9.952,468000000.0,2.675,1.0,1975000000.0,0.513,2652000000.0,137000000.0,8777000000.0,8476250000.0,1181000000.0,0.0,0.0,0.0,6499000000.0,1575000000.0,4924000000.0,5241999935.0,1000000.0,-236000000.0,-195000000.0,34000000.0,-86000000.0,-219000000.0,-418000000.0,-10000000.0,635000000.0,3000000.0,379000000.0,379000000.0,379000000.0,0.0,0.0,0.098,1257000000.0,718000000.0,351000000.0,0.225,1.797,13.831,14.066,1041000000.0,0.0,29.96,1.361,1.361,3407000000.0,-25000000.0,3851000000.0,3851000000.0,0.0,0.04,0.135,0.083,0.182,25000000.0,1071000000.0,1.0,174966620.0,174966620.0,,22.01,6764000000.0,179000000.0,184000000.0,1021000000.0,38.659,177000000.0
11,TNL,MRY,2009-12-31,2009-12-31,2009-12-31,2021-08-25,138000000.0,9352000000.0,9379250000.0,1740000000.0,7612000000.0,0.4,15.049,-135000000.0,155000000.0,155000000.0,1823000000.0,293000000.0,0.923,2.479,3522000000.0,384000000.0,3138000000.0,3522000000.0,684000000.0,178000000.0,0.0,0.008,0.16,607000000.0,785000000.0,0.209,785000000.0,607000000.0,493000000.0,1.64,1.61,1.64,2688000000.0,2551000000.0,2688000000.0,7025674514.0,12.0,8.95,554000000.0,3.102,1.0,1927000000.0,0.514,2437000000.0,114000000.0,8397000000.0,8386500000.0,1307000000.0,0.0,0.0,0.0,6664000000.0,1885000000.0,4779000000.0,3602674514.0,19000000.0,0.0,0.0,-501000000.0,-29000000.0,-561000000.0,-109000000.0,-13000000.0,689000000.0,0.0,293000000.0,293000000.0,293000000.0,0.0,0.0,0.078,1333000000.0,594000000.0,568000000.0,0.098,1.34,12.296,12.299,953000000.0,0.0,20.17,0.961,0.961,3485000000.0,-315000000.0,3750000000.0,3750000000.0,0.0,0.031,0.115,0.072,0.162,37000000.0,1093000000.0,1.0,178615494.0,178615494.0,,20.995,6915000000.0,189000000.0,200000000.0,1137000000.0,38.714,-145000000.0
12,TNL,MRY,2008-12-31,2008-12-31,2008-12-31,2021-08-25,98000000.0,9573000000.0,10582750000.0,1914000000.0,7659000000.0,0.405,13.195,-187000000.0,136000000.0,136000000.0,2031000000.0,-1074000000.0,0.882,3.088,3794000000.0,463000000.0,3331000000.0,3794000000.0,983000000.0,184000000.0,0.0,0.024,0.16,-807000000.0,-623000000.0,-0.146,-623000000.0,-807000000.0,-887000000.0,-6.05,-6.05,-6.05,2342000000.0,3319750000.0,2342000000.0,4747590992.0,-6.0,-7.621,-78000000.0,-0.439,1.0,2250000000.0,0.526,2430000000.0,80000000.0,8632000000.0,8325250000.0,1319000000.0,0.0,0.0,0.0,7231000000.0,2169000000.0,5062000000.0,1162590992.0,-74000000.0,-135000000.0,-10000000.0,204000000.0,-28000000.0,166000000.0,-319000000.0,-18000000.0,109000000.0,-30000000.0,-1074000000.0,-1074000000.0,-1074000000.0,0.0,0.0,-0.251,3080000000.0,-830000000.0,661000000.0,-0.026,0.496,-1.082,-1.083,1038000000.0,0.0,6.55,0.272,0.272,3714000000.0,-578000000.0,4281000000.0,4281000000.0,0.0,-0.101,-0.324,-0.097,-0.189,35000000.0,1391000000.0,1.0,177494808.0,177494808.0,,24.119,7143000000.0,148000000.0,187000000.0,966000000.0,40.243,-255000000.0
13,TNL,MRY,2007-12-31,2007-12-31,2007-12-31,2021-08-25,194000000.0,10459000000.0,10106750000.0,2056000000.0,8403000000.0,0.431,19.761,-194000000.0,210000000.0,210000000.0,2118000000.0,403000000.0,0.943,1.975,3607000000.0,412000000.0,3195000000.0,3607000000.0,874000000.0,166000000.0,0.0,0.003,0.08,728000000.0,894000000.0,0.205,894000000.0,728000000.0,655000000.0,2.22,2.2,2.22,3516000000.0,3410000000.0,3516000000.0,7430865291.0,10.0,8.312,-184000000.0,-1.034,1.0,2242000000.0,0.514,3759000000.0,73000000.0,7917000000.0,7352500000.0,1235000000.0,0.0,0.0,0.0,6943000000.0,2180000000.0,4763000000.0,4191865291.0,-59000000.0,-16000000.0,-501000000.0,670000000.0,-14000000.0,177000000.0,-255000000.0,-50000000.0,10000000.0,9000000.0,403000000.0,403000000.0,403000000.0,0.0,0.0,0.092,1532000000.0,710000000.0,733000000.0,0.036,1.192,10.402,10.613,1009000000.0,0.0,23.56,0.961,0.961,3421000000.0,525000000.0,4360000000.0,4360000000.0,0.0,0.04,0.118,0.099,0.167,18000000.0,1350000000.0,1.0,177922975.0,177922975.0,,24.505,6700000000.0,101000000.0,252000000.0,927000000.0,37.657,-124000000.0
14,TNL,MRY,2006-12-31,2006-12-31,2006-12-31,2021-08-25,184000000.0,9520000000.0,9524250000.0,2052000000.0,7468000000.0,0.403,17.962,-191000000.0,269000000.0,269000000.0,1791000000.0,287000000.0,1.038,1.675,2900000000.0,293000000.0,2607000000.0,2900000000.0,814000000.0,148000000.0,0.0,0.0,0.0,544000000.0,692000000.0,0.18,692000000.0,544000000.0,477000000.0,1.45,1.44,1.45,3559000000.0,4343500000.0,3559000000.0,8686431753.0,16.0,12.553,-26000000.0,-0.131,1.0,2051000000.0,0.534,3737000000.0,67000000.0,6437000000.0,5720500000.0,954000000.0,0.0,0.0,0.0,5961000000.0,1977000000.0,3984000000.0,6344431753.0,170000000.0,-105000000.0,-316000000.0,1357000000.0,0.0,473000000.0,-471000000.0,-167000000.0,165000000.0,3000000.0,287000000.0,287000000.0,287000000.0,0.0,0.0,0.075,1474000000.0,577000000.0,798000000.0,0.0,1.783,22.106,22.083,916000000.0,0.0,32.02,1.651,1.651,2911000000.0,156000000.0,3842000000.0,3842000000.0,0.0,0.03,0.066,0.095,0.142,11000000.0,1227000000.0,1.0,198139655.0,198139655.0,,19.39,5783000000.0,105000000.0,190000000.0,782000000.0,29.186,75000000.0
15,TNL,MRY,2005-12-31,2005-12-31,2005-12-31,2021-08-25,108000000.0,9167000000.0,8755000000.0,2568000000.0,6599000000.0,0.396,,-134000000.0,99000000.0,99000000.0,1540000000.0,431000000.0,1.983,0.821,2042000000.0,355000000.0,1687000000.0,2042000000.0,533000000.0,131000000.0,0.0,,0.0,655000000.0,786000000.0,0.226,786000000.0,655000000.0,626000000.0,2.15,2.15,2.15,5033000000.0,4856000000.0,5033000000.0,,,,358000000.0,,1.0,1931000000.0,0.556,3637000000.0,29000000.0,6178000000.0,5288000000.0,636000000.0,0.0,0.0,0.0,4134000000.0,1295000000.0,2839000000.0,,5000000.0,-154000000.0,0.0,280000000.0,0.0,221000000.0,-696000000.0,-402000000.0,492000000.0,-12000000.0,431000000.0,431000000.0,431000000.0,0.0,0.0,0.124,1183000000.0,748000000.0,239000000.0,0.0,,,,718000000.0,0.0,,,,2445000000.0,0.0,3471000000.0,3471000000.0,0.0,0.049,0.089,0.124,0.189,0.0,1052000000.0,1.0,,,,,5530000000.0,84000000.0,195000000.0,823000000.0,,1273000000.0
16,TNL,MRY,2004-12-31,2004-12-31,2004-12-31,2021-08-25,214000000.0,8343000000.0,,2075000000.0,6268000000.0,,,-116000000.0,94000000.0,94000000.0,1248000000.0,349000000.0,1.76,0.783,909000000.0,134000000.0,775000000.0,909000000.0,507000000.0,119000000.0,0.0,,0.0,617000000.0,736000000.0,0.244,736000000.0,617000000.0,583000000.0,1.74,1.74,1.74,4679000000.0,,4679000000.0,,,,29000000.0,,1.0,1766000000.0,0.586,3581000000.0,34000000.0,4398000000.0,,525000000.0,0.0,0.0,0.0,3664000000.0,1179000000.0,2485000000.0,,19000000.0,-140000000.0,0.0,223000000.0,0.0,217000000.0,-326000000.0,-47000000.0,145000000.0,-17000000.0,349000000.0,349000000.0,349000000.0,0.0,0.0,0.116,1080000000.0,686000000.0,273000000.0,0.0,,,,735000000.0,0.0,,,,2779000000.0,,3014000000.0,3014000000.0,0.0,,,,0.205,0.0,961000000.0,1.0,,,,,4762000000.0,185000000.0,234000000.0,688000000.0,,896000000.0
17,TNL,MRY,2003-12-31,2003-12-31,2003-12-31,2021-08-25,,,,,,,,-102000000.0,,,1123000000.0,299000000.0,,,,,,,,107000000.0,,,0.0,480000000.0,587000000.0,0.221,587000000.0,480000000.0,485000000.0,,,,,,,,,,343000000.0,,1.0,1529000000.0,0.577,,-5000000.0,,,,,,,,,,,9000000.0,-40000000.0,0.0,200000000.0,0.0,189000000.0,-624000000.0,0.0,445000000.0,-1000000.0,299000000.0,299000000.0,299000000.0,0.0,0.0,0.113,964000000.0,565000000.0,,,,,,,0.0,,,,,,2652000000.0,2652000000.0,0.0,,,,0.181,0.0,857000000.0,1.0,,,,,,,186000000.0,,,
0,TNL,MRQ,2021-06-30,2021-06-30,2021-06-30,2021-08-25,-27000000.0,6639000000.0,,,,,-10.814,-13000000.0,446000000.0,446000000.0,410000000.0,72000000.0,,-8.108,5403000000.0,,,5403000000.0,419000000.0,37000000.0,0.0,0.02,0.3,150000000.0,187000000.0,0.235,187000000.0,150000000.0,103000000.0,0.83,0.82,0.83,-932000000.0,,-932000000.0,10231580004.0,26.0,18.912,199000000.0,2.309,1.0,387000000.0,0.486,1189000000.0,47000000.0,10407000000.0,,1339000000.0,0.0,,,7557000000.0,,,5123580004.0,-15000000.0,-2000000.0,5000000.0,-169000000.0,-27000000.0,-214000000.0,-15000000.0,0.0,212000000.0,2000000.0,72000000.0,72000000.0,72000000.0,0.0,0.0,0.09,236000000.0,151000000.0,56000000.0,0.361,-5.497,35.58,35.813,645000000.0,0.0,59.45,1.909,1.909,2429000000.0,1437000000.0,797000000.0,797000000.0,0.0,,,,,9000000.0,204000000.0,1.0,86183011.0,86183011.0,,9.248,5450000000.0,0.0,31000000.0,708000000.0,63.238,
1,TNL,MRQ,2021-03-31,2021-03-31,2021-03-31,2021-08-25,-29000000.0,6728000000.0,,,,,-11.521,-12000000.0,461000000.0,461000000.0,335000000.0,29000000.0,,-7.782,5569000000.0,,,5569000000.0,434000000.0,34000000.0,0.0,0.023,0.3,88000000.0,122000000.0,0.194,122000000.0,88000000.0,35000000.0,0.33,0.33,0.33,-990000000.0,,-990000000.0,10356557329.0,74.0,36.212,66000000.0,0.768,1.0,293000000.0,0.467,1191000000.0,53000000.0,10645000000.0,,1359000000.0,0.0,,,7704000000.0,,,5255557329.0,-856000000.0,-35000000.0,2000000.0,-846000000.0,-26000000.0,-884000000.0,-47000000.0,0.0,78000000.0,-3000000.0,29000000.0,29000000.0,29000000.0,0.0,0.0,0.046,206000000.0,87000000.0,62000000.0,0.909,-5.309,-57.126,-56.11,658000000.0,0.0,61.16,2.357,2.357,2464000000.0,1392000000.0,628000000.0,628000000.0,0.0,,,,,7000000.0,175000000.0,1.0,85931284.0,85931284.0,,7.308,5537000000.0,0.0,6000000.0,715000000.0,64.435,
2,TNL,MRQ,2020-12-31,2020-12-31,2020-12-31,2021-08-25,-16000000.0,7613000000.0,,,,,-11.437,-13000000.0,1317000000.0,1317000000.0,322000000.0,3000000.0,,-8.738,6418000000.0,,,6418000000.0,447000000.0,36000000.0,0.0,0.036,0.3,88000000.0,124000000.0,0.192,124000000.0,88000000.0,34000000.0,0.03,0.03,0.03,-982000000.0,,-982000000.0,9094738187.0,-106.0,144.361,137000000.0,1.596,1.0,323000000.0,0.501,1095000000.0,54000000.0,11619000000.0,,1347000000.0,0.0,,,8581000000.0,,,3851738187.0,-81000000.0,0.0,3000000.0,-247000000.0,-26000000.0,-273000000.0,33000000.0,50000000.0,150000000.0,9000000.0,3000000.0,3000000.0,3000000.0,2000000.0,0.0,0.005,238000000.0,85000000.0,62000000.0,10.0,-3.922,-15.105,-15.104,666000000.0,0.0,44.86,1.783,1.783,2597000000.0,1390000000.0,645000000.0,645000000.0,0.0,,,,,6000000.0,185000000.0,1.0,85861306.0,85861306.0,,7.512,6518000000.0,0.0,31000000.0,725000000.0,75.913,
3,TNL,MRQ,2020-09-30,2020-09-30,2020-09-30,2021-08-25,-56000000.0,7822000000.0,,,,,-11.812,-17000000.0,1398000000.0,1398000000.0,311000000.0,40000000.0,,-8.754,6641000000.0,,,6641000000.0,481000000.0,37000000.0,0.0,0.057,0.3,71000000.0,108000000.0,0.176,108000000.0,71000000.0,19000000.0,0.47,0.47,0.47,-1007000000.0,,-1007000000.0,7847323129.0,74.0,30.534,77000000.0,0.903,1.0,303000000.0,0.493,1090000000.0,52000000.0,11975000000.0,,1331000000.0,0.0,,,8815000000.0,,,2622323129.0,212000000.0,0.0,0.0,230000000.0,-26000000.0,177000000.0,-62000000.0,-50000000.0,94000000.0,3000000.0,40000000.0,40000000.0,40000000.0,0.0,0.0,0.065,239000000.0,64000000.0,57000000.0,0.638,-2.604,-29.137,-27.221,679000000.0,0.0,30.76,1.051,1.051,2643000000.0,1414000000.0,614000000.0,614000000.0,0.0,,,,,6000000.0,185000000.0,1.0,85251077.0,85251077.0,,7.202,6732000000.0,0.0,-21000000.0,683000000.0,78.967,
4,TNL,MRQ,2020-06-30,2020-06-30,2020-06-30,2021-08-25,-77000000.0,7597000000.0,,,,,-12.474,-18000000.0,1186000000.0,1186000000.0,208000000.0,-164000000.0,,-8.142,6411000000.0,,,6411000000.0,531000000.0,39000000.0,0.0,0.067,0.5,-107000000.0,-68000000.0,-0.198,-68000000.0,-107000000.0,-153000000.0,-1.92,-1.92,-1.92,-1062000000.0,,-1062000000.0,7622099171.0,30.0,18.59,55000000.0,0.646,1.0,135000000.0,0.394,1096000000.0,46000000.0,11726000000.0,,1278000000.0,0.0,,,8647000000.0,,,2399099171.0,15000000.0,0.0,4000000.0,-3000000.0,-43000000.0,-48000000.0,-18000000.0,0.0,73000000.0,8000000.0,-164000000.0,-164000000.0,-164000000.0,0.0,0.0,-0.478,249000000.0,-114000000.0,61000000.0,-0.26,-2.259,479.82,-234.833,670000000.0,0.0,28.18,0.803,0.803,2745000000.0,1399000000.0,343000000.0,343000000.0,0.0,,,,,7000000.0,117000000.0,1.0,85134818.0,85134818.0,,4.029,6501000000.0,0.0,11000000.0,734000000.0,76.361,
5,TNL,MRQ,2020-03-31,2020-03-31,2020-03-31,2021-08-25,-117000000.0,7776000000.0,,,,,-10.343,-21000000.0,1171000000.0,1171000000.0,392000000.0,-134000000.0,,-9.598,6394000000.0,,,6394000000.0,553000000.0,37000000.0,0.0,0.085,0.5,-137000000.0,-100000000.0,-0.179,-100000000.0,-137000000.0,-178000000.0,-1.54,-1.54,-1.54,-903000000.0,,-903000000.0,6967462058.0,12.0,9.664,36000000.0,0.412,1.0,166000000.0,0.297,1097000000.0,41000000.0,11902000000.0,,1218000000.0,0.0,,,8667000000.0,,,1894462058.0,669000000.0,0.0,-128000000.0,819000000.0,-43000000.0,646000000.0,-18000000.0,0.0,57000000.0,-16000000.0,-134000000.0,-134000000.0,-134000000.0,0.0,0.0,-0.24,307000000.0,-141000000.0,71000000.0,-0.325,-2.098,6.466,6.933,682000000.0,0.0,21.7,0.514,0.514,2929000000.0,1607000000.0,558000000.0,558000000.0,0.0,,,,,1000000.0,241000000.0,1.0,87302399.0,87302399.0,,6.392,6679000000.0,0.0,-44000000.0,764000000.0,76.504,
6,TNL,MRQ,2019-12-31,2019-12-31,2019-12-31,2021-08-25,-52000000.0,7453000000.0,,,,,-5.909,-33000000.0,502000000.0,502000000.0,452000000.0,168000000.0,,-14.882,5575000000.0,,,5575000000.0,541000000.0,38000000.0,0.0,0.035,0.45,279000000.0,317000000.0,0.323,317000000.0,279000000.0,239000000.0,1.86,1.84,1.86,-536000000.0,,-536000000.0,9831501028.0,11.0,9.715,99000000.0,1.091,1.0,529000000.0,0.539,1113000000.0,40000000.0,11413000000.0,,1199000000.0,0.0,,,7977000000.0,,,4688501028.0,75000000.0,106000000.0,-120000000.0,34000000.0,-41000000.0,-133000000.0,71000000.0,0.0,132000000.0,5000000.0,168000000.0,168000000.0,168000000.0,-13000000.0,0.0,0.171,337000000.0,192000000.0,73000000.0,0.242,-8.747,9.248,9.398,680000000.0,0.0,51.69,1.16,1.16,3264000000.0,1785000000.0,981000000.0,981000000.0,0.0,,,,,7000000.0,273000000.0,1.0,90704218.0,90704218.0,,10.815,6340000000.0,0.0,71000000.0,815000000.0,69.898,
7,TNL,MRQ,2019-09-30,2019-09-30,2019-09-30,2021-08-25,-77000000.0,7563000000.0,,,,,-6.311,-25000000.0,398000000.0,398000000.0,536000000.0,135000000.0,,-13.974,5541000000.0,,,5541000000.0,553000000.0,40000000.0,0.0,0.038,0.45,221000000.0,261000000.0,0.236,261000000.0,221000000.0,181000000.0,1.48,1.47,1.48,-582000000.0,,-582000000.0,9267238955.0,12.0,10.308,30000000.0,0.325,1.0,569000000.0,0.515,1108000000.0,40000000.0,11598000000.0,,1209000000.0,0.0,,,8133000000.0,,,4244238955.0,-56000000.0,-51000000.0,-90000000.0,113000000.0,-41000000.0,-35000000.0,-70000000.0,0.0,55000000.0,-6000000.0,135000000.0,135000000.0,135000000.0,0.0,0.0,0.122,355000000.0,214000000.0,86000000.0,0.304,-7.293,9.411,9.508,723000000.0,0.0,46.02,1.057,1.057,3255000000.0,1651000000.0,1105000000.0,1105000000.0,0.0,,,,,5000000.0,317000000.0,1.0,92225966.0,92225966.0,,11.981,6455000000.0,0.0,46000000.0,772000000.0,69.991,
8,TNL,MRQ,2019-06-30,2019-06-30,2019-06-30,2021-08-25,-51000000.0,7466000000.0,,,,,-6.089,-30000000.0,409000000.0,409000000.0,447000000.0,124000000.0,,-14.081,5432000000.0,,,5432000000.0,554000000.0,35000000.0,0.0,0.039,0.45,208000000.0,243000000.0,0.234,243000000.0,208000000.0,168000000.0,1.33,1.32,1.33,-570000000.0,,-570000000.0,8997844380.0,12.0,9.931,83000000.0,0.887,1.0,592000000.0,0.57,1027000000.0,40000000.0,11462000000.0,,1216000000.0,0.0,,,8026000000.0,,,4109844380.0,36000000.0,0.0,-58000000.0,119000000.0,-42000000.0,-53000000.0,-25000000.0,0.0,113000000.0,1000000.0,124000000.0,124000000.0,124000000.0,-6000000.0,0.0,0.119,394000000.0,198000000.0,81000000.0,0.338,-7.21,8.857,9.052,715000000.0,0.0,43.9,1.034,1.034,3188000000.0,1558000000.0,1039000000.0,1039000000.0,0.0,,,,,7000000.0,293000000.0,1.0,93618323.0,93618323.0,,11.098,6439000000.0,0.0,44000000.0,761000000.0,68.779,
9,TNL,MRQ,2019-03-31,2019-03-31,2019-03-31,2021-08-25,-50000000.0,7370000000.0,,,,,-6.288,-20000000.0,403000000.0,403000000.0,423000000.0,80000000.0,,-13.391,5291000000.0,,,5291000000.0,551000000.0,39000000.0,0.0,0.041,0.45,152000000.0,191000000.0,0.208,191000000.0,152000000.0,111000000.0,0.85,0.85,0.85,-594000000.0,,-594000000.0,8689806708.0,9.0,7.485,132000000.0,1.397,1.0,495000000.0,0.539,1031000000.0,41000000.0,11227000000.0,,1213000000.0,0.0,,,7954000000.0,,,3824806708.0,43000000.0,0.0,-61000000.0,35000000.0,-42000000.0,-68000000.0,-42000000.0,0.0,152000000.0,1000000.0,80000000.0,80000000.0,80000000.0,0.0,0.0,0.087,355000000.0,140000000.0,79000000.0,0.529,-6.439,5.327,5.547,720000000.0,0.0,40.49,0.97,0.97,3157000000.0,1480000000.0,918000000.0,918000000.0,0.0,,,,,5000000.0,276000000.0,1.0,94462996.0,94462996.0,,9.718,6339000000.0,0.0,31000000.0,749000000.0,67.106,
10,TNL,MRQ,2018-12-31,2018-12-31,2018-12-31,2021-08-25,-52000000.0,7158000000.0,,,,,-5.941,-36000000.0,373000000.0,373000000.0,468000000.0,112000000.0,,-13.345,5238000000.0,,,5238000000.0,518000000.0,33000000.0,0.0,0.053,0.41,171000000.0,204000000.0,0.214,204000000.0,171000000.0,130000000.0,1.18,1.17,1.18,-579000000.0,,-579000000.0,8487706309.0,9.0,7.647,51000000.0,0.523,1.0,487000000.0,0.51,1031000000.0,41000000.0,10992000000.0,,1224000000.0,0.0,,,7727000000.0,,,3492706309.0,27000000.0,1000000.0,-104000000.0,83000000.0,-40000000.0,-68000000.0,11000000.0,0.0,87000000.0,-3000000.0,112000000.0,112000000.0,112000000.0,-6000000.0,0.0,0.117,329000000.0,158000000.0,66000000.0,0.347,-6.032,5.197,5.271,712000000.0,0.0,35.84,0.889,0.889,3158000000.0,1442000000.0,955000000.0,955000000.0,0.0,,,,,8000000.0,255000000.0,1.0,97452743.0,97452743.0,,9.8,6127000000.0,0.0,18000000.0,736000000.0,62.871,
11,TNL,MRQ,2018-09-30,2018-09-30,2018-09-30,2021-08-25,-31000000.0,7132000000.0,,,,,-5.17,-22000000.0,164000000.0,164000000.0,507000000.0,148000000.0,,-14.866,5159000000.0,,,5159000000.0,564000000.0,32000000.0,0.0,0.048,0.41,236000000.0,268000000.0,0.252,268000000.0,236000000.0,199000000.0,1.49,1.49,1.49,-514000000.0,,-514000000.0,9229800035.0,11.0,9.129,28000000.0,0.282,1.0,555000000.0,0.523,1082000000.0,37000000.0,11045000000.0,,1197000000.0,0.0,,,7641000000.0,,,4310800035.0,-10000000.0,0.0,-103000000.0,84000000.0,-40000000.0,-48000000.0,-12000000.0,0.0,50000000.0,0.0,148000000.0,148000000.0,148000000.0,-17000000.0,0.0,0.139,358000000.0,197000000.0,147000000.0,0.275,-8.387,4.417,4.484,775000000.0,0.0,43.36,1.104,1.104,3186000000.0,1384000000.0,1062000000.0,1062000000.0,0.0,,,,,12000000.0,295000000.0,1.0,99418820.0,99418820.0,,10.682,6050000000.0,0.0,51000000.0,709000000.0,60.854,
12,TNL,MRQ,2018-06-30,2018-06-30,2018-06-30,2021-08-25,-26000000.0,7075000000.0,,,,,-5.261,-27000000.0,155000000.0,155000000.0,485000000.0,378000000.0,,-14.467,5074000000.0,,,5074000000.0,592000000.0,36000000.0,0.0,0.05,0.41,462000000.0,498000000.0,0.495,498000000.0,462000000.0,416000000.0,3.78,3.77,3.78,-525000000.0,,-525000000.0,10387393012.0,10.0,9.08,145000000.0,1.453,1.0,522000000.0,0.518,1086000000.0,46000000.0,10908000000.0,,1243000000.0,0.0,,,7595000000.0,,,4417393012.0,-202000000.0,0.0,-47000000.0,-1124000000.0,-44000000.0,327000000.0,-694000000.0,0.0,172000000.0,-7000000.0,378000000.0,378000000.0,378000000.0,-390000000.0,0.0,0.375,457000000.0,65000000.0,197000000.0,0.108,-8.414,4.045,4.114,764000000.0,0.0,44.27,1.145,1.145,3110000000.0,1285000000.0,1007000000.0,1007000000.0,0.0,,,,,91000000.0,288000000.0,1.0,99782991.0,99782991.0,,10.092,5989000000.0,0.0,38000000.0,701000000.0,60.02,
13,TNL,MRQ,2018-03-31,2018-03-31,2018-03-31,2021-08-25,3000000.0,11099000000.0,,3682000000.0,7417000000.0,,6.468,-14000000.0,291000000.0,291000000.0,453000000.0,34000000.0,1.188,16.2,6261000000.0,289000000.0,5972000000.0,6261000000.0,849000000.0,37000000.0,0.0,0.021,0.66,103000000.0,140000000.0,0.154,140000000.0,103000000.0,58000000.0,0.34,0.34,0.34,645000000.0,,645000000.0,17318357359.0,26.0,22.203,119000000.0,1.193,1.0,454000000.0,0.501,2415000000.0,45000000.0,11555000000.0,,1225000000.0,0.0,0.0,0.0,10449000000.0,3099000000.0,7350000000.0,11411357359.0,173000000.0,-5000000.0,-76000000.0,255000000.0,-70000000.0,69000000.0,-30000000.0,0.0,133000000.0,1000000.0,34000000.0,34000000.0,34000000.0,7000000.0,0.0,0.037,351000000.0,103000000.0,245000000.0,1.941,17.692,14.282,14.671,1112000000.0,0.0,114.43,2.979,2.979,3326000000.0,2449000000.0,907000000.0,907000000.0,0.0,,,,,18000000.0,284000000.0,1.0,99723476.0,99723476.0,,9.095,8684000000.0,0.0,24000000.0,802000000.0,87.081,583000000.0
14,TNL,MRQ,2017-12-31,2017-12-31,2017-12-31,2021-08-25,-11000000.0,10450000000.0,,2995000000.0,7455000000.0,,7.589,-31000000.0,219000000.0,219000000.0,453000000.0,416000000.0,1.139,12.583,6006000000.0,321000000.0,5686000000.0,6006000000.0,559000000.0,36000000.0,0.0,0.02,0.58,69000000.0,105000000.0,0.113,105000000.0,69000000.0,28000000.0,4.06,4.03,4.06,769000000.0,,769000000.0,17352671892.0,25.0,21.24,291000000.0,2.872,1.0,477000000.0,0.513,1054000000.0,41000000.0,12554000000.0,,1249000000.0,0.0,0.0,0.0,9676000000.0,2629000000.0,7047000000.0,11740671892.0,-39000000.0,-21000000.0,-152000000.0,69000000.0,-58000000.0,-154000000.0,-208000000.0,0.0,322000000.0,1000000.0,416000000.0,416000000.0,416000000.0,28000000.0,0.0,0.447,386000000.0,91000000.0,232000000.0,0.143,15.267,13.748,13.977,822000000.0,0.0,115.87,3.085,3.085,3096000000.0,2501000000.0,930000000.0,930000000.0,0.0,,,,,19000000.0,275000000.0,1.0,101326244.0,101326244.0,,9.178,9396000000.0,0.0,-388000000.0,613000000.0,92.73,366000000.0
15,TNL,MRQ,2017-09-30,2017-09-30,2017-09-30,2021-08-25,-9000000.0,10261000000.0,,2039000000.0,8222000000.0,,6.071,-25000000.0,289000000.0,289000000.0,487000000.0,264000000.0,0.961,15.434,5901000000.0,234000000.0,5667000000.0,5901000000.0,723000000.0,35000000.0,0.0,0.021,0.58,366000000.0,401000000.0,0.395,401000000.0,366000000.0,326000000.0,2.58,2.57,2.58,624000000.0,,624000000.0,16179647699.0,21.0,20.377,-23000000.0,-0.224,1.0,528000000.0,0.52,2823000000.0,40000000.0,10929000000.0,,1333000000.0,0.0,0.0,0.0,9631000000.0,2121000000.0,7510000000.0,10834647699.0,-173000000.0,-22000000.0,-147000000.0,118000000.0,-59000000.0,-95000000.0,-85000000.0,0.0,2000000.0,5000000.0,264000000.0,264000000.0,264000000.0,-162000000.0,0.0,0.26,344000000.0,184000000.0,432000000.0,0.225,17.363,17.968,18.206,1358000000.0,0.0,105.41,4.232,4.232,3450000000.0,2219000000.0,1015000000.0,1015000000.0,0.0,,,,,13000000.0,285000000.0,1.0,102785767.0,102785767.0,,9.875,7438000000.0,0.0,62000000.0,1285000000.0,72.364,-82000000.0
16,TNL,MRQ,2017-06-30,2017-06-30,2017-06-30,2021-08-25,-39000000.0,10348000000.0,,2258000000.0,8090000000.0,,5.625,-23000000.0,415000000.0,415000000.0,472000000.0,85000000.0,0.947,16.62,5760000000.0,226000000.0,5534000000.0,5760000000.0,818000000.0,14000000.0,0.0,0.022,0.58,120000000.0,134000000.0,0.137,134000000.0,120000000.0,81000000.0,0.82,0.81,0.82,587000000.0,,587000000.0,15969169576.0,22.0,20.087,401000000.0,3.843,1.0,506000000.0,0.517,2761000000.0,39000000.0,10548000000.0,,1325000000.0,0.0,0.0,0.0,9756000000.0,2384000000.0,7372000000.0,10478169576.0,198000000.0,-5000000.0,-153000000.0,13000000.0,-61000000.0,-186000000.0,-48000000.0,2000000.0,424000000.0,8000000.0,85000000.0,85000000.0,85000000.0,-71000000.0,0.0,0.087,461000000.0,45000000.0,670000000.0,0.707,17.85,19.585,20.082,1368000000.0,0.0,100.41,3.361,3.361,3390000000.0,2077000000.0,978000000.0,978000000.0,0.0,,,,,12000000.0,293000000.0,1.0,104353845.0,104353845.0,,9.372,7587000000.0,0.0,-4000000.0,1255000000.0,72.705,-126000000.0
17,TNL,MRQ,2017-03-31,2017-03-31,2017-03-31,2021-08-25,-84000000.0,10343000000.0,,2302000000.0,8041000000.0,,6.306,-28000000.0,222000000.0,222000000.0,560000000.0,90000000.0,0.98,14.618,5713000000.0,231000000.0,5482000000.0,5713000000.0,827000000.0,51000000.0,0.0,0.025,0.58,150000000.0,201000000.0,0.174,201000000.0,150000000.0,116000000.0,0.86,0.85,0.86,662000000.0,,662000000.0,14175674684.0,16.0,14.133,210000000.0,2.0,1.0,594000000.0,0.515,2738000000.0,34000000.0,10747000000.0,,1362000000.0,0.0,0.0,0.0,9677000000.0,2349000000.0,7328000000.0,8848674684.0,97000000.0,0.0,-147000000.0,148000000.0,-64000000.0,-123000000.0,-21000000.0,-2000000.0,238000000.0,3000000.0,90000000.0,90000000.0,90000000.0,37000000.0,0.0,0.078,409000000.0,185000000.0,740000000.0,0.674,13.367,14.602,15.106,1360000000.0,0.0,84.29,2.498,2.498,3600000000.0,2060000000.0,1154000000.0,1154000000.0,0.0,,,,,15000000.0,346000000.0,1.0,104978938.0,104978938.0,,10.993,7605000000.0,0.0,26000000.0,1298000000.0,72.443,-47000000.0
18,TNL,MRQ,2016-12-31,2016-12-31,2016-12-31,2021-08-25,-113000000.0,9819000000.0,,1812000000.0,8007000000.0,,6.625,19000000.0,113000000.0,113000000.0,-257000000.0,164000000.0,0.892,12.746,5441000000.0,217000000.0,5224000000.0,5441000000.0,615000000.0,-60000000.0,0.0,0.026,0.5,118000000.0,58000000.0,-0.099,58000000.0,118000000.0,87000000.0,1.53,1.51,1.53,714000000.0,,714000000.0,13347894283.0,14.0,12.58,196000000.0,1.819,1.0,-330000000.0,0.562,2239000000.0,31000000.0,10876000000.0,,1345000000.0,0.0,0.0,0.0,9101000000.0,2032000000.0,7069000000.0,8230894283.0,-150000000.0,16000000.0,-150000000.0,72000000.0,-54000000.0,-144000000.0,-174000000.0,15000000.0,177000000.0,-9000000.0,164000000.0,164000000.0,164000000.0,-260000000.0,0.0,-0.279,-185000000.0,-145000000.0,213000000.0,0.327,11.528,13.471,13.736,1028000000.0,0.0,76.37,2.229,2.229,3153000000.0,1977000000.0,-587000000.0,-587000000.0,0.0,,,,,4000000.0,-123000000.0,1.0,107776539.0,107776539.0,,-5.446,7580000000.0,0.0,-77000000.0,1167000000.0,70.331,-220000000.0
19,TNL,MRQ,2016-09-30,2016-09-30,2016-09-30,2021-08-25,-56000000.0,9743000000.0,,1843000000.0,7900000000.0,,7.217,-46000000.0,332000000.0,332000000.0,745000000.0,197000000.0,0.954,11.281,5449000000.0,233000000.0,5216000000.0,5449000000.0,672000000.0,62000000.0,0.0,0.029,0.5,340000000.0,402000000.0,0.256,402000000.0,340000000.0,306000000.0,1.79,1.78,1.79,793000000.0,,793000000.0,12325882403.0,12.0,10.187,34000000.0,0.309,1.0,828000000.0,0.526,2653000000.0,34000000.0,10276000000.0,,1314000000.0,0.0,0.0,0.0,8946000000.0,1931000000.0,7015000000.0,7397882403.0,-146000000.0,-37000000.0,-149000000.0,34000000.0,-54000000.0,-191000000.0,-32000000.0,-5000000.0,80000000.0,-3000000.0,196000000.0,196000000.0,196000000.0,0.0,1000000.0,0.125,492000000.0,336000000.0,392000000.0,0.279,9.329,12.56,12.8,1358000000.0,0.0,67.33,1.5,1.5,3302000000.0,1866000000.0,1573000000.0,1573000000.0,0.0,,,,,16000000.0,415000000.0,1.0,109874980.0,109874980.0,,14.316,7090000000.0,0.0,110000000.0,1198000000.0,64.528,-88000000.0
20,TNL,MRQ,2016-06-30,2016-06-30,2016-06-30,2021-08-25,-66000000.0,9942000000.0,,2127000000.0,7815000000.0,,6.949,-47000000.0,478000000.0,478000000.0,673000000.0,156000000.0,0.972,11.775,5406000000.0,244000000.0,5162000000.0,5406000000.0,781000000.0,63000000.0,0.0,0.026,0.5,279000000.0,342000000.0,0.244,342000000.0,279000000.0,245000000.0,1.4,1.39,1.4,778000000.0,,778000000.0,13088318309.0,13.0,10.98,398000000.0,3.555,1.0,730000000.0,0.52,2643000000.0,34000000.0,10039000000.0,,1291000000.0,0.0,0.0,0.0,9161000000.0,2188000000.0,6973000000.0,7974318309.0,160000000.0,0.0,-152000000.0,-35000000.0,-55000000.0,-224000000.0,-50000000.0,-2000000.0,445000000.0,-11000000.0,156000000.0,156000000.0,156000000.0,0.0,0.0,0.111,459000000.0,271000000.0,580000000.0,0.357,10.25,13.678,13.994,1361000000.0,0.0,71.23,1.619,1.619,3285000000.0,1726000000.0,1403000000.0,1403000000.0,0.0,,,,,20000000.0,396000000.0,1.0,111951682.0,111951682.0,,12.532,7299000000.0,0.0,89000000.0,1195000000.0,65.198,-61000000.0
21,TNL,MRQ,2016-03-31,2016-03-31,2016-03-31,2021-08-25,-38000000.0,10165000000.0,,2349000000.0,7816000000.0,,7.439,-43000000.0,318000000.0,318000000.0,668000000.0,96000000.0,1.041,11.141,5432000000.0,252000000.0,5180000000.0,5432000000.0,794000000.0,62000000.0,0.0,0.023,0.5,196000000.0,258000000.0,0.198,258000000.0,196000000.0,163000000.0,0.85,0.84,0.85,837000000.0,,837000000.0,13635990032.0,14.0,11.517,218000000.0,1.938,1.0,635000000.0,0.487,2679000000.0,33000000.0,10344000000.0,,1254000000.0,0.0,0.0,0.0,9325000000.0,2256000000.0,7069000000.0,8598990032.0,147000000.0,0.0,-168000000.0,231000000.0,-60000000.0,-27000000.0,-90000000.0,-8000000.0,261000000.0,3000000.0,96000000.0,96000000.0,96000000.0,0.0,0.0,0.074,440000000.0,195000000.0,634000000.0,0.588,10.274,14.674,15.195,1403000000.0,0.0,76.43,1.748,1.748,3510000000.0,1628000000.0,1303000000.0,1303000000.0,0.0,,,,,8000000.0,378000000.0,1.0,112508047.0,112508047.0,,11.581,7486000000.0,144000000.0,67000000.0,1306000000.0,66.537,93000000.0
22,TNL,MRQ,2015-12-31,2015-12-31,2015-12-31,2021-08-25,-74000000.0,9591000000.0,,1743000000.0,7848000000.0,,8.182,-32000000.0,171000000.0,171000000.0,292000000.0,141000000.0,0.891,9.093,5181000000.0,253000000.0,4928000000.0,5181000000.0,681000000.0,14000000.0,0.0,0.023,0.42,194000000.0,208000000.0,0.318,208000000.0,194000000.0,161000000.0,1.22,1.21,1.22,950000000.0,,950000000.0,13359100900.0,13.0,11.077,142000000.0,1.223,1.0,362000000.0,0.554,2686000000.0,33000000.0,9958000000.0,,1259000000.0,0.0,0.0,0.0,8638000000.0,1957000000.0,6681000000.0,8435100900.0,-88000000.0,23000000.0,-173000000.0,29000000.0,-49000000.0,-198000000.0,-58000000.0,4000000.0,174000000.0,-6000000.0,141000000.0,141000000.0,141000000.0,-60000000.0,0.0,0.216,234000000.0,128000000.0,394000000.0,0.344,8.879,13.783,14.025,1399000000.0,0.0,72.65,1.729,1.729,3296000000.0,1592000000.0,654000000.0,654000000.0,0.0,,,,,14000000.0,222000000.0,1.0,116106000.0,116106000.0,,5.633,6905000000.0,0.0,20000000.0,1154000000.0,59.472,-214000000.0
23,TNL,MRQ,2015-09-30,2015-09-30,2015-09-30,2021-08-25,-67000000.0,9707000000.0,,1843000000.0,7864000000.0,,8.602,-45000000.0,259000000.0,259000000.0,752000000.0,190000000.0,0.969,8.551,5183000000.0,254000000.0,4929000000.0,5183000000.0,649000000.0,59000000.0,0.0,0.022,0.42,325000000.0,384000000.0,0.246,384000000.0,325000000.0,292000000.0,1.62,1.61,1.62,1016000000.0,,1016000000.0,13328159546.0,14.0,10.952,35000000.0,0.296,1.0,812000000.0,0.519,2713000000.0,33000000.0,10017000000.0,,1252000000.0,0.0,0.0,0.0,8688000000.0,1901000000.0,6787000000.0,8492159546.0,-151000000.0,-8000000.0,-162000000.0,-54000000.0,-49000000.0,-208000000.0,-11000000.0,-5000000.0,80000000.0,-12000000.0,190000000.0,190000000.0,190000000.0,0.0,0.0,0.121,492000000.0,320000000.0,348000000.0,0.259,8.358,15.384,15.496,1402000000.0,0.0,71.9,1.557,1.557,3169000000.0,1501000000.0,1564000000.0,1564000000.0,0.0,,,,,15000000.0,418000000.0,1.0,118110703.0,118110703.0,,13.242,6994000000.0,121000000.0,102000000.0,1249000000.0,59.216,-58000000.0
24,TNL,MRQ,2015-06-30,2015-06-30,2015-06-30,2021-08-25,-32000000.0,10024000000.0,,2164000000.0,7860000000.0,,8.88,-56000000.0,410000000.0,410000000.0,676000000.0,159000000.0,1.0,8.401,5246000000.0,263000000.0,4983000000.0,5246000000.0,751000000.0,58000000.0,0.0,0.019,0.42,276000000.0,334000000.0,0.239,334000000.0,276000000.0,246000000.0,1.34,1.33,1.34,1066000000.0,,1066000000.0,14864913963.0,15.0,11.93,428000000.0,3.565,1.0,722000000.0,0.516,2729000000.0,30000000.0,9968000000.0,,1241000000.0,0.0,0.0,0.0,8955000000.0,2163000000.0,6792000000.0,9832913963.0,230000000.0,-29000000.0,-169000000.0,40000000.0,-50000000.0,-178000000.0,-84000000.0,0.0,484000000.0,8000000.0,159000000.0,159000000.0,159000000.0,0.0,0.0,0.114,451000000.0,271000000.0,552000000.0,0.313,9.224,17.311,17.54,1427000000.0,0.0,81.91,1.819,1.819,3178000000.0,1361000000.0,1398000000.0,1398000000.0,0.0,,,,,14000000.0,393000000.0,1.0,120045342.0,120045342.0,,11.646,7295000000.0,120000000.0,87000000.0,1240000000.0,60.769,1000000.0
25,TNL,MRQ,2015-03-31,2015-03-31,2015-03-31,2021-08-25,-60000000.0,9898000000.0,,2107000000.0,7791000000.0,,8.975,-56000000.0,180000000.0,180000000.0,615000000.0,122000000.0,1.01,8.146,5212000000.0,270000000.0,4942000000.0,5212000000.0,739000000.0,56000000.0,0.0,0.016,0.42,224000000.0,280000000.0,0.222,280000000.0,224000000.0,198000000.0,1.01,1.0,1.01,1082000000.0,,1082000000.0,15776888231.0,16.0,12.713,197000000.0,1.634,1.0,647000000.0,0.513,2692000000.0,26000000.0,10152000000.0,,1185000000.0,0.0,0.0,0.0,8814000000.0,2086000000.0,6728000000.0,10906888231.0,-3000000.0,-60000000.0,-154000000.0,143000000.0,-54000000.0,-91000000.0,-149000000.0,-7000000.0,253000000.0,-16000000.0,122000000.0,122000000.0,122000000.0,0.0,0.0,0.097,431000000.0,216000000.0,576000000.0,0.416,10.08,19.407,19.927,1443000000.0,0.0,90.47,2.039,2.039,3360000000.0,1252000000.0,1262000000.0,1262000000.0,0.0,,,,,-2000000.0,376000000.0,1.0,120558066.0,120558066.0,,10.468,7206000000.0,115000000.0,76000000.0,1223000000.0,59.772,21000000.0
26,TNL,MRQ,2014-12-31,2014-12-31,2014-12-31,2021-08-25,24000000.0,9679000000.0,,1867000000.0,7812000000.0,,10.181,-86000000.0,183000000.0,183000000.0,602000000.0,80000000.0,1.004,6.711,5053000000.0,261000000.0,4792000000.0,5053000000.0,663000000.0,58000000.0,0.0,0.016,0.35,161000000.0,219000000.0,0.178,219000000.0,161000000.0,132000000.0,0.67,0.67,0.67,1255000000.0,,1255000000.0,15182019272.0,16.0,12.747,-1000000.0,-0.008,1.0,629000000.0,0.511,2665000000.0,29000000.0,10025000000.0,,1162000000.0,0.0,0.0,0.0,8422000000.0,1859000000.0,6563000000.0,10571019272.0,-69000000.0,-5000000.0,-169000000.0,174000000.0,-43000000.0,-53000000.0,-91000000.0,5000000.0,85000000.0,-10000000.0,81000000.0,81000000.0,81000000.0,0.0,-1000000.0,0.066,475000000.0,154000000.0,385000000.0,0.522,8.423,19.983,20.322,1500000000.0,0.0,85.76,2.002,2.002,3207000000.0,1183000000.0,1231000000.0,1231000000.0,0.0,,,,,14000000.0,379000000.0,1.0,123262818.0,123262818.0,,9.987,7014000000.0,114000000.0,51000000.0,1202000000.0,56.903,8000000.0
27,TNL,MRQ,2014-09-30,2014-09-30,2014-09-30,2021-08-25,57000000.0,9557000000.0,,1842000000.0,7715000000.0,,11.249,-51000000.0,252000000.0,252000000.0,680000000.0,206000000.0,1.017,5.786,4863000000.0,241000000.0,4622000000.0,4863000000.0,661000000.0,60000000.0,0.0,0.02,0.35,353000000.0,413000000.0,0.273,413000000.0,353000000.0,325000000.0,1.65,1.64,1.65,1408000000.0,,1408000000.0,14636785847.0,15.0,12.207,55000000.0,0.439,1.0,834000000.0,0.551,2695000000.0,28000000.0,9662000000.0,,1009000000.0,0.0,0.0,0.0,8146000000.0,1811000000.0,6335000000.0,10170785847.0,5000000.0,-1000000.0,-168000000.0,153000000.0,-43000000.0,-62000000.0,-25000000.0,-14000000.0,106000000.0,-14000000.0,206000000.0,206000000.0,206000000.0,0.0,0.0,0.136,483000000.0,351000000.0,348000000.0,0.212,7.224,19.011,19.21,1522000000.0,0.0,81.26,1.939,1.939,3162000000.0,1146000000.0,1514000000.0,1514000000.0,0.0,,,,,-3000000.0,415000000.0,1.0,125163498.0,125163498.0,,12.096,6862000000.0,97000000.0,119000000.0,1185000000.0,54.824,31000000.0
28,TNL,MRQ,2014-06-30,2014-06-30,2014-06-30,2021-08-25,145000000.0,9857000000.0,,2054000000.0,7803000000.0,,11.657,-52000000.0,247000000.0,247000000.0,631000000.0,153000000.0,0.948,5.64,4713000000.0,237000000.0,4476000000.0,4713000000.0,776000000.0,59000000.0,0.0,0.021,0.35,270000000.0,329000000.0,0.245,329000000.0,270000000.0,241000000.0,1.21,1.2,1.21,1484000000.0,,1484000000.0,14301589951.0,15.0,12.255,426000000.0,3.346,1.0,712000000.0,0.53,2742000000.0,29000000.0,9414000000.0,,1032000000.0,0.0,0.0,0.0,8370000000.0,2167000000.0,6203000000.0,9639589951.0,44000000.0,-3000000.0,-157000000.0,-164000000.0,-45000000.0,-367000000.0,-72000000.0,-10000000.0,478000000.0,5000000.0,153000000.0,153000000.0,153000000.0,0.0,0.0,0.114,446000000.0,266000000.0,562000000.0,0.289,6.496,18.681,18.93,1553000000.0,0.0,75.72,1.869,1.869,3199000000.0,984000000.0,1343000000.0,1343000000.0,0.0,,,,,15000000.0,387000000.0,1.0,127305731.0,127305731.0,,10.549,7115000000.0,93000000.0,88000000.0,1198000000.0,55.889,-113000000.0
29,TNL,MRQ,2014-03-31,2014-03-31,2014-03-31,2021-08-25,134000000.0,10022000000.0,,2239000000.0,7783000000.0,,11.877,-46000000.0,203000000.0,203000000.0,590000000.0,90000000.0,1.049,5.583,4865000000.0,244000000.0,4621000000.0,4865000000.0,786000000.0,56000000.0,0.0,0.021,0.35,176000000.0,232000000.0,0.194,232000000.0,176000000.0,149000000.0,0.7,0.69,0.7,1522000000.0,,1522000000.0,14030858945.0,15.0,12.34,269000000.0,2.099,1.0,603000000.0,0.505,2742000000.0,27000000.0,9807000000.0,,1029000000.0,0.0,0.0,0.0,8498000000.0,2135000000.0,6363000000.0,9383858945.0,9000000.0,-14000000.0,-152000000.0,6000000.0,-48000000.0,-219000000.0,-88000000.0,-1000000.0,315000000.0,1000000.0,90000000.0,90000000.0,90000000.0,0.0,0.0,0.075,432000000.0,171000000.0,639000000.0,0.5,6.165,18.919,19.373,1554000000.0,0.0,73.23,1.852,1.852,3450000000.0,877000000.0,1193000000.0,1193000000.0,0.0,,,,,-3000000.0,376000000.0,1.0,128142277.0,128142277.0,,9.31,7280000000.0,102000000.0,59000000.0,1199000000.0,56.812,104000000.0
30,TNL,MRQ,2013-12-31,2013-12-31,2013-12-31,2021-08-25,122000000.0,9741000000.0,,1940000000.0,7801000000.0,,12.455,-85000000.0,194000000.0,194000000.0,582000000.0,86000000.0,1.084,5.001,4841000000.0,233000000.0,4608000000.0,4841000000.0,643000000.0,56000000.0,0.0,0.02,0.58,169000000.0,225000000.0,0.188,225000000.0,169000000.0,135000000.0,0.67,0.66,0.67,1623000000.0,,1623000000.0,14164307945.0,17.0,13.765,65000000.0,0.499,1.0,613000000.0,0.513,2742000000.0,34000000.0,9856000000.0,,1023000000.0,0.0,0.0,0.0,8116000000.0,1790000000.0,6326000000.0,9602307945.0,-75000000.0,5000000.0,-120000000.0,6000000.0,-37000000.0,-141000000.0,-84000000.0,-11000000.0,150000000.0,0.0,86000000.0,86000000.0,86000000.0,0.0,0.0,0.072,447000000.0,166000000.0,360000000.0,0.866,5.916,22.228,22.674,1555000000.0,0.0,73.69,1.917,1.917,3258000000.0,832000000.0,1195000000.0,1195000000.0,0.0,,,,,13000000.0,373000000.0,1.0,130306798.0,130306798.0,,9.171,6999000000.0,108000000.0,49000000.0,1173000000.0,53.712,150000000.0
31,TNL,MRQ,2013-09-30,2013-09-30,2013-09-30,2021-08-25,124000000.0,9666000000.0,,1864000000.0,7802000000.0,,12.635,-49000000.0,269000000.0,269000000.0,651000000.0,187000000.0,1.11,4.752,4831000000.0,241000000.0,4590000000.0,4831000000.0,648000000.0,54000000.0,0.0,0.018,0.29,327000000.0,381000000.0,0.267,381000000.0,327000000.0,296000000.0,1.42,1.4,1.42,1680000000.0,,1680000000.0,12553581626.0,16.0,12.429,51000000.0,0.384,1.0,776000000.0,0.544,2745000000.0,31000000.0,9803000000.0,,1014000000.0,0.0,0.0,0.0,7984000000.0,1680000000.0,6304000000.0,8106581626.0,-73000000.0,0.0,-160000000.0,33000000.0,-39000000.0,-170000000.0,-12000000.0,-4000000.0,100000000.0,9000000.0,187000000.0,187000000.0,187000000.0,0.0,0.0,0.131,453000000.0,323000000.0,348000000.0,0.204,4.825,18.985,19.053,1513000000.0,0.0,60.97,1.652,1.652,3184000000.0,785000000.0,1427000000.0,1427000000.0,0.0,,,,,12000000.0,399000000.0,1.0,132960171.0,132960171.0,,10.733,6921000000.0,97000000.0,109000000.0,1130000000.0,52.053,184000000.0
32,TNL,MRQ,2013-06-30,2013-06-30,2013-06-30,2021-08-25,86000000.0,9849000000.0,,2095000000.0,7754000000.0,,12.078,-63000000.0,342000000.0,342000000.0,600000000.0,133000000.0,1.059,5.001,4789000000.0,269000000.0,4520000000.0,4789000000.0,721000000.0,54000000.0,0.0,0.018,0.29,245000000.0,299000000.0,0.239,299000000.0,245000000.0,211000000.0,0.99,0.98,0.99,1641000000.0,,1641000000.0,12513979398.0,16.0,13.008,421000000.0,3.098,1.0,653000000.0,0.521,2722000000.0,34000000.0,9596000000.0,,1024000000.0,0.0,0.0,0.0,8207000000.0,1978000000.0,6229000000.0,7775979398.0,125000000.0,-2000000.0,-178000000.0,-171000000.0,-39000000.0,-301000000.0,-52000000.0,-2000000.0,484000000.0,-6000000.0,133000000.0,133000000.0,133000000.0,0.0,0.0,0.106,412000000.0,241000000.0,520000000.0,0.293,4.739,19.489,19.667,1491000000.0,0.0,57.23,1.639,1.639,3210000000.0,637000000.0,1253000000.0,1253000000.0,0.0,,,,,14000000.0,358000000.0,1.0,135872434.0,135872434.0,,9.222,7127000000.0,118000000.0,78000000.0,1123000000.0,52.454,117000000.0
33,TNL,MRQ,2013-03-31,2013-03-31,2013-03-31,2021-08-25,120000000.0,9892000000.0,,2141000000.0,7751000000.0,,12.757,-41000000.0,217000000.0,217000000.0,559000000.0,27000000.0,1.025,4.675,4955000000.0,482000000.0,4473000000.0,4955000000.0,675000000.0,52000000.0,0.0,0.015,0.29,73000000.0,125000000.0,0.11,125000000.0,73000000.0,41000000.0,0.19,0.19,0.19,1743000000.0,,1743000000.0,13177205198.0,17.0,13.915,233000000.0,1.705,1.0,574000000.0,0.507,2732000000.0,32000000.0,9809000000.0,,1051000000.0,0.0,0.0,0.0,8148000000.0,2089000000.0,6059000000.0,8810205198.0,22000000.0,-126000000.0,-135000000.0,196000000.0,-41000000.0,7000000.0,-253000000.0,-51000000.0,274000000.0,-6000000.0,27000000.0,27000000.0,27000000.0,0.0,0.0,0.024,393000000.0,181000000.0,542000000.0,1.526,5.055,22.361,22.947,1470000000.0,0.0,64.48,1.902,1.902,3425000000.0,544000000.0,1133000000.0,1133000000.0,0.0,,,,,-1000000.0,341000000.0,1.0,136634696.0,136634696.0,,8.292,7160000000.0,152000000.0,14000000.0,1121000000.0,52.403,52000000.0
34,TNL,MRQ,2012-12-31,2012-12-31,2012-12-31,2021-08-25,151000000.0,9463000000.0,,1866000000.0,7597000000.0,,13.759,-85000000.0,195000000.0,195000000.0,520000000.0,80000000.0,0.966,3.903,4562000000.0,544000000.0,4018000000.0,4562000000.0,590000000.0,49000000.0,0.0,0.017,0.23,156000000.0,205000000.0,0.187,205000000.0,156000000.0,122000000.0,0.6,0.59,0.6,1930000000.0,,1930000000.0,11682592437.0,15.0,12.349,111000000.0,0.791,1.0,574000000.0,0.525,2755000000.0,34000000.0,9144000000.0,,1077000000.0,0.0,0.0,0.0,7532000000.0,1931000000.0,5601000000.0,7463592437.0,-37000000.0,-58000000.0,-155000000.0,100000000.0,-32000000.0,-91000000.0,-142000000.0,-8000000.0,196000000.0,0.0,80000000.0,80000000.0,80000000.0,0.0,0.0,0.073,418000000.0,156000000.0,346000000.0,0.383,3.867,18.659,19.004,1292000000.0,0.0,53.21,1.646,1.646,3331000000.0,558000000.0,1094000000.0,1094000000.0,0.0,,,,,4000000.0,354000000.0,1.0,140266725.0,140266725.0,,7.799,6708000000.0,157000000.0,42000000.0,1141000000.0,47.823,-65000000.0
35,TNL,MRQ,2012-09-30,2012-09-30,2012-09-30,2021-08-25,144000000.0,9355000000.0,,1829000000.0,7526000000.0,,14.207,-45000000.0,232000000.0,232000000.0,563000000.0,159000000.0,1.137,3.632,4451000000.0,270000000.0,4181000000.0,4451000000.0,575000000.0,45000000.0,0.0,0.016,0.23,288000000.0,333000000.0,0.263,333000000.0,288000000.0,256000000.0,1.13,1.11,1.13,2020000000.0,,2020000000.0,11296011703.0,16.0,12.706,116000000.0,0.816,1.0,702000000.0,0.555,2725000000.0,32000000.0,9241000000.0,,1097000000.0,0.0,0.0,0.0,7336000000.0,1608000000.0,5728000000.0,7462011703.0,-54000000.0,-204000000.0,-134000000.0,231000000.0,-32000000.0,64000000.0,-281000000.0,-45000000.0,161000000.0,2000000.0,159000000.0,159000000.0,159000000.0,0.0,0.0,0.126,414000000.0,288000000.0,313000000.0,0.204,3.694,19.899,19.879,1166000000.0,0.0,52.48,1.68,1.68,3286000000.0,510000000.0,1265000000.0,1265000000.0,0.0,,,,,10000000.0,369000000.0,1.0,142187723.0,142187723.0,,8.897,6630000000.0,160000000.0,97000000.0,1122000000.0,46.628,221000000.0
36,TNL,MRQ,2012-06-30,2012-06-30,2012-06-30,2021-08-25,124000000.0,9114000000.0,,1935000000.0,7179000000.0,,13.687,-45000000.0,286000000.0,286000000.0,516000000.0,128000000.0,1.137,3.564,4120000000.0,202000000.0,3918000000.0,4120000000.0,637000000.0,46000000.0,0.0,0.014,0.23,238000000.0,284000000.0,0.249,284000000.0,238000000.0,206000000.0,0.89,0.88,0.89,1997000000.0,,1997000000.0,11736171623.0,16.0,12.982,374000000.0,2.563,1.0,623000000.0,0.547,2594000000.0,32000000.0,8652000000.0,,1086000000.0,0.0,0.0,0.0,7118000000.0,1702000000.0,5416000000.0,7695171623.0,47000000.0,0.0,-185000000.0,-160000000.0,-33000000.0,-346000000.0,-20000000.0,0.0,419000000.0,-6000000.0,128000000.0,128000000.0,128000000.0,0.0,0.0,0.112,392000000.0,231000000.0,457000000.0,0.258,3.853,19.681,20.207,1121000000.0,0.0,52.74,1.754,1.754,3174000000.0,384000000.0,1139000000.0,1139000000.0,0.0,,,,,9000000.0,346000000.0,1.0,145907691.0,145907691.0,,7.806,6520000000.0,176000000.0,78000000.0,1112000000.0,44.686,233000000.0
37,TNL,MRQ,2012-03-31,2012-03-31,2012-03-31,2021-08-25,168000000.0,9372000000.0,,2115000000.0,7257000000.0,,14.56,-33000000.0,239000000.0,239000000.0,493000000.0,31000000.0,1.198,3.411,4280000000.0,260000000.0,4020000000.0,4280000000.0,656000000.0,45000000.0,0.0,0.015,0.23,78000000.0,123000000.0,0.119,123000000.0,78000000.0,45000000.0,0.22,0.21,0.22,2125000000.0,,2125000000.0,10660980645.0,15.0,11.885,195000000.0,1.336,1.0,543000000.0,0.524,2622000000.0,33000000.0,9026000000.0,,1087000000.0,0.0,0.0,0.0,7248000000.0,1765000000.0,5483000000.0,6787980645.0,97000000.0,0.0,-144000000.0,139000000.0,-37000000.0,-58000000.0,-76000000.0,-3000000.0,228000000.0,3000000.0,32000000.0,32000000.0,32000000.0,0.0,-1000000.0,0.031,365000000.0,178000000.0,502000000.0,1.045,3.194,18.005,19.379,1128000000.0,0.0,46.51,1.564,1.564,3386000000.0,290000000.0,1036000000.0,1036000000.0,0.0,,,,,-15000000.0,320000000.0,1.0,145946692.0,145946692.0,,7.098,6750000000.0,159000000.0,13000000.0,1078000000.0,46.25,350000000.0
38,TNL,MRQ,2011-12-31,2011-12-31,2011-12-31,2021-08-25,128000000.0,9023000000.0,,1730000000.0,7293000000.0,,14.492,-86000000.0,142000000.0,142000000.0,485000000.0,56000000.0,1.107,3.043,4015000000.0,242000000.0,3773000000.0,4015000000.0,584000000.0,45000000.0,0.0,0.016,0.15,104000000.0,149000000.0,0.149,149000000.0,104000000.0,67000000.0,0.4,0.39,0.4,2232000000.0,,2232000000.0,9480496854.0,12.0,9.794,57000000.0,0.37,1.0,516000000.0,0.515,2610000000.0,37000000.0,8723000000.0,,1110000000.0,0.0,0.0,0.0,6791000000.0,1563000000.0,5228000000.0,5826496854.0,-33000000.0,0.0,-220000000.0,163000000.0,-23000000.0,-79000000.0,-97000000.0,-2000000.0,143000000.0,0.0,56000000.0,56000000.0,56000000.0,0.0,0.0,0.056,416000000.0,100000000.0,325000000.0,0.375,2.61,13.972,14.72,1117000000.0,0.0,37.83,1.37,1.37,3257000000.0,293000000.0,1001000000.0,1001000000.0,0.0,,,,,10000000.0,327000000.0,1.0,154017892.0,154017892.0,,6.499,6413000000.0,153000000.0,11000000.0,1065000000.0,41.638,167000000.0
39,TNL,MRQ,2011-09-30,2011-09-30,2011-09-30,2021-08-25,133000000.0,9022000000.0,,1674000000.0,7348000000.0,,14.742,-57000000.0,175000000.0,175000000.0,546000000.0,175000000.0,1.09,2.73,3829000000.0,216000000.0,3613000000.0,3829000000.0,577000000.0,43000000.0,0.0,0.02,0.15,305000000.0,348000000.0,0.287,348000000.0,305000000.0,271000000.0,1.1,1.08,1.1,2419000000.0,,2419000000.0,8114246128.0,10.0,8.339,107000000.0,0.652,1.0,666000000.0,0.55,2648000000.0,34000000.0,8492000000.0,,1108000000.0,0.0,0.0,0.0,6603000000.0,1536000000.0,5067000000.0,4678246128.0,-121000000.0,-27000000.0,-302000000.0,110000000.0,-23000000.0,-217000000.0,-55000000.0,-10000000.0,164000000.0,-13000000.0,175000000.0,175000000.0,175000000.0,0.0,0.0,0.144,382000000.0,284000000.0,268000000.0,0.136,1.934,10.632,10.758,1088000000.0,0.0,28.51,1.116,1.116,3228000000.0,260000000.0,1212000000.0,1212000000.0,0.0,,,,,10000000.0,339000000.0,1.0,164091411.0,164091411.0,,7.386,6374000000.0,168000000.0,96000000.0,1076000000.0,38.844,138000000.0
40,TNL,MRQ,2011-06-30,2011-06-30,2011-06-30,2021-08-25,185000000.0,9329000000.0,,1903000000.0,7426000000.0,,15.378,-55000000.0,296000000.0,296000000.0,529000000.0,114000000.0,1.087,2.569,3732000000.0,233000000.0,3499000000.0,3732000000.0,680000000.0,45000000.0,0.0,0.016,0.15,232000000.0,277000000.0,0.254,277000000.0,232000000.0,196000000.0,0.68,0.67,0.68,2614000000.0,,2614000000.0,9330908736.0,12.0,9.822,412000000.0,2.424,1.0,561000000.0,0.515,2666000000.0,36000000.0,8349000000.0,,1121000000.0,0.0,0.0,0.0,6715000000.0,1750000000.0,4965000000.0,5719908736.0,122000000.0,0.0,-196000000.0,-79000000.0,-26000000.0,-300000000.0,-47000000.0,-2000000.0,467000000.0,2000000.0,114000000.0,114000000.0,114000000.0,0.0,0.0,0.105,331000000.0,230000000.0,440000000.0,0.221,2.188,13.586,13.848,1106000000.0,0.0,33.65,1.414,1.414,3288000000.0,109000000.0,1090000000.0,1090000000.0,0.0,,,,,12000000.0,279000000.0,1.0,169982429.0,169982429.0,,6.412,6663000000.0,172000000.0,82000000.0,1083000000.0,39.198,153000000.0
41,TNL,MRQ,2011-03-31,2011-03-31,2011-03-31,2021-08-25,173000000.0,9457000000.0,,1993000000.0,7464000000.0,,15.624,-41000000.0,174000000.0,174000000.0,466000000.0,72000000.0,1.123,2.494,3785000000.0,228000000.0,3557000000.0,3785000000.0,679000000.0,45000000.0,0.0,0.016,0.15,148000000.0,193000000.0,0.203,193000000.0,148000000.0,116000000.0,0.42,0.41,0.42,2707000000.0,,2707000000.0,9099438867.0,13.0,10.213,188000000.0,1.085,1.0,486000000.0,0.511,2665000000.0,32000000.0,8628000000.0,,1166000000.0,0.0,0.0,0.0,6750000000.0,1775000000.0,4975000000.0,5511438867.0,18000000.0,0.0,-164000000.0,4000000.0,-27000000.0,-157000000.0,-57000000.0,-3000000.0,229000000.0,3000000.0,72000000.0,72000000.0,72000000.0,0.0,0.0,0.076,334000000.0,152000000.0,549000000.0,0.357,2.036,13.71,13.952,1073000000.0,0.0,31.81,1.407,1.407,3522000000.0,21000000.0,952000000.0,952000000.0,0.0,,,,,-8000000.0,276000000.0,1.0,173261203.0,173261203.0,,5.495,6792000000.0,153000000.0,44000000.0,1028000000.0,39.201,218000000.0
42,TNL,MRQ,2010-12-31,2010-12-31,2010-12-31,2021-08-25,155000000.0,9416000000.0,,1752000000.0,7664000000.0,,16.672,-67000000.0,156000000.0,156000000.0,479000000.0,79000000.0,1.112,2.228,3744000000.0,234000000.0,3510000000.0,3744000000.0,607000000.0,45000000.0,0.0,0.016,0.12,110000000.0,155000000.0,0.165,155000000.0,110000000.0,106000000.0,0.45,0.43,0.45,2917000000.0,,2917000000.0,8687999935.0,12.0,9.952,40000000.0,0.229,1.0,458000000.0,0.489,2652000000.0,4000000.0,8777000000.0,,1181000000.0,0.0,0.0,0.0,6499000000.0,1575000000.0,4924000000.0,5241999935.0,-14000000.0,-77000000.0,-43000000.0,93000000.0,-21000000.0,36000000.0,-158000000.0,-1000000.0,107000000.0,1000000.0,79000000.0,79000000.0,79000000.0,0.0,0.0,0.084,321000000.0,137000000.0,351000000.0,0.267,1.797,13.831,14.066,1041000000.0,0.0,29.96,1.361,1.361,3407000000.0,-25000000.0,937000000.0,937000000.0,0.0,,,,,9000000.0,267000000.0,1.0,174966620.0,174966620.0,,5.355,6764000000.0,179000000.0,27000000.0,1021000000.0,38.659,177000000.0
43,TNL,MRQ,2010-09-30,2010-09-30,2010-09-30,2021-08-25,149000000.0,9213000000.0,,1602000000.0,7611000000.0,,16.296,-37000000.0,170000000.0,170000000.0,489000000.0,156000000.0,1.053,2.165,3616000000.0,219000000.0,3397000000.0,3616000000.0,595000000.0,43000000.0,0.0,0.015,0.12,282000000.0,325000000.0,0.305,325000000.0,282000000.0,235000000.0,0.88,0.84,0.88,2911000000.0,,2911000000.0,8006049664.0,11.0,8.74,-66000000.0,-0.369,1.0,576000000.0,0.541,2577000000.0,47000000.0,8561000000.0,,1238000000.0,0.0,0.0,0.0,6302000000.0,1521000000.0,4781000000.0,4907049664.0,-69000000.0,-54000000.0,-99000000.0,117000000.0,-21000000.0,28000000.0,-77000000.0,-1000000.0,-29000000.0,9000000.0,156000000.0,156000000.0,156000000.0,0.0,0.0,0.146,297000000.0,279000000.0,318000000.0,0.136,1.686,13.12,13.081,942000000.0,0.0,27.47,1.282,1.282,3361000000.0,-82000000.0,1065000000.0,1065000000.0,0.0,,,,,9000000.0,250000000.0,1.0,178633042.0,178633042.0,,5.962,6636000000.0,144000000.0,79000000.0,964000000.0,37.149,81000000.0
44,TNL,MRQ,2010-06-30,2010-06-30,2010-06-30,2021-08-25,105000000.0,9219000000.0,,1728000000.0,7491000000.0,,15.057,-27000000.0,239000000.0,239000000.0,465000000.0,95000000.0,0.933,2.402,3338000000.0,277000000.0,3061000000.0,3338000000.0,663000000.0,41000000.0,0.0,0.016,0.12,177000000.0,218000000.0,0.226,218000000.0,177000000.0,141000000.0,0.53,0.51,0.53,2710000000.0,,2710000000.0,7041810513.0,10.0,8.324,325000000.0,1.806,1.0,498000000.0,0.517,2501000000.0,36000000.0,7965000000.0,,1269000000.0,0.0,0.0,0.0,6509000000.0,1852000000.0,4657000000.0,3624810513.0,76000000.0,-46000000.0,-44000000.0,-139000000.0,-22000000.0,-210000000.0,-60000000.0,-5000000.0,352000000.0,-6000000.0,95000000.0,95000000.0,95000000.0,0.0,0.0,0.099,326000000.0,172000000.0,640000000.0,0.226,1.338,11.257,11.189,887000000.0,0.0,20.14,0.959,0.959,3338000000.0,-215000000.0,963000000.0,963000000.0,0.0,,,,,10000000.0,284000000.0,1.0,179980661.0,179980661.0,,5.351,6718000000.0,156000000.0,46000000.0,1127000000.0,37.326,-124000000.0
45,TNL,MRQ,2010-03-31,2010-03-31,2010-03-31,2021-08-25,129000000.0,9585000000.0,,1876000000.0,7709000000.0,,15.104,-36000000.0,163000000.0,163000000.0,441000000.0,50000000.0,0.983,2.549,3580000000.0,243000000.0,3337000000.0,3580000000.0,712000000.0,44000000.0,0.0,0.009,0.12,132000000.0,176000000.0,0.199,176000000.0,132000000.0,82000000.0,0.28,0.27,0.28,2701000000.0,,2701000000.0,7968083422.0,12.0,9.647,169000000.0,0.945,1.0,445000000.0,0.502,2491000000.0,50000000.0,8602000000.0,,1293000000.0,0.0,0.0,0.0,6884000000.0,1909000000.0,4975000000.0,4601083422.0,8000000.0,-59000000.0,-9000000.0,-37000000.0,-22000000.0,-73000000.0,-123000000.0,-3000000.0,205000000.0,-1000000.0,50000000.0,50000000.0,50000000.0,0.0,0.0,0.056,315000000.0,130000000.0,711000000.0,0.429,1.703,15.44,15.407,929000000.0,0.0,25.73,1.232,1.232,3579000000.0,-287000000.0,886000000.0,886000000.0,0.0,,,,,-3000000.0,271000000.0,1.0,178821742.0,178821742.0,,4.955,7094000000.0,188000000.0,32000000.0,1144000000.0,39.671,-33000000.0
46,TNL,MRQ,2009-12-31,2009-12-31,2009-12-31,2021-08-25,138000000.0,9352000000.0,,1740000000.0,7612000000.0,,15.049,-26000000.0,155000000.0,155000000.0,440000000.0,73000000.0,0.923,2.479,3522000000.0,384000000.0,3138000000.0,3522000000.0,684000000.0,44000000.0,0.0,0.008,0.04,153000000.0,197000000.0,0.216,197000000.0,153000000.0,118000000.0,0.41,0.4,0.41,2688000000.0,,2688000000.0,7025674514.0,12.0,8.95,94000000.0,0.526,1.0,473000000.0,0.518,2437000000.0,35000000.0,8397000000.0,,1307000000.0,0.0,0.0,0.0,6664000000.0,1885000000.0,4779000000.0,3602674514.0,-15000000.0,0.0,-11000000.0,-141000000.0,-7000000.0,-150000000.0,29000000.0,-7000000.0,120000000.0,-14000000.0,73000000.0,73000000.0,73000000.0,0.0,0.0,0.08,324000000.0,149000000.0,568000000.0,0.098,1.34,12.296,12.299,953000000.0,0.0,20.17,0.961,0.961,3485000000.0,-315000000.0,913000000.0,913000000.0,0.0,,,,,9000000.0,272000000.0,1.0,178615494.0,178615494.0,,5.112,6915000000.0,189000000.0,45000000.0,1137000000.0,38.714,-145000000.0
47,TNL,MRQ,2009-09-30,2009-09-30,2009-09-30,2021-08-25,150000000.0,9342000000.0,,1699000000.0,7643000000.0,,14.708,-22000000.0,170000000.0,170000000.0,475000000.0,104000000.0,0.932,2.556,3593000000.0,467000000.0,3126000000.0,3593000000.0,773000000.0,46000000.0,0.0,0.01,0.04,209000000.0,255000000.0,0.251,255000000.0,209000000.0,175000000.0,0.58,0.57,0.58,2627000000.0,,2627000000.0,6299004862.0,-7.0,-9.169,88000000.0,0.493,1.0,541000000.0,0.532,2447000000.0,34000000.0,8496000000.0,,1279000000.0,0.0,0.0,0.0,6715000000.0,1822000000.0,4893000000.0,2915004862.0,-4000000.0,0.0,0.0,-48000000.0,-7000000.0,-55000000.0,-62000000.0,-2000000.0,110000000.0,3000000.0,104000000.0,104000000.0,104000000.0,0.0,0.0,0.102,335000000.0,206000000.0,555000000.0,0.069,1.11,-2.566,-2.546,1014000000.0,0.0,16.32,0.778,0.778,3497000000.0,-380000000.0,1016000000.0,1016000000.0,0.0,,,,,10000000.0,289000000.0,1.0,178615494.0,178615494.0,,5.688,6895000000.0,95000000.0,71000000.0,1025000000.0,38.602,-123000000.0
48,TNL,MRQ,2009-06-30,2009-06-30,2009-06-30,2021-08-25,140000000.0,9379000000.0,,1802000000.0,7577000000.0,,14.095,-34000000.0,174000000.0,174000000.0,459000000.0,71000000.0,0.893,2.737,3558000000.0,457000000.0,3101000000.0,3558000000.0,871000000.0,45000000.0,0.0,0.013,0.04,153000000.0,198000000.0,0.215,198000000.0,153000000.0,127000000.0,0.4,0.39,0.4,2510000000.0,,2510000000.0,5670304645.0,-7.0,-8.778,215000000.0,1.207,1.0,461000000.0,0.501,2446000000.0,26000000.0,8299000000.0,,1297000000.0,0.0,0.0,0.0,6869000000.0,2018000000.0,4851000000.0,2158304645.0,39000000.0,0.0,11000000.0,-173000000.0,-8000000.0,-209000000.0,-14000000.0,-2000000.0,249000000.0,13000000.0,71000000.0,71000000.0,71000000.0,0.0,0.0,0.077,310000000.0,151000000.0,714000000.0,0.1,0.86,-1.966,-1.958,1018000000.0,0.0,12.12,0.545,0.545,3521000000.0,-477000000.0,920000000.0,920000000.0,0.0,,,,,10000000.0,259000000.0,1.0,178077941.0,178077941.0,,5.166,6933000000.0,102000000.0,56000000.0,1005000000.0,38.932,-216000000.0
49,TNL,MRQ,2009-03-31,2009-03-31,2009-03-31,2021-08-25,93000000.0,9444000000.0,,1924000000.0,7520000000.0,,13.402,-53000000.0,135000000.0,135000000.0,449000000.0,45000000.0,0.877,2.97,3647000000.0,471000000.0,3176000000.0,3647000000.0,932000000.0,43000000.0,0.0,0.038,0.04,93000000.0,136000000.0,0.151,136000000.0,93000000.0,74000000.0,0.25,0.25,0.25,2379000000.0,,2379000000.0,4403541252.0,-5.0,-7.102,157000000.0,0.884,1.0,452000000.0,0.502,2408000000.0,19000000.0,8354000000.0,,1311000000.0,0.0,0.0,0.0,7065000000.0,2194000000.0,4871000000.0,745541252.0,-1000000.0,0.0,0.0,-139000000.0,-7000000.0,-147000000.0,-62000000.0,-2000000.0,210000000.0,-2000000.0,45000000.0,45000000.0,45000000.0,0.0,0.0,0.05,363000000.0,89000000.0,737000000.0,0.16,0.313,-0.696,-0.695,1006000000.0,0.0,4.2,0.179,0.179,3705000000.0,-540000000.0,901000000.0,901000000.0,0.0,,,,,8000000.0,272000000.0,1.0,177509822.0,177509822.0,,5.076,7036000000.0,122000000.0,29000000.0,937000000.0,39.637,-270000000.0
50,TNL,MRQ,2008-12-31,2008-12-31,2008-12-31,2021-08-25,98000000.0,9573000000.0,,1914000000.0,7659000000.0,,13.195,-54000000.0,136000000.0,136000000.0,428000000.0,-1356000000.0,0.882,3.088,3794000000.0,463000000.0,3331000000.0,3794000000.0,983000000.0,47000000.0,0.0,0.024,0.04,-1323000000.0,-1276000000.0,-1.401,-1276000000.0,-1323000000.0,-1344000000.0,-7.64,-7.63,-7.64,2342000000.0,,2342000000.0,4747590992.0,-6.0,-7.621,-91000000.0,-0.513,1.0,483000000.0,0.53,2430000000.0,21000000.0,8632000000.0,,1319000000.0,0.0,0.0,0.0,7231000000.0,2169000000.0,5062000000.0,1162590992.0,-92000000.0,0.0,0.0,-15000000.0,-7000000.0,-16000000.0,-24000000.0,-5000000.0,-37000000.0,-15000000.0,-1356000000.0,-1356000000.0,-1356000000.0,0.0,0.0,-1.488,1812000000.0,-1329000000.0,661000000.0,-0.005,0.496,-1.082,-1.083,1038000000.0,0.0,6.55,0.272,0.272,3714000000.0,-578000000.0,911000000.0,911000000.0,0.0,,,,,7000000.0,294000000.0,1.0,177494808.0,177494808.0,,5.133,7143000000.0,148000000.0,12000000.0,966000000.0,40.243,-255000000.0
51,TNL,MRQ,2008-09-30,2008-09-30,2008-09-30,2021-08-25,160000000.0,10997000000.0,,1990000000.0,9007000000.0,,21.147,-47000000.0,228000000.0,228000000.0,559000000.0,142000000.0,0.863,1.93,3813000000.0,506000000.0,3307000000.0,3813000000.0,984000000.0,47000000.0,0.0,0.01,0.04,249000000.0,296000000.0,0.241,296000000.0,249000000.0,228000000.0,0.8,0.8,0.8,3753000000.0,,3753000000.0,6242033198.0,9.0,7.029,-99000000.0,-0.558,1.0,667000000.0,0.544,3861000000.0,21000000.0,8414000000.0,,1339000000.0,0.0,0.0,0.0,7244000000.0,2307000000.0,4937000000.0,2788033198.0,-12000000.0,-135000000.0,0.0,169000000.0,-7000000.0,162000000.0,-107000000.0,-3000000.0,-52000000.0,-15000000.0,142000000.0,142000000.0,142000000.0,0.0,0.0,0.116,425000000.0,242000000.0,635000000.0,0.05,0.743,7.204,7.206,1026000000.0,0.0,15.71,0.633,0.633,3686000000.0,785000000.0,1226000000.0,1226000000.0,0.0,,,,,11000000.0,372000000.0,1.0,177468695.0,177468695.0,,6.908,7136000000.0,97000000.0,86000000.0,988000000.0,40.21,-317000000.0
52,TNL,MRQ,2008-06-30,2008-06-30,2008-06-30,2021-08-25,200000000.0,10939000000.0,,2310000000.0,8629000000.0,,20.619,-47000000.0,240000000.0,240000000.0,545000000.0,98000000.0,0.938,1.999,3694000000.0,491000000.0,3203000000.0,3694000000.0,1058000000.0,46000000.0,0.0,0.009,0.04,178000000.0,224000000.0,0.198,224000000.0,178000000.0,160000000.0,0.55,0.55,0.55,3647000000.0,,3647000000.0,6609841011.0,10.0,7.832,64000000.0,0.362,1.0,587000000.0,0.519,3744000000.0,18000000.0,8186000000.0,,1287000000.0,0.0,0.0,0.0,7292000000.0,2463000000.0,4829000000.0,3167841011.0,11000000.0,0.0,0.0,6000000.0,-7000000.0,-7000000.0,-94000000.0,-8000000.0,111000000.0,1000000.0,98000000.0,98000000.0,98000000.0,0.0,0.0,0.087,416000000.0,171000000.0,755000000.0,0.073,0.869,8.751,8.823,1071000000.0,0.0,17.91,0.721,0.721,3629000000.0,651000000.0,1132000000.0,1132000000.0,0.0,,,,,10000000.0,370000000.0,1.0,176875545.0,176875545.0,,6.4,7195000000.0,95000000.0,62000000.0,983000000.0,40.678,-153000000.0
53,TNL,MRQ,2008-03-31,2008-03-31,2008-03-31,2021-08-25,182000000.0,10822000000.0,,2281000000.0,8541000000.0,,19.981,-39000000.0,229000000.0,229000000.0,501000000.0,42000000.0,0.927,2.06,3671000000.0,461000000.0,3210000000.0,3671000000.0,1020000000.0,44000000.0,0.0,0.006,0.04,89000000.0,133000000.0,0.131,133000000.0,89000000.0,70000000.0,0.24,0.24,0.24,3537000000.0,,3537000000.0,7057789069.0,11.0,8.473,48000000.0,0.271,1.0,511000000.0,0.505,3734000000.0,19000000.0,8069000000.0,,1238000000.0,0.0,0.0,0.0,7285000000.0,2461000000.0,4824000000.0,3660789069.0,19000000.0,0.0,-10000000.0,44000000.0,-7000000.0,27000000.0,-94000000.0,-2000000.0,87000000.0,-1000000.0,42000000.0,42000000.0,42000000.0,0.0,0.0,0.042,426000000.0,85000000.0,818000000.0,0.167,1.035,10.169,10.289,1062000000.0,0.0,20.68,0.84,0.84,3629000000.0,560000000.0,1012000000.0,1012000000.0,0.0,,,,,7000000.0,354000000.0,1.0,177020748.0,177020748.0,,5.717,7088000000.0,115000000.0,28000000.0,947000000.0,40.041,-180000000.0
54,TNL,MRQ,2007-12-31,2007-12-31,2007-12-31,2021-08-25,194000000.0,10459000000.0,,2056000000.0,8403000000.0,,19.761,-59000000.0,210000000.0,210000000.0,499000000.0,105000000.0,0.943,1.975,3607000000.0,412000000.0,3195000000.0,3607000000.0,874000000.0,44000000.0,0.0,0.003,0.04,191000000.0,235000000.0,0.228,235000000.0,191000000.0,173000000.0,0.59,0.58,0.59,3516000000.0,,3516000000.0,7430865291.0,10.0,8.312,-123000000.0,-0.691,1.0,533000000.0,0.516,3759000000.0,18000000.0,7917000000.0,,1235000000.0,0.0,0.0,0.0,6943000000.0,2180000000.0,4763000000.0,4191865291.0,-21000000.0,-3000000.0,-25000000.0,133000000.0,-7000000.0,115000000.0,-72000000.0,-4000000.0,-64000000.0,0.0,105000000.0,105000000.0,105000000.0,0.0,0.0,0.102,343000000.0,190000000.0,733000000.0,0.068,1.192,10.402,10.613,1009000000.0,0.0,23.56,0.961,0.961,3421000000.0,525000000.0,1032000000.0,1032000000.0,0.0,,,,,7000000.0,299000000.0,1.0,177922975.0,177922975.0,,5.8,6700000000.0,101000000.0,68000000.0,927000000.0,37.657,-124000000.0
55,TNL,MRQ,2007-09-30,2007-09-30,2007-09-30,2021-08-25,197000000.0,10200000000.0,,2010000000.0,8190000000.0,,19.082,-44000000.0,231000000.0,231000000.0,570000000.0,117000000.0,0.891,1.993,3470000000.0,463000000.0,3007000000.0,3470000000.0,854000000.0,43000000.0,0.0,0.001,0.04,209000000.0,252000000.0,0.207,252000000.0,209000000.0,189000000.0,0.65,0.65,0.65,3408000000.0,,3408000000.0,9015762372.0,13.0,10.435,-60000000.0,-0.336,1.0,646000000.0,0.531,3763000000.0,20000000.0,7419000000.0,,1120000000.0,0.0,0.0,0.0,6792000000.0,2257000000.0,4535000000.0,5850762372.0,-20000000.0,-6000000.0,-17000000.0,38000000.0,-7000000.0,17000000.0,-29000000.0,-21000000.0,-16000000.0,8000000.0,117000000.0,117000000.0,117000000.0,0.0,0.0,0.096,449000000.0,197000000.0,721000000.0,0.062,1.717,14.925,15.453,978000000.0,0.0,32.76,1.361,1.361,3292000000.0,427000000.0,1216000000.0,1216000000.0,0.0,,,,,6000000.0,403000000.0,1.0,178594700.0,178594700.0,,6.809,6437000000.0,93000000.0,72000000.0,890000000.0,36.043,-247000000.0
56,TNL,MRQ,2007-06-30,2007-06-30,2007-06-30,2021-08-25,195000000.0,9994000000.0,,2166000000.0,7828000000.0,,18.102,-46000000.0,251000000.0,251000000.0,551000000.0,96000000.0,0.992,2.028,3416000000.0,382000000.0,3034000000.0,3416000000.0,905000000.0,41000000.0,0.0,0.0,0.0,172000000.0,213000000.0,0.194,213000000.0,172000000.0,154000000.0,0.53,0.52,0.53,3300000000.0,,3300000000.0,9568334156.0,15.0,12.066,59000000.0,0.324,1.0,549000000.0,0.499,3748000000.0,18000000.0,7228000000.0,,1079000000.0,0.0,0.0,0.0,6694000000.0,2183000000.0,4511000000.0,6610334156.0,77000000.0,-7000000.0,-237000000.0,269000000.0,0.0,39000000.0,-69000000.0,-4000000.0,105000000.0,2000000.0,96000000.0,96000000.0,96000000.0,0.0,0.0,0.087,379000000.0,170000000.0,754000000.0,0.0,2.003,18.012,18.788,947000000.0,0.0,36.26,1.601,1.601,3105000000.0,318000000.0,1100000000.0,1100000000.0,0.0,,,,,0.0,331000000.0,1.0,182303755.0,182303755.0,,6.034,6246000000.0,90000000.0,58000000.0,859000000.0,34.261,-17000000.0
57,TNL,MRQ,2007-03-31,2007-03-31,2007-03-31,2021-08-25,185000000.0,9774000000.0,,2074000000.0,7700000000.0,,18.084,-45000000.0,174000000.0,174000000.0,497000000.0,86000000.0,0.967,1.861,3132000000.0,354000000.0,2778000000.0,3132000000.0,864000000.0,38000000.0,0.0,0.0,0.0,157000000.0,195000000.0,0.193,195000000.0,157000000.0,139000000.0,0.46,0.45,0.46,3416000000.0,,3416000000.0,9081765104.0,15.0,11.981,-60000000.0,-0.318,1.0,515000000.0,0.509,3741000000.0,18000000.0,6846000000.0,,1070000000.0,0.0,0.0,0.0,6358000000.0,2145000000.0,4213000000.0,6450765104.0,-95000000.0,0.0,-222000000.0,230000000.0,0.0,6000000.0,-85000000.0,-21000000.0,-15000000.0,-1000000.0,86000000.0,86000000.0,86000000.0,0.0,0.0,0.085,361000000.0,154000000.0,835000000.0,0.0,1.888,18.644,19.294,936000000.0,0.0,34.15,1.619,1.619,3076000000.0,222000000.0,1012000000.0,1012000000.0,0.0,,,,,5000000.0,317000000.0,1.0,188895025.0,188895025.0,,5.357,6033000000.0,96000000.0,53000000.0,798000000.0,31.938,-71000000.0
58,TNL,MRQ,2006-12-31,2006-12-31,2006-12-31,2021-08-25,184000000.0,9520000000.0,,2052000000.0,7468000000.0,,17.962,-73000000.0,269000000.0,269000000.0,469000000.0,93000000.0,1.038,1.675,2900000000.0,293000000.0,2607000000.0,2900000000.0,814000000.0,41000000.0,0.0,0.0,0.0,163000000.0,204000000.0,0.21,204000000.0,163000000.0,146000000.0,0.48,0.47,0.48,3559000000.0,,3559000000.0,8686431753.0,16.0,12.553,-92000000.0,-0.464,1.0,501000000.0,0.516,3737000000.0,17000000.0,6437000000.0,,954000000.0,0.0,0.0,0.0,5961000000.0,1977000000.0,3984000000.0,6344431753.0,109000000.0,1000000.0,-206000000.0,375000000.0,0.0,204000000.0,-80000000.0,-46000000.0,-19000000.0,4000000.0,93000000.0,93000000.0,93000000.0,0.0,0.0,0.096,340000000.0,161000000.0,798000000.0,0.0,1.783,22.106,22.083,916000000.0,0.0,32.02,1.651,1.651,2911000000.0,156000000.0,970000000.0,970000000.0,0.0,,,,,3000000.0,276000000.0,1.0,198139655.0,198139655.0,,4.896,5783000000.0,105000000.0,53000000.0,782000000.0,29.186,75000000.0
59,TNL,MRQ,2006-09-30,2006-09-30,2006-09-30,2021-08-25,174000000.0,9118000000.0,,1942000000.0,7176000000.0,,18.027,-48000000.0,160000000.0,160000000.0,474000000.0,92000000.0,0.949,1.524,2502000000.0,356000000.0,2146000000.0,2502000000.0,808000000.0,37000000.0,0.0,0.0,0.0,144000000.0,181000000.0,0.173,181000000.0,144000000.0,127000000.0,0.46,0.45,0.46,3612000000.0,,3612000000.0,6684128301.0,12.0,9.535,-65000000.0,-0.324,1.0,573000000.0,0.547,3728000000.0,17000000.0,5685000000.0,,878000000.0,0.0,0.0,0.0,5506000000.0,2047000000.0,3459000000.0,5604128301.0,12000000.0,-44000000.0,-110000000.0,853000000.0,0.0,139000000.0,-108000000.0,-7000000.0,-17000000.0,-2000000.0,92000000.0,92000000.0,92000000.0,0.0,0.0,0.088,434000000.0,139000000.0,737000000.0,0.0,1.552,19.595,19.697,834000000.0,0.0,27.97,1.501,1.501,2740000000.0,63000000.0,1047000000.0,1047000000.0,0.0,,,,,8000000.0,329000000.0,1.0,200362113.0,200362113.0,,5.226,5390000000.0,128000000.0,35000000.0,729000000.0,26.901,-105000000.0
60,TNL,MRQ,2006-06-30,2006-06-30,2006-06-30,2021-08-25,125000000.0,9849000000.0,,2922000000.0,6927000000.0,,25.654,-41000000.0,148000000.0,148000000.0,449000000.0,75000000.0,1.631,0.916,1228000000.0,210000000.0,1018000000.0,1228000000.0,811000000.0,36000000.0,0.0,,0.0,142000000.0,178000000.0,0.186,178000000.0,142000000.0,119000000.0,0.37,0.37,0.37,5140000000.0,,5140000000.0,,,,94000000.0,0.469,1.0,506000000.0,0.53,3712000000.0,23000000.0,5426000000.0,,814000000.0,0.0,0.0,0.0,4709000000.0,1791000000.0,2918000000.0,,33000000.0,-61000000.0,0.0,84000000.0,0.0,86000000.0,-188000000.0,-69000000.0,135000000.0,0.0,75000000.0,75000000.0,75000000.0,0.0,0.0,0.079,376000000.0,130000000.0,344000000.0,0.0,,,,791000000.0,0.0,,,,3741000000.0,,955000000.0,955000000.0,0.0,,,,,0.0,335000000.0,1.0,200362113.0,200362113.0,,4.766,6137000000.0,73000000.0,44000000.0,814000000.0,30.63,1131000000.0
61,TNL,MRQ,2006-03-31,2006-03-31,2006-03-31,2021-08-25,110000000.0,9610000000.0,,2920000000.0,6690000000.0,,,-29000000.0,115000000.0,115000000.0,399000000.0,28000000.0,1.734,0.898,1167000000.0,184000000.0,983000000.0,1167000000.0,745000000.0,34000000.0,0.0,,0.0,95000000.0,129000000.0,0.148,129000000.0,95000000.0,85000000.0,0.14,0.14,0.14,5063000000.0,,5063000000.0,,,,37000000.0,,1.0,471000000.0,0.541,3644000000.0,10000000.0,5334000000.0,,742000000.0,0.0,0.0,0.0,4547000000.0,1684000000.0,2863000000.0,,16000000.0,-1000000.0,0.0,45000000.0,0.0,44000000.0,-95000000.0,-45000000.0,66000000.0,1000000.0,28000000.0,28000000.0,28000000.0,0.0,0.0,0.032,323000000.0,148000000.0,368000000.0,0.0,,,,760000000.0,0.0,,,,3685000000.0,,870000000.0,870000000.0,0.0,,,,,0.0,286000000.0,1.0,,,,,5966000000.0,121000000.0,57000000.0,825000000.0,,1236000000.0
62,TNL,MRQ,2005-12-31,2005-12-31,2005-12-31,2021-08-25,108000000.0,9167000000.0,,2568000000.0,6599000000.0,,,-56000000.0,99000000.0,99000000.0,408000000.0,91000000.0,1.983,0.821,2042000000.0,355000000.0,1687000000.0,2042000000.0,533000000.0,34000000.0,0.0,,0.0,179000000.0,213000000.0,0.247,213000000.0,179000000.0,152000000.0,0.45,0.45,0.45,5033000000.0,,5033000000.0,,,,302000000.0,,1.0,453000000.0,0.526,3637000000.0,27000000.0,6178000000.0,,636000000.0,0.0,0.0,0.0,4134000000.0,1295000000.0,2839000000.0,,-21000000.0,-114000000.0,0.0,48000000.0,0.0,53000000.0,-435000000.0,-268000000.0,358000000.0,3000000.0,91000000.0,91000000.0,91000000.0,0.0,0.0,0.106,277000000.0,176000000.0,239000000.0,0.0,,,,718000000.0,0.0,,,,2445000000.0,0.0,861000000.0,861000000.0,0.0,,,,,0.0,243000000.0,1.0,,,,,5530000000.0,84000000.0,61000000.0,823000000.0,,1273000000.0
63,TNL,MRQ,2005-09-30,2005-09-30,2005-09-30,2021-08-25,,,,,,,,-27000000.0,,,401000000.0,121000000.0,,,,,,,,32000000.0,,,0.0,200000000.0,232000000.0,0.245,232000000.0,200000000.0,201000000.0,0.6,0.6,0.6,,,,,,,-58000000.0,,1.0,547000000.0,0.577,,-1000000.0,,,,,,,,,,,-133000000.0,-30000000.0,0.0,173000000.0,0.0,109000000.0,-212000000.0,-149000000.0,-31000000.0,1000000.0,121000000.0,121000000.0,121000000.0,0.0,0.0,0.128,303000000.0,244000000.0,,0.0,,,,,0.0,,,,,,948000000.0,948000000.0,0.0,,,,,0.0,270000000.0,1.0,,,,,,,80000000.0,,,
64,TNL,MRQ,2005-06-30,2005-06-30,2005-06-30,2021-08-25,,,,,,,,-30000000.0,,,383000000.0,89000000.0,,,,,,,,33000000.0,,,0.0,149000000.0,182000000.0,0.21,182000000.0,149000000.0,148000000.0,0.44,,0.44,,,,,,,114000000.0,,1.0,484000000.0,0.558,,1000000.0,,,,,,,,,,,142000000.0,-2000000.0,0.0,65000000.0,0.0,65000000.0,-54000000.0,-20000000.0,144000000.0,-13000000.0,89000000.0,89000000.0,89000000.0,0.0,0.0,0.103,307000000.0,177000000.0,,0.0,,,,,0.0,,,,,,867000000.0,867000000.0,0.0,,,,,0.0,274000000.0,1.0,,,,,,,59000000.0,,,
65,TNL,MRQ,2005-03-31,2005-03-31,2005-03-31,2021-08-25,,,,,,,,-21000000.0,,,346000000.0,130000000.0,,,,,,,,32000000.0,,,0.0,127000000.0,159000000.0,0.2,159000000.0,127000000.0,125000000.0,,,,,,,,,,0.0,,1.0,449000000.0,0.565,,2000000.0,,,,,,,,,,,17000000.0,-8000000.0,0.0,-6000000.0,0.0,-6000000.0,5000000.0,35000000.0,21000000.0,-3000000.0,130000000.0,130000000.0,130000000.0,0.0,0.0,0.164,297000000.0,152000000.0,,,,,,,0.0,,,,,,795000000.0,795000000.0,0.0,,,,,0.0,265000000.0,1.0,,,,,,,-5000000.0,,,
66,TNL,MRQ,2004-12-31,2004-12-31,2004-12-31,2021-08-25,214000000.0,8343000000.0,,2075000000.0,6268000000.0,,,,94000000.0,94000000.0,,,1.76,0.783,909000000.0,134000000.0,775000000.0,909000000.0,507000000.0,,0.0,,0.0,,,,,,,,,,4679000000.0,,4679000000.0,,,,,,1.0,,,3581000000.0,,4398000000.0,,525000000.0,0.0,0.0,0.0,3664000000.0,1179000000.0,2485000000.0,,,,,,,,,,,,,,,,,,,,273000000.0,,,,,735000000.0,,,,,2779000000.0,,,,,,,,,,,1.0,,,,,4762000000.0,185000000.0,,688000000.0,,896000000.0
0,TNL,MRT,2021-06-30,2021-06-30,2021-06-30,2021-08-25,-27000000.0,6639000000.0,7200500000.0,,,0.373,-10.814,-55000000.0,446000000.0,446000000.0,1378000000.0,144000000.0,,-8.108,5403000000.0,,,5403000000.0,419000000.0,144000000.0,0.0,0.02,1.2,397000000.0,541000000.0,0.202,541000000.0,397000000.0,191000000.0,1.66,1.65,1.66,-932000000.0,-977750000.0,-932000000.0,10231580004.0,26.0,18.912,479000000.0,5.558,1.0,1306000000.0,0.487,1189000000.0,206000000.0,10407000000.0,11161500000.0,1339000000.0,0.0,,,7557000000.0,,,5123580004.0,-740000000.0,-37000000.0,10000000.0,-1032000000.0,-105000000.0,-1194000000.0,-91000000.0,0.0,534000000.0,11000000.0,144000000.0,144000000.0,144000000.0,2000000.0,0.0,0.054,919000000.0,387000000.0,56000000.0,0.723,-5.497,35.58,35.813,645000000.0,0.0,59.45,1.909,1.909,2429000000.0,1437000000.0,2684000000.0,2684000000.0,0.0,0.02,-0.147,0.036,0.148,28000000.0,749000000.0,1.0,86183011.0,86183011.0,,31.143,5450000000.0,0.0,47000000.0,708000000.0,63.238,
1,TNL,MRT,2021-03-31,2021-03-31,2021-03-31,2021-08-25,-29000000.0,6728000000.0,7440000000.0,,,0.3,-11.521,-60000000.0,461000000.0,461000000.0,1176000000.0,-92000000.0,,-7.782,5569000000.0,,,5569000000.0,434000000.0,146000000.0,0.0,0.023,1.4,140000000.0,286000000.0,0.128,286000000.0,140000000.0,-65000000.0,-1.09,-1.09,-1.09,-990000000.0,-1010250000.0,-990000000.0,10356557329.0,74.0,36.212,335000000.0,3.898,1.0,1054000000.0,0.473,1191000000.0,205000000.0,10645000000.0,11491250000.0,1359000000.0,0.0,,,7704000000.0,,,5255557329.0,-710000000.0,-35000000.0,9000000.0,-866000000.0,-121000000.0,-1028000000.0,-94000000.0,0.0,395000000.0,17000000.0,-92000000.0,-92000000.0,-92000000.0,2000000.0,0.0,-0.041,932000000.0,122000000.0,62000000.0,-1.284,-5.309,-57.126,-56.11,658000000.0,0.0,61.16,2.357,2.357,2464000000.0,1392000000.0,2230000000.0,2230000000.0,0.0,-0.012,0.091,0.012,0.063,26000000.0,662000000.0,1.0,85931284.0,85931284.0,,25.951,5537000000.0,0.0,27000000.0,715000000.0,64.435,
2,TNL,MRT,2020-12-31,2020-12-31,2020-12-31,2021-08-25,-16000000.0,7613000000.0,7702000000.0,,,0.28,-11.437,-69000000.0,1317000000.0,1317000000.0,1233000000.0,-255000000.0,,-8.738,6418000000.0,,,6418000000.0,447000000.0,149000000.0,0.0,0.036,1.6,-86000000.0,63000000.0,0.029,63000000.0,-86000000.0,-278000000.0,-2.97,-2.97,-2.97,-982000000.0,-988500000.0,-982000000.0,9094738187.0,-106.0,144.361,305000000.0,3.552,1.0,927000000.0,0.429,1095000000.0,192000000.0,11619000000.0,11805500000.0,1347000000.0,0.0,,,8581000000.0,,,3851738187.0,815000000.0,0.0,-121000000.0,794000000.0,-138000000.0,502000000.0,-65000000.0,0.0,374000000.0,4000000.0,-255000000.0,-255000000.0,-255000000.0,2000000.0,0.0,-0.118,1032000000.0,-105000000.0,62000000.0,-0.539,-3.922,-15.105,-15.104,666000000.0,0.0,44.86,1.783,1.783,2597000000.0,1390000000.0,2160000000.0,2160000000.0,0.0,-0.033,0.258,-0.007,-0.04,20000000.0,727000000.0,1.0,85861306.0,85861306.0,,25.157,6518000000.0,0.0,-23000000.0,725000000.0,75.913,
3,TNL,MRT,2020-09-30,2020-09-30,2020-09-30,2021-08-25,-56000000.0,7822000000.0,7662000000.0,,,0.326,-11.812,-89000000.0,1398000000.0,1398000000.0,1363000000.0,-90000000.0,,-8.754,6641000000.0,,,6641000000.0,481000000.0,151000000.0,0.0,0.057,1.75,106000000.0,257000000.0,0.103,257000000.0,106000000.0,-73000000.0,-1.13,-1.15,-1.13,-1007000000.0,-877000000.0,-1007000000.0,7847323129.0,74.0,30.534,267000000.0,3.132,1.0,1133000000.0,0.454,1090000000.0,179000000.0,11975000000.0,11754000000.0,1331000000.0,0.0,,,8815000000.0,,,2622323129.0,971000000.0,106000000.0,-244000000.0,1080000000.0,-153000000.0,642000000.0,-27000000.0,-50000000.0,356000000.0,0.0,-90000000.0,-90000000.0,-90000000.0,-13000000.0,0.0,-0.036,1132000000.0,1000000.0,57000000.0,-1.549,-2.604,-29.137,-27.221,679000000.0,0.0,30.76,1.051,1.051,2643000000.0,1414000000.0,2496000000.0,2496000000.0,0.0,-0.012,0.103,0.009,0.042,21000000.0,816000000.0,1.0,85251077.0,85251077.0,,29.278,6732000000.0,0.0,17000000.0,683000000.0,78.967,
4,TNL,MRT,2020-06-30,2020-06-30,2020-06-30,2021-08-25,-77000000.0,7597000000.0,7597250000.0,,,0.393,-12.474,-97000000.0,1186000000.0,1186000000.0,1588000000.0,5000000.0,,-8.142,6411000000.0,,,6411000000.0,531000000.0,154000000.0,0.0,0.067,1.9,256000000.0,410000000.0,0.137,410000000.0,256000000.0,89000000.0,-0.12,-0.15,-0.12,-1062000000.0,-770750000.0,-1062000000.0,7622099171.0,30.0,18.59,220000000.0,2.584,1.0,1399000000.0,0.468,1096000000.0,167000000.0,11726000000.0,11659750000.0,1278000000.0,0.0,,,8647000000.0,,,2399099171.0,703000000.0,55000000.0,-334000000.0,963000000.0,-168000000.0,430000000.0,-35000000.0,0.0,317000000.0,-9000000.0,5000000.0,5000000.0,5000000.0,-13000000.0,0.0,0.002,1248000000.0,151000000.0,61000000.0,-15.833,-2.259,479.82,-234.833,670000000.0,0.0,28.18,0.803,0.803,2745000000.0,1399000000.0,2987000000.0,2987000000.0,0.0,0.001,-0.006,0.022,0.086,20000000.0,948000000.0,1.0,85134818.0,85134818.0,,35.086,6501000000.0,0.0,84000000.0,734000000.0,76.361,
5,TNL,MRT,2020-03-31,2020-03-31,2020-03-31,2021-08-25,-117000000.0,7776000000.0,7564500000.0,,,0.487,-10.343,-109000000.0,1171000000.0,1171000000.0,1827000000.0,293000000.0,,-9.598,6394000000.0,,,6394000000.0,553000000.0,150000000.0,0.0,0.085,1.85,571000000.0,721000000.0,0.196,721000000.0,571000000.0,410000000.0,3.13,3.09,3.13,-903000000.0,-647750000.0,-903000000.0,6967462058.0,12.0,9.664,248000000.0,2.841,1.0,1856000000.0,0.504,1097000000.0,161000000.0,11902000000.0,11593750000.0,1218000000.0,0.0,,,8667000000.0,,,1894462058.0,724000000.0,55000000.0,-396000000.0,1085000000.0,-167000000.0,425000000.0,-42000000.0,0.0,357000000.0,-16000000.0,293000000.0,293000000.0,293000000.0,-19000000.0,0.0,0.08,1393000000.0,463000000.0,71000000.0,0.591,-2.098,6.466,6.933,682000000.0,0.0,21.7,0.514,0.514,2929000000.0,1607000000.0,3683000000.0,3683000000.0,0.0,0.039,-0.452,0.049,0.155,20000000.0,1124000000.0,1.0,87302399.0,87302399.0,,42.187,6679000000.0,0.0,117000000.0,764000000.0,76.504,
6,TNL,MRT,2019-12-31,2019-12-31,2019-12-31,2021-08-25,-52000000.0,7453000000.0,7463000000.0,,,0.542,-5.909,-108000000.0,502000000.0,502000000.0,1940000000.0,507000000.0,,-14.882,5575000000.0,,,5575000000.0,541000000.0,152000000.0,0.0,0.035,1.8,860000000.0,1012000000.0,0.25,1012000000.0,860000000.0,698000000.0,5.5,5.48,5.5,-536000000.0,-570500000.0,-536000000.0,9831501028.0,11.0,9.715,344000000.0,3.793,1.0,2103000000.0,0.52,1113000000.0,162000000.0,11413000000.0,11425000000.0,1199000000.0,0.0,,,7977000000.0,,,4688501028.0,98000000.0,55000000.0,-329000000.0,301000000.0,-166000000.0,-289000000.0,-66000000.0,0.0,452000000.0,1000000.0,507000000.0,507000000.0,507000000.0,-18000000.0,0.0,0.125,1359000000.0,744000000.0,73000000.0,0.327,-8.747,9.248,9.398,680000000.0,0.0,51.69,1.16,1.16,3264000000.0,1785000000.0,4043000000.0,4043000000.0,0.0,0.068,-0.889,0.075,0.213,24000000.0,1157000000.0,1.0,90704218.0,90704218.0,,44.573,6340000000.0,0.0,191000000.0,815000000.0,69.898,
7,TNL,MRT,2019-09-30,2019-09-30,2019-09-30,2021-08-25,-77000000.0,7563000000.0,7389250000.0,,,0.544,-6.311,-111000000.0,398000000.0,398000000.0,1874000000.0,451000000.0,,-13.974,5541000000.0,,,5541000000.0,553000000.0,147000000.0,0.0,0.038,1.76,752000000.0,899000000.0,0.224,899000000.0,752000000.0,590000000.0,4.84,4.81,4.84,-582000000.0,-581250000.0,-582000000.0,9267238955.0,12.0,10.308,296000000.0,3.21,1.0,2143000000.0,0.533,1108000000.0,162000000.0,11598000000.0,11319750000.0,1209000000.0,0.0,,,8133000000.0,,,4244238955.0,50000000.0,-50000000.0,-313000000.0,350000000.0,-165000000.0,-224000000.0,-126000000.0,0.0,407000000.0,-7000000.0,451000000.0,451000000.0,451000000.0,-12000000.0,0.0,0.112,1433000000.0,710000000.0,86000000.0,0.364,-7.293,9.411,9.508,723000000.0,0.0,46.02,1.057,1.057,3255000000.0,1651000000.0,4017000000.0,4017000000.0,0.0,0.061,-0.776,0.066,0.187,25000000.0,1141000000.0,1.0,92225966.0,92225966.0,,43.556,6455000000.0,0.0,139000000.0,772000000.0,69.991,
8,TNL,MRT,2019-06-30,2019-06-30,2019-06-30,2021-08-25,-51000000.0,7466000000.0,7281500000.0,,,0.546,-6.089,-108000000.0,409000000.0,409000000.0,1845000000.0,464000000.0,,-14.081,5432000000.0,,,5432000000.0,554000000.0,139000000.0,0.0,0.039,1.72,767000000.0,906000000.0,0.228,906000000.0,767000000.0,608000000.0,4.85,4.83,4.85,-570000000.0,-564250000.0,-570000000.0,8997844380.0,12.0,9.931,294000000.0,3.14,1.0,2129000000.0,0.536,1027000000.0,159000000.0,11462000000.0,11181500000.0,1216000000.0,0.0,,,8026000000.0,,,4109844380.0,96000000.0,1000000.0,-326000000.0,321000000.0,-164000000.0,-237000000.0,-68000000.0,0.0,402000000.0,-1000000.0,464000000.0,464000000.0,464000000.0,-29000000.0,0.0,0.117,1436000000.0,693000000.0,81000000.0,0.355,-7.21,8.857,9.052,715000000.0,0.0,43.9,1.034,1.034,3188000000.0,1558000000.0,3974000000.0,3974000000.0,0.0,0.064,-0.822,0.069,0.193,32000000.0,1119000000.0,1.0,93618323.0,93618323.0,,42.449,6439000000.0,0.0,144000000.0,761000000.0,68.779,
9,TNL,MRT,2019-03-31,2019-03-31,2019-03-31,2021-08-25,-50000000.0,7370000000.0,7183750000.0,,,0.549,-6.288,-105000000.0,403000000.0,403000000.0,1883000000.0,718000000.0,,-13.391,5291000000.0,,,5291000000.0,551000000.0,140000000.0,0.0,0.041,1.68,1021000000.0,1161000000.0,0.295,1161000000.0,1021000000.0,856000000.0,7.3,7.28,7.3,-594000000.0,-553000000.0,-594000000.0,8689806708.0,9.0,7.485,356000000.0,3.769,1.0,2059000000.0,0.522,1031000000.0,165000000.0,11227000000.0,11043000000.0,1213000000.0,0.0,,,7954000000.0,,,3824806708.0,-142000000.0,1000000.0,-315000000.0,-922000000.0,-166000000.0,143000000.0,-737000000.0,0.0,461000000.0,-9000000.0,718000000.0,718000000.0,718000000.0,-413000000.0,0.0,0.182,1499000000.0,560000000.0,79000000.0,0.23,-6.439,5.327,5.547,720000000.0,0.0,40.49,0.97,0.97,3157000000.0,1480000000.0,3942000000.0,3942000000.0,0.0,0.1,-1.298,0.092,0.259,116000000.0,1114000000.0,1.0,94462996.0,94462996.0,,41.731,6339000000.0,0.0,138000000.0,749000000.0,67.106,
10,TNL,MRT,2018-12-31,2018-12-31,2018-12-31,2021-08-25,-52000000.0,7158000000.0,8116000000.0,,,0.484,-5.941,-99000000.0,373000000.0,373000000.0,1913000000.0,672000000.0,,-13.345,5238000000.0,,,5238000000.0,518000000.0,138000000.0,0.0,0.053,1.89,972000000.0,1110000000.0,0.282,1110000000.0,972000000.0,802000000.0,6.8,6.77,6.8,-579000000.0,-243250000.0,-579000000.0,8487706309.0,9.0,7.647,343000000.0,3.52,1.0,2018000000.0,0.513,1031000000.0,170000000.0,10992000000.0,11125000000.0,1224000000.0,0.0,,,7727000000.0,,,3492706309.0,-12000000.0,-4000000.0,-330000000.0,-702000000.0,-194000000.0,280000000.0,-725000000.0,0.0,442000000.0,-9000000.0,672000000.0,672000000.0,672000000.0,-406000000.0,0.0,0.171,1495000000.0,523000000.0,66000000.0,0.278,-6.032,5.197,5.271,712000000.0,0.0,35.84,0.889,0.889,3158000000.0,1442000000.0,3931000000.0,3931000000.0,0.0,0.083,-2.763,0.087,0.247,129000000.0,1122000000.0,1.0,97452743.0,97452743.0,,40.337,6127000000.0,0.0,130000000.0,736000000.0,62.871,
11,TNL,MRT,2018-09-30,2018-09-30,2018-09-30,2021-08-25,-31000000.0,7132000000.0,8939000000.0,,,0.437,-5.17,-94000000.0,164000000.0,164000000.0,1898000000.0,976000000.0,,-14.866,5159000000.0,,,5159000000.0,564000000.0,141000000.0,0.0,0.048,2.06,870000000.0,1011000000.0,0.259,1011000000.0,870000000.0,701000000.0,9.67,9.63,9.67,-514000000.0,93750000.0,-514000000.0,9229800035.0,11.0,9.129,583000000.0,5.864,1.0,2008000000.0,0.514,1082000000.0,169000000.0,11045000000.0,11515500000.0,1197000000.0,0.0,,,7641000000.0,,,4310800035.0,-78000000.0,-26000000.0,-378000000.0,-716000000.0,-212000000.0,194000000.0,-944000000.0,0.0,677000000.0,-5000000.0,976000000.0,976000000.0,976000000.0,-372000000.0,0.0,0.25,1552000000.0,456000000.0,147000000.0,0.213,-8.387,4.417,4.484,775000000.0,0.0,43.36,1.104,1.104,3186000000.0,1384000000.0,3906000000.0,3906000000.0,0.0,0.109,10.411,0.076,0.223,140000000.0,1142000000.0,1.0,99418820.0,99418820.0,,39.288,6050000000.0,0.0,-275000000.0,709000000.0,60.854,
12,TNL,MRT,2018-06-30,2018-06-30,2018-06-30,2021-08-25,-26000000.0,7075000000.0,9721250000.0,,,0.397,-5.261,-97000000.0,155000000.0,155000000.0,1878000000.0,1092000000.0,,-14.467,5074000000.0,,,5074000000.0,592000000.0,144000000.0,0.0,0.05,2.23,1000000000.0,1144000000.0,0.296,1144000000.0,1000000000.0,828000000.0,10.76,10.71,10.76,-525000000.0,378250000.0,-525000000.0,10387393012.0,10.0,9.08,532000000.0,5.332,1.0,1981000000.0,0.513,1086000000.0,172000000.0,10908000000.0,11486500000.0,1243000000.0,0.0,,,7595000000.0,,,4417393012.0,-241000000.0,-48000000.0,-422000000.0,-682000000.0,-231000000.0,147000000.0,-1017000000.0,0.0,629000000.0,0.0,1092000000.0,1092000000.0,1092000000.0,-517000000.0,0.0,0.283,1538000000.0,443000000.0,197000000.0,0.207,-8.414,4.045,4.114,764000000.0,0.0,44.27,1.145,1.145,3110000000.0,1285000000.0,3859000000.0,3859000000.0,0.0,0.112,2.887,0.087,0.259,141000000.0,1132000000.0,1.0,99782991.0,99782991.0,,38.674,5989000000.0,0.0,-264000000.0,701000000.0,60.02,
13,TNL,MRT,2018-03-31,2018-03-31,2018-03-31,2021-08-25,3000000.0,11099000000.0,10539500000.0,3682000000.0,7417000000.0,0.363,6.468,-93000000.0,291000000.0,291000000.0,1865000000.0,799000000.0,1.188,16.2,6261000000.0,289000000.0,5972000000.0,6261000000.0,849000000.0,122000000.0,0.0,0.021,2.4,658000000.0,780000000.0,0.204,780000000.0,658000000.0,493000000.0,7.8,7.75,7.8,645000000.0,656250000.0,645000000.0,17318357359.0,26.0,22.203,788000000.0,7.902,1.0,1965000000.0,0.513,2415000000.0,165000000.0,11555000000.0,11396500000.0,1225000000.0,0.0,0.0,0.0,10449000000.0,3099000000.0,7350000000.0,11411357359.0,159000000.0,-53000000.0,-528000000.0,455000000.0,-248000000.0,-366000000.0,-371000000.0,2000000.0,881000000.0,15000000.0,799000000.0,799000000.0,799000000.0,-198000000.0,0.0,0.209,1542000000.0,423000000.0,245000000.0,0.308,17.692,14.282,14.671,1112000000.0,0.0,114.43,2.979,2.979,3326000000.0,2449000000.0,3830000000.0,3830000000.0,0.0,0.076,1.218,0.058,0.172,62000000.0,1137000000.0,1.0,99723476.0,99723476.0,,38.406,8684000000.0,0.0,-306000000.0,802000000.0,87.081,583000000.0
14,TNL,MRT,2017-12-31,2017-12-31,2017-12-31,2021-08-25,-11000000.0,10450000000.0,10350500000.0,2995000000.0,7455000000.0,0.368,7.589,-107000000.0,219000000.0,219000000.0,1860000000.0,855000000.0,1.139,12.583,6006000000.0,321000000.0,5686000000.0,6006000000.0,559000000.0,136000000.0,0.0,0.02,2.32,681000000.0,817000000.0,0.215,817000000.0,681000000.0,526000000.0,8.29,8.24,8.29,769000000.0,660500000.0,769000000.0,17352671892.0,25.0,21.24,879000000.0,8.675,1.0,1946000000.0,0.511,1054000000.0,155000000.0,12554000000.0,11194500000.0,1249000000.0,0.0,0.0,0.0,9676000000.0,2629000000.0,7047000000.0,11740671892.0,83000000.0,-48000000.0,-599000000.0,348000000.0,-242000000.0,-558000000.0,-362000000.0,0.0,986000000.0,17000000.0,854000000.0,854000000.0,854000000.0,-209000000.0,1000000.0,0.224,1507000000.0,439000000.0,232000000.0,0.28,15.267,13.748,13.977,822000000.0,0.0,115.87,3.085,3.085,3096000000.0,2501000000.0,3806000000.0,3806000000.0,0.0,0.083,1.293,0.061,0.179,59000000.0,1126000000.0,1.0,101326244.0,101326244.0,,37.562,9396000000.0,0.0,-328000000.0,613000000.0,92.73,366000000.0
15,TNL,MRT,2017-09-30,2017-09-30,2017-09-30,2021-08-25,-9000000.0,10261000000.0,10192750000.0,2039000000.0,8222000000.0,0.251,6.071,-57000000.0,289000000.0,289000000.0,1262000000.0,603000000.0,0.961,15.434,5901000000.0,234000000.0,5667000000.0,5901000000.0,723000000.0,40000000.0,0.0,0.021,2.24,754000000.0,794000000.0,0.31,794000000.0,754000000.0,610000000.0,5.79,5.74,5.79,624000000.0,646750000.0,624000000.0,16179647699.0,21.0,20.377,784000000.0,7.628,1.0,1298000000.0,0.507,2823000000.0,144000000.0,10929000000.0,10775000000.0,1333000000.0,0.0,0.0,0.0,9631000000.0,2121000000.0,7510000000.0,10834647699.0,-28000000.0,-11000000.0,-597000000.0,351000000.0,-238000000.0,-548000000.0,-328000000.0,15000000.0,841000000.0,7000000.0,603000000.0,603000000.0,603000000.0,-456000000.0,0.0,0.236,1029000000.0,269000000.0,432000000.0,0.387,17.363,17.968,18.206,1358000000.0,0.0,105.41,4.232,4.232,3450000000.0,2219000000.0,2560000000.0,2560000000.0,0.0,0.059,0.932,0.07,0.295,44000000.0,801000000.0,1.0,102785767.0,102785767.0,,24.906,7438000000.0,0.0,7000000.0,1285000000.0,72.364,-82000000.0
16,TNL,MRT,2017-06-30,2017-06-30,2017-06-30,2021-08-25,-39000000.0,10348000000.0,10063250000.0,2258000000.0,8090000000.0,0.31,5.625,-78000000.0,415000000.0,415000000.0,1520000000.0,536000000.0,0.947,16.62,5760000000.0,226000000.0,5534000000.0,5760000000.0,818000000.0,67000000.0,0.0,0.022,2.16,728000000.0,795000000.0,0.255,795000000.0,728000000.0,590000000.0,5.0,4.95,5.0,587000000.0,689000000.0,587000000.0,15969169576.0,22.0,20.087,841000000.0,8.059,1.0,1598000000.0,0.513,2761000000.0,138000000.0,10548000000.0,10611750000.0,1325000000.0,0.0,0.0,0.0,9756000000.0,2384000000.0,7372000000.0,10478169576.0,-1000000.0,-26000000.0,-599000000.0,267000000.0,-233000000.0,-644000000.0,-275000000.0,10000000.0,919000000.0,-1000000.0,535000000.0,535000000.0,535000000.0,-294000000.0,1000000.0,0.172,1177000000.0,421000000.0,670000000.0,0.432,17.85,19.585,20.082,1368000000.0,0.0,100.41,3.361,3.361,3390000000.0,2077000000.0,3118000000.0,3118000000.0,0.0,0.053,0.776,0.069,0.233,47000000.0,931000000.0,1.0,104353845.0,104353845.0,,29.879,7587000000.0,0.0,55000000.0,1255000000.0,72.705,-126000000.0
17,TNL,MRT,2017-03-31,2017-03-31,2017-03-31,2021-08-25,-84000000.0,10343000000.0,9961750000.0,2302000000.0,8041000000.0,0.356,6.306,-102000000.0,222000000.0,222000000.0,1721000000.0,607000000.0,0.98,14.618,5713000000.0,231000000.0,5482000000.0,5713000000.0,827000000.0,116000000.0,0.0,0.025,2.08,887000000.0,1003000000.0,0.283,1003000000.0,887000000.0,754000000.0,5.58,5.53,5.58,662000000.0,736750000.0,662000000.0,14175674684.0,16.0,14.133,838000000.0,7.983,1.0,1822000000.0,0.514,2738000000.0,133000000.0,10747000000.0,10484500000.0,1362000000.0,0.0,0.0,0.0,9677000000.0,2349000000.0,7328000000.0,8848674684.0,-39000000.0,-21000000.0,-598000000.0,219000000.0,-227000000.0,-682000000.0,-277000000.0,6000000.0,940000000.0,-20000000.0,606000000.0,606000000.0,606000000.0,-223000000.0,1000000.0,0.171,1175000000.0,647000000.0,740000000.0,0.373,13.367,14.602,15.106,1360000000.0,0.0,84.29,2.498,2.498,3600000000.0,2060000000.0,3543000000.0,3543000000.0,0.0,0.061,0.823,0.085,0.25,55000000.0,1034000000.0,1.0,104978938.0,104978938.0,,33.75,7605000000.0,0.0,148000000.0,1298000000.0,72.443,-47000000.0
18,TNL,MRT,2016-12-31,2016-12-31,2016-12-31,2021-08-25,-113000000.0,9819000000.0,9917250000.0,1812000000.0,8007000000.0,0.372,6.625,-117000000.0,113000000.0,113000000.0,1828000000.0,612000000.0,0.892,12.746,5441000000.0,217000000.0,5224000000.0,5441000000.0,615000000.0,127000000.0,0.0,0.026,2.0,934000000.0,1061000000.0,0.287,1061000000.0,934000000.0,801000000.0,5.56,5.52,5.56,714000000.0,780500000.0,714000000.0,13347894283.0,14.0,12.58,846000000.0,7.85,1.0,1864000000.0,0.505,2239000000.0,133000000.0,10876000000.0,10383750000.0,1345000000.0,0.0,0.0,0.0,9101000000.0,2032000000.0,7069000000.0,8230894283.0,11000000.0,-21000000.0,-619000000.0,302000000.0,-223000000.0,-586000000.0,-346000000.0,0.0,963000000.0,-20000000.0,611000000.0,611000000.0,611000000.0,-260000000.0,1000000.0,0.165,1206000000.0,658000000.0,213000000.0,0.36,11.528,13.471,13.736,1028000000.0,0.0,76.37,2.229,2.229,3153000000.0,1977000000.0,3692000000.0,3692000000.0,0.0,0.062,0.783,0.09,0.253,48000000.0,1067000000.0,1.0,107776539.0,107776539.0,,34.256,7580000000.0,0.0,190000000.0,1167000000.0,70.331,-220000000.0
19,TNL,MRT,2016-09-30,2016-09-30,2016-09-30,2021-08-25,-56000000.0,9743000000.0,9860250000.0,1843000000.0,7900000000.0,0.5,7.217,-168000000.0,332000000.0,332000000.0,2378000000.0,590000000.0,0.954,11.281,5449000000.0,233000000.0,5216000000.0,5449000000.0,672000000.0,201000000.0,0.0,0.029,1.92,1009000000.0,1210000000.0,0.245,1210000000.0,1009000000.0,875000000.0,5.26,5.22,5.26,793000000.0,839500000.0,793000000.0,12325882403.0,12.0,10.187,792000000.0,7.208,1.0,2555000000.0,0.518,2653000000.0,134000000.0,10276000000.0,10154250000.0,1314000000.0,0.0,0.0,0.0,8946000000.0,1931000000.0,7015000000.0,7397882403.0,73000000.0,-14000000.0,-642000000.0,259000000.0,-218000000.0,-640000000.0,-230000000.0,-11000000.0,960000000.0,-17000000.0,589000000.0,589000000.0,589000000.0,-60000000.0,1000000.0,0.119,1625000000.0,930000000.0,392000000.0,0.365,9.329,12.56,12.8,1358000000.0,0.0,67.33,1.5,1.5,3302000000.0,1866000000.0,4933000000.0,4933000000.0,0.0,0.06,0.702,0.099,0.205,58000000.0,1411000000.0,1.0,109874980.0,109874980.0,,44.896,7090000000.0,0.0,286000000.0,1198000000.0,64.528,-88000000.0
20,TNL,MRT,2016-06-30,2016-06-30,2016-06-30,2021-08-25,-66000000.0,9942000000.0,9851250000.0,2127000000.0,7815000000.0,0.5,6.949,-167000000.0,478000000.0,478000000.0,2385000000.0,583000000.0,0.972,11.775,5406000000.0,244000000.0,5162000000.0,5406000000.0,781000000.0,198000000.0,0.0,0.026,1.84,994000000.0,1192000000.0,0.242,1192000000.0,994000000.0,861000000.0,5.09,5.05,5.09,778000000.0,895250000.0,778000000.0,13088318309.0,13.0,10.98,793000000.0,7.083,1.0,2539000000.0,0.516,2643000000.0,133000000.0,10039000000.0,10089500000.0,1291000000.0,0.0,0.0,0.0,9161000000.0,2188000000.0,6973000000.0,7974318309.0,68000000.0,15000000.0,-655000000.0,171000000.0,-213000000.0,-657000000.0,-209000000.0,-11000000.0,960000000.0,-26000000.0,583000000.0,583000000.0,583000000.0,-60000000.0,0.0,0.118,1625000000.0,914000000.0,580000000.0,0.361,10.25,13.678,13.994,1361000000.0,0.0,71.23,1.619,1.619,3285000000.0,1726000000.0,4924000000.0,4924000000.0,0.0,0.059,0.651,0.099,0.202,57000000.0,1414000000.0,1.0,111951682.0,111951682.0,,43.983,7299000000.0,0.0,278000000.0,1195000000.0,65.198,-61000000.0
21,TNL,MRT,2016-03-31,2016-03-31,2016-03-31,2021-08-25,-38000000.0,10165000000.0,9871750000.0,2349000000.0,7816000000.0,0.498,7.439,-176000000.0,318000000.0,318000000.0,2388000000.0,586000000.0,1.041,11.141,5432000000.0,252000000.0,5180000000.0,5432000000.0,794000000.0,193000000.0,0.0,0.023,1.76,991000000.0,1184000000.0,0.241,1184000000.0,991000000.0,862000000.0,5.03,4.99,5.03,837000000.0,967250000.0,837000000.0,13635990032.0,14.0,11.517,823000000.0,7.315,1.0,2531000000.0,0.515,2679000000.0,129000000.0,10344000000.0,10071750000.0,1254000000.0,0.0,0.0,0.0,9325000000.0,2256000000.0,7069000000.0,8598990032.0,138000000.0,-14000000.0,-672000000.0,246000000.0,-208000000.0,-611000000.0,-243000000.0,-9000000.0,999000000.0,-7000000.0,586000000.0,586000000.0,586000000.0,-60000000.0,0.0,0.119,1617000000.0,914000000.0,634000000.0,0.35,10.274,14.674,15.195,1403000000.0,0.0,76.43,1.748,1.748,3510000000.0,1628000000.0,4919000000.0,4919000000.0,0.0,0.059,0.606,0.098,0.201,51000000.0,1411000000.0,1.0,112508047.0,112508047.0,,43.721,7486000000.0,144000000.0,276000000.0,1306000000.0,66.537,93000000.0
22,TNL,MRT,2015-12-31,2015-12-31,2015-12-31,2021-08-25,-74000000.0,9591000000.0,9805000000.0,1743000000.0,7848000000.0,0.498,8.182,-189000000.0,171000000.0,171000000.0,2335000000.0,612000000.0,0.891,9.093,5181000000.0,253000000.0,4928000000.0,5181000000.0,681000000.0,187000000.0,0.0,0.023,1.68,1019000000.0,1206000000.0,0.247,1206000000.0,1019000000.0,897000000.0,5.18,5.14,5.18,950000000.0,1028500000.0,950000000.0,13359100900.0,13.0,11.077,802000000.0,6.907,1.0,2543000000.0,0.521,2686000000.0,122000000.0,9958000000.0,10023750000.0,1259000000.0,0.0,0.0,0.0,8638000000.0,1957000000.0,6681000000.0,8435100900.0,-12000000.0,-74000000.0,-658000000.0,158000000.0,-202000000.0,-675000000.0,-302000000.0,-8000000.0,991000000.0,-26000000.0,612000000.0,612000000.0,612000000.0,-60000000.0,0.0,0.125,1608000000.0,935000000.0,394000000.0,0.324,8.879,13.783,14.025,1399000000.0,0.0,72.65,1.729,1.729,3296000000.0,1592000000.0,4878000000.0,4878000000.0,0.0,0.062,0.595,0.102,0.209,41000000.0,1408000000.0,1.0,116106000.0,116106000.0,,42.013,6905000000.0,0.0,285000000.0,1154000000.0,59.472,-214000000.0
23,TNL,MRT,2015-09-30,2015-09-30,2015-09-30,2021-08-25,-67000000.0,9707000000.0,9827000000.0,1843000000.0,7864000000.0,0.555,8.602,-243000000.0,259000000.0,259000000.0,2645000000.0,551000000.0,0.969,8.551,5183000000.0,254000000.0,4929000000.0,5183000000.0,649000000.0,231000000.0,0.0,0.022,1.61,986000000.0,1217000000.0,0.223,1217000000.0,986000000.0,868000000.0,4.64,4.61,4.64,1016000000.0,1104750000.0,1016000000.0,13328159546.0,14.0,10.952,659000000.0,5.58,1.0,2810000000.0,0.515,2713000000.0,118000000.0,10017000000.0,10040500000.0,1252000000.0,0.0,0.0,0.0,8688000000.0,1901000000.0,6787000000.0,8492159546.0,7000000.0,-102000000.0,-654000000.0,303000000.0,-196000000.0,-530000000.0,-335000000.0,-7000000.0,902000000.0,-30000000.0,552000000.0,552000000.0,552000000.0,0.0,-1000000.0,0.101,1849000000.0,961000000.0,348000000.0,0.347,8.358,15.384,15.496,1402000000.0,0.0,71.9,1.557,1.557,3169000000.0,1501000000.0,5455000000.0,5455000000.0,0.0,0.056,0.5,0.098,0.181,41000000.0,1566000000.0,1.0,118110703.0,118110703.0,,46.185,6994000000.0,121000000.0,316000000.0,1249000000.0,59.216,-58000000.0
24,TNL,MRT,2015-06-30,2015-06-30,2015-06-30,2021-08-25,-32000000.0,10024000000.0,9789500000.0,2164000000.0,7860000000.0,0.552,8.88,-249000000.0,410000000.0,410000000.0,2573000000.0,567000000.0,1.0,8.401,5246000000.0,263000000.0,4983000000.0,5246000000.0,751000000.0,232000000.0,0.0,0.019,1.54,1014000000.0,1246000000.0,0.231,1246000000.0,1014000000.0,901000000.0,4.67,4.64,4.67,1066000000.0,1202750000.0,1066000000.0,14864913963.0,15.0,11.93,679000000.0,5.656,1.0,2832000000.0,0.524,2729000000.0,113000000.0,9968000000.0,9951750000.0,1241000000.0,0.0,0.0,0.0,8955000000.0,2163000000.0,6792000000.0,9832913963.0,163000000.0,-95000000.0,-660000000.0,510000000.0,-190000000.0,-384000000.0,-349000000.0,-16000000.0,928000000.0,-32000000.0,568000000.0,568000000.0,568000000.0,0.0,-1000000.0,0.105,1840000000.0,992000000.0,552000000.0,0.33,9.224,17.311,17.54,1427000000.0,0.0,81.91,1.819,1.819,3178000000.0,1361000000.0,5405000000.0,5405000000.0,0.0,0.058,0.472,0.102,0.188,23000000.0,1563000000.0,1.0,120045342.0,120045342.0,,45.025,7295000000.0,120000000.0,333000000.0,1240000000.0,60.769,1000000.0
25,TNL,MRT,2015-03-31,2015-03-31,2015-03-31,2021-08-25,-60000000.0,9898000000.0,9747750000.0,2107000000.0,7791000000.0,0.549,8.975,-245000000.0,180000000.0,180000000.0,2528000000.0,561000000.0,1.01,8.146,5212000000.0,270000000.0,4942000000.0,5212000000.0,739000000.0,233000000.0,0.0,0.016,1.47,1008000000.0,1241000000.0,0.232,1241000000.0,1008000000.0,896000000.0,4.54,4.51,4.54,1082000000.0,1307250000.0,1082000000.0,15776888231.0,16.0,12.713,677000000.0,5.616,1.0,2822000000.0,0.527,2692000000.0,112000000.0,10152000000.0,9813250000.0,1185000000.0,0.0,0.0,0.0,8814000000.0,2086000000.0,6728000000.0,10906888231.0,-23000000.0,-69000000.0,-648000000.0,306000000.0,-185000000.0,-573000000.0,-337000000.0,-26000000.0,922000000.0,-35000000.0,562000000.0,562000000.0,562000000.0,0.0,-1000000.0,0.105,1835000000.0,987000000.0,576000000.0,0.324,10.08,19.407,19.927,1443000000.0,0.0,90.47,2.039,2.039,3360000000.0,1252000000.0,5350000000.0,5350000000.0,0.0,0.058,0.43,0.103,0.188,24000000.0,1557000000.0,1.0,120558066.0,120558066.0,,44.377,7206000000.0,115000000.0,334000000.0,1223000000.0,59.772,21000000.0
26,TNL,MRT,2014-12-31,2014-12-31,2014-12-31,2021-08-25,24000000.0,9679000000.0,9778750000.0,1867000000.0,7812000000.0,0.54,10.181,-235000000.0,183000000.0,183000000.0,2504000000.0,529000000.0,1.004,6.711,5053000000.0,261000000.0,4792000000.0,5053000000.0,663000000.0,233000000.0,0.0,0.016,1.4,958000000.0,1191000000.0,0.226,1191000000.0,958000000.0,845000000.0,4.22,4.18,4.22,1255000000.0,1417250000.0,1255000000.0,15182019272.0,16.0,12.747,749000000.0,6.076,1.0,2777000000.0,0.526,2665000000.0,113000000.0,10025000000.0,9727000000.0,1162000000.0,0.0,0.0,0.0,8422000000.0,1859000000.0,6563000000.0,10571019272.0,-11000000.0,-23000000.0,-646000000.0,169000000.0,-179000000.0,-701000000.0,-276000000.0,-20000000.0,984000000.0,-18000000.0,529000000.0,529000000.0,529000000.0,0.0,0.0,0.1,1836000000.0,941000000.0,385000000.0,0.332,8.423,19.983,20.322,1500000000.0,0.0,85.76,2.002,2.002,3207000000.0,1183000000.0,5281000000.0,5281000000.0,0.0,0.054,0.373,0.098,0.181,23000000.0,1557000000.0,1.0,123262818.0,123262818.0,,42.843,7014000000.0,114000000.0,316000000.0,1202000000.0,56.903,8000000.0
27,TNL,MRT,2014-09-30,2014-09-30,2014-09-30,2021-08-25,57000000.0,9557000000.0,9794250000.0,1842000000.0,7715000000.0,0.536,11.249,-234000000.0,252000000.0,252000000.0,2483000000.0,535000000.0,1.017,5.786,4863000000.0,241000000.0,4622000000.0,4863000000.0,661000000.0,231000000.0,0.0,0.02,1.63,968000000.0,1199000000.0,0.229,1199000000.0,968000000.0,850000000.0,4.23,4.19,4.23,1408000000.0,1509250000.0,1408000000.0,14636785847.0,15.0,12.207,815000000.0,6.511,1.0,2762000000.0,0.527,2695000000.0,118000000.0,9662000000.0,9684750000.0,1009000000.0,0.0,0.0,0.0,8146000000.0,1811000000.0,6335000000.0,10170785847.0,-17000000.0,-13000000.0,-597000000.0,1000000.0,-173000000.0,-789000000.0,-269000000.0,-36000000.0,1049000000.0,-8000000.0,535000000.0,535000000.0,535000000.0,0.0,0.0,0.102,1808000000.0,954000000.0,348000000.0,0.385,7.224,19.011,19.21,1522000000.0,0.0,81.26,1.939,1.939,3162000000.0,1146000000.0,5245000000.0,5245000000.0,0.0,0.055,0.354,0.1,0.185,22000000.0,1551000000.0,1.0,125163498.0,125163498.0,,41.905,6862000000.0,97000000.0,315000000.0,1185000000.0,54.824,31000000.0
28,TNL,MRT,2014-06-30,2014-06-30,2014-06-30,2021-08-25,145000000.0,9857000000.0,9821500000.0,2054000000.0,7803000000.0,0.525,11.657,-232000000.0,247000000.0,247000000.0,2454000000.0,516000000.0,0.948,5.64,4713000000.0,237000000.0,4476000000.0,4713000000.0,776000000.0,225000000.0,0.0,0.021,1.57,942000000.0,1167000000.0,0.226,1167000000.0,942000000.0,821000000.0,4.0,3.95,4.0,1484000000.0,1577250000.0,1484000000.0,14301589951.0,15.0,12.255,811000000.0,6.37,1.0,2704000000.0,0.524,2742000000.0,121000000.0,9414000000.0,9720000000.0,1032000000.0,0.0,0.0,0.0,8370000000.0,2167000000.0,6203000000.0,9639589951.0,-95000000.0,-12000000.0,-589000000.0,-119000000.0,-169000000.0,-897000000.0,-256000000.0,-26000000.0,1043000000.0,15000000.0,516000000.0,516000000.0,516000000.0,0.0,0.0,0.1,1778000000.0,926000000.0,562000000.0,0.393,6.496,18.681,18.93,1553000000.0,0.0,75.72,1.869,1.869,3199000000.0,984000000.0,5158000000.0,5158000000.0,0.0,0.053,0.327,0.097,0.183,37000000.0,1535000000.0,1.0,127305731.0,127305731.0,,40.517,7115000000.0,93000000.0,305000000.0,1198000000.0,55.889,-113000000.0
29,TNL,MRT,2014-03-31,2014-03-31,2014-03-31,2021-08-25,134000000.0,10022000000.0,9819500000.0,2239000000.0,7783000000.0,0.516,11.877,-243000000.0,203000000.0,203000000.0,2423000000.0,496000000.0,1.049,5.583,4865000000.0,244000000.0,4621000000.0,4865000000.0,786000000.0,220000000.0,0.0,0.021,1.51,917000000.0,1137000000.0,0.224,1137000000.0,917000000.0,791000000.0,3.78,3.73,3.78,1522000000.0,1616500000.0,1522000000.0,14030858945.0,15.0,12.34,806000000.0,6.29,1.0,2645000000.0,0.522,2742000000.0,126000000.0,9807000000.0,9765500000.0,1029000000.0,0.0,0.0,0.0,8498000000.0,2135000000.0,6363000000.0,9383858945.0,-14000000.0,-11000000.0,-610000000.0,-126000000.0,-163000000.0,-831000000.0,-236000000.0,-18000000.0,1049000000.0,4000000.0,496000000.0,496000000.0,496000000.0,0.0,0.0,0.098,1744000000.0,901000000.0,639000000.0,0.399,6.165,18.919,19.373,1554000000.0,0.0,73.23,1.852,1.852,3450000000.0,877000000.0,5068000000.0,5068000000.0,0.0,0.051,0.307,0.094,0.181,36000000.0,1506000000.0,1.0,128142277.0,128142277.0,,39.55,7280000000.0,102000000.0,295000000.0,1199000000.0,56.812,104000000.0
30,TNL,MRT,2013-12-31,2013-12-31,2013-12-31,2021-08-25,122000000.0,9741000000.0,9787000000.0,1940000000.0,7801000000.0,0.512,12.455,-238000000.0,194000000.0,194000000.0,2394000000.0,433000000.0,1.084,5.001,4841000000.0,233000000.0,4608000000.0,4841000000.0,643000000.0,216000000.0,0.0,0.02,1.45,813000000.0,1029000000.0,0.205,1029000000.0,813000000.0,682000000.0,3.25,3.21,3.25,1623000000.0,1671750000.0,1623000000.0,14164307945.0,17.0,13.765,770000000.0,5.909,1.0,2615000000.0,0.522,2742000000.0,131000000.0,9856000000.0,9766000000.0,1023000000.0,0.0,0.0,0.0,8116000000.0,1790000000.0,6326000000.0,9602307945.0,-1000000.0,-123000000.0,-593000000.0,64000000.0,-156000000.0,-605000000.0,-401000000.0,-68000000.0,1008000000.0,-3000000.0,432000000.0,432000000.0,432000000.0,0.0,1000000.0,0.086,1705000000.0,910000000.0,360000000.0,0.446,5.916,22.228,22.674,1555000000.0,0.0,73.69,1.917,1.917,3258000000.0,832000000.0,5009000000.0,5009000000.0,0.0,0.044,0.258,0.083,0.162,38000000.0,1471000000.0,1.0,130306798.0,130306798.0,,38.44,6999000000.0,108000000.0,250000000.0,1173000000.0,53.712,150000000.0
31,TNL,MRT,2013-09-30,2013-09-30,2013-09-30,2021-08-25,124000000.0,9666000000.0,9717500000.0,1864000000.0,7802000000.0,0.505,12.635,-238000000.0,269000000.0,269000000.0,2330000000.0,427000000.0,1.11,4.752,4831000000.0,241000000.0,4590000000.0,4831000000.0,648000000.0,209000000.0,0.0,0.018,1.1,801000000.0,1010000000.0,0.206,1010000000.0,801000000.0,670000000.0,3.2,3.16,3.2,1680000000.0,1748500000.0,1680000000.0,12553581626.0,16.0,12.429,816000000.0,6.137,1.0,2577000000.0,0.525,2745000000.0,131000000.0,9803000000.0,9588000000.0,1014000000.0,0.0,0.0,0.0,7984000000.0,1680000000.0,6304000000.0,8106581626.0,37000000.0,-186000000.0,-628000000.0,158000000.0,-151000000.0,-555000000.0,-459000000.0,-65000000.0,1054000000.0,-3000000.0,427000000.0,427000000.0,427000000.0,0.0,0.0,0.087,1676000000.0,901000000.0,348000000.0,0.344,4.825,18.985,19.053,1513000000.0,0.0,60.97,1.652,1.652,3184000000.0,785000000.0,4907000000.0,4907000000.0,0.0,0.044,0.244,0.084,0.163,29000000.0,1452000000.0,1.0,132960171.0,132960171.0,,36.906,6921000000.0,97000000.0,243000000.0,1130000000.0,52.053,184000000.0
32,TNL,MRT,2013-06-30,2013-06-30,2013-06-30,2021-08-25,86000000.0,9849000000.0,9639750000.0,2095000000.0,7754000000.0,0.492,12.078,-234000000.0,342000000.0,342000000.0,2242000000.0,399000000.0,1.059,5.001,4789000000.0,269000000.0,4520000000.0,4789000000.0,721000000.0,200000000.0,0.0,0.018,1.04,762000000.0,962000000.0,0.203,962000000.0,762000000.0,630000000.0,2.91,2.87,2.91,1641000000.0,1833500000.0,1641000000.0,12513979398.0,16.0,13.008,881000000.0,6.484,1.0,2503000000.0,0.528,2722000000.0,132000000.0,9596000000.0,9447500000.0,1024000000.0,0.0,0.0,0.0,8207000000.0,1978000000.0,6229000000.0,7775979398.0,56000000.0,-390000000.0,-602000000.0,356000000.0,-144000000.0,-321000000.0,-728000000.0,-106000000.0,1115000000.0,-10000000.0,399000000.0,399000000.0,399000000.0,0.0,0.0,0.084,1637000000.0,866000000.0,520000000.0,0.357,4.739,19.489,19.667,1491000000.0,0.0,57.23,1.639,1.639,3210000000.0,637000000.0,4745000000.0,4745000000.0,0.0,0.041,0.218,0.081,0.161,27000000.0,1422000000.0,1.0,135872434.0,135872434.0,,34.922,7127000000.0,118000000.0,231000000.0,1123000000.0,52.454,117000000.0
33,TNL,MRT,2013-03-31,2013-03-31,2013-03-31,2021-08-25,120000000.0,9892000000.0,9456000000.0,2141000000.0,7751000000.0,0.49,12.757,-216000000.0,217000000.0,217000000.0,2158000000.0,394000000.0,1.025,4.675,4955000000.0,482000000.0,4473000000.0,4955000000.0,675000000.0,192000000.0,0.0,0.015,0.98,755000000.0,947000000.0,0.204,947000000.0,755000000.0,625000000.0,2.81,2.77,2.81,1743000000.0,1922500000.0,1743000000.0,13177205198.0,17.0,13.915,834000000.0,6.104,1.0,2473000000.0,0.534,2732000000.0,130000000.0,9809000000.0,9211500000.0,1051000000.0,0.0,0.0,0.0,8148000000.0,2089000000.0,6059000000.0,8810205198.0,-22000000.0,-388000000.0,-609000000.0,367000000.0,-138000000.0,-366000000.0,-696000000.0,-104000000.0,1050000000.0,-10000000.0,394000000.0,394000000.0,394000000.0,0.0,0.0,0.085,1617000000.0,856000000.0,542000000.0,0.349,5.055,22.361,22.947,1470000000.0,0.0,64.48,1.902,1.902,3425000000.0,544000000.0,4631000000.0,4631000000.0,0.0,0.042,0.205,0.082,0.163,22000000.0,1410000000.0,1.0,136634696.0,136634696.0,,33.893,7160000000.0,152000000.0,231000000.0,1121000000.0,52.403,52000000.0
34,TNL,MRT,2012-12-31,2012-12-31,2012-12-31,2021-08-25,151000000.0,9463000000.0,9326000000.0,1866000000.0,7597000000.0,0.486,13.759,-208000000.0,195000000.0,195000000.0,2093000000.0,399000000.0,0.966,3.903,4562000000.0,544000000.0,4018000000.0,4562000000.0,590000000.0,185000000.0,0.0,0.017,0.92,761000000.0,946000000.0,0.209,946000000.0,761000000.0,629000000.0,2.8,2.75,2.8,1930000000.0,2018000000.0,1930000000.0,11682592437.0,15.0,12.349,796000000.0,5.675,1.0,2441000000.0,0.538,2755000000.0,132000000.0,9144000000.0,9015750000.0,1077000000.0,0.0,0.0,0.0,7532000000.0,1931000000.0,5601000000.0,7463592437.0,53000000.0,-262000000.0,-618000000.0,310000000.0,-134000000.0,-431000000.0,-519000000.0,-56000000.0,1004000000.0,-1000000.0,400000000.0,400000000.0,400000000.0,0.0,-1000000.0,0.088,1589000000.0,852000000.0,346000000.0,0.329,3.867,18.659,19.004,1292000000.0,0.0,53.21,1.646,1.646,3331000000.0,558000000.0,4534000000.0,4534000000.0,0.0,0.043,0.198,0.084,0.168,8000000.0,1389000000.0,1.0,140266725.0,140266725.0,,32.324,6708000000.0,157000000.0,229000000.0,1141000000.0,47.823,-65000000.0
35,TNL,MRT,2012-09-30,2012-09-30,2012-09-30,2021-08-25,144000000.0,9355000000.0,9216000000.0,1829000000.0,7526000000.0,0.482,14.207,-209000000.0,232000000.0,232000000.0,2057000000.0,374000000.0,1.137,3.632,4451000000.0,270000000.0,4181000000.0,4451000000.0,575000000.0,181000000.0,0.0,0.016,0.84,708000000.0,889000000.0,0.2,889000000.0,708000000.0,574000000.0,2.64,2.59,2.64,2020000000.0,2093500000.0,2020000000.0,11296011703.0,16.0,12.706,742000000.0,5.218,1.0,2384000000.0,0.537,2725000000.0,134000000.0,9241000000.0,8910500000.0,1097000000.0,0.0,0.0,0.0,7336000000.0,1608000000.0,5728000000.0,7462011703.0,57000000.0,-204000000.0,-683000000.0,373000000.0,-125000000.0,-419000000.0,-474000000.0,-50000000.0,951000000.0,-1000000.0,375000000.0,375000000.0,375000000.0,0.0,-1000000.0,0.084,1587000000.0,797000000.0,313000000.0,0.318,3.694,19.899,19.879,1166000000.0,0.0,52.48,1.68,1.68,3286000000.0,510000000.0,4441000000.0,4441000000.0,0.0,0.041,0.179,0.079,0.159,14000000.0,1362000000.0,1.0,142187723.0,142187723.0,,31.233,6630000000.0,160000000.0,199000000.0,1122000000.0,46.628,221000000.0
36,TNL,MRT,2012-06-30,2012-06-30,2012-06-30,2021-08-25,124000000.0,9114000000.0,9132750000.0,1935000000.0,7179000000.0,0.48,13.687,-221000000.0,286000000.0,286000000.0,2040000000.0,390000000.0,1.137,3.564,4120000000.0,202000000.0,3918000000.0,4120000000.0,637000000.0,179000000.0,0.0,0.014,0.76,725000000.0,904000000.0,0.206,904000000.0,725000000.0,589000000.0,2.61,2.56,2.61,1997000000.0,2193250000.0,1997000000.0,11736171623.0,16.0,12.982,733000000.0,5.024,1.0,2348000000.0,0.535,2594000000.0,136000000.0,8652000000.0,8723250000.0,1086000000.0,0.0,0.0,0.0,7118000000.0,1702000000.0,5416000000.0,7695171623.0,-10000000.0,-27000000.0,-851000000.0,252000000.0,-116000000.0,-700000000.0,-248000000.0,-15000000.0,954000000.0,-16000000.0,391000000.0,391000000.0,391000000.0,0.0,-1000000.0,0.089,1555000000.0,793000000.0,457000000.0,0.291,3.853,19.681,20.207,1121000000.0,0.0,52.74,1.754,1.754,3174000000.0,384000000.0,4388000000.0,4388000000.0,0.0,0.043,0.178,0.083,0.165,14000000.0,1332000000.0,1.0,145907691.0,145907691.0,,30.074,6520000000.0,176000000.0,198000000.0,1112000000.0,44.686,233000000.0
37,TNL,MRT,2012-03-31,2012-03-31,2012-03-31,2021-08-25,168000000.0,9372000000.0,9186500000.0,2115000000.0,7257000000.0,0.472,14.56,-231000000.0,239000000.0,239000000.0,2053000000.0,376000000.0,1.198,3.411,4280000000.0,260000000.0,4020000000.0,4280000000.0,656000000.0,178000000.0,0.0,0.015,0.68,719000000.0,897000000.0,0.207,897000000.0,719000000.0,579000000.0,2.4,2.35,2.4,2125000000.0,2347500000.0,2125000000.0,10660980645.0,15.0,11.885,771000000.0,5.283,1.0,2286000000.0,0.527,2622000000.0,140000000.0,9026000000.0,8647500000.0,1087000000.0,0.0,0.0,0.0,7248000000.0,1765000000.0,5483000000.0,6787980645.0,65000000.0,-27000000.0,-862000000.0,333000000.0,-109000000.0,-654000000.0,-275000000.0,-17000000.0,1002000000.0,-8000000.0,377000000.0,377000000.0,377000000.0,0.0,-1000000.0,0.087,1494000000.0,792000000.0,502000000.0,0.283,3.194,18.005,19.379,1128000000.0,0.0,46.51,1.564,1.564,3386000000.0,290000000.0,4339000000.0,4339000000.0,0.0,0.041,0.161,0.083,0.166,17000000.0,1265000000.0,1.0,145946692.0,145946692.0,,29.73,6750000000.0,159000000.0,202000000.0,1078000000.0,46.25,350000000.0
38,TNL,MRT,2011-12-31,2011-12-31,2011-12-31,2021-08-25,128000000.0,9023000000.0,9207750000.0,1730000000.0,7293000000.0,0.462,14.492,-239000000.0,142000000.0,142000000.0,2025000000.0,417000000.0,1.107,3.043,4015000000.0,242000000.0,3773000000.0,4015000000.0,584000000.0,178000000.0,0.0,0.016,0.6,790000000.0,968000000.0,0.228,968000000.0,790000000.0,650000000.0,2.57,2.51,2.57,2232000000.0,2493000000.0,2232000000.0,9480496854.0,12.0,9.794,764000000.0,4.96,1.0,2229000000.0,0.524,2610000000.0,140000000.0,8723000000.0,8548000000.0,1110000000.0,0.0,0.0,0.0,6791000000.0,1563000000.0,5228000000.0,5826496854.0,-14000000.0,-27000000.0,-882000000.0,198000000.0,-99000000.0,-753000000.0,-256000000.0,-17000000.0,1003000000.0,-8000000.0,417000000.0,417000000.0,417000000.0,0.0,0.0,0.098,1462000000.0,767000000.0,325000000.0,0.233,2.61,13.972,14.72,1117000000.0,0.0,37.83,1.37,1.37,3257000000.0,293000000.0,4254000000.0,4254000000.0,0.0,0.045,0.167,0.092,0.186,24000000.0,1221000000.0,1.0,154017892.0,154017892.0,,27.62,6413000000.0,153000000.0,233000000.0,1065000000.0,41.638,167000000.0
39,TNL,MRT,2011-09-30,2011-09-30,2011-09-30,2021-08-25,133000000.0,9022000000.0,9306000000.0,1674000000.0,7348000000.0,0.45,14.742,-220000000.0,175000000.0,175000000.0,2020000000.0,440000000.0,1.09,2.73,3829000000.0,216000000.0,3613000000.0,3829000000.0,577000000.0,178000000.0,0.0,0.02,0.57,795000000.0,973000000.0,0.232,973000000.0,795000000.0,689000000.0,2.65,2.59,2.65,2419000000.0,2664250000.0,2419000000.0,8114246128.0,10.0,8.339,747000000.0,4.552,1.0,2171000000.0,0.518,2648000000.0,106000000.0,8492000000.0,8561500000.0,1108000000.0,0.0,0.0,0.0,6603000000.0,1536000000.0,5067000000.0,4678246128.0,5000000.0,-104000000.0,-705000000.0,128000000.0,-97000000.0,-638000000.0,-317000000.0,-16000000.0,967000000.0,-7000000.0,440000000.0,440000000.0,440000000.0,0.0,0.0,0.105,1368000000.0,803000000.0,268000000.0,0.215,1.934,10.632,10.758,1088000000.0,0.0,28.51,1.116,1.116,3228000000.0,260000000.0,4191000000.0,4191000000.0,0.0,0.047,0.165,0.093,0.19,23000000.0,1161000000.0,1.0,164091411.0,164091411.0,,25.541,6374000000.0,168000000.0,249000000.0,1076000000.0,38.844,138000000.0
40,TNL,MRT,2011-06-30,2011-06-30,2011-06-30,2021-08-25,185000000.0,9329000000.0,9353750000.0,1903000000.0,7426000000.0,0.432,15.378,-200000000.0,296000000.0,296000000.0,1963000000.0,421000000.0,1.087,2.569,3732000000.0,233000000.0,3499000000.0,3732000000.0,680000000.0,178000000.0,0.0,0.016,0.54,772000000.0,950000000.0,0.235,950000000.0,772000000.0,653000000.0,2.43,2.35,2.43,2614000000.0,2787250000.0,2614000000.0,9330908736.0,12.0,9.822,574000000.0,3.377,1.0,2081000000.0,0.515,2666000000.0,119000000.0,8349000000.0,8578750000.0,1121000000.0,0.0,0.0,0.0,6715000000.0,1750000000.0,4965000000.0,5719908736.0,57000000.0,-131000000.0,-502000000.0,135000000.0,-95000000.0,-393000000.0,-339000000.0,-7000000.0,774000000.0,15000000.0,421000000.0,421000000.0,421000000.0,0.0,0.0,0.104,1283000000.0,798000000.0,440000000.0,0.222,2.188,13.586,13.848,1106000000.0,0.0,33.65,1.414,1.414,3288000000.0,109000000.0,4044000000.0,4044000000.0,0.0,0.045,0.151,0.09,0.191,22000000.0,1072000000.0,1.0,169982429.0,169982429.0,,23.791,6663000000.0,172000000.0,232000000.0,1083000000.0,39.198,153000000.0
41,TNL,MRT,2011-03-31,2011-03-31,2011-03-31,2021-08-25,173000000.0,9457000000.0,9326250000.0,1993000000.0,7464000000.0,0.42,15.624,-172000000.0,174000000.0,174000000.0,1899000000.0,402000000.0,1.123,2.494,3785000000.0,228000000.0,3557000000.0,3785000000.0,679000000.0,174000000.0,0.0,0.016,0.51,717000000.0,891000000.0,0.227,891000000.0,717000000.0,598000000.0,2.28,2.19,2.28,2707000000.0,2811250000.0,2707000000.0,9099438867.0,13.0,10.213,487000000.0,2.811,1.0,2018000000.0,0.515,2665000000.0,119000000.0,8628000000.0,8482750000.0,1166000000.0,0.0,0.0,0.0,6750000000.0,1775000000.0,4975000000.0,5511438867.0,11000000.0,-177000000.0,-350000000.0,75000000.0,-91000000.0,-303000000.0,-352000000.0,-10000000.0,659000000.0,7000000.0,402000000.0,402000000.0,402000000.0,0.0,0.0,0.103,1278000000.0,740000000.0,549000000.0,0.224,2.036,13.71,13.952,1073000000.0,0.0,31.81,1.407,1.407,3522000000.0,21000000.0,3917000000.0,3917000000.0,0.0,0.043,0.143,0.085,0.183,20000000.0,1077000000.0,1.0,173261203.0,173261203.0,,22.607,6792000000.0,153000000.0,196000000.0,1028000000.0,39.201,218000000.0
42,TNL,MRT,2010-12-31,2010-12-31,2010-12-31,2021-08-25,155000000.0,9416000000.0,9358250000.0,1752000000.0,7664000000.0,0.412,16.672,-167000000.0,156000000.0,156000000.0,1876000000.0,379000000.0,1.112,2.228,3744000000.0,234000000.0,3510000000.0,3744000000.0,607000000.0,173000000.0,0.0,0.016,0.48,700000000.0,873000000.0,0.227,873000000.0,700000000.0,563000000.0,2.13,2.05,2.13,2917000000.0,2809750000.0,2917000000.0,8687999935.0,12.0,9.952,468000000.0,2.675,1.0,1975000000.0,0.513,2652000000.0,137000000.0,8777000000.0,8476250000.0,1181000000.0,0.0,0.0,0.0,6499000000.0,1575000000.0,4924000000.0,5241999935.0,1000000.0,-236000000.0,-195000000.0,34000000.0,-86000000.0,-219000000.0,-418000000.0,-10000000.0,635000000.0,3000000.0,379000000.0,379000000.0,379000000.0,0.0,0.0,0.098,1257000000.0,718000000.0,351000000.0,0.225,1.797,13.831,14.066,1041000000.0,0.0,29.96,1.361,1.361,3407000000.0,-25000000.0,3851000000.0,3851000000.0,0.0,0.04,0.135,0.083,0.182,25000000.0,1071000000.0,1.0,174966620.0,174966620.0,,22.01,6764000000.0,179000000.0,184000000.0,1021000000.0,38.659,177000000.0
43,TNL,MRT,2010-09-30,2010-09-30,2010-09-30,2021-08-25,149000000.0,9213000000.0,9342250000.0,1602000000.0,7611000000.0,0.41,16.296,-126000000.0,170000000.0,170000000.0,1835000000.0,374000000.0,1.053,2.165,3616000000.0,219000000.0,3397000000.0,3616000000.0,595000000.0,172000000.0,0.0,0.015,0.4,744000000.0,916000000.0,0.239,916000000.0,744000000.0,576000000.0,2.1,2.02,2.1,2911000000.0,2752500000.0,2911000000.0,8006049664.0,11.0,8.74,522000000.0,2.922,1.0,1992000000.0,0.521,2577000000.0,168000000.0,8561000000.0,8381250000.0,1238000000.0,0.0,0.0,0.0,6302000000.0,1521000000.0,4781000000.0,4907049664.0,0.0,-159000000.0,-163000000.0,-200000000.0,-72000000.0,-405000000.0,-231000000.0,-16000000.0,648000000.0,-12000000.0,374000000.0,374000000.0,374000000.0,0.0,0.0,0.098,1262000000.0,730000000.0,318000000.0,0.19,1.686,13.12,13.081,942000000.0,0.0,27.47,1.282,1.282,3361000000.0,-82000000.0,3827000000.0,3827000000.0,0.0,0.04,0.136,0.089,0.194,25000000.0,1077000000.0,1.0,178633042.0,178633042.0,,21.424,6636000000.0,144000000.0,202000000.0,964000000.0,37.149,81000000.0
44,TNL,MRT,2010-06-30,2010-06-30,2010-06-30,2021-08-25,105000000.0,9219000000.0,9374500000.0,1728000000.0,7491000000.0,0.403,15.057,-111000000.0,239000000.0,239000000.0,1821000000.0,322000000.0,0.933,2.402,3338000000.0,277000000.0,3061000000.0,3338000000.0,663000000.0,175000000.0,0.0,0.016,0.32,671000000.0,846000000.0,0.224,846000000.0,671000000.0,516000000.0,1.8,1.75,1.8,2710000000.0,2681500000.0,2710000000.0,7041810513.0,10.0,8.324,676000000.0,3.756,1.0,1957000000.0,0.518,2501000000.0,155000000.0,7965000000.0,8365000000.0,1269000000.0,0.0,0.0,0.0,6509000000.0,1852000000.0,4657000000.0,3624810513.0,65000000.0,-105000000.0,-64000000.0,-365000000.0,-58000000.0,-488000000.0,-216000000.0,-17000000.0,787000000.0,-18000000.0,322000000.0,322000000.0,322000000.0,0.0,0.0,0.085,1300000000.0,657000000.0,640000000.0,0.178,1.338,11.257,11.189,887000000.0,0.0,20.14,0.959,0.959,3338000000.0,-215000000.0,3778000000.0,3778000000.0,0.0,0.034,0.12,0.08,0.178,26000000.0,1116000000.0,1.0,179980661.0,179980661.0,,20.991,6718000000.0,156000000.0,194000000.0,1127000000.0,37.326,-124000000.0
45,TNL,MRT,2010-03-31,2010-03-31,2010-03-31,2021-08-25,129000000.0,9585000000.0,9414500000.0,1876000000.0,7709000000.0,0.397,15.104,-118000000.0,163000000.0,163000000.0,1815000000.0,298000000.0,0.983,2.549,3580000000.0,243000000.0,3337000000.0,3580000000.0,712000000.0,179000000.0,0.0,0.009,0.24,647000000.0,826000000.0,0.221,826000000.0,647000000.0,502000000.0,1.67,1.63,1.67,2701000000.0,2631500000.0,2701000000.0,7968083422.0,12.0,9.647,566000000.0,3.165,1.0,1920000000.0,0.514,2491000000.0,145000000.0,8602000000.0,8448500000.0,1293000000.0,0.0,0.0,0.0,6884000000.0,1909000000.0,4975000000.0,4601083422.0,28000000.0,-59000000.0,-9000000.0,-399000000.0,-44000000.0,-487000000.0,-170000000.0,-14000000.0,684000000.0,1000000.0,298000000.0,298000000.0,298000000.0,0.0,0.0,0.08,1284000000.0,636000000.0,711000000.0,0.144,1.703,15.44,15.407,929000000.0,0.0,25.73,1.232,1.232,3579000000.0,-287000000.0,3735000000.0,3735000000.0,0.0,0.032,0.113,0.077,0.173,26000000.0,1091000000.0,1.0,178821742.0,178821742.0,,20.887,7094000000.0,188000000.0,204000000.0,1144000000.0,39.671,-33000000.0
46,TNL,MRT,2009-12-31,2009-12-31,2009-12-31,2021-08-25,138000000.0,9352000000.0,9379250000.0,1740000000.0,7612000000.0,0.4,15.049,-135000000.0,155000000.0,155000000.0,1823000000.0,293000000.0,0.923,2.479,3522000000.0,384000000.0,3138000000.0,3522000000.0,684000000.0,178000000.0,0.0,0.008,0.16,607000000.0,785000000.0,0.209,785000000.0,607000000.0,493000000.0,1.64,1.61,1.64,2688000000.0,2551000000.0,2688000000.0,7025674514.0,12.0,8.95,554000000.0,3.102,1.0,1927000000.0,0.514,2437000000.0,114000000.0,8397000000.0,8386500000.0,1307000000.0,0.0,0.0,0.0,6664000000.0,1885000000.0,4779000000.0,3602674514.0,19000000.0,0.0,0.0,-501000000.0,-29000000.0,-561000000.0,-109000000.0,-13000000.0,689000000.0,0.0,293000000.0,293000000.0,293000000.0,0.0,0.0,0.078,1333000000.0,594000000.0,568000000.0,0.098,1.34,12.296,12.299,953000000.0,0.0,20.17,0.961,0.961,3485000000.0,-315000000.0,3750000000.0,3750000000.0,0.0,0.031,0.115,0.072,0.162,37000000.0,1093000000.0,1.0,178615494.0,178615494.0,,20.995,6915000000.0,189000000.0,200000000.0,1137000000.0,38.714,-145000000.0
47,TNL,MRT,2009-09-30,2009-09-30,2009-09-30,2021-08-25,150000000.0,9342000000.0,9434500000.0,1699000000.0,7643000000.0,0.397,14.708,-163000000.0,170000000.0,170000000.0,1811000000.0,-1136000000.0,0.932,2.556,3593000000.0,467000000.0,3126000000.0,3593000000.0,773000000.0,181000000.0,0.0,0.01,0.16,-868000000.0,-687000000.0,-0.183,-687000000.0,-868000000.0,-968000000.0,-6.41,-6.42,-6.41,2627000000.0,2464500000.0,2627000000.0,6299004862.0,-7.0,-9.169,369000000.0,2.066,1.0,1937000000.0,0.517,2447000000.0,100000000.0,8496000000.0,8445250000.0,1279000000.0,0.0,0.0,0.0,6715000000.0,1822000000.0,4893000000.0,2915004862.0,-58000000.0,0.0,11000000.0,-375000000.0,-29000000.0,-427000000.0,-162000000.0,-11000000.0,532000000.0,-1000000.0,-1136000000.0,-1136000000.0,-1136000000.0,0.0,0.0,-0.303,2820000000.0,-883000000.0,555000000.0,-0.025,1.11,-2.566,-2.546,1014000000.0,0.0,16.32,0.778,0.778,3497000000.0,-380000000.0,3748000000.0,3748000000.0,0.0,-0.12,-0.461,-0.103,-0.232,35000000.0,1114000000.0,1.0,178615494.0,178615494.0,,20.984,6895000000.0,95000000.0,168000000.0,1025000000.0,38.602,-123000000.0
48,TNL,MRT,2009-06-30,2009-06-30,2009-06-30,2021-08-25,140000000.0,9379000000.0,9848250000.0,1802000000.0,7577000000.0,0.402,14.095,-188000000.0,174000000.0,174000000.0,1895000000.0,-1098000000.0,0.893,2.737,3558000000.0,457000000.0,3101000000.0,3558000000.0,871000000.0,182000000.0,0.0,0.013,0.16,-828000000.0,-646000000.0,-0.163,-646000000.0,-828000000.0,-915000000.0,-6.19,-6.19,-6.19,2510000000.0,2746000000.0,2510000000.0,5670304645.0,-7.0,-8.778,182000000.0,1.022,1.0,2063000000.0,0.521,2446000000.0,87000000.0,8299000000.0,8424750000.0,1297000000.0,0.0,0.0,0.0,6869000000.0,2018000000.0,4851000000.0,2158304645.0,-66000000.0,-135000000.0,11000000.0,-158000000.0,-29000000.0,-210000000.0,-207000000.0,-12000000.0,370000000.0,-19000000.0,-1098000000.0,-1098000000.0,-1098000000.0,0.0,0.0,-0.277,2910000000.0,-847000000.0,714000000.0,-0.026,0.86,-1.966,-1.958,1018000000.0,0.0,12.12,0.545,0.545,3521000000.0,-477000000.0,3958000000.0,3958000000.0,0.0,-0.111,-0.4,-0.098,-0.209,36000000.0,1197000000.0,1.0,178077941.0,178077941.0,,22.226,6933000000.0,102000000.0,183000000.0,1005000000.0,38.932,-216000000.0
49,TNL,MRT,2009-03-31,2009-03-31,2009-03-31,2021-08-25,93000000.0,9444000000.0,10238250000.0,1924000000.0,7520000000.0,0.407,13.402,-201000000.0,135000000.0,135000000.0,1981000000.0,-1071000000.0,0.877,2.97,3647000000.0,471000000.0,3176000000.0,3647000000.0,932000000.0,183000000.0,0.0,0.038,0.16,-803000000.0,-620000000.0,-0.149,-620000000.0,-803000000.0,-882000000.0,-6.04,-6.03,-6.04,2379000000.0,3030250000.0,2379000000.0,4403541252.0,-5.0,-7.102,31000000.0,0.175,1.0,2189000000.0,0.525,2408000000.0,79000000.0,8354000000.0,8396500000.0,1311000000.0,0.0,0.0,0.0,7065000000.0,2194000000.0,4871000000.0,745541252.0,-94000000.0,-135000000.0,0.0,21000000.0,-28000000.0,-8000000.0,-287000000.0,-18000000.0,232000000.0,-31000000.0,-1071000000.0,-1071000000.0,-1071000000.0,0.0,0.0,-0.257,3016000000.0,-827000000.0,737000000.0,-0.026,0.313,-0.696,-0.695,1006000000.0,0.0,4.2,0.179,0.179,3705000000.0,-540000000.0,4170000000.0,4170000000.0,0.0,-0.105,-0.353,-0.096,-0.193,36000000.0,1308000000.0,1.0,177509822.0,177509822.0,,23.492,7036000000.0,122000000.0,189000000.0,937000000.0,39.637,-270000000.0
50,TNL,MRT,2008-12-31,2008-12-31,2008-12-31,2021-08-25,98000000.0,9573000000.0,10582750000.0,1914000000.0,7659000000.0,0.405,13.195,-187000000.0,136000000.0,136000000.0,2031000000.0,-1074000000.0,0.882,3.088,3794000000.0,463000000.0,3331000000.0,3794000000.0,983000000.0,184000000.0,0.0,0.024,0.16,-807000000.0,-623000000.0,-0.146,-623000000.0,-807000000.0,-887000000.0,-6.05,-6.05,-6.05,2342000000.0,3319750000.0,2342000000.0,4747590992.0,-6.0,-7.621,-78000000.0,-0.439,1.0,2250000000.0,0.526,2430000000.0,80000000.0,8632000000.0,8325250000.0,1319000000.0,0.0,0.0,0.0,7231000000.0,2169000000.0,5062000000.0,1162590992.0,-74000000.0,-135000000.0,-10000000.0,204000000.0,-28000000.0,166000000.0,-319000000.0,-18000000.0,109000000.0,-30000000.0,-1074000000.0,-1074000000.0,-1074000000.0,0.0,0.0,-0.251,3080000000.0,-830000000.0,661000000.0,-0.026,0.496,-1.082,-1.083,1038000000.0,0.0,6.55,0.272,0.272,3714000000.0,-578000000.0,4281000000.0,4281000000.0,0.0,-0.101,-0.324,-0.097,-0.189,35000000.0,1391000000.0,1.0,177494808.0,177494808.0,,24.119,7143000000.0,148000000.0,187000000.0,966000000.0,40.243,-255000000.0
51,TNL,MRT,2008-09-30,2008-09-30,2008-09-30,2021-08-25,160000000.0,10997000000.0,10804250000.0,1990000000.0,9007000000.0,0.407,21.147,-192000000.0,228000000.0,228000000.0,2104000000.0,387000000.0,0.863,1.93,3813000000.0,506000000.0,3307000000.0,3813000000.0,984000000.0,181000000.0,0.0,0.01,0.16,707000000.0,888000000.0,0.202,888000000.0,707000000.0,631000000.0,2.18,2.17,2.18,3753000000.0,3613250000.0,3753000000.0,6242033198.0,9.0,7.029,-110000000.0,-0.62,1.0,2298000000.0,0.522,3861000000.0,76000000.0,8414000000.0,8146500000.0,1339000000.0,0.0,0.0,0.0,7244000000.0,2307000000.0,4937000000.0,2788033198.0,-3000000.0,-138000000.0,-35000000.0,352000000.0,-28000000.0,297000000.0,-367000000.0,-17000000.0,82000000.0,-15000000.0,387000000.0,387000000.0,387000000.0,0.0,0.0,0.088,1610000000.0,688000000.0,635000000.0,0.073,0.743,7.204,7.206,1026000000.0,0.0,15.71,0.633,0.633,3686000000.0,785000000.0,4402000000.0,4402000000.0,0.0,0.036,0.107,0.087,0.161,35000000.0,1395000000.0,1.0,177468695.0,177468695.0,,24.804,7136000000.0,97000000.0,244000000.0,988000000.0,40.21,-317000000.0
52,TNL,MRT,2008-06-30,2008-06-30,2008-06-30,2021-08-25,200000000.0,10939000000.0,10605000000.0,2310000000.0,8629000000.0,0.414,20.619,-189000000.0,240000000.0,240000000.0,2115000000.0,362000000.0,0.938,1.999,3694000000.0,491000000.0,3203000000.0,3694000000.0,1058000000.0,177000000.0,0.0,0.009,0.16,667000000.0,844000000.0,0.192,844000000.0,667000000.0,592000000.0,2.03,2.02,2.03,3647000000.0,3527000000.0,3647000000.0,6609841011.0,10.0,7.832,-71000000.0,-0.401,1.0,2277000000.0,0.518,3744000000.0,75000000.0,8186000000.0,7897750000.0,1287000000.0,0.0,0.0,0.0,7292000000.0,2463000000.0,4829000000.0,3167841011.0,-11000000.0,-9000000.0,-52000000.0,221000000.0,-28000000.0,152000000.0,-289000000.0,-35000000.0,118000000.0,8000000.0,362000000.0,362000000.0,362000000.0,0.0,0.0,0.082,1634000000.0,643000000.0,755000000.0,0.079,0.869,8.751,8.823,1071000000.0,0.0,17.91,0.721,0.721,3629000000.0,651000000.0,4392000000.0,4392000000.0,0.0,0.034,0.103,0.084,0.152,30000000.0,1426000000.0,1.0,176875545.0,176875545.0,,24.831,7195000000.0,95000000.0,230000000.0,983000000.0,40.678,-153000000.0
53,TNL,MRT,2008-03-31,2008-03-31,2008-03-31,2021-08-25,182000000.0,10822000000.0,10368750000.0,2281000000.0,8541000000.0,0.42,19.981,-188000000.0,229000000.0,229000000.0,2121000000.0,360000000.0,0.927,2.06,3671000000.0,461000000.0,3210000000.0,3671000000.0,1020000000.0,172000000.0,0.0,0.006,0.12,661000000.0,833000000.0,0.191,833000000.0,661000000.0,586000000.0,2.01,1.99,2.01,3537000000.0,3440250000.0,3537000000.0,7057789069.0,11.0,8.473,-76000000.0,-0.429,1.0,2239000000.0,0.514,3734000000.0,75000000.0,8069000000.0,7658250000.0,1238000000.0,0.0,0.0,0.0,7285000000.0,2461000000.0,4824000000.0,3660789069.0,55000000.0,-16000000.0,-289000000.0,484000000.0,-21000000.0,198000000.0,-264000000.0,-31000000.0,112000000.0,9000000.0,360000000.0,360000000.0,360000000.0,0.0,0.0,0.083,1597000000.0,642000000.0,818000000.0,0.06,1.035,10.169,10.289,1062000000.0,0.0,20.68,0.84,0.84,3629000000.0,560000000.0,4360000000.0,4360000000.0,0.0,0.035,0.105,0.086,0.152,20000000.0,1387000000.0,1.0,177020748.0,177020748.0,,24.63,7088000000.0,115000000.0,226000000.0,947000000.0,40.041,-180000000.0
54,TNL,MRT,2007-12-31,2007-12-31,2007-12-31,2021-08-25,194000000.0,10459000000.0,10106750000.0,2056000000.0,8403000000.0,0.431,19.761,-194000000.0,210000000.0,210000000.0,2118000000.0,403000000.0,0.943,1.975,3607000000.0,412000000.0,3195000000.0,3607000000.0,874000000.0,166000000.0,0.0,0.003,0.08,728000000.0,894000000.0,0.205,894000000.0,728000000.0,655000000.0,2.22,2.2,2.22,3516000000.0,3410000000.0,3516000000.0,7430865291.0,10.0,8.312,-184000000.0,-1.034,1.0,2242000000.0,0.514,3759000000.0,73000000.0,7917000000.0,7352500000.0,1235000000.0,0.0,0.0,0.0,6943000000.0,2180000000.0,4763000000.0,4191865291.0,-59000000.0,-16000000.0,-501000000.0,670000000.0,-14000000.0,177000000.0,-255000000.0,-50000000.0,10000000.0,9000000.0,403000000.0,403000000.0,403000000.0,0.0,0.0,0.092,1532000000.0,710000000.0,733000000.0,0.036,1.192,10.402,10.613,1009000000.0,0.0,23.56,0.961,0.961,3421000000.0,525000000.0,4360000000.0,4360000000.0,0.0,0.04,0.118,0.099,0.167,18000000.0,1350000000.0,1.0,177922975.0,177922975.0,,24.505,6700000000.0,101000000.0,252000000.0,927000000.0,37.657,-124000000.0
55,TNL,MRT,2007-09-30,2007-09-30,2007-09-30,2021-08-25,197000000.0,10200000000.0,9872000000.0,2010000000.0,8190000000.0,0.435,19.082,-208000000.0,231000000.0,231000000.0,2087000000.0,392000000.0,0.891,1.993,3470000000.0,463000000.0,3007000000.0,3470000000.0,854000000.0,163000000.0,0.0,0.001,0.04,701000000.0,864000000.0,0.201,864000000.0,701000000.0,628000000.0,2.12,2.09,2.12,3408000000.0,3420750000.0,3408000000.0,9015762372.0,13.0,10.435,-153000000.0,-0.857,1.0,2211000000.0,0.514,3763000000.0,73000000.0,7419000000.0,6982500000.0,1120000000.0,0.0,0.0,0.0,6792000000.0,2257000000.0,4535000000.0,5850762372.0,71000000.0,-12000000.0,-682000000.0,912000000.0,-7000000.0,266000000.0,-263000000.0,-92000000.0,55000000.0,13000000.0,392000000.0,392000000.0,392000000.0,0.0,0.0,0.091,1529000000.0,682000000.0,721000000.0,0.019,1.717,14.925,15.453,978000000.0,0.0,32.76,1.361,1.361,3292000000.0,427000000.0,4298000000.0,4298000000.0,0.0,0.04,0.115,0.1,0.163,14000000.0,1327000000.0,1.0,178594700.0,178594700.0,,24.066,6437000000.0,93000000.0,236000000.0,890000000.0,36.043,-247000000.0
56,TNL,MRT,2007-06-30,2007-06-30,2007-06-30,2021-08-25,195000000.0,9994000000.0,9601500000.0,2166000000.0,7828000000.0,0.43,18.102,-212000000.0,251000000.0,251000000.0,1991000000.0,367000000.0,0.992,2.028,3416000000.0,382000000.0,3034000000.0,3416000000.0,905000000.0,157000000.0,0.0,0.0,0.0,636000000.0,793000000.0,0.192,793000000.0,636000000.0,566000000.0,1.93,1.89,1.93,3300000000.0,3471750000.0,3300000000.0,9568334156.0,15.0,12.066,-158000000.0,-0.867,1.0,2138000000.0,0.518,3748000000.0,70000000.0,7228000000.0,6549000000.0,1079000000.0,0.0,0.0,0.0,6694000000.0,2183000000.0,4511000000.0,6610334156.0,103000000.0,-50000000.0,-775000000.0,1727000000.0,0.0,388000000.0,-342000000.0,-78000000.0,54000000.0,3000000.0,367000000.0,367000000.0,367000000.0,0.0,0.0,0.089,1514000000.0,624000000.0,754000000.0,0.0,2.003,18.012,18.788,947000000.0,0.0,36.26,1.601,1.601,3105000000.0,318000000.0,4129000000.0,4129000000.0,0.0,0.038,0.106,0.097,0.154,16000000.0,1253000000.0,1.0,182303755.0,182303755.0,,22.649,6246000000.0,90000000.0,199000000.0,859000000.0,34.261,-17000000.0
57,TNL,MRT,2007-03-31,2007-03-31,2007-03-31,2021-08-25,185000000.0,9774000000.0,9565250000.0,2074000000.0,7700000000.0,0.417,18.084,-207000000.0,174000000.0,174000000.0,1889000000.0,346000000.0,0.967,1.861,3132000000.0,354000000.0,2778000000.0,3132000000.0,864000000.0,152000000.0,0.0,0.0,0.0,606000000.0,758000000.0,0.19,758000000.0,606000000.0,531000000.0,1.77,1.74,1.77,3416000000.0,3931750000.0,3416000000.0,9081765104.0,15.0,11.981,-123000000.0,-0.651,1.0,2095000000.0,0.526,3741000000.0,75000000.0,6846000000.0,6098500000.0,1070000000.0,0.0,0.0,0.0,6358000000.0,2145000000.0,4213000000.0,6450765104.0,59000000.0,-104000000.0,-538000000.0,1542000000.0,0.0,435000000.0,-461000000.0,-143000000.0,84000000.0,1000000.0,346000000.0,346000000.0,346000000.0,0.0,0.0,0.087,1511000000.0,584000000.0,835000000.0,0.0,1.888,18.644,19.294,936000000.0,0.0,34.15,1.619,1.619,3076000000.0,222000000.0,3984000000.0,3984000000.0,0.0,0.036,0.088,0.099,0.152,16000000.0,1257000000.0,1.0,188895025.0,188895025.0,,21.091,6033000000.0,96000000.0,185000000.0,798000000.0,31.938,-71000000.0
58,TNL,MRT,2006-12-31,2006-12-31,2006-12-31,2021-08-25,184000000.0,9520000000.0,9524250000.0,2052000000.0,7468000000.0,0.403,17.962,-191000000.0,269000000.0,269000000.0,1791000000.0,287000000.0,1.038,1.675,2900000000.0,293000000.0,2607000000.0,2900000000.0,814000000.0,148000000.0,0.0,0.0,0.0,544000000.0,692000000.0,0.18,692000000.0,544000000.0,477000000.0,1.45,1.44,1.45,3559000000.0,4343500000.0,3559000000.0,8686431753.0,16.0,12.553,-26000000.0,-0.131,1.0,2051000000.0,0.534,3737000000.0,67000000.0,6437000000.0,5720500000.0,954000000.0,0.0,0.0,0.0,5961000000.0,1977000000.0,3984000000.0,6344431753.0,170000000.0,-105000000.0,-316000000.0,1357000000.0,0.0,473000000.0,-471000000.0,-167000000.0,165000000.0,3000000.0,287000000.0,287000000.0,287000000.0,0.0,0.0,0.075,1474000000.0,577000000.0,798000000.0,0.0,1.783,22.106,22.083,916000000.0,0.0,32.02,1.651,1.651,2911000000.0,156000000.0,3842000000.0,3842000000.0,0.0,0.03,0.066,0.095,0.142,11000000.0,1227000000.0,1.0,198139655.0,198139655.0,,19.39,5783000000.0,105000000.0,190000000.0,782000000.0,29.186,75000000.0
59,TNL,MRT,2006-09-30,2006-09-30,2006-09-30,2021-08-25,174000000.0,9118000000.0,9436000000.0,1942000000.0,7176000000.0,0.396,18.027,-174000000.0,160000000.0,160000000.0,1730000000.0,286000000.0,0.949,1.524,2502000000.0,356000000.0,2146000000.0,2502000000.0,808000000.0,141000000.0,0.0,0.0,0.0,560000000.0,701000000.0,0.188,701000000.0,560000000.0,483000000.0,1.42,1.41,1.42,3612000000.0,4712000000.0,3612000000.0,6684128301.0,12.0,9.535,368000000.0,1.837,1.0,2003000000.0,0.537,3728000000.0,77000000.0,5685000000.0,5655750000.0,878000000.0,0.0,0.0,0.0,5506000000.0,2047000000.0,3459000000.0,5604128301.0,40000000.0,-220000000.0,-110000000.0,1030000000.0,0.0,322000000.0,-826000000.0,-389000000.0,542000000.0,2000000.0,286000000.0,286000000.0,286000000.0,0.0,0.0,0.077,1410000000.0,593000000.0,737000000.0,0.0,1.552,19.595,19.697,834000000.0,0.0,27.97,1.501,1.501,2740000000.0,63000000.0,3733000000.0,3733000000.0,0.0,0.03,0.061,0.099,0.15,8000000.0,1193000000.0,1.0,200362113.0,200362113.0,,18.631,5390000000.0,128000000.0,197000000.0,729000000.0,26.901,-105000000.0
60,TNL,MRT,2006-06-30,2006-06-30,2006-06-30,2021-08-25,125000000.0,9849000000.0,,2922000000.0,6927000000.0,,25.654,-153000000.0,148000000.0,148000000.0,1657000000.0,315000000.0,1.631,0.916,1228000000.0,210000000.0,1018000000.0,1228000000.0,811000000.0,136000000.0,0.0,,0.0,616000000.0,752000000.0,0.207,752000000.0,616000000.0,557000000.0,1.56,1.56,1.56,5140000000.0,,5140000000.0,,,,375000000.0,1.872,1.0,1977000000.0,0.544,3712000000.0,59000000.0,5426000000.0,,814000000.0,0.0,0.0,0.0,4709000000.0,1791000000.0,2918000000.0,,-105000000.0,-206000000.0,0.0,350000000.0,0.0,292000000.0,-930000000.0,-531000000.0,528000000.0,5000000.0,315000000.0,315000000.0,315000000.0,0.0,0.0,0.087,1279000000.0,698000000.0,344000000.0,0.0,,,,791000000.0,0.0,,,,3741000000.0,,3634000000.0,3634000000.0,0.0,,,,0.17,0.0,1134000000.0,1.0,200362113.0,200362113.0,,18.137,6137000000.0,73000000.0,242000000.0,814000000.0,30.63,1131000000.0
61,TNL,MRT,2006-03-31,2006-03-31,2006-03-31,2021-08-25,110000000.0,9610000000.0,,2920000000.0,6690000000.0,,,-142000000.0,115000000.0,115000000.0,1591000000.0,329000000.0,1.734,0.898,1167000000.0,184000000.0,983000000.0,1167000000.0,745000000.0,133000000.0,0.0,,0.0,623000000.0,756000000.0,0.213,756000000.0,623000000.0,586000000.0,1.63,,1.63,5063000000.0,,5063000000.0,,,,395000000.0,,1.0,1955000000.0,0.551,3644000000.0,37000000.0,5334000000.0,,742000000.0,0.0,0.0,0.0,4547000000.0,1684000000.0,2863000000.0,,4000000.0,-147000000.0,0.0,331000000.0,0.0,271000000.0,-796000000.0,-482000000.0,537000000.0,-8000000.0,329000000.0,329000000.0,329000000.0,0.0,0.0,0.093,1210000000.0,745000000.0,368000000.0,0.0,,,,760000000.0,0.0,,,,3685000000.0,,3546000000.0,3546000000.0,0.0,,,,0.176,0.0,1073000000.0,1.0,,,,,5966000000.0,121000000.0,257000000.0,825000000.0,,1236000000.0
62,TNL,MRT,2005-12-31,2005-12-31,2005-12-31,2021-08-25,108000000.0,9167000000.0,8755000000.0,2568000000.0,6599000000.0,0.396,,-134000000.0,99000000.0,99000000.0,1540000000.0,431000000.0,1.983,0.821,2042000000.0,355000000.0,1687000000.0,2042000000.0,533000000.0,131000000.0,0.0,,0.0,655000000.0,786000000.0,0.226,786000000.0,655000000.0,626000000.0,2.15,2.15,2.15,5033000000.0,4856000000.0,5033000000.0,,,,358000000.0,,1.0,1931000000.0,0.556,3637000000.0,29000000.0,6178000000.0,5288000000.0,636000000.0,0.0,0.0,0.0,4134000000.0,1295000000.0,2839000000.0,,5000000.0,-154000000.0,0.0,280000000.0,0.0,221000000.0,-696000000.0,-402000000.0,492000000.0,-12000000.0,431000000.0,431000000.0,431000000.0,0.0,0.0,0.124,1183000000.0,748000000.0,239000000.0,0.0,,,,718000000.0,0.0,,,,2445000000.0,0.0,3471000000.0,3471000000.0,0.0,0.049,0.089,0.124,0.189,0.0,1052000000.0,1.0,,,,,5530000000.0,84000000.0,195000000.0,823000000.0,,1273000000.0
63,TNL,MRT,2005-09-30,2005-09-30,2005-09-30,2021-08-25,,,,,,,,,,,,,,,,,,,,,,,0.0,,,,,,,,,,,,,,,,,,1.0,,,,,,,,,,,,,,,,,,,,,,,,,,,,,,,,,,,,,,,,,,,,,,,,,,,,,,1.0,,,,,,,,,,
64,TNL,MRT,2005-06-30,2005-06-30,2005-06-30,2021-08-25,,,,,,,,,,,,,,,,,,,,,,,0.0,,,,,,,,,,,,,,,,,,1.0,,,,,,,,,,,,,,,,,,,,,,,,,,,,,,,,,,,,,,,,,,,,,,,,,,,,,,1.0,,,,,,,,,,
65,TNL,MRT,2005-03-31,2005-03-31,2005-03-31,2021-08-25,,,,,,,,,,,,,,,,,,,,,,,0.0,,,,,,,,,,,,,,,,,,1.0,,,,,,,,,,,,,,,,,,,,,,,,,,,,,,,,,,,,,,,,,,,,,,,,,,,,,,1.0,,,,,,,,,,
66,TNL,MRT,2004-12-31,2004-12-31,2004-12-31,2021-08-25,214000000.0,8343000000.0,,2075000000.0,6268000000.0,,,-116000000.0,94000000.0,94000000.0,1248000000.0,349000000.0,1.76,0.783,909000000.0,134000000.0,775000000.0,909000000.0,507000000.0,119000000.0,0.0,,0.0,617000000.0,736000000.0,0.244,736000000.0,617000000.0,583000000.0,1.74,1.74,1.74,4679000000.0,,4679000000.0,,,,29000000.0,,1.0,1766000000.0,0.586,3581000000.0,34000000.0,4398000000.0,,525000000.0,0.0,0.0,0.0,3664000000.0,1179000000.0,2485000000.0,,19000000.0,-140000000.0,0.0,223000000.0,0.0,217000000.0,-326000000.0,-47000000.0,145000000.0,-17000000.0,349000000.0,349000000.0,349000000.0,0.0,0.0,0.116,1080000000.0,686000000.0,273000000.0,0.0,,,,735000000.0,0.0,,,,2779000000.0,,3014000000.0,3014000000.0,0.0,,,,0.205,0.0,961000000.0,1.0,,,,,4762000000.0,185000000.0,234000000.0,688000000.0,,896000000.0
67,TNL,MRT,2003-12-31,2003-12-31,2003-12-31,2021-08-25,,,,,,,,-102000000.0,,,1123000000.0,299000000.0,,,,,,,,107000000.0,,,0.0,480000000.0,587000000.0,0.221,587000000.0,480000000.0,485000000.0,,,,,,,,,,343000000.0,,1.0,1529000000.0,0.577,,-5000000.0,,,,,,,,,,,9000000.0,-40000000.0,0.0,200000000.0,0.0,189000000.0,-624000000.0,0.0,445000000.0,-1000000.0,299000000.0,299000000.0,299000000.0,0.0,0.0,0.113,964000000.0,565000000.0,,,,,,,0.0,,,,,,2652000000.0,2652000000.0,0.0,,,,0.181,0.0,857000000.0,1.0,,,,,,,186000000.0,,,
