None,ticker,dimension,calendardate,datekey,reportperiod,lastupdated,accoci,assets,assetsavg,assetsc,assetsnc,assetturnover,bvps,capex,cashneq,cashnequsd,cor,consolinc,currentratio,de,debt,debtc,debtnc,debtusd,deferredrev,depamor,deposits,divyield,dps,ebit,ebitda,ebitdamargin,ebitdausd,ebitusd,ebt,eps,epsdil,epsusd,equity,equityavg,equityusd,ev,evebit,evebitda,fcf,fcfps,fxusd,gp,grossmargin,intangibles,intexp,invcap,invcapavg,inventory,investments,investmentsc,investmentsnc,liabilities,liabilitiesc,liabilitiesnc,marketcap,ncf,ncfbus,ncfcommon,ncfdebt,ncfdiv,ncff,ncfi,ncfinv,ncfo,ncfx,netinc,netinccmn,netinccmnusd,netincdis,netincnci,netmargin,opex,opinc,payables,payoutratio,pb,pe,pe1,ppnenet,prefdivis,price,ps,ps1,receivables,retearn,revenue,revenueusd,rnd,roa,roe,roic,ros,sbcomp,sgna,sharefactor,sharesbas,shareswa,shareswadil,sps,tangibles,taxassets,taxexp,taxliabilities,tbvps,workingcapital
0,XOM,MRY,2020-12-31,2020-12-31,2020-12-31,2021-09-07,-16705000000.0,332750000000.0,352023000000.0,44893000000.0,287857000000.0,0.516,37.167,-17282000000.0,4364000000.0,4364000000.0,120129000000.0,-23251000000.0,0.796,1.073,67640000000.0,20458000000.0,47182000000.0,67640000000.0,0.0,46009000000.0,0.0,0.084,3.48,-26914000000.0,19095000000.0,0.105,19095000000.0,-26914000000.0,-28072000000.0,-5.25,-5.25,-5.25,157150000000.0,174203000000.0,157150000000.0,234254810179.0,-9.0,12.268,-2614000000.0,-0.618,1.0,61373000000.0,0.338,0.0,1158000000.0,339663000000.0,350400000000.0,18850000000.0,43515000000.0,0.0,43515000000.0,168620000000.0,56363000000.0,112257000000.0,174287810179.0,1275000000.0,-3858000000.0,-405000000.0,20141000000.0,-14865000000.0,5285000000.0,-18459000000.0,0.0,14668000000.0,-219000000.0,-22440000000.0,-22440000000.0,-22440000000.0,0.0,-811000000.0,-0.124,89098000000.0,-27725000000.0,35221000000.0,-0.663,1.109,-7.767,-7.851,227553000000.0,0.0,41.22,0.96,0.96,20581000000.0,383943000000.0,181502000000.0,181502000000.0,1285000000.0,-0.064,-0.129,-0.077,-0.148,0.0,10168000000.0,1.0,4228234114.0,4228234114.0,,42.926,332750000000.0,0.0,-5632000000.0,18849000000.0,78.697,-11470000000.0
1,XOM,MRY,2019-12-31,2019-12-31,2019-12-31,2021-09-07,-19493000000.0,362597000000.0,359719000000.0,50052000000.0,312545000000.0,0.737,45.295,-24361000000.0,3089000000.0,3089000000.0,174326000000.0,14774000000.0,0.782,0.854,46920000000.0,20578000000.0,26342000000.0,46920000000.0,0.0,18998000000.0,0.0,0.049,3.43,20452000000.0,39450000000.0,0.149,39450000000.0,20452000000.0,19622000000.0,3.36,3.36,3.36,191650000000.0,191041000000.0,191650000000.0,337041581285.0,16.0,8.544,5355000000.0,1.266,1.0,90612000000.0,0.342,0.0,830000000.0,342439000000.0,334155250000.0,18528000000.0,43164000000.0,0.0,43164000000.0,163659000000.0,63989000000.0,99670000000.0,295246581285.0,47000000.0,-213000000.0,-594000000.0,8662000000.0,-14652000000.0,-6618000000.0,-23084000000.0,0.0,29716000000.0,33000000.0,14340000000.0,14340000000.0,14340000000.0,0.0,434000000.0,0.054,69726000000.0,20886000000.0,41831000000.0,1.021,1.541,20.589,20.768,253018000000.0,0.0,69.78,1.114,1.114,26966000000.0,421341000000.0,264938000000.0,264938000000.0,1269000000.0,0.04,0.075,0.061,0.077,0.0,11398000000.0,1.0,4231106066.0,4231106066.0,,62.617,362597000000.0,0.0,5282000000.0,27200000000.0,85.698,-13937000000.0
2,XOM,MRY,2018-12-31,2018-12-31,2018-12-31,2021-09-07,-19564000000.0,346196000000.0,349610000000.0,47973000000.0,298223000000.0,0.83,45.301,-19574000000.0,3042000000.0,3042000000.0,188835000000.0,21421000000.0,0.84,0.77,37796000000.0,17258000000.0,20538000000.0,37796000000.0,0.0,18745000000.0,0.0,0.047,3.23,31138000000.0,49883000000.0,0.172,49883000000.0,31138000000.0,30372000000.0,4.88,4.88,4.88,191794000000.0,189394000000.0,191794000000.0,323071310922.0,10.0,6.477,16440000000.0,3.883,1.0,101377000000.0,0.349,0.0,766000000.0,323812000000.0,324166250000.0,18958000000.0,40790000000.0,0.0,40790000000.0,147668000000.0,57138000000.0,90530000000.0,288703310922.0,-135000000.0,2142000000.0,-626000000.0,-4925000000.0,-13798000000.0,-19446000000.0,-16446000000.0,0.0,36014000000.0,-257000000.0,20840000000.0,20840000000.0,20840000000.0,0.0,581000000.0,0.072,69658000000.0,31719000000.0,37268000000.0,0.662,1.505,13.853,13.973,247101000000.0,0.0,68.19,0.995,0.995,24701000000.0,421653000000.0,290212000000.0,290212000000.0,1466000000.0,0.06,0.11,0.096,0.107,0.0,11480000000.0,1.0,4233807170.0,4233807170.0,,68.546,346196000000.0,0.0,9532000000.0,29856000000.0,81.769,-9165000000.0
3,XOM,MRY,2017-12-31,2017-12-31,2017-12-31,2021-09-07,-16262000000.0,348691000000.0,346334750000.0,47134000000.0,301557000000.0,0.706,44.296,-15402000000.0,3177000000.0,3177000000.0,158321000000.0,19848000000.0,0.816,0.822,42336000000.0,17930000000.0,24406000000.0,42336000000.0,0.0,19893000000.0,0.0,0.037,3.06,19137000000.0,39030000000.0,0.16,39030000000.0,19137000000.0,18536000000.0,4.63,4.63,4.63,187688000000.0,181573250000.0,187688000000.0,390735552280.0,20.0,10.011,14664000000.0,3.461,1.0,86042000000.0,0.352,0.0,601000000.0,330079000000.0,330393500000.0,16992000000.0,39160000000.0,0.0,39160000000.0,154191000000.0,57771000000.0,96420000000.0,354391552280.0,-480000000.0,-2404000000.0,-747000000.0,-1048000000.0,-13001000000.0,-15130000000.0,-15730000000.0,0.0,30066000000.0,314000000.0,19710000000.0,19710000000.0,19710000000.0,0.0,138000000.0,0.081,66767000000.0,19275000000.0,36796000000.0,0.661,1.888,17.98,18.065,252630000000.0,0.0,83.64,1.45,1.45,25597000000.0,414540000000.0,244363000000.0,244363000000.0,1790000000.0,0.057,0.109,0.058,0.078,0.0,10649000000.0,1.0,4237106077.0,4237106077.0,,57.672,348691000000.0,0.0,-1174000000.0,29938000000.0,82.295,-10637000000.0
4,XOM,MRY,2016-12-31,2016-12-31,2016-12-31,2021-09-07,-22239000000.0,330314000000.0,338740500000.0,41416000000.0,288898000000.0,0.614,40.351,-16163000000.0,3657000000.0,3657000000.0,133191000000.0,8375000000.0,0.869,0.935,42762000000.0,13830000000.0,28932000000.0,42762000000.0,0.0,22308000000.0,0.0,0.033,2.98,7887000000.0,30195000000.0,0.145,30195000000.0,7887000000.0,7434000000.0,1.88,1.88,1.88,167325000000.0,170175000000.0,167325000000.0,415342539605.0,53.0,13.755,5919000000.0,1.427,1.0,74923000000.0,0.36,0.0,453000000.0,321781000000.0,328903750000.0,15080000000.0,35102000000.0,0.0,35102000000.0,156484000000.0,47638000000.0,108846000000.0,374280539605.0,-48000000.0,2858000000.0,-971000000.0,4293000000.0,-12453000000.0,-9293000000.0,-12403000000.0,0.0,22082000000.0,-434000000.0,7840000000.0,7840000000.0,7840000000.0,0.0,535000000.0,0.038,66501000000.0,8422000000.0,31193000000.0,1.585,2.237,47.74,48.011,244224000000.0,0.0,90.26,1.798,1.798,21394000000.0,407831000000.0,208114000000.0,208114000000.0,1467000000.0,0.023,0.046,0.024,0.038,0.0,10443000000.0,1.0,4146693326.0,4146693326.0,,50.188,330314000000.0,0.0,-406000000.0,36656000000.0,79.657,-6222000000.0
5,XOM,MRY,2015-12-31,2015-12-31,2015-12-31,2021-09-07,-23511000000.0,336758000000.0,342160250000.0,42623000000.0,294135000000.0,0.728,41.031,-26490000000.0,3705000000.0,3705000000.0,160312000000.0,16551000000.0,0.79,0.936,38687000000.0,18762000000.0,19925000000.0,38687000000.0,0.0,18048000000.0,0.0,0.037,2.88,21876000000.0,39924000000.0,0.16,39924000000.0,21876000000.0,21565000000.0,3.85,3.85,3.85,170811000000.0,171357250000.0,170811000000.0,354517057010.0,16.0,8.88,3854000000.0,0.926,1.0,88936000000.0,0.357,0.0,311000000.0,317764000000.0,316884000000.0,16245000000.0,34245000000.0,0.0,34245000000.0,159948000000.0,53976000000.0,105972000000.0,324501057010.0,-911000000.0,1782000000.0,-4034000000.0,9255000000.0,-12090000000.0,-7037000000.0,-23824000000.0,42000000.0,30344000000.0,-394000000.0,16150000000.0,16150000000.0,16150000000.0,0.0,401000000.0,0.065,66659000000.0,22277000000.0,32412000000.0,0.748,1.9,20.093,20.247,251605000000.0,0.0,77.95,1.302,1.302,19875000000.0,412444000000.0,249248000000.0,249248000000.0,1523000000.0,0.047,0.094,0.069,0.088,0.0,11501000000.0,1.0,4162938512.0,4162938512.0,,59.873,336758000000.0,0.0,5415000000.0,39620000000.0,80.894,-11353000000.0
6,XOM,MRY,2014-12-31,2014-12-31,2014-12-31,2021-09-07,-18957000000.0,349493000000.0,353469000000.0,52910000000.0,296583000000.0,1.165,41.185,-32952000000.0,4658000000.0,4658000000.0,287600000000.0,33615000000.0,0.819,0.966,29121000000.0,17468000000.0,11653000000.0,29121000000.0,0.0,17297000000.0,0.0,0.029,2.7,50821000000.0,68118000000.0,0.165,68118000000.0,50821000000.0,50535000000.0,7.6,7.6,7.6,174399000000.0,178134750000.0,174399000000.0,408302173045.0,8.0,5.994,12164000000.0,2.873,1.0,124339000000.0,0.302,0.0,286000000.0,309323000000.0,303987750000.0,16678000000.0,35239000000.0,0.0,35239000000.0,168429000000.0,64633000000.0,103796000000.0,391482173045.0,-28000000.0,2404000000.0,-13153000000.0,6966000000.0,-11568000000.0,-17888000000.0,-26975000000.0,227000000.0,45116000000.0,-281000000.0,32520000000.0,32520000000.0,32520000000.0,0.0,1095000000.0,0.079,72423000000.0,51916000000.0,42227000000.0,0.355,2.245,12.038,12.164,252668000000.0,0.0,92.45,0.95,0.95,28009000000.0,408384000000.0,411939000000.0,411939000000.0,1669000000.0,0.092,0.183,0.167,0.123,0.0,12598000000.0,1.0,4234528643.0,4234528643.0,,97.281,349493000000.0,0.0,18015000000.0,44168000000.0,82.534,-11723000000.0
7,XOM,MRY,2013-12-31,2013-12-31,2013-12-31,2021-09-07,-10725000000.0,346808000000.0,343906500000.0,59308000000.0,287500000000.0,1.274,39.831,-33669000000.0,4913000000.0,4913000000.0,307975000000.0,33448000000.0,0.827,0.956,22699000000.0,15808000000.0,6891000000.0,22699000000.0,0.0,17182000000.0,0.0,0.024,2.46,56852000000.0,74034000000.0,0.169,74034000000.0,56852000000.0,56843000000.0,7.37,7.37,7.37,174003000000.0,168974000000.0,174003000000.0,457637595244.0,8.0,6.181,11245000000.0,2.574,1.0,130280000000.0,0.297,0.0,9000000.0,292870000000.0,285719500000.0,16135000000.0,36328000000.0,0.0,36328000000.0,166313000000.0,71724000000.0,94589000000.0,442093595244.0,-4938000000.0,-1728000000.0,-15948000000.0,11604000000.0,-10875000000.0,-15476000000.0,-34201000000.0,72000000.0,44914000000.0,-175000000.0,32580000000.0,32580000000.0,32580000000.0,0.0,868000000.0,0.074,72560000000.0,57720000000.0,48085000000.0,0.334,2.541,13.569,13.731,243650000000.0,0.0,101.2,1.009,1.009,33152000000.0,387432000000.0,438255000000.0,438255000000.0,1976000000.0,0.095,0.193,0.199,0.13,0.0,12877000000.0,1.0,4368513787.0,4368513787.0,,100.321,346808000000.0,0.0,24263000000.0,48361000000.0,79.388,-12416000000.0
8,XOM,MRY,2012-12-31,2012-12-31,2012-12-31,2021-09-07,-12184000000.0,333795000000.0,335945750000.0,64460000000.0,269335000000.0,1.431,36.379,-34271000000.0,9923000000.0,9923000000.0,331502000000.0,47681000000.0,1.005,0.978,11581000000.0,3653000000.0,7928000000.0,11581000000.0,0.0,15888000000.0,0.0,0.025,2.18,76252000000.0,92140000000.0,0.192,92140000000.0,76252000000.0,75925000000.0,9.7,9.7,9.7,165863000000.0,163099750000.0,165863000000.0,393774105405.0,5.0,4.274,21899000000.0,4.803,1.0,149179000000.0,0.31,0.0,327000000.0,271314000000.0,263585250000.0,14542000000.0,34718000000.0,0.0,34718000000.0,162135000000.0,64139000000.0,97996000000.0,394611105405.0,-3082000000.0,7057000000.0,-20875000000.0,-2908000000.0,-10092000000.0,-33868000000.0,-25601000000.0,63000000.0,56170000000.0,217000000.0,44880000000.0,44880000000.0,44880000000.0,0.0,2801000000.0,0.093,70126000000.0,79053000000.0,50728000000.0,0.225,2.379,8.793,8.923,226949000000.0,0.0,86.55,0.821,0.821,34987000000.0,365727000000.0,480681000000.0,480681000000.0,1840000000.0,0.134,0.275,0.289,0.159,0.0,13877000000.0,1.0,4559342639.0,4559342639.0,,105.428,333795000000.0,0.0,31045000000.0,47328000000.0,73.211,321000000.0
9,XOM,MRY,2011-12-31,2011-12-31,2011-12-31,2021-09-07,-9123000000.0,331052000000.0,325004000000.0,72963000000.0,258089000000.0,1.497,32.211,-30975000000.0,13068000000.0,13068000000.0,340010000000.0,42206000000.0,0.941,1.103,17033000000.0,7711000000.0,9322000000.0,17033000000.0,0.0,15583000000.0,0.0,0.022,1.85,72358000000.0,87941000000.0,0.181,87941000000.0,72358000000.0,72111000000.0,8.43,8.42,8.43,154396000000.0,154341500000.0,154396000000.0,411779285923.0,6.0,4.682,24370000000.0,5.084,1.0,146419000000.0,0.301,0.0,247000000.0,257512000000.0,254875000000.0,15024000000.0,34333000000.0,0.0,34333000000.0,170308000000.0,77505000000.0,92803000000.0,406272285923.0,4839000000.0,7547000000.0,-21131000000.0,1957000000.0,-9020000000.0,-28256000000.0,-22165000000.0,144000000.0,55345000000.0,-85000000.0,41060000000.0,41060000000.0,41060000000.0,0.0,1146000000.0,0.084,72915000000.0,73504000000.0,57067000000.0,0.219,2.631,9.895,10.055,214664000000.0,0.0,84.76,0.835,0.835,38642000000.0,330939000000.0,486429000000.0,486429000000.0,2081000000.0,0.126,0.266,0.284,0.149,0.0,14983000000.0,1.0,4793207715.0,4793207715.0,,101.483,331052000000.0,0.0,31051000000.0,49345000000.0,69.067,-4542000000.0
10,XOM,MRY,2010-12-31,2010-12-31,2010-12-31,2021-09-07,-4823000000.0,302510000000.0,284080000000.0,58984000000.0,243526000000.0,1.349,29.12,-26871000000.0,8453000000.0,8453000000.0,262624000000.0,31398000000.0,0.942,1.02,15014000000.0,2787000000.0,12227000000.0,15014000000.0,0.0,14760000000.0,0.0,0.024,1.74,52280000000.0,67040000000.0,0.175,67040000000.0,52280000000.0,52021000000.0,6.24,6.22,6.24,146839000000.0,136145750000.0,146839000000.0,374761734644.0,7.0,5.59,21542000000.0,4.272,1.0,120597000000.0,0.315,0.0,259000000.0,246438000000.0,227970250000.0,12976000000.0,35338000000.0,0.0,35338000000.0,149831000000.0,62633000000.0,87198000000.0,368711734644.0,-2868000000.0,2022000000.0,-12050000000.0,-6210000000.0,-8498000000.0,-26924000000.0,-24204000000.0,-488000000.0,48413000000.0,-153000000.0,30460000000.0,30460000000.0,30460000000.0,0.0,938000000.0,0.079,67379000000.0,53218000000.0,50034000000.0,0.279,2.511,12.105,11.718,199548000000.0,0.0,73.12,0.962,0.962,32284000000.0,298899000000.0,383221000000.0,383221000000.0,2144000000.0,0.107,0.224,0.229,0.136,0.0,14683000000.0,1.0,5042556546.0,5042556546.0,,75.997,302510000000.0,0.0,21561000000.0,44962000000.0,59.991,-3649000000.0
11,XOM,MRY,2009-12-31,2009-12-31,2009-12-31,2021-09-07,-5461000000.0,233323000000.0,227445500000.0,55235000000.0,178088000000.0,1.366,23.291,-22491000000.0,10693000000.0,10693000000.0,213561000000.0,19658000000.0,1.061,1.067,9605000000.0,2476000000.0,7129000000.0,9605000000.0,0.0,11917000000.0,0.0,0.024,1.66,34947000000.0,46864000000.0,0.151,46864000000.0,34947000000.0,34399000000.0,3.99,3.98,3.99,110569000000.0,107857250000.0,110569000000.0,320848280685.0,9.0,6.846,5947000000.0,1.253,1.0,97025000000.0,0.312,0.0,548000000.0,180174000000.0,169410500000.0,11553000000.0,31834000000.0,169000000.0,31665000000.0,117931000000.0,52061000000.0,65870000000.0,323717280685.0,-20744000000.0,-1207000000.0,-18951000000.0,-153000000.0,-8023000000.0,-27283000000.0,-22419000000.0,555000000.0,28438000000.0,520000000.0,19280000000.0,19280000000.0,19280000000.0,0.0,378000000.0,0.062,61700000000.0,35325000000.0,41275000000.0,0.416,2.928,16.79,17.09,139116000000.0,0.0,68.19,1.042,1.042,27645000000.0,276937000000.0,310586000000.0,310586000000.0,2021000000.0,0.085,0.179,0.206,0.113,0.0,14735000000.0,1.0,4747283776.0,4747283776.0,,65.424,233323000000.0,0.0,15119000000.0,31458000000.0,49.149,3174000000.0
12,XOM,MRY,2008-12-31,2008-12-31,2008-12-31,2021-09-07,-9931000000.0,228052000000.0,252307500000.0,72266000000.0,155786000000.0,1.892,22.208,-19318000000.0,31437000000.0,31437000000.0,325681000000.0,46867000000.0,1.472,0.978,9425000000.0,2400000000.0,7025000000.0,9425000000.0,0.0,12379000000.0,0.0,0.019,1.55,82423000000.0,94802000000.0,0.199,94802000000.0,82423000000.0,81750000000.0,8.7,8.66,8.7,112965000000.0,121554000000.0,112965000000.0,379657199888.0,5.0,4.005,40407000000.0,7.944,1.0,151678000000.0,0.318,0.0,673000000.0,156940000000.0,158905750000.0,11646000000.0,29126000000.0,570000000.0,28556000000.0,110529000000.0,49100000000.0,61429000000.0,406067199888.0,-2544000000.0,3490000000.0,-34981000000.0,-527000000.0,-8058000000.0,-44027000000.0,-15499000000.0,-245000000.0,59725000000.0,-2743000000.0,45220000000.0,45220000000.0,45220000000.0,0.0,1647000000.0,0.095,67608000000.0,84070000000.0,36643000000.0,0.178,3.595,8.98,9.176,121346000000.0,0.0,79.83,0.851,0.851,24702000000.0,265680000000.0,477359000000.0,477359000000.0,1451000000.0,0.179,0.372,0.519,0.173,0.0,15873000000.0,1.0,5086649128.0,5086649128.0,,93.845,228052000000.0,0.0,36530000000.0,29783000000.0,44.833,23166000000.0
13,XOM,MRY,2007-12-31,2007-12-31,2007-12-31,2021-09-07,1989000000.0,242082000000.0,232589250000.0,85963000000.0,156119000000.0,1.739,22.286,-15387000000.0,33981000000.0,33981000000.0,272179000000.0,41615000000.0,1.474,0.988,9566000000.0,2383000000.0,7183000000.0,9566000000.0,0.0,12250000000.0,0.0,0.015,1.37,70874000000.0,83124000000.0,0.205,83124000000.0,70874000000.0,70474000000.0,7.31,7.26,7.31,121762000000.0,117706250000.0,121762000000.0,484851083869.0,7.0,5.833,36615000000.0,6.702,1.0,132373000000.0,0.327,0.0,400000000.0,159355000000.0,152890250000.0,11089000000.0,28713000000.0,519000000.0,28194000000.0,120320000000.0,58312000000.0,62008000000.0,511887083869.0,5737000000.0,1166000000.0,-30743000000.0,598000000.0,-7621000000.0,-38345000000.0,-9728000000.0,4102000000.0,52002000000.0,1808000000.0,40610000000.0,40610000000.0,40610000000.0,0.0,1005000000.0,0.1,60494000000.0,71879000000.0,45275000000.0,0.187,4.204,12.605,12.817,120869000000.0,0.0,93.69,1.265,1.265,36450000000.0,228518000000.0,404552000000.0,404552000000.0,1469000000.0,0.175,0.345,0.464,0.175,0.0,14890000000.0,1.0,5463625615.0,5463625615.0,,74.045,242082000000.0,0.0,29864000000.0,33553000000.0,44.308,27651000000.0
14,XOM,MRY,2006-12-31,2006-12-31,2006-12-31,2021-09-07,-2762000000.0,219015000000.0,219993500000.0,75777000000.0,143238000000.0,1.717,19.519,-15462000000.0,32848000000.0,32848000000.0,252130000000.0,39500000000.0,1.552,0.924,8347000000.0,1702000000.0,6645000000.0,8347000000.0,0.0,11416000000.0,0.0,0.017,1.28,68056000000.0,79472000000.0,0.21,79472000000.0,68056000000.0,67402000000.0,6.68,6.62,6.68,113844000000.0,114666000000.0,113844000000.0,418194589540.0,6.0,5.262,33824000000.0,5.799,1.0,125505000000.0,0.332,0.0,654000000.0,145697000000.0,140800000000.0,10714000000.0,23237000000.0,0.0,23237000000.0,105171000000.0,48817000000.0,56354000000.0,446943589540.0,-427000000.0,476000000.0,-28385000000.0,73000000.0,-7628000000.0,-36210000000.0,-14230000000.0,0.0,49286000000.0,727000000.0,39500000000.0,39500000000.0,39500000000.0,0.0,0.0,0.105,56398000000.0,69107000000.0,39082000000.0,0.192,3.926,11.315,11.472,113687000000.0,0.0,76.63,1.184,1.184,28942000000.0,195207000000.0,377635000000.0,377635000000.0,1181000000.0,0.18,0.344,0.483,0.18,0.0,14273000000.0,1.0,5832488445.0,5832488445.0,,64.747,219015000000.0,0.0,27902000000.0,28884000000.0,37.551,26960000000.0
15,XOM,MRY,2005-12-31,2005-12-31,2005-12-31,2021-09-07,-1279000000.0,208335000000.0,205281000000.0,73342000000.0,134993000000.0,1.806,17.869,-13839000000.0,33275000000.0,33275000000.0,257515000000.0,36130000000.0,1.584,0.874,7991000000.0,1771000000.0,6220000000.0,7991000000.0,0.0,10253000000.0,0.0,0.02,1.14,59928000000.0,70181000000.0,0.189,70181000000.0,59928000000.0,59432000000.0,5.76,5.71,5.76,111186000000.0,106842500000.0,111186000000.0,324124965739.0,5.0,4.618,34299000000.0,5.512,1.0,113165000000.0,0.305,0.0,496000000.0,136744000000.0,134068500000.0,9321000000.0,20592000000.0,0.0,20592000000.0,97149000000.0,46307000000.0,50842000000.0,349511965739.0,10140000000.0,3226000000.0,-17280000000.0,-1502000000.0,-7185000000.0,-26941000000.0,-10270000000.0,0.0,48138000000.0,-787000000.0,36130000000.0,36130000000.0,36130000000.0,0.0,0.0,0.097,52438000000.0,60727000000.0,36120000000.0,0.198,3.143,9.674,9.752,107010000000.0,0.0,56.17,0.943,0.943,27484000000.0,163335000000.0,370680000000.0,370680000000.0,964000000.0,0.176,0.338,0.447,0.162,0.0,14402000000.0,1.0,6222395687.0,6222395687.0,,59.572,208335000000.0,0.0,23302000000.0,29294000000.0,33.481,27035000000.0
16,XOM,MRY,2004-12-31,2004-12-31,2004-12-31,2021-09-07,1527000000.0,195256000000.0,185970000000.0,60377000000.0,134879000000.0,1.603,15.773,-11986000000.0,23135000000.0,23135000000.0,207441000000.0,25330000000.0,1.405,0.919,8293000000.0,3280000000.0,5013000000.0,8293000000.0,0.0,9767000000.0,0.0,0.021,1.06,41879000000.0,51646000000.0,0.173,51646000000.0,41879000000.0,41241000000.0,3.91,3.89,3.91,101756000000.0,95603500000.0,101756000000.0,320092413020.0,8.0,6.198,28565000000.0,4.428,1.0,90594000000.0,0.304,0.0,638000000.0,137433000000.0,133296250000.0,9487000000.0,18404000000.0,0.0,18404000000.0,93500000000.0,42981000000.0,50519000000.0,330693413020.0,7905000000.0,467000000.0,-8991000000.0,-1951000000.0,-6896000000.0,-18268000000.0,-14910000000.0,-4604000000.0,40551000000.0,532000000.0,25330000000.0,25330000000.0,25330000000.0,0.0,0.0,0.085,47939000000.0,42655000000.0,31763000000.0,0.271,3.25,13.055,13.11,108639000000.0,0.0,51.26,1.11,1.11,25359000000.0,134390000000.0,298035000000.0,298035000000.0,1098000000.0,0.136,0.265,0.314,0.141,0.0,13849000000.0,1.0,6451295611.0,6451295611.0,,46.198,195256000000.0,0.0,15911000000.0,29030000000.0,30.266,17396000000.0
17,XOM,MRY,2003-12-31,2003-12-31,2003-12-31,2021-09-07,-514000000.0,174278000000.0,167215750000.0,45960000000.0,128318000000.0,1.476,13.603,-12859000000.0,10626000000.0,10626000000.0,169158000000.0,21510000000.0,1.197,0.938,9545000000.0,4789000000.0,4756000000.0,9545000000.0,0.0,9047000000.0,0.0,0.024,0.98,32723000000.0,41770000000.0,0.169,41770000000.0,32723000000.0,32516000000.0,3.24,3.23,3.24,89915000000.0,83961250000.0,89915000000.0,269605780033.0,8.0,6.455,15639000000.0,2.366,1.0,77580000000.0,0.314,0.0,207000000.0,134811000000.0,127752250000.0,8957000000.0,15535000000.0,0.0,15535000000.0,84363000000.0,38386000000.0,45977000000.0,271001780033.0,3397000000.0,1481000000.0,-5447000000.0,-2124000000.0,-6515000000.0,-14763000000.0,-10842000000.0,0.0,28498000000.0,504000000.0,21510000000.0,21510000000.0,21510000000.0,0.0,0.0,0.087,44713000000.0,32867000000.0,28445000000.0,0.302,3.014,12.599,12.654,104965000000.0,0.0,41.0,1.098,1.098,24309000000.0,115956000000.0,246738000000.0,246738000000.0,1010000000.0,0.129,0.256,0.256,0.133,0.0,13396000000.0,1.0,6609799513.0,6609799513.0,,37.329,174278000000.0,0.0,11006000000.0,25270000000.0,26.367,7574000000.0
18,XOM,MRY,2002-12-31,2002-12-31,2002-12-31,2021-09-07,-6054000000.0,152644000000.0,148096500000.0,38291000000.0,114353000000.0,1.381,11.086,-11437000000.0,7229000000.0,7229000000.0,146562000000.0,11460000000.0,1.154,1.046,10748000000.0,4093000000.0,6655000000.0,10748000000.0,0.0,8310000000.0,0.0,0.026,0.92,18357000000.0,26667000000.0,0.13,26667000000.0,18357000000.0,17959000000.0,1.69,1.68,1.69,74597000000.0,74193000000.0,74597000000.0,239053699265.0,13.0,8.964,9831000000.0,1.461,1.0,57944000000.0,0.283,0.0,398000000.0,122988000000.0,120424250000.0,8068000000.0,12111000000.0,0.0,12111000000.0,78047000000.0,33175000000.0,44872000000.0,235107699265.0,682000000.0,781000000.0,-4499000000.0,-307000000.0,-6217000000.0,-11353000000.0,-9758000000.0,0.0,21268000000.0,525000000.0,11460000000.0,11460000000.0,11460000000.0,-449000000.0,0.0,0.056,39827000000.0,18117000000.0,25186000000.0,0.544,3.152,20.516,20.675,94940000000.0,0.0,34.94,1.15,1.15,21163000000.0,100961000000.0,204506000000.0,204506000000.0,920000000.0,0.077,0.154,0.152,0.09,0.0,12356000000.0,1.0,6728898090.0,6728898090.0,,30.392,152644000000.0,0.0,6499000000.0,20380000000.0,22.685,5116000000.0
19,XOM,MRY,2001-12-31,2001-12-31,2001-12-31,2021-09-07,-6590000000.0,143174000000.0,146881000000.0,35681000000.0,107493000000.0,1.449,10.695,-9989000000.0,6547000000.0,6547000000.0,147541000000.0,15320000000.0,1.185,0.957,10802000000.0,3703000000.0,7099000000.0,10802000000.0,0.0,7848000000.0,0.0,0.023,0.91,24580000000.0,32428000000.0,0.152,32428000000.0,24580000000.0,24287000000.0,2.23,2.21,2.23,73161000000.0,72962250000.0,73161000000.0,270939809900.0,11.0,8.355,12900000000.0,1.886,1.0,65244000000.0,0.307,0.0,293000000.0,117315000000.0,115009250000.0,7904000000.0,10768000000.0,0.0,10768000000.0,70013000000.0,30114000000.0,39899000000.0,268832809900.0,-533000000.0,43000000.0,-5420000000.0,-2772000000.0,-6254000000.0,-15041000000.0,-8211000000.0,0.0,22889000000.0,-170000000.0,15320000000.0,15320000000.0,15320000000.0,-102000000.0,0.0,0.072,40412000000.0,24832000000.0,22862000000.0,0.408,3.675,17.548,17.623,89602000000.0,0.0,39.3,1.263,1.263,19549000000.0,95718000000.0,212785000000.0,212785000000.0,1175000000.0,0.104,0.21,0.214,0.116,0.0,12898000000.0,1.0,6840529514.0,6840529514.0,,31.107,143174000000.0,0.0,8967000000.0,19908000000.0,20.93,5567000000.0
20,XOM,MRY,2000-12-31,2000-12-31,2000-12-31,2021-09-07,-5189000000.0,149000000000.0,146777000000.0,40399000000.0,108601000000.0,1.58,10.177,-8446000000.0,7080000000.0,7080000000.0,163977000000.0,17720000000.0,1.058,1.106,13441000000.0,6161000000.0,7280000000.0,13441000000.0,1166000000.0,8001000000.0,0.0,0.02,0.88,29384000000.0,37385000000.0,0.161,37385000000.0,29384000000.0,28795000000.0,2.55,2.52,2.55,70757000000.0,67602250000.0,70757000000.0,309816907740.0,11.0,8.287,14491000000.0,2.084,1.0,67869000000.0,0.293,0.0,589000000.0,117170000000.0,117137750000.0,8304000000.0,12618000000.0,0.0,12618000000.0,78243000000.0,38191000000.0,40052000000.0,302219907740.0,5392000000.0,4122000000.0,-1859000000.0,-5705000000.0,-6123000000.0,-14165000000.0,-3298000000.0,41000000.0,22937000000.0,-82000000.0,17720000000.0,17720000000.0,17720000000.0,-184000000.0,0.0,0.076,39987000000.0,27882000000.0,26755000000.0,0.345,4.271,17.055,17.047,89829000000.0,0.0,43.47,1.304,1.304,22996000000.0,86652000000.0,231846000000.0,231846000000.0,936000000.0,0.121,0.262,0.251,0.127,0.0,12044000000.0,1.0,6952378830.0,6952378830.0,,33.348,149000000000.0,0.0,11075000000.0,21717000000.0,21.432,2208000000.0
21,XOM,MRY,1999-12-31,1999-12-31,1999-12-31,2021-09-07,-2568000000.0,144521000000.0,105220250000.0,31141000000.0,113380000000.0,1.763,13.071,-10849000000.0,1688000000.0,1688000000.0,133422000000.0,7910000000.0,0.804,1.277,18972000000.0,10570000000.0,8402000000.0,18972000000.0,1079000000.0,8304000000.0,0.0,0.021,0.835,11845000000.0,20149000000.0,0.109,20149000000.0,11845000000.0,11150000000.0,1.14,1.12,1.14,63466000000.0,48282750000.0,63466000000.0,203676386185.0,17.0,10.109,4164000000.0,0.858,1.0,52105000000.0,0.281,0.0,695000000.0,123072000000.0,90579750000.0,8492000000.0,14617000000.0,73000000.0,14544000000.0,81055000000.0,38733000000.0,42322000000.0,195582386185.0,-698000000.0,-504000000.0,-322000000.0,1834000000.0,-5872000000.0,-4779000000.0,-10985000000.0,-19000000.0,15013000000.0,53000000.0,7910000000.0,7910000000.0,7910000000.0,0.0,0.0,0.043,40115000000.0,11990000000.0,25492000000.0,0.732,3.082,24.726,35.333,94043000000.0,0.0,40.28,1.054,1.054,19155000000.0,75055000000.0,185527000000.0,185527000000.0,1246000000.0,0.075,0.164,0.131,0.064,0.0,13134000000.0,1.0,4855570660.0,4855570660.0,,38.209,144521000000.0,0.0,3240000000.0,18922000000.0,29.764,-7592000000.0
22,XOM,MRY,1998-12-31,1998-12-31,1998-12-31,2021-09-07,-1981000000.0,139335000000.0,105682750000.0,28594000000.0,110741000000.0,1.605,12.775,-12730000000.0,2386000000.0,2386000000.0,116274000000.0,8074000000.0,0.846,1.243,17016000000.0,8484000000.0,8532000000.0,17016000000.0,1524000000.0,8355000000.0,0.0,0.022,0.82,12581000000.0,20936000000.0,0.123,20936000000.0,12581000000.0,12013000000.0,1.155,1.14,1.155,62120000000.0,48245250000.0,62120000000.0,185221514933.0,15.0,8.847,3706000000.0,0.762,1.0,53368000000.0,0.315,0.0,568000000.0,120184000000.0,92235250000.0,8692000000.0,13965000000.0,50000000.0,13915000000.0,77215000000.0,33781000000.0,43434000000.0,177771514933.0,-2659000000.0,415000000.0,-3040000000.0,2218000000.0,-5843000000.0,-7136000000.0,-11982000000.0,-3000000.0,16436000000.0,23000000.0,8074000000.0,8074000000.0,8074000000.0,0.0,0.0,0.048,40452000000.0,12916000000.0,23154000000.0,0.71,2.862,22.018,31.654,92583000000.0,0.0,36.56,1.048,1.048,15829000000.0,75109000000.0,169642000000.0,169642000000.0,1506000000.0,0.076,0.167,0.136,0.074,0.0,12925000000.0,1.0,4862459380.0,4862459380.0,,34.888,139335000000.0,0.0,3939000000.0,18892000000.0,28.655,-5187000000.0
23,XOM,MRY,1997-12-31,1997-12-31,1997-12-31,2021-09-07,-1119000000.0,96064000000.0,95938500000.0,21192000000.0,74872000000.0,2.103,8.853,-11652000000.0,4047000000.0,4047000000.0,138491000000.0,11732000000.0,1.078,1.2,9952000000.0,2902000000.0,7050000000.0,9952000000.0,575000000.0,8228000000.0,0.0,0.027,0.812,20200000000.0,28428000000.0,0.141,28428000000.0,20200000000.0,19337000000.0,1.66,1.64,1.66,43660000000.0,43625250000.0,43660000000.0,156036111529.0,8.0,5.489,9790000000.0,1.985,1.0,63255000000.0,0.314,0.0,863000000.0,82315000000.0,81645500000.0,5487000000.0,5220000000.0,15000000.0,5205000000.0,52404000000.0,19654000000.0,32750000000.0,150889111529.0,901000000.0,452000000.0,-2698000000.0,-908000000.0,-5757000000.0,-9579000000.0,-10835000000.0,365000000.0,21442000000.0,-127000000.0,11732000000.0,11732000000.0,11732000000.0,0.0,0.0,0.058,42529000000.0,20726000000.0,14683000000.0,0.489,3.456,12.861,18.431,66414000000.0,0.0,30.595,0.748,0.748,10702000000.0,52214000000.0,201746000000.0,201746000000.0,1252000000.0,0.122,0.269,0.247,0.1,0.0,13574000000.0,1.0,4931822570.0,4931822570.0,,40.907,96064000000.0,0.0,7605000000.0,15521000000.0,19.478,1538000000.0
24,XOM,MRY,1996-12-31,1996-12-31,1996-12-31,2021-09-07,1126000000.0,95527000000.0,93411500000.0,19910000000.0,75617000000.0,1.437,8.763,-7209000000.0,2951000000.0,2951000000.0,94177000000.0,7510000000.0,1.021,1.194,9746000000.0,2510000000.0,7236000000.0,9746000000.0,660000000.0,5329000000.0,0.0,0.032,0.78,12380000000.0,17709000000.0,0.132,17709000000.0,12380000000.0,11916000000.0,1.505,1.495,1.505,43542000000.0,41989000000.0,43542000000.0,,,,5953000000.0,1.198,1.0,40072000000.0,0.298,0.0,464000000.0,82817000000.0,81947000000.0,5285000000.0,6028000000.0,18000000.0,6010000000.0,51985000000.0,19505000000.0,32480000000.0,121733166268.0,1443000000.0,-91000000.0,-454000000.0,-254000000.0,-3902000000.0,-5239000000.0,-6515000000.0,785000000.0,13162000000.0,35000000.0,7510000000.0,7510000000.0,7510000000.0,0.0,0.0,0.056,27308000000.0,12764000000.0,14510000000.0,0.518,2.796,16.209,16.279,66607000000.0,0.0,24.5,0.907,0.907,10499000000.0,57156000000.0,134249000000.0,134249000000.0,763000000.0,0.08,0.179,0.151,0.092,0.0,7961000000.0,1.0,4968700664.0,4968700664.0,,27.019,95527000000.0,0.0,4406000000.0,15960000000.0,19.226,405000000.0
25,XOM,MRY,1995-12-31,1995-12-31,1995-12-31,2021-09-07,1339000000.0,91296000000.0,,17318000000.0,73978000000.0,,,-7128000000.0,1508000000.0,1508000000.0,86039000000.0,6470000000.0,0.924,1.258,10025000000.0,2247000000.0,7778000000.0,10025000000.0,975000000.0,5386000000.0,0.0,0.037,0.75,10927000000.0,16313000000.0,0.132,16313000000.0,10927000000.0,10442000000.0,1.295,1.29,1.295,40436000000.0,,40436000000.0,,,,6719000000.0,,1.0,37881000000.0,0.306,0.0,485000000.0,81077000000.0,,5681000000.0,5978000000.0,281000000.0,5697000000.0,50860000000.0,18736000000.0,32124000000.0,,351000000.0,136000000.0,-300000000.0,-2705000000.0,-3765000000.0,-7136000000.0,-6355000000.0,637000000.0,13847000000.0,-5000000.0,6470000000.0,6470000000.0,6470000000.0,0.0,0.0,0.052,26653000000.0,11228000000.0,14113000000.0,0.579,,,15.66,65446000000.0,0.0,20.28,,,8925000000.0,53539000000.0,123920000000.0,123920000000.0,693000000.0,,,,0.088,0.0,7802000000.0,1.0,,,,,91296000000.0,0.0,3972000000.0,14807000000.0,,-1418000000.0
26,XOM,MRY,1994-12-31,1994-12-31,1994-12-31,2021-09-07,,,,,,,,-6643000000.0,,,79013000000.0,5100000000.0,,,,,,,,5015000000.0,,0.048,0.728,8529000000.0,13544000000.0,0.119,13544000000.0,8529000000.0,7804000000.0,1.018,,1.018,,,,,,,3208000000.0,,1.0,34891000000.0,0.306,,725000000.0,,,,,,,,,,,174000000.0,1050000000.0,-154000000.0,-26000000.0,-3659000000.0,-4234000000.0,-5422000000.0,171000000.0,9851000000.0,-21000000.0,5100000000.0,5100000000.0,5100000000.0,0.0,0.0,0.045,26129000000.0,8762000000.0,,0.715,,,14.919,,0.0,15.188,,,,,113904000000.0,113904000000.0,666000000.0,,,,0.075,0.0,7745000000.0,1.0,,,,,,,2704000000.0,,,
0,XOM,MRQ,2021-06-30,2021-06-30,2021-06-30,2021-09-07,-15586000000.0,337289000000.0,,52842000000.0,284447000000.0,,37.456,-2747000000.0,3465000000.0,3465000000.0,45075000000.0,4781000000.0,0.849,1.083,60612000000.0,15293000000.0,45319000000.0,60612000000.0,0.0,4952000000.0,0.0,0.055,0.87,6470000000.0,11422000000.0,0.169,11422000000.0,6470000000.0,6216000000.0,1.1,1.1,1.1,158571000000.0,,158571000000.0,326858634884.0,-21.0,11.023,6903000000.0,1.631,1.0,22667000000.0,0.335,0.0,254000000.0,332198000000.0,,19275000000.0,44774000000.0,0.0,44774000000.0,171733000000.0,62238000000.0,109495000000.0,267051634884.0,-50000000.0,-264000000.0,0.0,-2953000000.0,-3721000000.0,-7022000000.0,-2716000000.0,250000000.0,9650000000.0,38000000.0,4690000000.0,4690000000.0,4690000000.0,0.0,91000000.0,0.069,16106000000.0,6561000000.0,45780000000.0,0.791,1.684,-20.034,-20.283,223012000000.0,0.0,63.08,1.216,1.216,28540000000.0,383922000000.0,67742000000.0,67742000000.0,176000000.0,,,,,0.0,2345000000.0,1.0,4233538917.0,4233538917.0,,16.001,337289000000.0,0.0,1526000000.0,19676000000.0,79.671,-9396000000.0
1,XOM,MRQ,2021-03-31,2021-03-31,2021-03-31,2021-09-07,-16090000000.0,333770000000.0,,48195000000.0,285575000000.0,,37.079,-2400000000.0,3515000000.0,3515000000.0,39261000000.0,2796000000.0,0.801,1.081,63322000000.0,18185000000.0,45137000000.0,63322000000.0,0.0,5004000000.0,0.0,0.062,0.87,3784000000.0,8788000000.0,0.149,8788000000.0,3784000000.0,3526000000.0,0.64,0.64,0.64,156974000000.0,,156974000000.0,299631364823.0,-13.0,13.674,6864000000.0,1.621,1.0,19886000000.0,0.336,0.0,258000000.0,333427000000.0,,18357000000.0,44181000000.0,0.0,44181000000.0,169669000000.0,60150000000.0,109519000000.0,236355364823.0,-849000000.0,-349000000.0,-1000000.0,-4065000000.0,-3720000000.0,-7785000000.0,-2355000000.0,307000000.0,9264000000.0,27000000.0,2730000000.0,2730000000.0,2730000000.0,0.0,66000000.0,0.046,16036000000.0,3850000000.0,41017000000.0,1.359,1.506,-12.375,-12.49,224641000000.0,0.0,55.83,1.281,1.281,24755000000.0,382953000000.0,59147000000.0,59147000000.0,164000000.0,,,,,0.0,2428000000.0,1.0,4233483160.0,4233483160.0,,13.971,333770000000.0,0.0,796000000.0,19061000000.0,78.841,-11955000000.0
2,XOM,MRQ,2020-12-31,2020-12-31,2020-12-31,2021-09-07,-16705000000.0,332750000000.0,,44893000000.0,287857000000.0,,37.167,-3629000000.0,4364000000.0,4364000000.0,30689000000.0,-20603000000.0,0.796,1.073,67640000000.0,20458000000.0,47182000000.0,67640000000.0,0.0,30291000000.0,0.0,0.084,0.87,-25767000000.0,4524000000.0,0.097,4524000000.0,-25767000000.0,-26080000000.0,-4.7,-4.7,-4.7,157150000000.0,,157150000000.0,234254810179.0,-9.0,12.268,376000000.0,0.089,1.0,15851000000.0,0.341,0.0,313000000.0,339663000000.0,,18850000000.0,43515000000.0,0.0,43515000000.0,168620000000.0,56363000000.0,112257000000.0,174287810179.0,-4468000000.0,-644000000.0,-100000000.0,-1529000000.0,-3715000000.0,-5283000000.0,-3302000000.0,0.0,4005000000.0,112000000.0,-20070000000.0,-20070000000.0,-20070000000.0,0.0,-533000000.0,-0.431,42151000000.0,-26300000000.0,35221000000.0,-0.185,1.109,-7.767,-7.851,227553000000.0,0.0,41.22,0.96,0.96,20581000000.0,383943000000.0,46540000000.0,46540000000.0,595000000.0,,,,,0.0,2736000000.0,1.0,4228234114.0,4228234114.0,,11.007,332750000000.0,0.0,-6010000000.0,18849000000.0,78.697,-11470000000.0
3,XOM,MRQ,2020-09-30,2020-09-30,2020-09-30,2021-09-07,-20189000000.0,358043000000.0,,48693000000.0,309350000000.0,,41.956,-3291000000.0,8832000000.0,8832000000.0,31302000000.0,-709000000.0,0.862,0.978,68799000000.0,21911000000.0,46888000000.0,68799000000.0,0.0,4983000000.0,0.0,0.101,0.87,-64000000.0,4919000000.0,0.106,4919000000.0,-64000000.0,-343000000.0,-0.15,-0.15,-0.15,177400000000.0,,177400000000.0,202094248777.0,37.0,7.752,1098000000.0,0.26,1.0,14897000000.0,0.322,0.0,279000000.0,361542000000.0,,17885000000.0,43609000000.0,0.0,43609000000.0,173431000000.0,56468000000.0,116963000000.0,145155248777.0,-3744000000.0,-1819000000.0,0.0,-928000000.0,-3716000000.0,-4494000000.0,-3709000000.0,0.0,4389000000.0,70000000.0,-680000000.0,-680000000.0,-680000000.0,0.0,-29000000.0,-0.015,14990000000.0,-93000000.0,33340000000.0,-5.8,0.818,43.721,44.013,250496000000.0,0.0,34.33,0.718,0.718,19974000000.0,407728000000.0,46199000000.0,46199000000.0,188000000.0,,,,,0.0,2444000000.0,1.0,4228233288.0,4228233288.0,,10.926,358043000000.0,0.0,337000000.0,25684000000.0,84.679,-7775000000.0
4,XOM,MRQ,2020-06-30,2020-06-30,2020-06-30,2021-09-07,-21617000000.0,361495000000.0,,53016000000.0,308479000000.0,,42.614,-4417000000.0,12576000000.0,12576000000.0,19223000000.0,-1169000000.0,0.926,0.968,69515000000.0,22952000000.0,46563000000.0,69515000000.0,0.0,4916000000.0,0.0,0.078,0.87,-1234000000.0,3682000000.0,0.113,3682000000.0,-1234000000.0,-1551000000.0,-0.26,-0.26,-0.26,180183000000.0,,180183000000.0,237285607189.0,23.0,7.679,-4417000000.0,-1.045,1.0,13382000000.0,0.41,0.0,317000000.0,361164000000.0,,19657000000.0,43192000000.0,0.0,43192000000.0,174342000000.0,57270000000.0,117072000000.0,189085607189.0,1164000000.0,-796000000.0,0.0,9838000000.0,-3715000000.0,6277000000.0,-5081000000.0,43000000.0,0.0,-32000000.0,-1080000000.0,-1080000000.0,-1080000000.0,0.0,-89000000.0,-0.033,14705000000.0,-1323000000.0,33216000000.0,-3.346,1.049,26.372,26.619,250524000000.0,0.0,44.72,0.856,0.856,19036000000.0,412124000000.0,32605000000.0,32605000000.0,214000000.0,,,,,0.0,2409000000.0,1.0,4228211252.0,4228211252.0,,7.711,361495000000.0,0.0,-471000000.0,25827000000.0,85.496,-4254000000.0
5,XOM,MRQ,2020-03-31,2020-03-31,2020-03-31,2021-09-07,-24339000000.0,355804000000.0,,50249000000.0,305555000000.0,,43.022,-5945000000.0,11412000000.0,11412000000.0,38915000000.0,-770000000.0,0.776,0.918,59612000000.0,27755000000.0,31857000000.0,59612000000.0,0.0,5819000000.0,0.0,0.092,0.87,151000000.0,5970000000.0,0.106,5970000000.0,151000000.0,-98000000.0,-0.14,-0.14,-0.14,182079000000.0,,182079000000.0,204527282550.0,13.0,5.613,329000000.0,0.078,1.0,17243000000.0,0.307,0.0,249000000.0,339231000000.0,,16501000000.0,42981000000.0,0.0,42981000000.0,167061000000.0,64773000000.0,102288000000.0,160696282550.0,8323000000.0,-728000000.0,-305000000.0,12760000000.0,-3719000000.0,8785000000.0,-6367000000.0,86000000.0,6274000000.0,-369000000.0,-610000000.0,-610000000.0,-610000000.0,0.0,-160000000.0,-0.011,17252000000.0,-9000000.0,35815000000.0,-6.214,0.883,14.121,14.221,248409000000.0,0.0,37.97,0.624,0.624,20871000000.0,416919000000.0,56158000000.0,56158000000.0,288000000.0,,,,,0.0,2579000000.0,1.0,4232190744.0,4232190744.0,,13.269,355804000000.0,0.0,512000000.0,26066000000.0,84.071,-14524000000.0
6,XOM,MRQ,2019-12-31,2019-12-31,2019-12-31,2021-09-07,-19493000000.0,362597000000.0,,50052000000.0,312545000000.0,,45.295,-6704000000.0,3089000000.0,3089000000.0,42537000000.0,5730000000.0,0.782,0.854,46920000000.0,20578000000.0,26342000000.0,46920000000.0,0.0,4923000000.0,0.0,0.049,0.87,6575000000.0,11498000000.0,0.171,11498000000.0,6575000000.0,6374000000.0,1.33,1.33,1.33,191650000000.0,,191650000000.0,337041581285.0,16.0,8.544,-352000000.0,-0.083,1.0,24636000000.0,0.367,0.0,201000000.0,342439000000.0,,18528000000.0,43164000000.0,0.0,43164000000.0,163659000000.0,63989000000.0,99670000000.0,295246581285.0,-2262000000.0,1719000000.0,-173000000.0,-660000000.0,-3716000000.0,-4456000000.0,-4264000000.0,0.0,6352000000.0,106000000.0,5690000000.0,5690000000.0,5690000000.0,0.0,40000000.0,0.085,18021000000.0,6615000000.0,41831000000.0,0.654,1.541,20.589,20.768,253018000000.0,0.0,69.78,1.114,1.114,26966000000.0,421341000000.0,67173000000.0,67173000000.0,357000000.0,,,,,0.0,3048000000.0,1.0,4231106066.0,4231106066.0,,15.876,362597000000.0,0.0,684000000.0,27200000000.0,85.698,-13937000000.0
7,XOM,MRQ,2019-09-30,2019-09-30,2019-09-30,2021-09-07,-19277000000.0,359361000000.0,,50008000000.0,309353000000.0,,44.885,-6285000000.0,5351000000.0,5351000000.0,42966000000.0,3247000000.0,0.779,0.854,47146000000.0,21196000000.0,25950000000.0,47146000000.0,0.0,4873000000.0,0.0,0.048,0.87,4876000000.0,9749000000.0,0.15,9749000000.0,4876000000.0,4644000000.0,0.75,0.75,0.75,189915000000.0,,189915000000.0,339741415419.0,15.0,8.264,2794000000.0,0.66,1.0,22083000000.0,0.339,0.0,232000000.0,336961000000.0,,17590000000.0,42920000000.0,0.0,42920000000.0,162252000000.0,64195000000.0,98057000000.0,298758415419.0,1138000000.0,-342000000.0,0.0,1958000000.0,-3716000000.0,-1666000000.0,-6150000000.0,0.0,9079000000.0,-125000000.0,3170000000.0,3170000000.0,3170000000.0,0.0,77000000.0,0.049,17130000000.0,4953000000.0,40541000000.0,1.16,1.573,20.393,20.526,250512000000.0,0.0,70.61,1.108,1.108,25308000000.0,419367000000.0,65049000000.0,65049000000.0,299000000.0,,,,,0.0,2753000000.0,1.0,4231106294.0,4231106294.0,,15.374,359361000000.0,0.0,1474000000.0,28971000000.0,84.933,-14187000000.0
8,XOM,MRQ,2019-06-30,2019-06-30,2019-06-30,2021-09-07,-18205000000.0,360729000000.0,,51743000000.0,308986000000.0,,45.231,-6173000000.0,4213000000.0,4213000000.0,46617000000.0,3391000000.0,0.736,0.848,45196000000.0,26195000000.0,19001000000.0,45196000000.0,0.0,4631000000.0,0.0,0.043,0.87,4587000000.0,9218000000.0,0.133,9218000000.0,4587000000.0,4371000000.0,0.73,0.73,0.73,191377000000.0,,191377000000.0,360467726630.0,14.0,7.994,-226000000.0,-0.053,1.0,22474000000.0,0.325,0.0,216000000.0,331425000000.0,,18835000000.0,42533000000.0,0.0,42533000000.0,162264000000.0,70287000000.0,91977000000.0,324228726630.0,-373000000.0,-787000000.0,0.0,4365000000.0,-3715000000.0,548000000.0,-6877000000.0,0.0,5947000000.0,9000000.0,3130000000.0,3130000000.0,3130000000.0,0.0,261000000.0,0.045,17626000000.0,4848000000.0,41480000000.0,1.192,1.694,18.297,18.465,250853000000.0,0.0,76.63,1.153,1.153,27132000000.0,419913000000.0,69091000000.0,69091000000.0,333000000.0,,,,,0.0,2827000000.0,1.0,4231093914.0,4231093914.0,,16.329,360729000000.0,0.0,1241000000.0,29458000000.0,85.257,-18544000000.0
9,XOM,MRQ,2019-03-31,2019-03-31,2019-03-31,2021-09-07,-18782000000.0,356189000000.0,,51576000000.0,304613000000.0,,45.155,-5199000000.0,4586000000.0,4586000000.0,42206000000.0,2406000000.0,0.774,0.827,40825000000.0,21794000000.0,19031000000.0,40825000000.0,0.0,4571000000.0,0.0,0.041,0.82,4414000000.0,8985000000.0,0.141,8985000000.0,4414000000.0,4233000000.0,0.55,0.55,0.55,191222000000.0,,191222000000.0,376926036425.0,13.0,8.005,3139000000.0,0.741,1.0,21419000000.0,0.337,0.0,181000000.0,325796000000.0,,18332000000.0,42068000000.0,0.0,42068000000.0,158168000000.0,66632000000.0,91536000000.0,342172036425.0,1544000000.0,-803000000.0,-421000000.0,2999000000.0,-3505000000.0,-1044000000.0,-5793000000.0,0.0,8338000000.0,43000000.0,2350000000.0,2350000000.0,2350000000.0,0.0,56000000.0,0.037,16949000000.0,4470000000.0,42090000000.0,1.491,1.789,18.456,18.618,248563000000.0,0.0,80.8,1.198,1.198,27105000000.0,420498000000.0,63625000000.0,63625000000.0,280000000.0,,,,,0.0,2770000000.0,1.0,4234802431.0,4234802431.0,,15.024,356189000000.0,0.0,1883000000.0,30035000000.0,84.11,-15056000000.0
10,XOM,MRQ,2018-12-31,2018-12-31,2018-12-31,2021-09-07,-19564000000.0,346196000000.0,,47973000000.0,298223000000.0,,45.301,-6094000000.0,3042000000.0,3042000000.0,44619000000.0,6206000000.0,0.84,0.77,37796000000.0,17258000000.0,20538000000.0,37796000000.0,0.0,5028000000.0,0.0,0.047,0.82,8130000000.0,13158000000.0,0.183,13158000000.0,8130000000.0,7915000000.0,1.41,1.41,1.41,191794000000.0,,191794000000.0,323071310922.0,10.0,6.477,2513000000.0,0.594,1.0,27276000000.0,0.379,0.0,215000000.0,323812000000.0,,18958000000.0,40790000000.0,0.0,40790000000.0,147668000000.0,57138000000.0,90530000000.0,288703310922.0,-2627000000.0,16000000.0,-196000000.0,-2272000000.0,-3502000000.0,-5501000000.0,-5584000000.0,0.0,8607000000.0,-149000000.0,6000000000.0,6000000000.0,6000000000.0,0.0,206000000.0,0.083,18940000000.0,8336000000.0,37268000000.0,0.582,1.505,13.853,13.973,247101000000.0,0.0,68.19,0.995,0.995,24701000000.0,421653000000.0,71895000000.0,71895000000.0,555000000.0,,,,,0.0,2848000000.0,1.0,4233807170.0,4233807170.0,,16.981,346196000000.0,0.0,1915000000.0,29856000000.0,81.769,-9165000000.0
11,XOM,MRQ,2018-09-30,2018-09-30,2018-09-30,2021-09-07,-18370000000.0,354628000000.0,,53975000000.0,300653000000.0,,44.963,-5204000000.0,5669000000.0,5669000000.0,50079000000.0,6446000000.0,0.827,0.829,40037000000.0,19413000000.0,20624000000.0,40037000000.0,0.0,4658000000.0,0.0,0.037,0.82,9074000000.0,13732000000.0,0.179,13732000000.0,9074000000.0,8874000000.0,1.46,1.46,1.46,190365000000.0,,190365000000.0,397748555787.0,15.0,8.696,5904000000.0,1.394,1.0,26526000000.0,0.346,0.0,200000000.0,323708000000.0,,18761000000.0,40427000000.0,0.0,40427000000.0,157797000000.0,65288000000.0,92509000000.0,359958555787.0,2239000000.0,1082000000.0,-1000000.0,-1299000000.0,-3503000000.0,-4959000000.0,-3907000000.0,0.0,11108000000.0,-3000000.0,6240000000.0,6240000000.0,6240000000.0,0.0,206000000.0,0.081,17246000000.0,9280000000.0,41714000000.0,0.562,1.891,15.502,15.629,249153000000.0,0.0,85.02,1.264,1.264,27880000000.0,419155000000.0,76605000000.0,76605000000.0,292000000.0,,,,,0.0,2892000000.0,1.0,4233810348.0,4233810348.0,,18.094,354628000000.0,0.0,2634000000.0,31245000000.0,83.761,-11313000000.0
12,XOM,MRQ,2018-06-30,2018-06-30,2018-06-30,2021-09-07,-18609000000.0,348790000000.0,,50555000000.0,298235000000.0,,44.22,-4927000000.0,3430000000.0,3430000000.0,49702000000.0,3986000000.0,0.81,0.829,41220000000.0,20500000000.0,20720000000.0,41220000000.0,0.0,4589000000.0,0.0,0.038,0.82,6623000000.0,11212000000.0,0.153,11212000000.0,6623000000.0,6476000000.0,0.92,0.92,0.92,187222000000.0,,187222000000.0,386757122973.0,17.0,9.107,2853000000.0,0.674,1.0,23799000000.0,0.324,0.0,147000000.0,324133000000.0,,18483000000.0,39691000000.0,0.0,39691000000.0,155257000000.0,62447000000.0,92810000000.0,350265122973.0,-695000000.0,-259000000.0,-2000000.0,568000000.0,-3502000000.0,-3244000000.0,-5096000000.0,0.0,7780000000.0,-135000000.0,3950000000.0,3950000000.0,3950000000.0,0.0,36000000.0,0.054,17140000000.0,6659000000.0,38490000000.0,0.891,1.871,16.719,16.849,248209000000.0,0.0,82.73,1.301,1.301,26993000000.0,416418000000.0,73501000000.0,73501000000.0,332000000.0,,,,,0.0,2993000000.0,1.0,4233834437.0,4233834437.0,,17.36,348790000000.0,0.0,2526000000.0,30240000000.0,82.382,-11892000000.0
13,XOM,MRQ,2018-03-31,2018-03-31,2018-03-31,2021-09-07,-16992000000.0,348826000000.0,,48315000000.0,300511000000.0,,44.412,-3349000000.0,4125000000.0,4125000000.0,44435000000.0,4783000000.0,0.801,0.818,40617000000.0,19836000000.0,20781000000.0,40617000000.0,0.0,4470000000.0,0.0,0.041,0.77,7311000000.0,11781000000.0,0.173,11781000000.0,7311000000.0,7107000000.0,1.09,1.09,1.09,188195000000.0,,188195000000.0,355316051683.0,17.0,8.815,5170000000.0,1.22,1.0,23776000000.0,0.349,0.0,204000000.0,325012000000.0,,18048000000.0,40350000000.0,0.0,40350000000.0,153915000000.0,60306000000.0,93609000000.0,316157051683.0,948000000.0,1303000000.0,-427000000.0,-1922000000.0,-3291000000.0,-5742000000.0,-1859000000.0,0.0,8519000000.0,30000000.0,4650000000.0,4650000000.0,4650000000.0,0.0,133000000.0,0.068,16332000000.0,7444000000.0,37207000000.0,0.706,1.68,15.536,15.642,250352000000.0,0.0,74.61,1.245,1.245,24686000000.0,415970000000.0,68211000000.0,68211000000.0,287000000.0,,,,,0.0,2747000000.0,1.0,4237462159.0,4237462159.0,,16.097,348826000000.0,0.0,2457000000.0,30023000000.0,82.32,-11991000000.0
14,XOM,MRQ,2017-12-31,2017-12-31,2017-12-31,2021-09-07,-16262000000.0,348691000000.0,,47134000000.0,301557000000.0,,44.296,-4501000000.0,3177000000.0,3177000000.0,44221000000.0,8409000000.0,0.816,0.822,42336000000.0,17930000000.0,24406000000.0,42336000000.0,0.0,5842000000.0,0.0,0.037,0.77,3174000000.0,9016000000.0,0.136,9016000000.0,3174000000.0,2988000000.0,1.97,1.97,1.97,187688000000.0,,187688000000.0,390735552280.0,20.0,10.011,2910000000.0,0.687,1.0,22294000000.0,0.335,0.0,186000000.0,330079000000.0,,16992000000.0,39160000000.0,0.0,39160000000.0,154191000000.0,57771000000.0,96420000000.0,354391552280.0,-1089000000.0,-2149000000.0,-232000000.0,1789000000.0,-3289000000.0,-1837000000.0,-6536000000.0,0.0,7411000000.0,-127000000.0,8380000000.0,8380000000.0,8380000000.0,0.0,29000000.0,0.126,19091000000.0,3203000000.0,36796000000.0,0.391,1.888,17.98,18.065,252630000000.0,0.0,83.64,1.45,1.45,25597000000.0,414540000000.0,66515000000.0,66515000000.0,703000000.0,,,,,0.0,2956000000.0,1.0,4237106077.0,4237106077.0,,15.698,348691000000.0,0.0,-5392000000.0,29938000000.0,82.295,-10637000000.0
15,XOM,MRQ,2017-09-30,2017-09-30,2017-09-30,2021-09-07,-16651000000.0,349427000000.0,,45752000000.0,303675000000.0,,43.019,-4913000000.0,4266000000.0,4266000000.0,39183000000.0,4085000000.0,0.851,0.879,40610000000.0,15741000000.0,24869000000.0,40610000000.0,0.0,4880000000.0,0.0,0.037,0.77,5579000000.0,10459000000.0,0.171,10459000000.0,5579000000.0,5468000000.0,0.93,0.93,0.93,182276000000.0,,182276000000.0,385250935779.0,23.0,9.981,2622000000.0,0.619,1.0,21917000000.0,0.359,0.0,111000000.0,331994000000.0,,16743000000.0,37649000000.0,0.0,37649000000.0,160229000000.0,53777000000.0,106452000000.0,347357935779.0,224000000.0,697000000.0,-1000000.0,-1589000000.0,-3289000000.0,-4988000000.0,-2555000000.0,0.0,7535000000.0,232000000.0,3970000000.0,3970000000.0,3970000000.0,0.0,115000000.0,0.065,16223000000.0,5694000000.0,34698000000.0,0.828,1.906,26.699,26.704,255556000000.0,0.0,81.98,1.573,1.573,23263000000.0,409449000000.0,61100000000.0,61100000000.0,284000000.0,,,,,0.0,2632000000.0,1.0,4237105828.0,4237105828.0,,14.42,349427000000.0,0.0,1498000000.0,37768000000.0,82.468,-8025000000.0
16,XOM,MRQ,2017-06-30,2017-06-30,2017-06-30,2021-09-07,-18902000000.0,343012000000.0,,42180000000.0,300832000000.0,,42.286,-3098000000.0,4042000000.0,4042000000.0,37562000000.0,3264000000.0,0.828,0.877,41935000000.0,17185000000.0,24750000000.0,41935000000.0,0.0,4652000000.0,0.0,0.037,0.77,4400000000.0,9052000000.0,0.156,9052000000.0,4400000000.0,4242000000.0,0.78,0.78,0.78,179178000000.0,,179178000000.0,380784444057.0,27.0,10.625,3849000000.0,0.908,1.0,20515000000.0,0.353,0.0,158000000.0,329956000000.0,,15305000000.0,37719000000.0,0.0,37719000000.0,157174000000.0,50949000000.0,106225000000.0,342074444057.0,-855000000.0,99000000.0,-13000000.0,-1681000000.0,-3289000000.0,-5059000000.0,-2878000000.0,0.0,6947000000.0,135000000.0,3350000000.0,3350000000.0,3350000000.0,0.0,-86000000.0,0.058,16201000000.0,4314000000.0,31100000000.0,0.987,1.909,29.262,29.144,252987000000.0,0.0,80.73,1.566,1.566,21289000000.0,408768000000.0,58077000000.0,58077000000.0,514000000.0,,,,,0.0,2556000000.0,1.0,4237265503.0,4237265503.0,,13.706,343012000000.0,0.0,892000000.0,37249000000.0,80.951,-8769000000.0
17,XOM,MRQ,2017-03-31,2017-03-31,2017-03-31,2021-09-07,-20679000000.0,344209000000.0,,43131000000.0,301078000000.0,,42.723,-2890000000.0,4897000000.0,4897000000.0,37355000000.0,4090000000.0,0.808,0.906,43607000000.0,18483000000.0,25124000000.0,43607000000.0,0.0,4519000000.0,0.0,0.037,0.75,5984000000.0,10503000000.0,0.179,10503000000.0,5984000000.0,5838000000.0,0.95,0.95,0.95,177151000000.0,,177151000000.0,379160598296.0,32.0,11.12,5283000000.0,1.274,1.0,21316000000.0,0.363,0.0,146000000.0,329545000000.0,,14873000000.0,38268000000.0,0.0,38268000000.0,160438000000.0,53374000000.0,107064000000.0,340055598296.0,1240000000.0,-1051000000.0,-501000000.0,433000000.0,-3134000000.0,-3246000000.0,-3761000000.0,0.0,8173000000.0,74000000.0,4010000000.0,4010000000.0,4010000000.0,0.0,80000000.0,0.068,15252000000.0,6064000000.0,32069000000.0,0.789,1.92,33.87,34.171,253147000000.0,0.0,82.01,1.559,1.559,21842000000.0,408707000000.0,58671000000.0,58671000000.0,289000000.0,,,,,0.0,2505000000.0,1.0,4146513819.0,4146513819.0,,14.149,344209000000.0,0.0,1828000000.0,37594000000.0,83.012,-10243000000.0
18,XOM,MRQ,2016-12-31,2016-12-31,2016-12-31,2021-09-07,-22239000000.0,330314000000.0,,41416000000.0,288898000000.0,,40.351,-3887000000.0,3657000000.0,3657000000.0,22362000000.0,2024000000.0,0.869,0.935,42762000000.0,13830000000.0,28932000000.0,42762000000.0,0.0,8117000000.0,0.0,0.033,0.75,468000000.0,8585000000.0,0.199,8585000000.0,468000000.0,273000000.0,0.41,0.41,0.41,167325000000.0,,167325000000.0,415342539605.0,53.0,13.755,3509000000.0,0.846,1.0,20674000000.0,0.48,0.0,195000000.0,321781000000.0,,15080000000.0,35102000000.0,0.0,35102000000.0,156484000000.0,47638000000.0,108846000000.0,374280539605.0,-1436000000.0,2074000000.0,-250000000.0,-3323000000.0,-3133000000.0,-6746000000.0,-1672000000.0,0.0,7396000000.0,-414000000.0,1680000000.0,1680000000.0,1680000000.0,0.0,344000000.0,0.039,19862000000.0,812000000.0,31193000000.0,1.829,2.237,47.74,48.011,244224000000.0,0.0,90.26,1.798,1.798,21394000000.0,407831000000.0,43036000000.0,43036000000.0,340000000.0,,,,,0.0,2468000000.0,1.0,4146693326.0,4146693326.0,,10.378,330314000000.0,0.0,-1407000000.0,36656000000.0,79.657,-6222000000.0
19,XOM,MRQ,2016-09-30,2016-09-30,2016-09-30,2021-09-07,-20466000000.0,339386000000.0,,42945000000.0,296441000000.0,,41.141,-3404000000.0,5093000000.0,5093000000.0,39968000000.0,2889000000.0,0.859,0.952,46155000000.0,17239000000.0,28916000000.0,46155000000.0,0.0,4605000000.0,0.0,0.034,0.75,3093000000.0,7698000000.0,0.131,7698000000.0,3093000000.0,2987000000.0,0.63,0.63,0.63,170597000000.0,,170597000000.0,402032616451.0,40.0,13.862,1951000000.0,0.471,1.0,18709000000.0,0.319,0.0,106000000.0,330427000000.0,,15342000000.0,35553000000.0,0.0,35553000000.0,162376000000.0,50021000000.0,112355000000.0,361919616451.0,735000000.0,-111000000.0,-1000000.0,1875000000.0,-3133000000.0,-1296000000.0,-3235000000.0,0.0,5355000000.0,-89000000.0,2650000000.0,2650000000.0,2650000000.0,0.0,239000000.0,0.045,15377000000.0,3332000000.0,30027000000.0,1.19,2.121,40.483,40.785,251923000000.0,0.0,87.28,1.763,1.763,20388000000.0,409284000000.0,58677000000.0,58677000000.0,327000000.0,,,,,0.0,2736000000.0,1.0,4146650051.0,4146650051.0,,14.15,339386000000.0,0.0,337000000.0,37612000000.0,81.846,-7076000000.0
20,XOM,MRQ,2016-06-30,2016-06-30,2016-06-30,2021-09-07,-20744000000.0,342473000000.0,,45828000000.0,296645000000.0,,41.14,-4271000000.0,4358000000.0,4358000000.0,39235000000.0,1681000000.0,0.89,0.971,44471000000.0,14972000000.0,29499000000.0,44471000000.0,0.0,4821000000.0,0.0,0.031,0.75,2490000000.0,7311000000.0,0.127,7311000000.0,2490000000.0,2415000000.0,0.41,0.41,0.41,170591000000.0,,170591000000.0,426965348136.0,34.0,13.542,248000000.0,0.06,1.0,18459000000.0,0.32,0.0,75000000.0,331082000000.0,,15875000000.0,34182000000.0,0.0,34182000000.0,165598000000.0,51504000000.0,114094000000.0,388703348136.0,-488000000.0,952000000.0,1000000.0,1400000000.0,-3133000000.0,-1775000000.0,-3147000000.0,0.0,4519000000.0,-85000000.0,1700000000.0,1700000000.0,1700000000.0,0.0,-19000000.0,0.029,15988000000.0,2471000000.0,33801000000.0,1.829,2.279,36.914,37.198,254062000000.0,0.0,93.74,1.817,1.817,21827000000.0,409767000000.0,57694000000.0,57694000000.0,445000000.0,,,,,0.0,2646000000.0,1.0,4146611352.0,4146611352.0,,13.914,342473000000.0,0.0,715000000.0,38743000000.0,82.591,-5676000000.0
21,XOM,MRQ,2016-03-31,2016-03-31,2016-03-31,2021-09-07,-20384000000.0,342789000000.0,,44251000000.0,298538000000.0,,41.463,-4601000000.0,4846000000.0,4846000000.0,31626000000.0,1781000000.0,0.908,0.954,43108000000.0,13540000000.0,29568000000.0,43108000000.0,0.0,4765000000.0,0.0,0.035,0.73,1836000000.0,6601000000.0,0.136,6601000000.0,1836000000.0,1759000000.0,0.43,0.43,0.43,172187000000.0,,172187000000.0,382110924946.0,22.0,10.722,211000000.0,0.051,1.0,17081000000.0,0.351,0.0,77000000.0,332325000000.0,,16223000000.0,34915000000.0,0.0,34915000000.0,164291000000.0,48726000000.0,115565000000.0,347128924946.0,1141000000.0,-57000000.0,-721000000.0,4341000000.0,-3054000000.0,524000000.0,-4349000000.0,0.0,4812000000.0,154000000.0,1810000000.0,1810000000.0,1810000000.0,0.0,-29000000.0,0.037,15274000000.0,1807000000.0,32294000000.0,1.698,2.016,26.661,26.878,255257000000.0,0.0,83.59,1.507,1.507,19814000000.0,411200000000.0,48707000000.0,48707000000.0,355000000.0,,,,,0.0,2593000000.0,1.0,4152756609.0,4152756609.0,,11.729,342789000000.0,0.0,-51000000.0,39185000000.0,82.545,-4475000000.0
22,XOM,MRQ,2015-12-31,2015-12-31,2015-12-31,2021-09-07,-23511000000.0,336758000000.0,,42623000000.0,294135000000.0,,41.031,-6136000000.0,3705000000.0,3705000000.0,20214000000.0,2830000000.0,0.79,0.936,38687000000.0,18762000000.0,19925000000.0,38687000000.0,0.0,4755000000.0,0.0,0.037,0.73,2638000000.0,7393000000.0,0.184,7393000000.0,2638000000.0,2578000000.0,0.67,0.67,0.67,170811000000.0,,170811000000.0,354517057010.0,16.0,8.88,-1756000000.0,-0.422,1.0,19959000000.0,0.497,0.0,60000000.0,317764000000.0,,16245000000.0,34245000000.0,0.0,34245000000.0,159948000000.0,53976000000.0,105972000000.0,324501057010.0,-591000000.0,590000000.0,-749000000.0,4257000000.0,-3054000000.0,413000000.0,-5324000000.0,42000000.0,4380000000.0,-60000000.0,2780000000.0,2780000000.0,2780000000.0,0.0,50000000.0,0.069,17271000000.0,2688000000.0,32412000000.0,1.09,1.9,20.093,20.247,251605000000.0,0.0,77.95,1.302,1.302,19875000000.0,412444000000.0,40173000000.0,40173000000.0,518000000.0,,,,,0.0,2990000000.0,1.0,4162938512.0,4162938512.0,,9.65,336758000000.0,0.0,-202000000.0,39620000000.0,80.894,-11353000000.0
23,XOM,MRQ,2015-09-30,2015-09-30,2015-09-30,2021-09-07,-24336000000.0,340662000000.0,,47234000000.0,293428000000.0,,40.946,-6401000000.0,4296000000.0,4296000000.0,45070000000.0,4384000000.0,0.861,0.96,34312000000.0,14473000000.0,19839000000.0,34312000000.0,0.0,4542000000.0,0.0,0.038,0.73,5683000000.0,10225000000.0,0.152,10225000000.0,5683000000.0,5605000000.0,1.01,1.01,1.01,170723000000.0,,170723000000.0,339460512258.0,12.0,7.43,2773000000.0,0.665,1.0,22274000000.0,0.331,0.0,78000000.0,315850000000.0,,16584000000.0,34315000000.0,0.0,34315000000.0,163823000000.0,54828000000.0,108995000000.0,309998512258.0,-47000000.0,442000000.0,-501000000.0,198000000.0,-3060000000.0,-3402000000.0,-5657000000.0,0.0,9174000000.0,-162000000.0,4240000000.0,4240000000.0,4240000000.0,0.0,144000000.0,0.063,16447000000.0,5827000000.0,36681000000.0,0.723,1.816,15.547,15.686,250583000000.0,0.0,74.35,1.046,1.046,22157000000.0,412718000000.0,67344000000.0,67344000000.0,324000000.0,,,,,0.0,2967000000.0,1.0,4169448719.0,4169448719.0,,16.152,340662000000.0,0.0,1365000000.0,41884000000.0,81.704,-7594000000.0
24,XOM,MRQ,2015-06-30,2015-06-30,2015-06-30,2021-09-07,-21493000000.0,348260000000.0,,51647000000.0,296613000000.0,,41.297,-7109000000.0,4378000000.0,4378000000.0,50187000000.0,4262000000.0,0.885,0.98,33840000000.0,14409000000.0,19431000000.0,33840000000.0,0.0,4451000000.0,0.0,0.034,0.73,6967000000.0,11418000000.0,0.154,11418000000.0,6967000000.0,6882000000.0,1.0,1.0,1.0,172668000000.0,,172668000000.0,375412209728.0,11.0,7.077,1683000000.0,0.403,1.0,23926000000.0,0.323,0.0,85000000.0,319350000000.0,,16663000000.0,34162000000.0,0.0,34162000000.0,169262000000.0,58372000000.0,110890000000.0,347868209728.0,-841000000.0,548000000.0,-1003000000.0,923000000.0,-3066000000.0,-3194000000.0,-6491000000.0,0.0,8792000000.0,52000000.0,4190000000.0,4190000000.0,4190000000.0,0.0,72000000.0,0.057,16887000000.0,7039000000.0,39914000000.0,0.73,2.015,14.635,14.804,253653000000.0,0.0,83.2,1.035,1.035,25957000000.0,411538000000.0,74113000000.0,74113000000.0,370000000.0,,,,,0.0,2831000000.0,1.0,4181108290.0,4181108290.0,,17.726,348260000000.0,0.0,2692000000.0,43468000000.0,83.294,-6725000000.0
25,XOM,MRQ,2015-03-31,2015-03-31,2015-03-31,2021-09-07,-22595000000.0,342961000000.0,,50658000000.0,292303000000.0,,40.82,-6844000000.0,5227000000.0,5227000000.0,44841000000.0,5075000000.0,0.906,0.967,32771000000.0,13277000000.0,19494000000.0,32771000000.0,0.0,4300000000.0,0.0,0.032,0.69,6588000000.0,10888000000.0,0.161,10888000000.0,6588000000.0,6500000000.0,1.17,1.17,1.17,171227000000.0,,171227000000.0,381011672610.0,9.0,6.372,1154000000.0,0.275,1.0,22777000000.0,0.337,0.0,88000000.0,314572000000.0,,16102000000.0,34471000000.0,0.0,34471000000.0,165515000000.0,55933000000.0,109582000000.0,356548672610.0,568000000.0,202000000.0,-1781000000.0,3877000000.0,-2910000000.0,-854000000.0,-6352000000.0,0.0,7998000000.0,-224000000.0,4940000000.0,4940000000.0,4940000000.0,0.0,135000000.0,0.073,16054000000.0,6723000000.0,38144000000.0,0.59,2.082,12.572,12.744,249497000000.0,0.0,85.0,0.955,0.955,25031000000.0,410414000000.0,67618000000.0,67618000000.0,311000000.0,,,,,0.0,2713000000.0,1.0,4194690266.0,4194690266.0,,16.12,342961000000.0,0.0,1560000000.0,43447000000.0,81.761,-5275000000.0
26,XOM,MRQ,2014-12-31,2014-12-31,2014-12-31,2021-09-07,-18957000000.0,349493000000.0,,52910000000.0,296583000000.0,,41.185,-8884000000.0,4658000000.0,4658000000.0,59901000000.0,6782000000.0,0.819,0.966,29121000000.0,17468000000.0,11653000000.0,29121000000.0,0.0,4458000000.0,0.0,0.029,0.69,8698000000.0,13156000000.0,0.151,13156000000.0,8698000000.0,8630000000.0,1.56,1.56,1.56,174399000000.0,,174399000000.0,408302173045.0,8.0,5.994,-1469000000.0,-0.347,1.0,27375000000.0,0.314,0.0,68000000.0,309323000000.0,,16678000000.0,35239000000.0,0.0,35239000000.0,168429000000.0,64633000000.0,103796000000.0,391482173045.0,-346000000.0,-121000000.0,-3298000000.0,7390000000.0,-2924000000.0,1197000000.0,-8847000000.0,227000000.0,7415000000.0,-111000000.0,6570000000.0,6570000000.0,6570000000.0,0.0,212000000.0,0.075,18465000000.0,8910000000.0,42227000000.0,0.442,2.245,12.038,12.164,252668000000.0,0.0,92.45,0.95,0.95,28009000000.0,408384000000.0,87276000000.0,87276000000.0,537000000.0,,,,,0.0,3128000000.0,1.0,4234528643.0,4234528643.0,,20.611,349493000000.0,0.0,2060000000.0,44168000000.0,82.534,-11723000000.0
27,XOM,MRQ,2014-09-30,2014-09-30,2014-09-30,2021-09-07,-12196000000.0,352764000000.0,,58595000000.0,294169000000.0,,42.345,-8198000000.0,5014000000.0,5014000000.0,75831000000.0,8346000000.0,0.888,0.915,21834000000.0,10243000000.0,11591000000.0,21834000000.0,0.0,4362000000.0,0.0,0.028,0.69,13222000000.0,17584000000.0,0.164,17584000000.0,13222000000.0,13134000000.0,1.89,1.89,1.89,180587000000.0,,180587000000.0,416578285233.0,7.0,5.659,4198000000.0,0.984,1.0,31299000000.0,0.292,0.0,88000000.0,303600000000.0,,17761000000.0,35012000000.0,0.0,35012000000.0,165269000000.0,65984000000.0,99285000000.0,401094285233.0,-1121000000.0,-464000000.0,-3001000000.0,312000000.0,-2946000000.0,-5673000000.0,-7645000000.0,0.0,12396000000.0,-199000000.0,8070000000.0,8070000000.0,8070000000.0,0.0,276000000.0,0.075,17801000000.0,13498000000.0,49272000000.0,0.365,2.221,11.694,11.83,251406000000.0,0.0,94.05,0.921,0.921,30963000000.0,404738000000.0,107130000000.0,107130000000.0,319000000.0,,,,,0.0,3169000000.0,1.0,4264692028.0,4264692028.0,,25.12,352764000000.0,0.0,5064000000.0,47601000000.0,82.717,-7389000000.0
28,XOM,MRQ,2014-06-30,2014-06-30,2014-06-30,2021-09-07,-9311000000.0,358586000000.0,,64013000000.0,294573000000.0,,42.184,-8542000000.0,6281000000.0,6281000000.0,78565000000.0,9117000000.0,0.921,0.941,21765000000.0,9948000000.0,11817000000.0,21765000000.0,0.0,4285000000.0,0.0,0.026,0.69,13878000000.0,18163000000.0,0.163,18163000000.0,13878000000.0,13814000000.0,2.05,2.05,2.05,181155000000.0,,181155000000.0,447919647816.0,8.0,6.024,1660000000.0,0.387,1.0,32643000000.0,0.294,0.0,64000000.0,304541000000.0,,18177000000.0,35110000000.0,0.0,35110000000.0,170455000000.0,69529000000.0,100926000000.0,432357647816.0,482000000.0,2335000000.0,-2996000000.0,432000000.0,-2966000000.0,-5596000000.0,-4177000000.0,0.0,10202000000.0,53000000.0,8780000000.0,8780000000.0,8780000000.0,0.0,337000000.0,0.079,18428000000.0,14215000000.0,52363000000.0,0.337,2.387,12.679,12.825,251353000000.0,0.0,100.68,0.981,0.981,34182000000.0,399614000000.0,111208000000.0,111208000000.0,496000000.0,,,,,0.0,3169000000.0,1.0,4294374730.0,4294374730.0,,25.896,358586000000.0,0.0,5034000000.0,48218000000.0,83.501,-5516000000.0
29,XOM,MRQ,2014-03-31,2014-03-31,2014-03-31,2021-09-07,-11040000000.0,353033000000.0,,61864000000.0,291169000000.0,,40.821,-7328000000.0,5805000000.0,5805000000.0,73303000000.0,9370000000.0,0.882,0.965,21367000000.0,9223000000.0,12144000000.0,21367000000.0,0.0,4192000000.0,0.0,0.026,0.63,15023000000.0,19215000000.0,0.181,19215000000.0,15023000000.0,14957000000.0,2.1,2.1,2.1,176398000000.0,,176398000000.0,439884580978.0,8.0,5.998,7775000000.0,1.799,1.0,33022000000.0,0.311,0.0,66000000.0,298487000000.0,,18568000000.0,37169000000.0,0.0,37169000000.0,170142000000.0,70108000000.0,100034000000.0,422098580978.0,957000000.0,654000000.0,-3858000000.0,-1168000000.0,-2732000000.0,-7816000000.0,-6306000000.0,0.0,15103000000.0,-24000000.0,9100000000.0,9100000000.0,9100000000.0,0.0,270000000.0,0.086,17729000000.0,15293000000.0,52109000000.0,0.3,2.393,13.117,13.29,245897000000.0,0.0,97.68,0.968,0.968,32480000000.0,393800000000.0,106325000000.0,106325000000.0,317000000.0,,,,,0.0,3132000000.0,1.0,4321238544.0,4321238544.0,,24.605,353033000000.0,0.0,5857000000.0,49559000000.0,81.697,-8244000000.0
30,XOM,MRQ,2013-12-31,2013-12-31,2013-12-31,2021-09-07,-10725000000.0,346808000000.0,,59308000000.0,287500000000.0,,39.831,-8426000000.0,4913000000.0,4913000000.0,77315000000.0,8643000000.0,0.827,0.956,22699000000.0,15808000000.0,6891000000.0,22699000000.0,0.0,4380000000.0,0.0,0.024,0.63,14271000000.0,18651000000.0,0.168,18651000000.0,14271000000.0,14423000000.0,1.91,1.91,1.91,174003000000.0,,174003000000.0,457637595244.0,8.0,6.181,1782000000.0,0.408,1.0,33545000000.0,0.303,0.0,-152000000.0,292870000000.0,,16135000000.0,36328000000.0,0.0,36328000000.0,166313000000.0,71724000000.0,94589000000.0,442093595244.0,-666000000.0,1045000000.0,-3298000000.0,1915000000.0,-2750000000.0,-4178000000.0,-6712000000.0,72000000.0,10208000000.0,16000000.0,8350000000.0,8350000000.0,8350000000.0,0.0,293000000.0,0.075,18981000000.0,14564000000.0,48085000000.0,0.33,2.541,13.569,13.731,243650000000.0,0.0,101.2,1.009,1.009,33152000000.0,387432000000.0,110860000000.0,110860000000.0,591000000.0,,,,,0.0,3341000000.0,1.0,4368513787.0,4368513787.0,,25.377,346808000000.0,0.0,6073000000.0,48361000000.0,79.388,-12416000000.0
31,XOM,MRQ,2013-09-30,2013-09-30,2013-09-30,2021-09-07,-13051000000.0,347564000000.0,,61303000000.0,286261000000.0,,38.451,-9098000000.0,5749000000.0,5749000000.0,80366000000.0,8069000000.0,0.843,1.017,21293000000.0,13889000000.0,7404000000.0,21293000000.0,0.0,4287000000.0,0.0,0.028,0.63,14042000000.0,18329000000.0,0.163,18329000000.0,14042000000.0,13990000000.0,1.79,1.79,1.79,169245000000.0,,169245000000.0,393061390522.0,7.0,5.108,4333000000.0,0.984,1.0,32006000000.0,0.285,0.0,52000000.0,290359000000.0,,16867000000.0,37048000000.0,0.0,37048000000.0,172086000000.0,72749000000.0,99337000000.0,378716390522.0,701000000.0,26000000.0,-3007000000.0,1921000000.0,-2770000000.0,-3889000000.0,-8942000000.0,0.0,13431000000.0,101000000.0,7870000000.0,7870000000.0,7870000000.0,0.0,199000000.0,0.07,17765000000.0,14241000000.0,51260000000.0,0.352,2.238,11.08,11.232,240981000000.0,0.0,86.04,0.857,0.857,33230000000.0,381832000000.0,112372000000.0,112372000000.0,486000000.0,,,,,0.0,3150000000.0,1.0,4401631689.0,4401631689.0,,25.53,347564000000.0,0.0,6120000000.0,47106000000.0,78.963,-11446000000.0
32,XOM,MRQ,2013-06-30,2013-06-30,2013-06-30,2021-09-07,-14381000000.0,341615000000.0,,62844000000.0,278771000000.0,,37.254,-8651000000.0,5012000000.0,5012000000.0,75408000000.0,6975000000.0,0.865,1.026,19357000000.0,11861000000.0,7496000000.0,19357000000.0,0.0,4405000000.0,0.0,0.026,0.63,12738000000.0,17143000000.0,0.161,17143000000.0,12738000000.0,12653000000.0,1.55,1.55,1.55,165647000000.0,,165647000000.0,408552061390.0,6.0,5.127,-968000000.0,-0.218,1.0,31258000000.0,0.293,0.0,85000000.0,283272000000.0,,17197000000.0,35643000000.0,0.0,35643000000.0,170027000000.0,72688000000.0,97339000000.0,401730061390.0,-1605000000.0,-127000000.0,-4024000000.0,6176000000.0,-2794000000.0,-715000000.0,-8493000000.0,0.0,7683000000.0,-80000000.0,6860000000.0,6860000000.0,6860000000.0,0.0,115000000.0,0.064,18405000000.0,12853000000.0,52619000000.0,0.406,2.425,11.196,11.351,235240000000.0,0.0,90.35,0.903,0.903,35340000000.0,376732000000.0,106666000000.0,106666000000.0,454000000.0,,,,,0.0,3268000000.0,1.0,4446375887.0,4446375887.0,,23.989,341615000000.0,0.0,5793000000.0,47155000000.0,76.83,-9844000000.0
33,XOM,MRQ,2013-03-31,2013-03-31,2013-03-31,2021-09-07,-12767000000.0,339639000000.0,,62594000000.0,277045000000.0,,37.273,-7494000000.0,6590000000.0,6590000000.0,74886000000.0,9761000000.0,0.893,0.997,13412000000.0,5937000000.0,7475000000.0,13412000000.0,0.0,4110000000.0,0.0,0.025,0.57,15801000000.0,19911000000.0,0.184,19911000000.0,15801000000.0,15777000000.0,2.12,2.12,2.12,167001000000.0,,167001000000.0,405391316610.0,5.0,4.458,6098000000.0,1.361,1.0,33471000000.0,0.309,0.0,24000000.0,276377000000.0,,16231000000.0,35641000000.0,0.0,35641000000.0,166562000000.0,70084000000.0,96478000000.0,403733316610.0,-3368000000.0,-2672000000.0,-5619000000.0,1592000000.0,-2561000000.0,-6694000000.0,-10054000000.0,0.0,13592000000.0,-212000000.0,9500000000.0,9500000000.0,9500000000.0,0.0,261000000.0,0.088,17409000000.0,16062000000.0,53978000000.0,0.269,2.418,8.986,9.176,233728000000.0,0.0,90.11,0.867,0.867,34291000000.0,372666000000.0,108357000000.0,108357000000.0,445000000.0,,,,,0.0,3118000000.0,1.0,4480449635.0,4480449635.0,,24.184,339639000000.0,0.0,6277000000.0,48881000000.0,75.805,-7490000000.0
34,XOM,MRQ,2012-12-31,2012-12-31,2012-12-31,2021-09-07,-12184000000.0,333795000000.0,,64460000000.0,269335000000.0,,36.379,-10057000000.0,9923000000.0,9923000000.0,79248000000.0,10302000000.0,1.005,0.978,11581000000.0,3653000000.0,7928000000.0,11581000000.0,0.0,4110000000.0,0.0,0.025,0.57,17459000000.0,21569000000.0,0.188,21569000000.0,17459000000.0,17348000000.0,2.2,2.2,2.2,165863000000.0,,165863000000.0,393774105405.0,5.0,4.274,3167000000.0,0.695,1.0,35451000000.0,0.309,0.0,111000000.0,271314000000.0,,14542000000.0,34718000000.0,0.0,34718000000.0,162135000000.0,64139000000.0,97996000000.0,394611105405.0,-3473000000.0,616000000.0,-5245000000.0,16000000.0,-2592000000.0,-7725000000.0,-9002000000.0,63000000.0,13224000000.0,30000000.0,9950000000.0,9950000000.0,9950000000.0,0.0,352000000.0,0.087,17640000000.0,17811000000.0,50728000000.0,0.259,2.379,8.793,8.923,226949000000.0,0.0,86.55,0.821,0.821,34987000000.0,365727000000.0,114699000000.0,114699000000.0,452000000.0,,,,,0.0,3322000000.0,1.0,4559342639.0,4559342639.0,,25.157,333795000000.0,0.0,7398000000.0,47328000000.0,73.211,321000000.0
35,XOM,MRQ,2012-09-30,2012-09-30,2012-09-30,2021-09-07,-9113000000.0,335191000000.0,,72138000000.0,263053000000.0,,36.117,-8026000000.0,13261000000.0,13261000000.0,80635000000.0,9926000000.0,1.03,0.977,12424000000.0,3496000000.0,8928000000.0,12424000000.0,0.0,4037000000.0,0.0,0.023,0.57,17023000000.0,21060000000.0,0.183,21060000000.0,17023000000.0,16964000000.0,2.09,2.09,2.09,166713000000.0,,166713000000.0,419691666909.0,6.0,4.59,5416000000.0,1.173,1.0,34506000000.0,0.3,0.0,59000000.0,264293000000.0,,16575000000.0,35105000000.0,0.0,35105000000.0,162836000000.0,70061000000.0,92775000000.0,422127666909.0,-4747000000.0,439000000.0,-5000000000.0,-3088000000.0,-2622000000.0,-10860000000.0,-7492000000.0,0.0,13442000000.0,163000000.0,9570000000.0,9570000000.0,9570000000.0,0.0,356000000.0,0.083,17127000000.0,17379000000.0,53516000000.0,0.273,2.532,9.522,9.657,220330000000.0,0.0,91.45,0.865,0.865,36635000000.0,358369000000.0,115141000000.0,115141000000.0,494000000.0,,,,,0.0,3468000000.0,1.0,4615939496.0,4615939496.0,,24.944,335191000000.0,0.0,7394000000.0,50691000000.0,72.616,2077000000.0
36,XOM,MRQ,2012-06-30,2012-06-30,2012-06-30,2021-09-07,-10659000000.0,329645000000.0,,72797000000.0,256848000000.0,,34.817,-8345000000.0,18017000000.0,18017000000.0,83578000000.0,17654000000.0,1.038,0.993,15581000000.0,6704000000.0,8877000000.0,15581000000.0,0.0,3899000000.0,0.0,0.023,0.57,24497000000.0,28396000000.0,0.223,28396000000.0,24497000000.0,24447000000.0,3.41,3.41,3.41,162811000000.0,,162811000000.0,396642463951.0,5.0,4.28,1872000000.0,0.4,1.0,43785000000.0,0.344,0.0,50000000.0,257073000000.0,,15158000000.0,33921000000.0,0.0,33921000000.0,161660000000.0,70136000000.0,91524000000.0,400139463951.0,-868000000.0,3600000000.0,-5008000000.0,567000000.0,-2657000000.0,-7153000000.0,-3756000000.0,0.0,10217000000.0,-176000000.0,15910000000.0,15910000000.0,15910000000.0,0.0,1744000000.0,0.125,17544000000.0,26241000000.0,51322000000.0,0.167,2.458,8.874,8.998,214940000000.0,0.0,85.57,0.803,0.803,33741000000.0,351421000000.0,127363000000.0,127363000000.0,372000000.0,,,,,0.0,3486000000.0,1.0,4676165291.0,4676165291.0,,27.237,329645000000.0,0.0,8537000000.0,48961000000.0,70.495,2661000000.0
37,XOM,MRQ,2012-03-31,2012-03-31,2012-03-31,2021-09-07,-7998000000.0,345152000000.0,,76160000000.0,268992000000.0,,33.313,-7843000000.0,19147000000.0,19147000000.0,88616000000.0,9799000000.0,0.952,1.153,15650000000.0,6419000000.0,9231000000.0,15650000000.0,0.0,3842000000.0,0.0,0.022,0.47,17273000000.0,21115000000.0,0.17,21115000000.0,17273000000.0,17166000000.0,2.0,2.0,2.0,157012000000.0,,157012000000.0,412742619776.0,6.0,4.765,11444000000.0,2.428,1.0,35437000000.0,0.286,0.0,107000000.0,261661000000.0,,14749000000.0,34527000000.0,0.0,34527000000.0,181035000000.0,79994000000.0,101041000000.0,408777619776.0,6006000000.0,2402000000.0,-5622000000.0,-403000000.0,-2221000000.0,-8130000000.0,-5351000000.0,0.0,19287000000.0,200000000.0,9450000000.0,9450000000.0,9450000000.0,0.0,349000000.0,0.076,17815000000.0,17622000000.0,59084000000.0,0.235,2.603,10.255,10.462,214602000000.0,0.0,86.73,0.823,0.823,35844000000.0,338168000000.0,124053000000.0,124053000000.0,522000000.0,,,,,0.0,3601000000.0,1.0,4713220567.0,4713220567.0,,26.32,345152000000.0,0.0,7716000000.0,50777000000.0,73.231,-3834000000.0
38,XOM,MRQ,2011-12-31,2011-12-31,2011-12-31,2021-09-07,-9123000000.0,331052000000.0,,72963000000.0,258089000000.0,,32.211,-8634000000.0,13068000000.0,13068000000.0,85853000000.0,9724000000.0,0.941,1.103,17033000000.0,7711000000.0,9322000000.0,17033000000.0,0.0,4075000000.0,0.0,0.022,0.47,16792000000.0,20867000000.0,0.172,20867000000.0,16792000000.0,16717000000.0,1.97,1.97,1.97,154396000000.0,,154396000000.0,411779285923.0,6.0,4.682,2117000000.0,0.442,1.0,35756000000.0,0.294,0.0,75000000.0,257512000000.0,,15024000000.0,34333000000.0,0.0,34333000000.0,170308000000.0,77505000000.0,92803000000.0,406272285923.0,1642000000.0,6423000000.0,-5114000000.0,322000000.0,-2247000000.0,-7045000000.0,-2012000000.0,224000000.0,10751000000.0,-52000000.0,9400000000.0,9400000000.0,9400000000.0,0.0,324000000.0,0.077,18640000000.0,17116000000.0,57067000000.0,0.239,2.631,9.895,10.055,214664000000.0,0.0,84.76,0.835,0.835,38642000000.0,330939000000.0,121609000000.0,121609000000.0,427000000.0,,,,,0.0,3911000000.0,1.0,4793207715.0,4793207715.0,,25.371,331052000000.0,0.0,7317000000.0,49345000000.0,69.067,-4542000000.0
39,XOM,MRQ,2011-09-30,2011-09-30,2011-09-30,2021-09-07,-5328000000.0,323227000000.0,,69376000000.0,253851000000.0,,32.072,-7478000000.0,11255000000.0,11255000000.0,87995000000.0,10671000000.0,0.925,1.033,16762000000.0,7431000000.0,9331000000.0,16762000000.0,0.0,3866000000.0,0.0,0.025,0.47,18437000000.0,22303000000.0,0.178,22303000000.0,18437000000.0,18339000000.0,2.13,2.13,2.13,155939000000.0,,155939000000.0,361090400321.0,5.0,4.174,7371000000.0,1.516,1.0,37335000000.0,0.298,0.0,98000000.0,253763000000.0,,16730000000.0,35342000000.0,0.0,35342000000.0,161015000000.0,74971000000.0,86044000000.0,353135400321.0,2735000000.0,1235000000.0,-5304000000.0,247000000.0,-2277000000.0,-7397000000.0,-4296000000.0,1674000000.0,14849000000.0,-421000000.0,10330000000.0,10330000000.0,10330000000.0,0.0,341000000.0,0.082,18557000000.0,18778000000.0,54572000000.0,0.221,2.265,8.632,8.73,209194000000.0,0.0,72.63,0.751,0.751,34368000000.0,323786000000.0,125330000000.0,125330000000.0,728000000.0,,,,,0.0,3764000000.0,1.0,4862114833.0,4862114833.0,,25.777,323227000000.0,0.0,8009000000.0,49859000000.0,66.479,-5595000000.0
40,XOM,MRQ,2011-06-30,2011-06-30,2011-06-30,2021-09-07,-2799000000.0,326204000000.0,,72305000000.0,253899000000.0,,31.577,-7812000000.0,8533000000.0,8533000000.0,88346000000.0,10898000000.0,0.97,1.057,16488000000.0,4365000000.0,12123000000.0,16488000000.0,0.0,3881000000.0,0.0,0.022,0.47,18446000000.0,22327000000.0,0.178,22327000000.0,18446000000.0,18401000000.0,2.19,2.18,2.19,155551000000.0,,155551000000.0,403526855649.0,6.0,4.997,5077000000.0,1.031,1.0,37140000000.0,0.296,0.0,45000000.0,259626000000.0,,19048000000.0,36995000000.0,1754000000.0,35241000000.0,164369000000.0,74533000000.0,89836000000.0,400884855649.0,-4546000000.0,-1452000000.0,-5444000000.0,576000000.0,-2308000000.0,-7065000000.0,-10504000000.0,-1754000000.0,12889000000.0,134000000.0,10680000000.0,10680000000.0,10680000000.0,0.0,218000000.0,0.085,18476000000.0,18664000000.0,57853000000.0,0.215,2.577,10.569,10.666,209807000000.0,0.0,81.38,0.911,0.911,35331000000.0,315733000000.0,125486000000.0,125486000000.0,592000000.0,,,,,0.0,3681000000.0,1.0,4926085717.0,4926085717.0,,25.474,326204000000.0,0.0,7721000000.0,49508000000.0,66.22,-2228000000.0
41,XOM,MRQ,2011-03-31,2011-03-31,2011-03-31,2021-09-07,-3656000000.0,319533000000.0,,72022000000.0,247511000000.0,,30.549,-7051000000.0,13234000000.0,13234000000.0,77816000000.0,10913000000.0,0.979,1.069,15876000000.0,3560000000.0,12316000000.0,15876000000.0,0.0,3761000000.0,0.0,0.021,0.44,18683000000.0,22444000000.0,0.197,22444000000.0,18683000000.0,18654000000.0,2.14,2.14,2.14,151480000000.0,,151480000000.0,423727880111.0,7.0,5.699,9805000000.0,1.977,1.0,36188000000.0,0.317,0.0,29000000.0,248599000000.0,,16262000000.0,35207000000.0,0.0,35207000000.0,162002000000.0,73576000000.0,88426000000.0,417166880111.0,5008000000.0,1341000000.0,-5269000000.0,812000000.0,-2188000000.0,-6749000000.0,-5353000000.0,0.0,16856000000.0,254000000.0,10650000000.0,10650000000.0,10650000000.0,0.0,263000000.0,0.093,17242000000.0,18946000000.0,57700000000.0,0.206,2.754,11.984,11.933,203726000000.0,0.0,84.13,1.025,1.025,35146000000.0,307361000000.0,114004000000.0,114004000000.0,334000000.0,,,,,0.0,3627000000.0,1.0,4958598361.0,4958598361.0,,22.991,319533000000.0,0.0,8004000000.0,48437000000.0,64.44,-1554000000.0
42,XOM,MRQ,2010-12-31,2010-12-31,2010-12-31,2021-09-07,-4823000000.0,302510000000.0,,58984000000.0,243526000000.0,,29.12,-7670000000.0,8453000000.0,8453000000.0,71074000000.0,9516000000.0,0.942,1.02,15014000000.0,2787000000.0,12227000000.0,15014000000.0,0.0,4270000000.0,0.0,0.024,0.44,15171000000.0,19441000000.0,0.185,19441000000.0,15171000000.0,15061000000.0,1.86,1.85,1.86,146839000000.0,,146839000000.0,374761734644.0,7.0,5.59,5385000000.0,1.068,1.0,34112000000.0,0.324,0.0,110000000.0,246438000000.0,,12976000000.0,35338000000.0,0.0,35338000000.0,149831000000.0,62633000000.0,87198000000.0,368711734644.0,-4419000000.0,826000000.0,-4984000000.0,-3268000000.0,-2212000000.0,-10430000000.0,-7080000000.0,-624000000.0,13055000000.0,36000000.0,9250000000.0,9250000000.0,9250000000.0,0.0,266000000.0,0.088,18675000000.0,15437000000.0,50034000000.0,0.237,2.511,12.105,11.718,199548000000.0,0.0,73.12,0.962,0.962,32284000000.0,298899000000.0,105186000000.0,105186000000.0,551000000.0,,,,,0.0,3855000000.0,1.0,5042556546.0,5042556546.0,,20.86,302510000000.0,0.0,5811000000.0,44962000000.0,59.991,-3649000000.0
43,XOM,MRQ,2010-09-30,2010-09-30,2010-09-30,2021-09-07,-4339000000.0,299994000000.0,,62633000000.0,237361000000.0,,28.483,-7801000000.0,12244000000.0,12244000000.0,65353000000.0,7561000000.0,1.014,1.03,18294000000.0,3046000000.0,15248000000.0,18294000000.0,0.0,3844000000.0,0.0,0.028,0.44,12701000000.0,16545000000.0,0.174,16545000000.0,12701000000.0,12647000000.0,1.44,1.44,1.44,145031000000.0,,145031000000.0,321802585534.0,7.0,5.28,5276000000.0,1.036,1.0,29945000000.0,0.314,0.0,54000000.0,244304000000.0,,14302000000.0,33188000000.0,15000000.0,33173000000.0,149394000000.0,61740000000.0,87654000000.0,314622585534.0,-1008000000.0,646000000.0,-3114000000.0,-2262000000.0,-2234000000.0,-7697000000.0,-6879000000.0,140000000.0,13077000000.0,491000000.0,7350000000.0,7350000000.0,7350000000.0,0.0,211000000.0,0.077,17033000000.0,12912000000.0,48251000000.0,0.306,2.169,11.542,10.936,195440000000.0,0.0,61.79,0.855,0.855,30244000000.0,291861000000.0,95298000000.0,95298000000.0,500000000.0,,,,,0.0,3707000000.0,1.0,5091804265.0,5091804265.0,,18.716,299994000000.0,0.0,5297000000.0,45747000000.0,58.917,893000000.0
44,XOM,MRQ,2010-06-30,2010-06-30,2010-06-30,2021-09-07,-6755000000.0,291068000000.0,,62216000000.0,228852000000.0,,29.836,-5644000000.0,13252000000.0,13252000000.0,63984000000.0,7746000000.0,1.076,1.039,20432000000.0,2946000000.0,17486000000.0,20432000000.0,0.0,3366000000.0,0.0,0.03,0.44,12560000000.0,15926000000.0,0.172,15926000000.0,12560000000.0,12520000000.0,1.61,1.6,1.61,140172000000.0,,140172000000.0,263825927056.0,6.0,4.673,3591000000.0,0.764,1.0,28502000000.0,0.308,0.0,40000000.0,240427000000.0,,13439000000.0,32657000000.0,15000000.0,32642000000.0,145701000000.0,57821000000.0,87880000000.0,268117927056.0,-490000000.0,126000000.0,-1499000000.0,-583000000.0,-2066000000.0,-4177000000.0,-5078000000.0,-4000000.0,9235000000.0,-470000000.0,7560000000.0,7560000000.0,7560000000.0,0.0,186000000.0,0.082,15756000000.0,12746000000.0,45454000000.0,0.273,1.913,10.881,10.996,188069000000.0,0.0,57.07,0.756,0.756,29206000000.0,286745000000.0,92486000000.0,92486000000.0,407000000.0,,,,,0.0,3607000000.0,1.0,4698053742.0,4698053742.0,,19.686,291068000000.0,0.0,4960000000.0,43704000000.0,61.955,4395000000.0
45,XOM,MRQ,2010-03-31,2010-03-31,2010-03-31,2021-09-07,-5537000000.0,242748000000.0,,61696000000.0,181052000000.0,,23.837,-5756000000.0,13742000000.0,13742000000.0,62213000000.0,6575000000.0,1.068,1.111,9450000000.0,2396000000.0,7054000000.0,9450000000.0,0.0,3280000000.0,0.0,0.025,0.42,11848000000.0,15128000000.0,0.168,15128000000.0,11848000000.0,11793000000.0,1.33,1.33,1.33,112541000000.0,,112541000000.0,315142873109.0,8.0,6.132,7290000000.0,1.544,1.0,28038000000.0,0.311,0.0,55000000.0,180712000000.0,,13488000000.0,32626000000.0,85000000.0,32541000000.0,125082000000.0,57744000000.0,67338000000.0,316230873109.0,3049000000.0,424000000.0,-2453000000.0,-97000000.0,-1986000000.0,-4620000000.0,-5167000000.0,0.0,13046000000.0,-210000000.0,6300000000.0,6300000000.0,6300000000.0,0.0,275000000.0,0.07,15915000000.0,12123000000.0,46136000000.0,0.316,2.81,15.037,15.223,140819000000.0,0.0,66.98,0.939,0.939,29052000000.0,281251000000.0,90251000000.0,90251000000.0,686000000.0,,,,,0.0,3514000000.0,1.0,4721273113.0,4721273113.0,,19.116,242748000000.0,0.0,5493000000.0,32874000000.0,51.416,3952000000.0
46,XOM,MRQ,2009-12-31,2009-12-31,2009-12-31,2021-09-07,-5461000000.0,233323000000.0,,55235000000.0,178088000000.0,,23.291,-6763000000.0,10693000000.0,10693000000.0,62918000000.0,6139000000.0,1.061,1.067,9605000000.0,2476000000.0,7129000000.0,9605000000.0,0.0,3193000000.0,0.0,0.024,0.42,10153000000.0,13346000000.0,0.149,13346000000.0,10153000000.0,10117000000.0,1.27,1.27,1.27,110569000000.0,,110569000000.0,320848280685.0,9.0,6.846,1741000000.0,0.367,1.0,26923000000.0,0.3,0.0,36000000.0,180174000000.0,,11553000000.0,31834000000.0,169000000.0,31665000000.0,117931000000.0,52061000000.0,65870000000.0,323717280685.0,-1779000000.0,-2290000000.0,-1916000000.0,-116000000.0,-1992000000.0,-3895000000.0,-6422000000.0,555000000.0,8504000000.0,34000000.0,6050000000.0,6050000000.0,6050000000.0,0.0,89000000.0,0.067,16681000000.0,10242000000.0,41275000000.0,0.331,2.928,16.79,17.09,139116000000.0,0.0,68.19,1.042,1.042,27645000000.0,276937000000.0,89841000000.0,89841000000.0,685000000.0,,,,,0.0,3881000000.0,1.0,4747283776.0,4747283776.0,,18.925,233323000000.0,0.0,4067000000.0,31458000000.0,49.149,3174000000.0
47,XOM,MRQ,2009-09-30,2009-09-30,2009-09-30,2021-09-07,-6380000000.0,229307000000.0,,57324000000.0,171983000000.0,,22.32,-5490000000.0,12472000000.0,12472000000.0,57588000000.0,4871000000.0,1.083,1.093,9603000000.0,2418000000.0,7185000000.0,9603000000.0,0.0,2927000000.0,0.0,0.024,0.42,9125000000.0,12052000000.0,0.147,12052000000.0,9125000000.0,9063000000.0,0.98,0.98,0.98,107265000000.0,,107265000000.0,323423261574.0,8.0,6.467,3337000000.0,0.694,1.0,24672000000.0,0.3,0.0,62000000.0,173505000000.0,,12585000000.0,32215000000.0,151000000.0,32064000000.0,117202000000.0,52933000000.0,64269000000.0,329725261574.0,-3104000000.0,172000000.0,-4122000000.0,188000000.0,-2011000000.0,-6028000000.0,-6284000000.0,0.0,8827000000.0,381000000.0,4730000000.0,4730000000.0,4730000000.0,0.0,141000000.0,0.058,15406000000.0,9266000000.0,42645000000.0,0.429,3.074,15.664,15.993,132874000000.0,0.0,68.61,1.08,1.08,26937000000.0,272879000000.0,82260000000.0,82260000000.0,495000000.0,,,,,0.0,3887000000.0,1.0,4805790141.0,4805790141.0,,17.117,229307000000.0,0.0,4333000000.0,31108000000.0,47.715,4391000000.0
48,XOM,MRQ,2009-06-30,2009-06-30,2009-06-30,2021-09-07,-8249000000.0,224661000000.0,,59496000000.0,165165000000.0,,21.844,-5565000000.0,15576000000.0,15576000000.0,51555000000.0,3946000000.0,1.153,1.065,9274000000.0,2157000000.0,7117000000.0,9274000000.0,0.0,3004000000.0,0.0,0.023,0.42,7864000000.0,10868000000.0,0.146,10868000000.0,7864000000.0,7521000000.0,0.82,0.81,0.82,106592000000.0,,106592000000.0,325372536866.0,6.0,4.825,-3368000000.0,-0.69,1.0,22902000000.0,0.308,0.0,343000000.0,166745000000.0,,12441000000.0,30511000000.0,153000000.0,30358000000.0,113508000000.0,51614000000.0,61894000000.0,341140536866.0,-9396000000.0,770000000.0,-5182000000.0,-33000000.0,-2039000000.0,-7255000000.0,-4973000000.0,0.0,2197000000.0,635000000.0,3950000000.0,3950000000.0,3950000000.0,0.0,-4000000.0,0.053,15042000000.0,7860000000.0,41895000000.0,0.512,3.2,10.952,11.331,127861000000.0,0.0,69.91,0.945,0.945,26862000000.0,270160000000.0,74457000000.0,74457000000.0,490000000.0,,,,,0.0,3519000000.0,1.0,4879710154.0,4879710154.0,,15.258,224661000000.0,0.0,3571000000.0,29442000000.0,46.04,7882000000.0
49,XOM,MRQ,2009-03-31,2009-03-31,2009-03-31,2021-09-07,-10900000000.0,222491000000.0,,64818000000.0,157673000000.0,,21.653,-4673000000.0,24972000000.0,24972000000.0,41500000000.0,4702000000.0,1.309,1.038,9204000000.0,2163000000.0,7041000000.0,9204000000.0,0.0,2793000000.0,0.0,0.023,0.4,7805000000.0,10598000000.0,0.166,10598000000.0,7805000000.0,7698000000.0,0.92,0.92,0.92,107003000000.0,,107003000000.0,314513036369.0,4.0,3.837,4237000000.0,0.857,1.0,22528000000.0,0.352,0.0,107000000.0,157218000000.0,,12717000000.0,29273000000.0,168000000.0,29105000000.0,111113000000.0,49505000000.0,61608000000.0,336525036369.0,-6465000000.0,141000000.0,-7731000000.0,-192000000.0,-1981000000.0,-10105000000.0,-4740000000.0,0.0,8910000000.0,-530000000.0,4550000000.0,4550000000.0,4550000000.0,0.0,152000000.0,0.071,14571000000.0,7957000000.0,38468000000.0,0.435,3.145,8.655,8.972,122224000000.0,0.0,68.1,0.793,0.793,22942000000.0,268249000000.0,64028000000.0,64028000000.0,351000000.0,,,,,0.0,3448000000.0,1.0,4941630490.0,4941630490.0,,12.957,222491000000.0,0.0,3148000000.0,28937000000.0,45.024,15313000000.0
50,XOM,MRQ,2008-12-31,2008-12-31,2008-12-31,2021-09-07,-9931000000.0,228052000000.0,,72266000000.0,155786000000.0,,22.208,-5325000000.0,31437000000.0,31437000000.0,54307000000.0,8424000000.0,1.472,0.978,9425000000.0,2400000000.0,7025000000.0,9425000000.0,0.0,3177000000.0,0.0,0.019,0.4,13313000000.0,16490000000.0,0.195,16490000000.0,13313000000.0,13195000000.0,1.57,1.57,1.57,112965000000.0,,112965000000.0,379657199888.0,5.0,4.005,5159000000.0,1.014,1.0,30389000000.0,0.359,0.0,118000000.0,156940000000.0,,11646000000.0,29126000000.0,570000000.0,28556000000.0,110529000000.0,49100000000.0,61429000000.0,406067199888.0,-5237000000.0,-712000000.0,-8581000000.0,-846000000.0,-2018000000.0,-11403000000.0,-2627000000.0,-245000000.0,10484000000.0,-1691000000.0,7820000000.0,7820000000.0,7820000000.0,0.0,604000000.0,0.092,16472000000.0,13917000000.0,36643000000.0,0.255,3.595,8.98,9.176,121346000000.0,0.0,79.83,0.851,0.851,24702000000.0,265680000000.0,84696000000.0,84696000000.0,368000000.0,,,,,0.0,3859000000.0,1.0,5086649128.0,5086649128.0,,16.651,228052000000.0,0.0,5375000000.0,29783000000.0,44.833,23166000000.0
51,XOM,MRQ,2008-09-30,2008-09-30,2008-09-30,2021-09-07,-61000000.0,256218000000.0,,96021000000.0,160197000000.0,,24.121,-5142000000.0,36674000000.0,36674000000.0,93614000000.0,15366000000.0,1.42,1.045,10264000000.0,2881000000.0,7383000000.0,10264000000.0,0.0,3008000000.0,0.0,0.019,0.4,26475000000.0,29483000000.0,0.214,29483000000.0,26475000000.0,26157000000.0,2.86,2.85,2.86,125286000000.0,,125286000000.0,374035274533.0,4.0,3.692,9261000000.0,1.783,1.0,44123000000.0,0.32,0.0,318000000.0,162177000000.0,,15940000000.0,38699000000.0,1760000000.0,36939000000.0,130932000000.0,67631000000.0,63301000000.0,403366274533.0,-2294000000.0,2630000000.0,-8612000000.0,551000000.0,-2063000000.0,-10420000000.0,-4104000000.0,0.0,14403000000.0,-2173000000.0,14830000000.0,14830000000.0,14830000000.0,0.0,536000000.0,0.108,17112000000.0,27011000000.0,49087000000.0,0.14,3.22,8.222,8.414,123258000000.0,0.0,77.66,0.792,0.792,35251000000.0,259878000000.0,137737000000.0,137737000000.0,403000000.0,,,,,0.0,3823000000.0,1.0,5194003020.0,5194003020.0,,26.518,256218000000.0,0.0,11327000000.0,38928000000.0,49.33,28390000000.0
52,XOM,MRQ,2008-06-30,2008-06-30,2008-06-30,2021-09-07,3847000000.0,266758000000.0,,103982000000.0,162776000000.0,,23.625,-4872000000.0,38968000000.0,38968000000.0,97651000000.0,11905000000.0,1.346,1.137,9637000000.0,2310000000.0,7327000000.0,9637000000.0,0.0,3090000000.0,0.0,0.016,0.4,22313000000.0,25403000000.0,0.184,25403000000.0,22313000000.0,22206000000.0,2.24,2.22,2.24,124826000000.0,,124826000000.0,434744992672.0,5.0,4.734,8546000000.0,1.617,1.0,40421000000.0,0.293,0.0,107000000.0,160194000000.0,,15861000000.0,38583000000.0,732000000.0,37851000000.0,141932000000.0,77233000000.0,64699000000.0,465651992672.0,-1945000000.0,1159000000.0,-8454000000.0,-411000000.0,-2098000000.0,-10851000000.0,-4468000000.0,0.0,13418000000.0,-44000000.0,11680000000.0,11680000000.0,11680000000.0,0.0,225000000.0,0.085,17883000000.0,22538000000.0,60262000000.0,0.179,3.73,10.67,10.894,124925000000.0,0.0,88.13,0.983,0.983,41820000000.0,247111000000.0,138072000000.0,138072000000.0,338000000.0,,,,,0.0,4389000000.0,1.0,5283694459.0,5283694459.0,,26.132,266758000000.0,0.0,10526000000.0,38960000000.0,50.487,26749000000.0
53,XOM,MRQ,2008-03-31,2008-03-31,2008-03-31,2021-09-07,3504000000.0,258202000000.0,,97758000000.0,160444000000.0,,23.017,-3979000000.0,40913000000.0,40913000000.0,80109000000.0,11172000000.0,1.377,1.097,10006000000.0,2771000000.0,7235000000.0,10006000000.0,0.0,3104000000.0,0.0,0.017,0.35,20322000000.0,23426000000.0,0.2,23426000000.0,20322000000.0,20192000000.0,2.03,2.02,2.03,123139000000.0,,123139000000.0,428090300999.0,6.0,4.896,17441000000.0,3.26,1.0,36745000000.0,0.314,0.0,130000000.0,156312000000.0,,15378000000.0,37989000000.0,480000000.0,37509000000.0,135063000000.0,70983000000.0,64080000000.0,452505300999.0,6932000000.0,413000000.0,-9334000000.0,179000000.0,-1879000000.0,-11353000000.0,-4300000000.0,0.0,21420000000.0,1165000000.0,10890000000.0,10890000000.0,10890000000.0,0.0,282000000.0,0.093,16141000000.0,20604000000.0,53613000000.0,0.172,3.675,10.718,10.984,122935000000.0,0.0,84.58,1.042,1.042,36428000000.0,237529000000.0,116854000000.0,116854000000.0,342000000.0,,,,,0.0,3802000000.0,1.0,5350027205.0,5350027205.0,,21.842,258202000000.0,0.0,9302000000.0,38607000000.0,48.262,26775000000.0
54,XOM,MRQ,2007-12-31,2007-12-31,2007-12-31,2021-09-07,1989000000.0,242082000000.0,,85963000000.0,156119000000.0,,22.286,-4560000000.0,33981000000.0,33981000000.0,79765000000.0,12665000000.0,1.474,0.988,9566000000.0,2383000000.0,7183000000.0,9566000000.0,0.0,3155000000.0,0.0,0.015,0.35,19850000000.0,23005000000.0,0.197,23005000000.0,19850000000.0,19722000000.0,2.1,2.11,2.1,121762000000.0,,121762000000.0,484851083869.0,7.0,5.833,6775000000.0,1.24,1.0,36877000000.0,0.316,0.0,128000000.0,159355000000.0,,11089000000.0,28713000000.0,519000000.0,28194000000.0,120320000000.0,58312000000.0,62008000000.0,511887083869.0,2558000000.0,-1256000000.0,-7750000000.0,419000000.0,-1903000000.0,-9407000000.0,337000000.0,4102000000.0,11335000000.0,293000000.0,11660000000.0,11660000000.0,11660000000.0,0.0,1005000000.0,0.1,16744000000.0,20133000000.0,45275000000.0,0.167,4.204,12.605,12.817,120869000000.0,0.0,93.69,1.265,1.265,36450000000.0,228518000000.0,116642000000.0,116642000000.0,495000000.0,,,,,0.0,4054000000.0,1.0,5463625615.0,5463625615.0,,21.349,242082000000.0,0.0,8062000000.0,33553000000.0,44.308,27651000000.0
55,XOM,MRQ,2007-09-30,2007-09-30,2007-09-30,2021-09-07,849000000.0,236661000000.0,,85247000000.0,151414000000.0,,21.384,-3935000000.0,36027000000.0,36027000000.0,70172000000.0,9410000000.0,1.524,0.995,8991000000.0,2095000000.0,6896000000.0,8991000000.0,0.0,3159000000.0,0.0,0.014,0.35,16833000000.0,19992000000.0,0.195,19992000000.0,16833000000.0,16760000000.0,1.72,1.7,1.72,118603000000.0,,118603000000.0,488588969994.0,7.0,6.18,11128000000.0,2.006,1.0,32165000000.0,0.314,0.0,73000000.0,153705000000.0,,13019000000.0,32502000000.0,190000000.0,32312000000.0,118058000000.0,55920000000.0,62138000000.0,513361969994.0,2464000000.0,749000000.0,-7572000000.0,-91000000.0,-1932000000.0,-9777000000.0,-3742000000.0,0.0,15063000000.0,920000000.0,9410000000.0,9410000000.0,9410000000.0,0.0,0.0,0.092,15048000000.0,17117000000.0,43525000000.0,0.203,4.328,13.096,13.261,119102000000.0,0.0,92.56,1.358,1.358,31832000000.0,218761000000.0,102337000000.0,102337000000.0,349000000.0,,,,,0.0,3656000000.0,1.0,5546261560.0,5546261560.0,,18.452,236661000000.0,0.0,7350000000.0,32629000000.0,42.67,29327000000.0
56,XOM,MRQ,2007-06-30,2007-06-30,2007-06-30,2021-09-07,-1274000000.0,228315000000.0,,80720000000.0,147595000000.0,,20.654,-3786000000.0,33563000000.0,33563000000.0,65325000000.0,10260000000.0,1.555,0.962,8790000000.0,2033000000.0,6757000000.0,8790000000.0,0.0,2994000000.0,0.0,0.016,0.35,18024000000.0,21018000000.0,0.214,21018000000.0,18024000000.0,17928000000.0,1.85,1.83,1.85,116350000000.0,,116350000000.0,446684692213.0,7.0,5.565,7532000000.0,1.337,1.0,33025000000.0,0.336,0.0,96000000.0,151626000000.0,,12895000000.0,31537000000.0,0.0,31537000000.0,111965000000.0,51916000000.0,60049000000.0,472518692213.0,-1035000000.0,1135000000.0,-7633000000.0,-61000000.0,-1961000000.0,-9656000000.0,-3085000000.0,0.0,11318000000.0,388000000.0,10260000000.0,10260000000.0,10260000000.0,0.0,0.0,0.104,14813000000.0,18212000000.0,41247000000.0,0.189,4.061,11.731,11.898,116058000000.0,0.0,83.88,1.259,1.259,30315000000.0,211283000000.0,98350000000.0,98350000000.0,353000000.0,,,,,0.0,3788000000.0,1.0,5633270055.0,5633270055.0,,17.459,228315000000.0,0.0,7668000000.0,30184000000.0,40.53,28804000000.0
57,XOM,MRQ,2007-03-31,2007-03-31,2007-03-31,2021-09-07,-2546000000.0,223299000000.0,,78065000000.0,145234000000.0,,20.043,-3106000000.0,34598000000.0,34598000000.0,56917000000.0,9280000000.0,1.543,0.957,8764000000.0,2006000000.0,6758000000.0,8764000000.0,0.0,2942000000.0,0.0,0.017,0.32,16167000000.0,19109000000.0,0.219,19109000000.0,16167000000.0,16064000000.0,1.64,1.62,1.64,114110000000.0,,114110000000.0,405065937498.0,6.0,5.044,11180000000.0,1.964,1.0,30306000000.0,0.347,0.0,103000000.0,146875000000.0,,12605000000.0,31033000000.0,0.0,31033000000.0,109189000000.0,50590000000.0,58599000000.0,429566937498.0,1750000000.0,538000000.0,-7788000000.0,331000000.0,-1825000000.0,-9505000000.0,-3238000000.0,0.0,14286000000.0,207000000.0,9280000000.0,9280000000.0,9280000000.0,0.0,0.0,0.106,13889000000.0,16417000000.0,38923000000.0,0.195,3.764,10.638,10.872,114201000000.0,0.0,75.45,1.143,1.143,27582000000.0,202984000000.0,87223000000.0,87223000000.0,272000000.0,,,,,0.0,3392000000.0,1.0,5693398774.0,5693398774.0,,15.32,223299000000.0,0.0,6784000000.0,30671000000.0,39.221,27475000000.0
58,XOM,MRQ,2006-12-31,2006-12-31,2006-12-31,2021-09-07,-2762000000.0,219015000000.0,,75777000000.0,143238000000.0,,19.519,-4161000000.0,32848000000.0,32848000000.0,58920000000.0,10250000000.0,1.552,0.924,8347000000.0,1702000000.0,6645000000.0,8347000000.0,0.0,3282000000.0,0.0,0.017,0.32,15662000000.0,18944000000.0,0.21,18944000000.0,15662000000.0,15561000000.0,1.77,1.76,1.77,113844000000.0,,113844000000.0,418194589540.0,6.0,5.262,4701000000.0,0.806,1.0,31108000000.0,0.346,0.0,101000000.0,145697000000.0,,10714000000.0,23237000000.0,0.0,23237000000.0,105171000000.0,48817000000.0,56354000000.0,446943589540.0,-4490000000.0,-1852000000.0,-8006000000.0,-264000000.0,-1853000000.0,-10076000000.0,-3466000000.0,0.0,8862000000.0,190000000.0,10250000000.0,10250000000.0,10250000000.0,0.0,0.0,0.114,15122000000.0,15986000000.0,39082000000.0,0.181,3.926,11.315,11.472,113687000000.0,0.0,76.63,1.184,1.184,28942000000.0,195207000000.0,90028000000.0,90028000000.0,371000000.0,,,,,0.0,3838000000.0,1.0,5832488445.0,5832488445.0,,15.436,219015000000.0,0.0,5311000000.0,28884000000.0,37.551,26960000000.0
59,XOM,MRQ,2006-09-30,2006-09-30,2006-09-30,2021-09-07,548000000.0,223947000000.0,,81753000000.0,142194000000.0,,19.612,-3715000000.0,37338000000.0,37338000000.0,67291000000.0,10490000000.0,1.492,0.921,8589000000.0,2125000000.0,6464000000.0,8589000000.0,0.0,2730000000.0,0.0,0.019,0.32,18459000000.0,21189000000.0,0.213,21189000000.0,18459000000.0,18178000000.0,1.79,1.77,1.79,116593000000.0,,116593000000.0,370546618055.0,5.0,4.572,10782000000.0,1.814,1.0,32302000000.0,0.324,0.0,281000000.0,140394000000.0,,12528000000.0,30472000000.0,0.0,30472000000.0,107354000000.0,54804000000.0,52550000000.0,398906618055.0,621000000.0,878000000.0,-7985000000.0,186000000.0,-1892000000.0,-9759000000.0,-3988000000.0,0.0,14497000000.0,-129000000.0,10490000000.0,10490000000.0,10490000000.0,0.0,0.0,0.105,13551000000.0,18751000000.0,40225000000.0,0.179,3.421,9.983,10.121,111722000000.0,0.0,67.1,1.031,1.031,28390000000.0,186810000000.0,99593000000.0,99593000000.0,352000000.0,,,,,0.0,3412000000.0,1.0,5944957050.0,5944957050.0,,16.753,223947000000.0,0.0,7688000000.0,33472000000.0,37.67,26949000000.0
60,XOM,MRQ,2006-06-30,2006-06-30,2006-06-30,2021-09-07,513000000.0,221010000000.0,,80658000000.0,140352000000.0,,19.134,-3856000000.0,36717000000.0,36717000000.0,66561000000.0,10360000000.0,1.565,0.909,8357000000.0,1964000000.0,6393000000.0,8357000000.0,0.0,2760000000.0,0.0,0.02,0.32,18311000000.0,21071000000.0,0.213,21071000000.0,18311000000.0,18204000000.0,1.74,1.72,1.74,115764000000.0,,115764000000.0,342632373412.0,5.0,4.365,7440000000.0,1.23,1.0,32473000000.0,0.328,0.0,107000000.0,141096000000.0,,11829000000.0,29242000000.0,0.0,29242000000.0,105246000000.0,51554000000.0,53692000000.0,371187373412.0,168000000.0,1056000000.0,-6630000000.0,206000000.0,-1926000000.0,-8373000000.0,-3273000000.0,0.0,11296000000.0,518000000.0,10360000000.0,10360000000.0,10360000000.0,0.0,0.0,0.105,13909000000.0,18564000000.0,39302000000.0,0.184,3.206,9.423,9.526,111110000000.0,0.0,61.35,0.956,0.956,28607000000.0,178212000000.0,99034000000.0,99034000000.0,176000000.0,,,,,0.0,3557000000.0,1.0,6050323935.0,6050323935.0,,16.368,221010000000.0,0.0,7844000000.0,32563000000.0,36.529,29104000000.0
61,XOM,MRQ,2006-03-31,2006-03-31,2006-03-31,2021-09-07,-882000000.0,216002000000.0,,78474000000.0,137528000000.0,,18.417,-3730000000.0,36549000000.0,36549000000.0,59358000000.0,8400000000.0,1.526,0.921,7994000000.0,1739000000.0,6255000000.0,7994000000.0,0.0,2644000000.0,0.0,0.02,0.32,15624000000.0,18268000000.0,0.205,18268000000.0,15624000000.0,15459000000.0,1.38,1.37,1.38,112463000000.0,,112463000000.0,346347396559.0,6.0,4.749,10901000000.0,1.785,1.0,29622000000.0,0.333,0.0,165000000.0,136013000000.0,,11584000000.0,29131000000.0,0.0,29131000000.0,103539000000.0,51434000000.0,52105000000.0,371631396559.0,3274000000.0,394000000.0,-5764000000.0,-55000000.0,-1957000000.0,-8002000000.0,-3503000000.0,0.0,14631000000.0,148000000.0,8400000000.0,8400000000.0,8400000000.0,0.0,0.0,0.094,13816000000.0,15806000000.0,39019000000.0,0.232,3.304,10.134,10.298,108397000000.0,0.0,60.86,0.984,0.984,26962000000.0,169778000000.0,88980000000.0,88980000000.0,282000000.0,,,,,0.0,3466000000.0,1.0,6106332510.0,6106332510.0,,14.572,216002000000.0,0.0,7059000000.0,32571000000.0,35.373,27040000000.0
62,XOM,MRQ,2005-12-31,2005-12-31,2005-12-31,2021-09-07,-1279000000.0,208335000000.0,,73342000000.0,134993000000.0,,17.869,-3899000000.0,33275000000.0,33275000000.0,66764000000.0,10710000000.0,1.584,0.874,7991000000.0,1771000000.0,6220000000.0,7991000000.0,0.0,2671000000.0,0.0,0.02,0.29,17841000000.0,20512000000.0,0.206,20512000000.0,17841000000.0,17718000000.0,1.72,1.71,1.72,111186000000.0,,111186000000.0,324124965739.0,5.0,4.618,6491000000.0,1.043,1.0,32580000000.0,0.328,0.0,123000000.0,136744000000.0,,9321000000.0,20592000000.0,0.0,20592000000.0,97149000000.0,46307000000.0,50842000000.0,349511965739.0,-569000000.0,-1354000000.0,-5295000000.0,-487000000.0,-1795000000.0,-7971000000.0,-2891000000.0,0.0,10390000000.0,-97000000.0,10710000000.0,10710000000.0,10710000000.0,0.0,0.0,0.108,14408000000.0,18172000000.0,36120000000.0,0.169,3.143,9.674,9.752,107010000000.0,0.0,56.17,0.943,0.943,27484000000.0,163335000000.0,99344000000.0,99344000000.0,329000000.0,,,,,0.0,3678000000.0,1.0,6222395687.0,6222395687.0,,15.966,208335000000.0,0.0,7008000000.0,29294000000.0,33.481,27035000000.0
63,XOM,MRQ,2005-09-30,2005-09-30,2005-09-30,2021-09-07,-896000000.0,209721000000.0,,74730000000.0,134991000000.0,,17.111,-3492000000.0,33844000000.0,33844000000.0,71355000000.0,9920000000.0,1.469,0.944,8457000000.0,2331000000.0,6126000000.0,8457000000.0,0.0,2513000000.0,0.0,0.018,0.29,16125000000.0,18638000000.0,0.185,18638000000.0,16125000000.0,16052000000.0,1.6,1.58,1.6,107890000000.0,,107890000000.0,379462060276.0,7.0,5.782,12275000000.0,1.947,1.0,29362000000.0,0.292,0.0,73000000.0,133459000000.0,,10976000000.0,27897000000.0,0.0,27897000000.0,101831000000.0,50875000000.0,50956000000.0,400628060276.0,3592000000.0,754000000.0,-5289000000.0,-738000000.0,-1822000000.0,-8098000000.0,-4165000000.0,0.0,15767000000.0,88000000.0,9920000000.0,9920000000.0,9920000000.0,0.0,0.0,0.098,13063000000.0,16299000000.0,39055000000.0,0.181,3.713,11.839,11.877,107094000000.0,0.0,63.54,1.129,1.129,26193000000.0,154420000000.0,100717000000.0,100717000000.0,248000000.0,,,,,0.0,3765000000.0,1.0,6305131575.0,6305131575.0,,15.974,209721000000.0,0.0,6132000000.0,30014000000.0,33.262,23855000000.0
64,XOM,MRQ,2005-06-30,2005-06-30,2005-06-30,2021-09-07,-1251000000.0,201816000000.0,,69630000000.0,132186000000.0,,16.431,-3735000000.0,30252000000.0,30252000000.0,62684000000.0,7640000000.0,1.493,0.929,9086000000.0,3015000000.0,6071000000.0,9086000000.0,0.0,2516000000.0,0.0,0.019,0.29,13003000000.0,15519000000.0,0.175,15519000000.0,13003000000.0,12759000000.0,1.21,1.2,1.21,104596000000.0,,104596000000.0,344393764416.0,7.0,5.797,5278000000.0,0.829,1.0,25884000000.0,0.292,0.0,244000000.0,134021000000.0,,10583000000.0,25971000000.0,0.0,25971000000.0,97220000000.0,46629000000.0,50591000000.0,365838764416.0,483000000.0,2029000000.0,-3609000000.0,-286000000.0,-1840000000.0,-5869000000.0,-2128000000.0,0.0,9013000000.0,-533000000.0,7640000000.0,7640000000.0,7640000000.0,0.0,0.0,0.086,12682000000.0,13202000000.0,36185000000.0,0.24,3.498,12.359,12.413,106215000000.0,0.0,57.47,1.107,1.107,25716000000.0,146322000000.0,88568000000.0,88568000000.0,214000000.0,,,,,0.0,3508000000.0,1.0,6365734547.0,6365734547.0,,13.913,201816000000.0,0.0,5119000000.0,27508000000.0,31.703,23001000000.0
65,XOM,MRQ,2005-03-31,2005-03-31,2005-03-31,2021-09-07,200000000.0,201252000000.0,,68590000000.0,132662000000.0,,16.24,-2713000000.0,29769000000.0,29769000000.0,56712000000.0,7860000000.0,1.436,0.941,8324000000.0,3309000000.0,5015000000.0,8324000000.0,0.0,2553000000.0,0.0,0.018,0.27,12959000000.0,15512000000.0,0.189,15512000000.0,12959000000.0,12903000000.0,1.23,1.22,1.23,103698000000.0,,103698000000.0,365725346932.0,8.0,6.557,10255000000.0,1.606,1.0,25339000000.0,0.309,0.0,56000000.0,132050000000.0,,10462000000.0,25247000000.0,0.0,25247000000.0,97554000000.0,47757000000.0,49797000000.0,380567346932.0,6634000000.0,1797000000.0,-3087000000.0,9000000.0,-1728000000.0,-5003000000.0,-1086000000.0,0.0,12968000000.0,-245000000.0,7860000000.0,7860000000.0,7860000000.0,0.0,0.0,0.096,12285000000.0,13054000000.0,35489000000.0,0.22,3.67,13.714,13.828,107415000000.0,0.0,59.6,1.218,1.218,25489000000.0,140522000000.0,82051000000.0,82051000000.0,173000000.0,,,,,0.0,3451000000.0,1.0,6385358170.0,6385358170.0,,12.85,201252000000.0,0.0,5043000000.0,29690000000.0,31.518,20833000000.0
66,XOM,MRQ,2004-12-31,2004-12-31,2004-12-31,2021-09-07,1527000000.0,195256000000.0,,60377000000.0,134879000000.0,,15.773,-3407000000.0,23135000000.0,23135000000.0,56620000000.0,8420000000.0,1.405,0.919,8293000000.0,3280000000.0,5013000000.0,8293000000.0,0.0,2613000000.0,0.0,0.021,0.27,13346000000.0,15959000000.0,0.191,15959000000.0,13346000000.0,13265000000.0,1.31,1.3,1.31,101756000000.0,,101756000000.0,320092413020.0,8.0,6.198,8901000000.0,1.38,1.0,26745000000.0,0.321,0.0,81000000.0,137433000000.0,,9487000000.0,18404000000.0,0.0,18404000000.0,93500000000.0,42981000000.0,50519000000.0,330693413020.0,2423000000.0,-1485000000.0,-2756000000.0,-1965000000.0,-1738000000.0,-6561000000.0,-3890000000.0,-2000000.0,12308000000.0,566000000.0,8420000000.0,8420000000.0,8420000000.0,0.0,0.0,0.101,13118000000.0,13627000000.0,31763000000.0,0.206,3.25,13.055,13.11,108639000000.0,0.0,51.26,1.11,1.11,25359000000.0,134390000000.0,83365000000.0,83365000000.0,309000000.0,,,,,0.0,3903000000.0,1.0,6451295611.0,6451295611.0,,12.922,195256000000.0,0.0,4845000000.0,29030000000.0,30.266,17396000000.0
67,XOM,MRQ,2004-09-30,2004-09-30,2004-09-30,2021-09-07,-785000000.0,187433000000.0,,57935000000.0,129498000000.0,,14.671,-2837000000.0,20710000000.0,20710000000.0,54271000000.0,5680000000.0,1.311,0.964,10109000000.0,4913000000.0,5196000000.0,10109000000.0,0.0,2431000000.0,0.0,0.022,0.27,9993000000.0,12424000000.0,0.163,12424000000.0,9993000000.0,9534000000.0,0.88,0.88,0.88,95442000000.0,,95442000000.0,305463159013.0,8.0,6.416,6616000000.0,1.017,1.0,22104000000.0,0.289,0.0,459000000.0,132637000000.0,,10079000000.0,24605000000.0,0.0,24605000000.0,91991000000.0,44195000000.0,47796000000.0,314411159013.0,1931000000.0,570000000.0,-2760000000.0,-152000000.0,-1753000000.0,-4810000000.0,-2870000000.0,-1000000.0,9453000000.0,158000000.0,5680000000.0,5680000000.0,5680000000.0,0.0,0.0,0.074,11912000000.0,10192000000.0,32107000000.0,0.307,3.294,13.345,13.388,104893000000.0,0.0,48.33,1.12,1.12,24506000000.0,127708000000.0,76375000000.0,76375000000.0,388000000.0,,,,,0.0,3372000000.0,1.0,6505507118.0,6505507118.0,,11.74,187433000000.0,0.0,3854000000.0,26830000000.0,28.811,13740000000.0
68,XOM,MRQ,2004-06-30,2004-06-30,2004-06-30,2021-09-07,-1429000000.0,180989000000.0,,54250000000.0,126739000000.0,,14.302,-2932000000.0,18778000000.0,18778000000.0,49425000000.0,5790000000.0,1.315,0.935,9830000000.0,4746000000.0,5084000000.0,9830000000.0,0.0,2350000000.0,0.0,0.023,0.27,9530000000.0,11880000000.0,0.168,11880000000.0,9530000000.0,9480000000.0,0.89,0.88,0.89,93535000000.0,,93535000000.0,284518425540.0,8.0,6.557,5720000000.0,0.875,1.0,21268000000.0,0.301,0.0,50000000.0,130793000000.0,,9958000000.0,22885000000.0,0.0,22885000000.0,87454000000.0,41248000000.0,46206000000.0,290443425540.0,-1717000000.0,928000000.0,-1730000000.0,-154000000.0,-1763000000.0,-3727000000.0,-6569000000.0,-4601000000.0,8652000000.0,-73000000.0,5790000000.0,5790000000.0,5790000000.0,0.0,0.0,0.082,11596000000.0,9672000000.0,30184000000.0,0.303,3.105,13.49,13.54,103854000000.0,0.0,44.41,1.1,1.1,23089000000.0,123781000000.0,70693000000.0,70693000000.0,226000000.0,,,,,0.0,3332000000.0,1.0,6540045610.0,6540045610.0,,10.809,180989000000.0,0.0,3690000000.0,25842000000.0,27.674,13002000000.0
69,XOM,MRQ,2004-03-31,2004-03-31,2004-03-31,2021-09-07,-896000000.0,180202000000.0,,52475000000.0,127727000000.0,,13.981,-2810000000.0,15894000000.0,15894000000.0,47125000000.0,5440000000.0,1.251,0.966,9969000000.0,4834000000.0,5135000000.0,9969000000.0,0.0,2373000000.0,0.0,0.024,0.25,9010000000.0,11383000000.0,0.168,11383000000.0,9010000000.0,8962000000.0,0.83,0.83,0.83,91681000000.0,,91681000000.0,271646398164.0,9.0,6.707,7328000000.0,1.117,1.0,20477000000.0,0.303,0.0,48000000.0,132322000000.0,,10186000000.0,22943000000.0,0.0,22943000000.0,88521000000.0,41955000000.0,46566000000.0,272727398164.0,5268000000.0,454000000.0,-1745000000.0,320000000.0,-1642000000.0,-3170000000.0,-1581000000.0,0.0,10138000000.0,-119000000.0,5440000000.0,5440000000.0,5440000000.0,0.0,0.0,0.08,11313000000.0,9164000000.0,30356000000.0,0.301,2.975,13.698,13.772,104784000000.0,0.0,41.59,1.088,1.088,24189000000.0,119754000000.0,67602000000.0,67602000000.0,175000000.0,,,,,0.0,3242000000.0,1.0,6557523399.0,6557523399.0,,10.309,180202000000.0,0.0,3522000000.0,26746000000.0,27.48,10520000000.0
70,XOM,MRQ,2003-12-31,2003-12-31,2003-12-31,2021-09-07,-514000000.0,174278000000.0,,45960000000.0,128318000000.0,,13.603,-3554000000.0,10626000000.0,10626000000.0,44465000000.0,6650000000.0,1.197,0.938,9545000000.0,4789000000.0,4756000000.0,9545000000.0,0.0,2493000000.0,0.0,0.024,0.25,9432000000.0,11925000000.0,0.181,11925000000.0,9432000000.0,9378000000.0,1.01,1.01,1.01,89915000000.0,,89915000000.0,269605780033.0,8.0,6.455,3245000000.0,0.491,1.0,21487000000.0,0.326,0.0,54000000.0,134811000000.0,,8957000000.0,15535000000.0,0.0,15535000000.0,84363000000.0,38386000000.0,45977000000.0,271001780033.0,-389000000.0,-340000000.0,-1659000000.0,-690000000.0,-1649000000.0,-4127000000.0,-3136000000.0,0.0,6799000000.0,75000000.0,6650000000.0,6650000000.0,6650000000.0,0.0,0.0,0.101,11935000000.0,9552000000.0,28445000000.0,0.248,3.014,12.599,12.654,104965000000.0,0.0,41.0,1.098,1.098,24309000000.0,115956000000.0,65952000000.0,65952000000.0,454000000.0,,,,,0.0,3708000000.0,1.0,6609799513.0,6609799513.0,,9.978,174278000000.0,0.0,2728000000.0,25270000000.0,26.367,7574000000.0
71,XOM,MRQ,2003-09-30,2003-09-30,2003-09-30,2021-09-07,-3261000000.0,166987000000.0,,42958000000.0,124029000000.0,,12.621,-3073000000.0,11015000000.0,11015000000.0,42741000000.0,3650000000.0,1.112,0.994,9619000000.0,4004000000.0,5615000000.0,9619000000.0,0.0,2203000000.0,0.0,0.026,0.25,6003000000.0,8206000000.0,0.137,8206000000.0,6003000000.0,5962000000.0,0.55,0.55,0.55,83764000000.0,,83764000000.0,240525878140.0,8.0,6.331,2631000000.0,0.396,1.0,17100000000.0,0.286,0.0,41000000.0,126950000000.0,,9757000000.0,22837000000.0,0.0,22837000000.0,83223000000.0,38641000000.0,44582000000.0,242908878140.0,-1506000000.0,240000000.0,-1577000000.0,-636000000.0,-1658000000.0,-3948000000.0,-3335000000.0,0.0,5704000000.0,73000000.0,3650000000.0,3650000000.0,3650000000.0,0.0,0.0,0.061,10996000000.0,6104000000.0,27731000000.0,0.455,2.9,12.818,12.933,101192000000.0,0.0,36.6,1.026,1.026,20248000000.0,110955000000.0,59841000000.0,59841000000.0,227000000.0,,,,,0.0,3246000000.0,1.0,6636854594.0,6636854594.0,,9.016,166987000000.0,0.0,2312000000.0,24622000000.0,25.161,4317000000.0
72,XOM,MRQ,2003-06-30,2003-06-30,2003-06-30,2021-09-07,-3985000000.0,165103000000.0,,44066000000.0,121037000000.0,,12.364,-3294000000.0,12521000000.0,12521000000.0,39236000000.0,4170000000.0,1.202,0.999,10138000000.0,4327000000.0,5811000000.0,10138000000.0,0.0,2169000000.0,0.0,0.026,0.25,6818000000.0,8987000000.0,0.157,8987000000.0,6818000000.0,6748000000.0,0.63,0.62,0.63,82581000000.0,,82581000000.0,238189916805.0,9.0,6.524,4055000000.0,0.607,1.0,17929000000.0,0.314,0.0,70000000.0,126072000000.0,,10035000000.0,21537000000.0,0.0,21537000000.0,82522000000.0,36648000000.0,45874000000.0,239856916805.0,193000000.0,248000000.0,-1101000000.0,-611000000.0,-1667000000.0,-3744000000.0,-3636000000.0,0.0,7349000000.0,224000000.0,4170000000.0,4170000000.0,4170000000.0,0.0,0.0,0.073,11011000000.0,6918000000.0,26530000000.0,0.397,2.905,13.37,13.449,99500000000.0,0.0,35.91,1.039,1.039,19471000000.0,108963000000.0,57165000000.0,57165000000.0,182000000.0,,,,,0.0,3340000000.0,1.0,6679390610.0,6679390610.0,,8.558,165103000000.0,0.0,2578000000.0,23332000000.0,24.718,7418000000.0
73,XOM,MRQ,2003-03-31,2003-03-31,2003-03-31,2021-09-07,-5528000000.0,162495000000.0,,45474000000.0,117021000000.0,,11.896,-2938000000.0,12328000000.0,12328000000.0,42716000000.0,7040000000.0,1.208,1.042,10661000000.0,4172000000.0,6489000000.0,10661000000.0,0.0,2182000000.0,0.0,0.026,0.23,10470000000.0,12652000000.0,0.198,12652000000.0,10470000000.0,10428000000.0,1.05,1.05,1.05,79585000000.0,,79585000000.0,237330383414.0,9.0,7.008,5708000000.0,0.853,1.0,21064000000.0,0.33,0.0,42000000.0,123176000000.0,,8862000000.0,20426000000.0,0.0,20426000000.0,82910000000.0,37652000000.0,45258000000.0,233811383414.0,5099000000.0,1333000000.0,-1110000000.0,-187000000.0,-1541000000.0,-2944000000.0,-735000000.0,0.0,8646000000.0,132000000.0,7040000000.0,7040000000.0,7040000000.0,0.0,0.0,0.11,10771000000.0,10293000000.0,27592000000.0,0.219,2.938,14.248,14.324,96595000000.0,0.0,34.95,1.041,1.041,22146000000.0,106460000000.0,63780000000.0,63780000000.0,147000000.0,,,,,0.0,3102000000.0,1.0,6689882215.0,6689882215.0,,9.534,162495000000.0,0.0,3388000000.0,23138000000.0,24.29,7822000000.0
74,XOM,MRQ,2002-12-31,2002-12-31,2002-12-31,2021-09-07,-6054000000.0,152644000000.0,,38291000000.0,114353000000.0,,11.086,-3290000000.0,7229000000.0,7229000000.0,39629000000.0,4090000000.0,1.154,1.046,10748000000.0,4093000000.0,6655000000.0,10748000000.0,0.0,2131000000.0,0.0,0.026,0.23,6013000000.0,8144000000.0,0.146,8144000000.0,6013000000.0,5805000000.0,0.6,0.6,0.6,74597000000.0,,74597000000.0,239053699265.0,13.0,8.964,1789000000.0,0.266,1.0,16255000000.0,0.291,0.0,208000000.0,122988000000.0,,8068000000.0,12111000000.0,0.0,12111000000.0,78047000000.0,33175000000.0,44872000000.0,235107699265.0,292000000.0,-278000000.0,-1097000000.0,-18000000.0,-1545000000.0,-2671000000.0,-2233000000.0,0.0,5079000000.0,117000000.0,4090000000.0,4090000000.0,4090000000.0,-449000000.0,0.0,0.073,10590000000.0,5665000000.0,25186000000.0,0.383,3.152,20.516,20.675,94940000000.0,0.0,34.94,1.15,1.15,21163000000.0,100961000000.0,55884000000.0,55884000000.0,311000000.0,,,,,0.0,3178000000.0,1.0,6728898090.0,6728898090.0,,8.305,152644000000.0,0.0,1715000000.0,20380000000.0,22.685,5116000000.0
75,XOM,MRQ,2002-09-30,2002-09-30,2002-09-30,2021-09-07,-4495000000.0,149473000000.0,,36543000000.0,112930000000.0,,11.053,-2884000000.0,6937000000.0,6937000000.0,39514000000.0,2640000000.0,1.105,1.001,10883000000.0,3773000000.0,7110000000.0,10883000000.0,0.0,2178000000.0,0.0,0.029,0.23,4546000000.0,6724000000.0,0.124,6724000000.0,4546000000.0,4495000000.0,0.39,0.39,0.39,74690000000.0,,74690000000.0,221171377566.0,14.0,9.077,4565000000.0,0.676,1.0,14584000000.0,0.27,0.0,51000000.0,120360000000.0,,8756000000.0,19471000000.0,0.0,19471000000.0,74783000000.0,33059000000.0,41724000000.0,215562377566.0,1237000000.0,181000000.0,-1033000000.0,-478000000.0,-1551000000.0,-3115000000.0,-3155000000.0,0.0,7449000000.0,58000000.0,2640000000.0,2640000000.0,2640000000.0,-11000000.0,0.0,0.049,9973000000.0,4611000000.0,24394000000.0,0.59,2.886,21.449,21.554,93459000000.0,0.0,31.9,1.103,1.103,18699000000.0,98416000000.0,54098000000.0,54098000000.0,162000000.0,,,,,0.0,2730000000.0,1.0,6757441303.0,6757441303.0,,8.006,149473000000.0,0.0,1855000000.0,21464000000.0,22.12,3484000000.0
76,XOM,MRQ,2002-06-30,2002-06-30,2002-06-30,2021-09-07,-3976000000.0,148232000000.0,,36137000000.0,112095000000.0,,11.076,-2837000000.0,5700000000.0,5700000000.0,36661000000.0,2640000000.0,1.157,0.973,11309000000.0,3702000000.0,7607000000.0,11309000000.0,0.0,2003000000.0,0.0,0.022,0.23,4343000000.0,6346000000.0,0.125,6346000000.0,4343000000.0,4292000000.0,0.4,0.39,0.4,75118000000.0,,75118000000.0,281411311391.0,17.0,11.295,1279000000.0,0.189,1.0,14143000000.0,0.278,0.0,51000000.0,122599000000.0,,8666000000.0,18905000000.0,0.0,18905000000.0,73114000000.0,31242000000.0,41872000000.0,277520311391.0,-922000000.0,110000000.0,-1059000000.0,535000000.0,-1558000000.0,-2283000000.0,-3133000000.0,0.0,4116000000.0,378000000.0,2640000000.0,2640000000.0,2640000000.0,-11000000.0,0.0,0.052,9794000000.0,4349000000.0,24140000000.0,0.575,3.694,26.206,26.4,93190000000.0,0.0,40.92,1.434,1.434,19584000000.0,97327000000.0,50804000000.0,50804000000.0,229000000.0,,,,,0.0,3310000000.0,1.0,6782021295.0,6782021295.0,,7.491,148232000000.0,0.0,1652000000.0,20781000000.0,21.857,4895000000.0
77,XOM,MRQ,2002-03-31,2002-03-31,2002-03-31,2021-09-07,-6668000000.0,142037000000.0,,35455000000.0,106582000000.0,,10.654,-2426000000.0,6622000000.0,6622000000.0,30753000000.0,2090000000.0,1.175,0.963,10513000000.0,3395000000.0,7118000000.0,10513000000.0,0.0,1998000000.0,0.0,0.021,0.23,3443000000.0,5441000000.0,0.125,5441000000.0,3443000000.0,3355000000.0,0.3,0.3,0.3,72367000000.0,,72367000000.0,301974577791.0,15.0,10.959,2198000000.0,0.324,1.0,12640000000.0,0.291,0.0,88000000.0,115750000000.0,,8321000000.0,17329000000.0,0.0,17329000000.0,69670000000.0,30178000000.0,39492000000.0,297719577791.0,75000000.0,768000000.0,-1310000000.0,-346000000.0,-1563000000.0,-3284000000.0,-1237000000.0,0.0,4624000000.0,-28000000.0,2090000000.0,2090000000.0,2090000000.0,-27000000.0,0.0,0.048,9209000000.0,3431000000.0,23159000000.0,0.767,4.114,23.99,24.215,89253000000.0,0.0,43.83,1.497,1.497,18640000000.0,96245000000.0,43393000000.0,43393000000.0,218000000.0,,,,,0.0,3137000000.0,1.0,6792598170.0,6792598170.0,,6.388,142037000000.0,0.0,1265000000.0,19786000000.0,20.911,5277000000.0
78,XOM,MRQ,2001-12-31,2001-12-31,2001-12-31,2021-09-07,-6590000000.0,143174000000.0,,35681000000.0,107493000000.0,,10.695,-3126000000.0,6547000000.0,6547000000.0,33587000000.0,2680000000.0,1.185,0.957,10802000000.0,3703000000.0,7099000000.0,10802000000.0,0.0,2044000000.0,0.0,0.023,0.23,3810000000.0,5854000000.0,0.124,5854000000.0,3810000000.0,3740000000.0,0.39,0.39,0.39,73161000000.0,,73161000000.0,270939809900.0,11.0,8.355,264000000.0,0.039,1.0,13601000000.0,0.288,0.0,70000000.0,117315000000.0,,7904000000.0,10768000000.0,0.0,10768000000.0,70013000000.0,30114000000.0,39899000000.0,268832809900.0,-2479000000.0,-845000000.0,-1355000000.0,-400000000.0,-1571000000.0,-3425000000.0,-2266000000.0,0.0,3390000000.0,-178000000.0,2680000000.0,2680000000.0,2680000000.0,-102000000.0,0.0,0.057,9744000000.0,3857000000.0,22862000000.0,0.59,3.675,17.548,17.623,89602000000.0,0.0,39.3,1.263,1.263,19549000000.0,95718000000.0,47188000000.0,47188000000.0,311000000.0,,,,,0.0,3427000000.0,1.0,6840529514.0,6840529514.0,,6.898,143174000000.0,0.0,1060000000.0,19908000000.0,20.93,5567000000.0
79,XOM,MRQ,2001-09-30,2001-09-30,2001-09-30,2021-09-07,-6124000000.0,147904000000.0,,40327000000.0,107577000000.0,,10.744,-2493000000.0,9026000000.0,9026000000.0,36575000000.0,3180000000.0,1.167,1.003,11133000000.0,3893000000.0,7240000000.0,11133000000.0,0.0,1957000000.0,0.0,0.023,0.23,5316000000.0,7273000000.0,0.14,7273000000.0,5316000000.0,5240000000.0,0.46,0.46,0.46,73825000000.0,,73825000000.0,272601510945.0,9.0,7.27,2762000000.0,0.402,1.0,15538000000.0,0.298,0.0,76000000.0,115446000000.0,,8615000000.0,18044000000.0,0.0,18044000000.0,74079000000.0,34565000000.0,39514000000.0,270720510945.0,-272000000.0,143000000.0,-1289000000.0,13000000.0,-1646000000.0,-3050000000.0,-2631000000.0,0.0,5255000000.0,154000000.0,3180000000.0,3180000000.0,3180000000.0,0.0,0.0,0.061,10097000000.0,5441000000.0,24632000000.0,0.5,3.667,15.158,15.154,89533000000.0,0.0,39.4,1.183,1.183,20512000000.0,94609000000.0,52113000000.0,52113000000.0,318000000.0,,,,,0.0,3196000000.0,1.0,6871078958.0,6871078958.0,,7.584,147904000000.0,0.0,2060000000.0,22178000000.0,21.526,5762000000.0
80,XOM,MRQ,2001-06-30,2001-06-30,2001-06-30,2021-09-07,-6635000000.0,147660000000.0,,41322000000.0,106338000000.0,,10.576,-2342000000.0,9298000000.0,9298000000.0,39014000000.0,4460000000.0,1.16,1.023,11179000000.0,3890000000.0,7289000000.0,11179000000.0,0.0,1871000000.0,0.0,0.02,0.23,7117000000.0,8988000000.0,0.16,8988000000.0,7117000000.0,7047000000.0,0.66,0.65,0.66,72974000000.0,,72974000000.0,303270710004.0,10.0,7.705,3173000000.0,0.46,1.0,17170000000.0,0.306,0.0,70000000.0,113927000000.0,,8395000000.0,17982000000.0,0.0,17982000000.0,74686000000.0,35614000000.0,39072000000.0,301346710004.0,-1608000000.0,458000000.0,-1406000000.0,-1694000000.0,-1515000000.0,-4904000000.0,-2222000000.0,0.0,5515000000.0,3000000.0,4460000000.0,4460000000.0,4460000000.0,0.0,0.0,0.079,10145000000.0,7025000000.0,25307000000.0,0.348,4.13,15.72,15.767,88356000000.0,0.0,43.675,1.281,1.281,21409000000.0,93006000000.0,56184000000.0,56184000000.0,266000000.0,,,,,0.0,3215000000.0,1.0,6899752948.0,6899752948.0,,8.143,147660000000.0,0.0,2587000000.0,22611000000.0,21.401,5708000000.0
81,XOM,MRQ,2001-03-31,2001-03-31,2001-03-31,2021-09-07,-6201000000.0,148786000000.0,,42527000000.0,106259000000.0,,10.402,-2028000000.0,10906000000.0,10906000000.0,38365000000.0,5000000000.0,1.138,1.07,12830000000.0,5560000000.0,7270000000.0,12830000000.0,0.0,1976000000.0,0.0,0.022,0.22,8337000000.0,10313000000.0,0.18,10313000000.0,8337000000.0,8260000000.0,0.72,0.71,0.72,71889000000.0,,71889000000.0,286249143823.0,9.0,7.215,6701000000.0,0.97,1.0,18935000000.0,0.33,0.0,77000000.0,113349000000.0,,8382000000.0,18253000000.0,0.0,18253000000.0,76897000000.0,37361000000.0,39536000000.0,279888143823.0,3826000000.0,287000000.0,-1370000000.0,-691000000.0,-1522000000.0,-3662000000.0,-1092000000.0,0.0,8729000000.0,-149000000.0,5000000000.0,5000000000.0,5000000000.0,0.0,0.0,0.087,10426000000.0,8509000000.0,25164000000.0,0.306,3.893,14.547,14.621,88006000000.0,0.0,40.5,1.191,1.191,21117000000.0,90130000000.0,57300000000.0,57300000000.0,280000000.0,,,,,0.0,3060000000.0,1.0,6910818366.0,6910818366.0,,8.291,148786000000.0,0.0,3260000000.0,22994000000.0,21.529,5166000000.0
82,XOM,MRQ,2000-12-31,2000-12-31,2000-12-31,2021-09-07,-5189000000.0,149000000000.0,,40399000000.0,108601000000.0,,10.177,-2610000000.0,7080000000.0,7080000000.0,44242000000.0,5220000000.0,1.058,1.106,13441000000.0,6161000000.0,7280000000.0,13441000000.0,1166000000.0,2033000000.0,0.0,0.02,0.22,8892000000.0,10925000000.0,0.173,10925000000.0,8892000000.0,8711000000.0,0.76,0.75,0.76,70757000000.0,,70757000000.0,309816907740.0,11.0,8.287,3465000000.0,0.498,1.0,18999000000.0,0.3,0.0,181000000.0,117170000000.0,,8304000000.0,12618000000.0,0.0,12618000000.0,78243000000.0,38191000000.0,40052000000.0,302219907740.0,436000000.0,408000000.0,-1198000000.0,-1388000000.0,-1527000000.0,-4294000000.0,-1595000000.0,41000000.0,6075000000.0,250000000.0,5220000000.0,5220000000.0,5220000000.0,-184000000.0,0.0,0.083,10449000000.0,8550000000.0,26755000000.0,0.289,4.271,17.055,17.047,89829000000.0,0.0,43.47,1.304,1.304,22996000000.0,86652000000.0,63241000000.0,63241000000.0,325000000.0,,,,,0.0,2979000000.0,1.0,6952378830.0,6952378830.0,,9.096,149000000000.0,0.0,3491000000.0,21717000000.0,21.432,2208000000.0
83,XOM,MRQ,2000-09-30,2000-09-30,2000-09-30,2021-09-07,-5299000000.0,148252000000.0,,39449000000.0,108803000000.0,,9.775,-2035000000.0,6644000000.0,6644000000.0,41775000000.0,4490000000.0,0.992,1.177,14241000000.0,6713000000.0,7528000000.0,14241000000.0,0.0,1901000000.0,0.0,0.02,0.22,7235000000.0,9136000000.0,0.156,9136000000.0,7235000000.0,7127000000.0,0.63,0.63,0.63,68111000000.0,,68111000000.0,319258107243.0,13.0,9.934,3373000000.0,0.484,1.0,16793000000.0,0.287,0.0,108000000.0,116074000000.0,,8540000000.0,18738000000.0,2000000.0,18736000000.0,80141000000.0,39775000000.0,40366000000.0,310445107243.0,831000000.0,505000000.0,-856000000.0,-2000000.0,-1533000000.0,-2485000000.0,-1810000000.0,0.0,5408000000.0,-282000000.0,4490000000.0,4490000000.0,4490000000.0,0.0,0.0,0.077,9915000000.0,6878000000.0,27646000000.0,0.349,4.558,20.999,21.017,90067000000.0,0.0,44.555,1.391,1.391,21601000000.0,82959000000.0,58568000000.0,58568000000.0,235000000.0,,,,,0.0,3358000000.0,1.0,6967682802.0,6967682802.0,,8.406,148252000000.0,0.0,2637000000.0,5416000000.0,21.277,-326000000.0
84,XOM,MRQ,2000-06-30,2000-06-30,2000-06-30,2021-09-07,-4313000000.0,146618000000.0,,37051000000.0,109567000000.0,,9.614,-2032000000.0,5813000000.0,5813000000.0,39421000000.0,4530000000.0,0.96,1.19,14626000000.0,6617000000.0,8009000000.0,14626000000.0,0.0,1939000000.0,0.0,0.022,0.22,7362000000.0,9301000000.0,0.166,9301000000.0,7362000000.0,7236000000.0,0.66,0.65,0.66,66936000000.0,,66936000000.0,285719437158.0,14.0,9.976,3932000000.0,0.565,1.0,16535000000.0,0.296,0.0,126000000.0,116839000000.0,,8499000000.0,18314000000.0,50000000.0,18264000000.0,79682000000.0,38592000000.0,41090000000.0,273268437158.0,2885000000.0,1227000000.0,86000000.0,-784000000.0,-1532000000.0,-2328000000.0,-751000000.0,0.0,5964000000.0,0.0,4530000000.0,4530000000.0,4530000000.0,0.0,0.0,0.081,9593000000.0,6942000000.0,27217000000.0,0.333,4.083,21.893,21.745,91303000000.0,0.0,39.25,1.279,1.279,20285000000.0,80002000000.0,55956000000.0,55956000000.0,166000000.0,,,,,0.0,2830000000.0,1.0,6962253176.0,6962253176.0,,8.037,146618000000.0,0.0,2706000000.0,4758000000.0,21.059,-1541000000.0
85,XOM,MRQ,2000-03-31,2000-03-31,2000-03-31,2021-09-07,-3529000000.0,143238000000.0,,32380000000.0,110858000000.0,,9.283,-1769000000.0,2928000000.0,2928000000.0,38539000000.0,3480000000.0,0.87,1.217,15379000000.0,7370000000.0,8009000000.0,15379000000.0,0.0,2128000000.0,0.0,0.022,0.22,5895000000.0,8023000000.0,0.148,8023000000.0,5895000000.0,5721000000.0,0.5,0.495,0.5,64605000000.0,,64605000000.0,288715580212.0,18.0,11.959,3721000000.0,0.535,1.0,15542000000.0,0.287,0.0,174000000.0,118468000000.0,,8184000000.0,18362000000.0,57000000.0,18305000000.0,78633000000.0,37221000000.0,41412000000.0,271431580212.0,1240000000.0,1982000000.0,109000000.0,-3531000000.0,-1531000000.0,-5058000000.0,858000000.0,0.0,5490000000.0,-50000000.0,3480000000.0,3480000000.0,3480000000.0,0.0,0.0,0.064,10030000000.0,5512000000.0,25631000000.0,0.44,4.201,27.401,27.273,92553000000.0,0.0,39.0,1.351,1.351,19083000000.0,77004000000.0,54081000000.0,54081000000.0,210000000.0,,,,,0.0,2877000000.0,1.0,6959784108.0,6959784108.0,,7.77,143238000000.0,0.0,2241000000.0,4220000000.0,20.581,-4841000000.0
86,XOM,MRQ,1999-12-31,1999-12-31,1999-12-31,2021-09-07,-2568000000.0,144521000000.0,,31141000000.0,113380000000.0,,13.071,-2635000000.0,1688000000.0,1688000000.0,39746000000.0,2284000000.0,0.804,1.277,18972000000.0,10570000000.0,8402000000.0,18972000000.0,1079000000.0,2153000000.0,0.0,0.021,0.22,3525000000.0,5678000000.0,0.104,5678000000.0,3525000000.0,3297000000.0,0.33,0.32,0.33,63466000000.0,,63466000000.0,203676386185.0,17.0,10.109,1617000000.0,0.333,1.0,14836000000.0,0.272,0.0,228000000.0,123072000000.0,,8492000000.0,14617000000.0,73000000.0,14544000000.0,81055000000.0,38733000000.0,42322000000.0,195582386185.0,-627000000.0,-1102000000.0,22000000.0,-359000000.0,-1509000000.0,-1862000000.0,-3022000000.0,-19000000.0,4252000000.0,5000000.0,2284000000.0,2284000000.0,2284000000.0,0.0,0.0,0.042,11234000000.0,3602000000.0,25492000000.0,0.667,3.082,24.726,35.333,94043000000.0,0.0,40.28,1.054,1.054,19155000000.0,75055000000.0,54582000000.0,54582000000.0,422000000.0,,,,,0.0,3799000000.0,1.0,4855570660.0,4855570660.0,,11.241,144521000000.0,0.0,1013000000.0,18922000000.0,29.764,-7592000000.0
87,XOM,MRQ,1999-09-30,1999-09-30,1999-09-30,2021-09-07,-1322000000.0,94394000000.0,,18048000000.0,76346000000.0,,9.028,-2483000000.0,1151000000.0,1151000000.0,35682000000.0,2188000000.0,0.836,1.153,9245000000.0,4820000000.0,4425000000.0,9245000000.0,0.0,1991000000.0,0.0,0.022,0.205,3649000000.0,5640000000.0,0.115,5640000000.0,3649000000.0,3492000000.0,0.315,0.31,0.315,43834000000.0,,43834000000.0,192450685080.0,14.0,7.88,1757000000.0,0.362,1.0,13304000000.0,0.272,0.0,157000000.0,80909000000.0,,4895000000.0,10386000000.0,39000000.0,10347000000.0,50560000000.0,21579000000.0,28981000000.0,184511685080.0,140000000.0,78000000.0,-52000000.0,101000000.0,-1453000000.0,-1483000000.0,-2692000000.0,0.0,4240000000.0,75000000.0,2188000000.0,2188000000.0,2188000000.0,0.0,0.0,0.045,9603000000.0,3701000000.0,15410000000.0,0.651,4.209,20.825,38.974,65999000000.0,0.0,38.0,0.867,0.867,10778000000.0,55312000000.0,48986000000.0,48986000000.0,285000000.0,,,,,0.0,2753000000.0,1.0,4855570660.0,4855570660.0,,10.089,94394000000.0,0.0,1304000000.0,1349000000.0,19.44,-3531000000.0
88,XOM,MRQ,1999-06-30,1999-06-30,1999-06-30,2021-09-07,-1881000000.0,91235000000.0,,16429000000.0,74806000000.0,,8.821,-3074000000.0,1328000000.0,1328000000.0,30987000000.0,1954000000.0,0.834,1.13,9267000000.0,4770000000.0,4497000000.0,9267000000.0,0.0,1989000000.0,0.0,0.021,0.205,2812000000.0,4801000000.0,0.111,4801000000.0,2812000000.0,2684000000.0,0.285,0.28,0.285,42829000000.0,,42829000000.0,194245811359.0,16.0,8.781,387000000.0,0.08,1.0,12290000000.0,0.284,0.0,128000000.0,79464000000.0,,4787000000.0,9824000000.0,20000000.0,9804000000.0,48406000000.0,19710000000.0,28696000000.0,187230811359.0,-156000000.0,286000000.0,-215000000.0,1303000000.0,-1455000000.0,-624000000.0,-2970000000.0,0.0,3461000000.0,-23000000.0,1954000000.0,1954000000.0,1954000000.0,0.0,0.0,0.045,9471000000.0,2819000000.0,13734000000.0,0.719,4.372,23.195,40.589,65002000000.0,0.0,38.56,0.974,0.974,9107000000.0,54807000000.0,43277000000.0,43277000000.0,297000000.0,,,,,0.0,3338000000.0,1.0,4855570834.0,4855570834.0,,8.913,91235000000.0,0.0,730000000.0,1206000000.0,18.79,-3281000000.0
89,XOM,MRQ,1999-03-31,1999-03-31,1999-03-31,2021-09-07,-1598000000.0,90731000000.0,,16709000000.0,74022000000.0,,8.856,-2657000000.0,1385000000.0,1385000000.0,27007000000.0,1484000000.0,0.885,1.11,8400000000.0,3837000000.0,4563000000.0,8400000000.0,0.0,2171000000.0,0.0,0.023,0.205,1859000000.0,4030000000.0,0.104,4030000000.0,1859000000.0,1677000000.0,0.21,0.21,0.21,43002000000.0,,43002000000.0,178651390681.0,15.0,8.527,403000000.0,0.083,1.0,11675000000.0,0.302,0.0,182000000.0,78874000000.0,,4947000000.0,9627000000.0,20000000.0,9607000000.0,47729000000.0,18872000000.0,28857000000.0,171314390681.0,-55000000.0,234000000.0,-77000000.0,789000000.0,-1455000000.0,-810000000.0,-2301000000.0,0.0,3060000000.0,-4000000.0,1484000000.0,1484000000.0,1484000000.0,0.0,0.0,0.038,9807000000.0,1868000000.0,13670000000.0,0.976,3.984,22.139,35.457,64415000000.0,0.0,35.28,0.96,0.96,9161000000.0,54598000000.0,38682000000.0,38682000000.0,242000000.0,,,,,0.0,3244000000.0,1.0,4855850076.0,4855850076.0,,7.966,90731000000.0,0.0,193000000.0,1365000000.0,18.685,-2163000000.0
90,XOM,MRQ,1998-12-31,1998-12-31,1998-12-31,2021-09-07,-1981000000.0,139335000000.0,,28594000000.0,110741000000.0,,12.775,-6895000000.0,2386000000.0,2386000000.0,54962000000.0,3234000000.0,0.846,1.243,17016000000.0,8484000000.0,8532000000.0,17016000000.0,1524000000.0,4375000000.0,0.0,0.022,0.205,5578000000.0,9953000000.0,0.122,9953000000.0,5578000000.0,5076000000.0,0.165,0.16,0.165,62120000000.0,,62120000000.0,185221514933.0,15.0,8.847,189000000.0,0.039,1.0,26855000000.0,0.328,0.0,502000000.0,120184000000.0,,8692000000.0,13965000000.0,50000000.0,13915000000.0,77215000000.0,33781000000.0,43434000000.0,177771514933.0,-712000000.0,112000000.0,-804000000.0,2571000000.0,-2829000000.0,-1376000000.0,-6433000000.0,-3000000.0,7084000000.0,13000000.0,3234000000.0,3234000000.0,3234000000.0,0.0,0.0,0.04,21141000000.0,5714000000.0,23154000000.0,1.242,2.862,22.018,31.654,92583000000.0,0.0,36.56,1.048,1.048,15829000000.0,75109000000.0,81817000000.0,81817000000.0,883000000.0,,,,,0.0,6636000000.0,1.0,4862459380.0,4862459380.0,,16.826,139335000000.0,0.0,1842000000.0,18892000000.0,28.655,-5187000000.0
91,XOM,MRQ,1998-09-30,1998-09-30,1998-09-30,2021-09-07,-846000000.0,95227000000.0,,18077000000.0,77150000000.0,,8.985,-2149000000.0,2101000000.0,2101000000.0,20067000000.0,1400000000.0,0.963,1.176,9551000000.0,2639000000.0,6912000000.0,9551000000.0,0.0,1290000000.0,0.0,0.023,0.205,2046000000.0,3336000000.0,0.117,3336000000.0,2046000000.0,2040000000.0,0.29,0.29,0.29,43759000000.0,,43759000000.0,178995280165.0,10.0,6.994,1359000000.0,0.279,1.0,8429000000.0,0.296,0.0,6000000.0,83912000000.0,,5462000000.0,8981000000.0,108000000.0,8873000000.0,51468000000.0,18765000000.0,32703000000.0,172200280165.0,-588000000.0,43000000.0,-583000000.0,-22000000.0,-1001000000.0,-1652000000.0,-2486000000.0,0.0,3508000000.0,42000000.0,1400000000.0,1400000000.0,1400000000.0,0.0,0.0,0.049,6342000000.0,2087000000.0,14269000000.0,0.707,3.935,16.227,24.352,68277000000.0,0.0,35.31,0.919,0.918,9293000000.0,54113000000.0,28496000000.0,28496000000.0,202000000.0,,,,,0.0,2106000000.0,1.0,4876813372.0,4870000000.0,4930000000.0,5.851,95227000000.0,0.0,640000000.0,1857000000.0,19.554,-688000000.0
92,XOM,MRQ,1998-06-30,1998-06-30,1998-06-30,2021-09-07,-1424000000.0,93216000000.0,,18280000000.0,74936000000.0,,8.874,-2007000000.0,2689000000.0,2689000000.0,20531000000.0,1620000000.0,1.043,1.15,9484000000.0,2557000000.0,6927000000.0,9484000000.0,0.0,1346000000.0,0.0,0.023,0.205,2286000000.0,3632000000.0,0.124,3632000000.0,2286000000.0,2258000000.0,0.33,0.325,0.33,43357000000.0,,43357000000.0,180616526127.0,10.0,6.834,822000000.0,0.168,1.0,8834000000.0,0.301,0.0,28000000.0,82479000000.0,,5119000000.0,8205000000.0,21000000.0,8184000000.0,49859000000.0,17532000000.0,32327000000.0,174627526127.0,-1152000000.0,135000000.0,-856000000.0,-126000000.0,-1004000000.0,-2043000000.0,-1916000000.0,0.0,2829000000.0,-22000000.0,1620000000.0,1620000000.0,1620000000.0,0.0,0.0,0.055,6526000000.0,2308000000.0,13280000000.0,0.621,4.028,15.829,23.324,66752000000.0,0.0,35.685,0.911,0.91,9396000000.0,53713000000.0,29365000000.0,29365000000.0,237000000.0,,,,,0.0,2179000000.0,1.0,4893583470.0,4886000000.0,4950000000.0,6.01,93216000000.0,0.0,638000000.0,1695000000.0,19.078,748000000.0
93,XOM,MRQ,1998-03-31,1998-03-31,1998-03-31,2021-09-07,-1148000000.0,94953000000.0,,20041000000.0,74912000000.0,,8.924,-1679000000.0,3841000000.0,3841000000.0,20714000000.0,1820000000.0,1.079,1.171,9830000000.0,2753000000.0,7077000000.0,9830000000.0,0.0,1344000000.0,0.0,0.024,0.205,2671000000.0,4015000000.0,0.134,4015000000.0,2671000000.0,2639000000.0,0.37,0.365,0.37,43745000000.0,,43745000000.0,171550787068.0,9.0,6.253,1336000000.0,0.273,1.0,9250000000.0,0.309,0.0,32000000.0,82366000000.0,,5209000000.0,8206000000.0,20000000.0,8186000000.0,51208000000.0,18576000000.0,32632000000.0,165645787068.0,-207000000.0,125000000.0,-797000000.0,-205000000.0,-1009000000.0,-2065000000.0,-1147000000.0,0.0,3015000000.0,-10000000.0,1820000000.0,1820000000.0,1820000000.0,0.0,0.0,0.061,6443000000.0,2807000000.0,13573000000.0,0.554,3.787,14.56,21.197,66726000000.0,0.0,33.81,0.843,0.843,9967000000.0,53096000000.0,29964000000.0,29964000000.0,184000000.0,,,,,0.0,2004000000.0,1.0,4899313430.0,4902000000.0,4966000000.0,6.113,94953000000.0,0.0,819000000.0,2250000000.0,19.37,1465000000.0
94,XOM,MRQ,1997-12-31,1997-12-31,1997-12-31,2021-09-07,-1119000000.0,96064000000.0,,21192000000.0,74872000000.0,,8.853,-6352000000.0,4047000000.0,4047000000.0,66948000000.0,5772000000.0,1.078,1.2,9952000000.0,2902000000.0,7050000000.0,9952000000.0,575000000.0,4160000000.0,0.0,0.027,0.205,10449000000.0,14609000000.0,0.147,14609000000.0,10449000000.0,9875000000.0,0.46,0.455,0.46,43660000000.0,,43660000000.0,156036111529.0,8.0,5.489,3075000000.0,0.624,1.0,32618000000.0,0.328,0.0,574000000.0,82315000000.0,,5487000000.0,5220000000.0,15000000.0,5205000000.0,52404000000.0,19654000000.0,32750000000.0,150889111529.0,-929000000.0,121000000.0,-1143000000.0,-877000000.0,-2733000000.0,-4624000000.0,-5634000000.0,365000000.0,9427000000.0,-98000000.0,5772000000.0,5772000000.0,5772000000.0,0.0,0.0,0.058,21942000000.0,10676000000.0,14683000000.0,0.446,3.456,12.861,18.431,66414000000.0,0.0,30.595,0.748,0.748,10702000000.0,52214000000.0,99566000000.0,99566000000.0,772000000.0,,,,,0.0,7298000000.0,1.0,4931822570.0,4931822570.0,,20.188,96064000000.0,0.0,4103000000.0,15521000000.0,19.478,1538000000.0
95,XOM,MRQ,1997-09-30,1997-09-30,1997-09-30,2021-09-07,-600000000.0,97123000000.0,,21686000000.0,75437000000.0,,8.777,-1908000000.0,4781000000.0,4781000000.0,23033000000.0,1820000000.0,1.071,1.24,9928000000.0,2647000000.0,7281000000.0,9928000000.0,0.0,1299000000.0,0.0,0.025,0.205,2873000000.0,4172000000.0,0.127,4172000000.0,2873000000.0,2766000000.0,0.37,0.365,0.37,43356000000.0,,43356000000.0,163471908893.0,12.0,8.517,1988000000.0,0.402,1.0,9716000000.0,0.297,0.0,107000000.0,82020000000.0,,5486000000.0,8447000000.0,18000000.0,8429000000.0,53767000000.0,20250000000.0,33517000000.0,158507908893.0,-162000000.0,166000000.0,-641000000.0,-182000000.0,-1017000000.0,-1927000000.0,-2078000000.0,0.0,3896000000.0,-53000000.0,1820000000.0,1820000000.0,1820000000.0,0.0,0.0,0.056,6747000000.0,2969000000.0,14966000000.0,0.554,3.656,18.747,18.841,67008000000.0,0.0,32.03,1.135,1.133,10248000000.0,50727000000.0,32749000000.0,32749000000.0,174000000.0,,,,,0.0,2088000000.0,1.0,4948732716.0,4940000000.0,5012000000.0,6.629,97123000000.0,0.0,946000000.0,2637000000.0,19.661,1436000000.0
96,XOM,MRQ,1997-06-30,1997-06-30,1997-06-30,2021-09-07,57000000.0,94920000000.0,,20794000000.0,74126000000.0,,8.841,-1900000000.0,4720000000.0,4720000000.0,23921000000.0,1965000000.0,1.11,1.166,9684000000.0,2643000000.0,7041000000.0,9684000000.0,0.0,1374000000.0,0.0,0.026,0.205,3263000000.0,4637000000.0,0.135,4637000000.0,3263000000.0,3157000000.0,0.395,0.39,0.395,43815000000.0,,43815000000.0,156662165855.0,12.0,8.257,1653000000.0,0.334,1.0,10307000000.0,0.301,0.0,106000000.0,81152000000.0,,5136000000.0,8628000000.0,22000000.0,8606000000.0,51105000000.0,18732000000.0,32373000000.0,152085165855.0,-570000000.0,110000000.0,-748000000.0,-142000000.0,-1021000000.0,-2098000000.0,-2018000000.0,0.0,3553000000.0,-7000000.0,1965000000.0,1965000000.0,1965000000.0,0.0,0.0,0.057,6948000000.0,3359000000.0,13691000000.0,0.519,3.471,18.558,18.674,65520000000.0,0.0,30.625,1.084,1.082,9814000000.0,49923000000.0,34228000000.0,34228000000.0,141000000.0,,,,,0.0,2158000000.0,1.0,4966046232.0,4956000000.0,5026000000.0,6.906,94920000000.0,0.0,1192000000.0,2398000000.0,19.153,2062000000.0
97,XOM,MRQ,1997-03-31,1997-03-31,1997-03-31,2021-09-07,229000000.0,95647000000.0,,21768000000.0,73879000000.0,,8.79,-1492000000.0,5263000000.0,5263000000.0,24589000000.0,2175000000.0,1.138,1.19,9840000000.0,2617000000.0,7223000000.0,9840000000.0,0.0,1395000000.0,0.0,0.029,0.198,3615000000.0,5010000000.0,0.142,5010000000.0,3615000000.0,3539000000.0,0.435,0.43,0.435,43670000000.0,,43670000000.0,140639374136.0,11.0,7.631,3074000000.0,0.619,1.0,10614000000.0,0.302,0.0,76000000.0,81095000000.0,,5064000000.0,8405000000.0,19000000.0,8386000000.0,51977000000.0,19129000000.0,32848000000.0,133844374136.0,2562000000.0,55000000.0,-166000000.0,293000000.0,-986000000.0,-930000000.0,-1105000000.0,0.0,4566000000.0,31000000.0,2175000000.0,2175000000.0,2175000000.0,0.0,0.0,0.062,6892000000.0,3722000000.0,13860000000.0,0.455,3.065,17.16,17.268,65493000000.0,0.0,26.938,0.968,0.968,10347000000.0,48978000000.0,35203000000.0,35203000000.0,165000000.0,,,,,0.0,2030000000.0,1.0,4968700664.0,4968000000.0,5034000000.0,7.086,95647000000.0,0.0,1364000000.0,2652000000.0,19.253,2639000000.0
98,XOM,MRQ,1996-12-31,1996-12-31,1996-12-31,2021-09-07,1126000000.0,95527000000.0,,19910000000.0,75617000000.0,,8.763,-2108000000.0,2951000000.0,2951000000.0,26316000000.0,2495000000.0,1.021,1.194,9746000000.0,2510000000.0,7236000000.0,9746000000.0,660000000.0,1344000000.0,0.0,0.032,0.198,4031000000.0,5375000000.0,0.143,5375000000.0,4031000000.0,3876000000.0,0.5,,0.5,43542000000.0,,43542000000.0,,,,854000000.0,0.172,1.0,11196000000.0,0.298,0.0,155000000.0,82817000000.0,,5285000000.0,6028000000.0,18000000.0,6010000000.0,51985000000.0,19505000000.0,32480000000.0,121733166268.0,41000000.0,-463000000.0,-133000000.0,36000000.0,-987000000.0,-1142000000.0,-1830000000.0,785000000.0,2962000000.0,51000000.0,2495000000.0,2495000000.0,2495000000.0,0.0,0.0,0.067,7072000000.0,4124000000.0,14510000000.0,0.396,2.796,16.209,16.279,66607000000.0,0.0,24.5,0.907,0.907,10499000000.0,57156000000.0,37512000000.0,37512000000.0,279000000.0,,,,,0.0,1954000000.0,1.0,4968700664.0,4968700664.0,,7.55,95527000000.0,0.0,1381000000.0,15960000000.0,19.226,405000000.0
99,XOM,MRQ,1996-09-30,1996-09-30,1996-09-30,2021-09-07,,,,,,,,-1842000000.0,,,23850000000.0,1560000000.0,,,,,,,,1307000000.0,,0.037,0.198,2644000000.0,3951000000.0,0.119,3951000000.0,2644000000.0,2547000000.0,0.31,,0.31,,,,,,,1298000000.0,0.261,1.0,9471000000.0,0.284,,97000000.0,,,,,,,,,,,-312000000.0,202000000.0,-78000000.0,-379000000.0,-987000000.0,-1817000000.0,-1631000000.0,0.0,3140000000.0,-4000000.0,1560000000.0,1560000000.0,1560000000.0,0.0,0.0,0.047,6755000000.0,2716000000.0,,0.639,,,,,0.0,20.812,,,,,33321000000.0,33321000000.0,195000000.0,,,,,0.0,2051000000.0,1.0,,4967800000.0,,6.707,,,987000000.0,,,
100,XOM,MRQ,1996-06-30,1996-06-30,1996-06-30,2021-09-07,,,,,,,,-1846000000.0,,,22598000000.0,1570000000.0,,,,,,,,1306000000.0,,0.035,0.198,2788000000.0,4094000000.0,0.127,4094000000.0,2788000000.0,2652000000.0,0.315,,0.315,,,,,,,1137000000.0,0.229,1.0,9613000000.0,0.298,,136000000.0,,,,,,,,,,,-301000000.0,143000000.0,-191000000.0,26000000.0,-988000000.0,-1266000000.0,-2021000000.0,0.0,2983000000.0,3000000.0,1570000000.0,1570000000.0,1570000000.0,0.0,0.0,0.049,6745000000.0,2868000000.0,,0.629,,,,,0.0,21.718,,,,,32211000000.0,32211000000.0,149000000.0,,,,,0.0,2020000000.0,1.0,,4968200000.0,,6.483,,,1082000000.0,,,
101,XOM,MRQ,1996-03-31,1996-03-31,1996-03-31,2021-09-07,,,,,,,,-1413000000.0,,,21413000000.0,1885000000.0,,,,,,,,1372000000.0,,0.037,0.188,2917000000.0,4289000000.0,0.137,4289000000.0,2917000000.0,2841000000.0,0.38,,0.38,,,,,,,2664000000.0,0.536,1.0,9792000000.0,0.314,,76000000.0,,,,,,,,,,,2015000000.0,27000000.0,-52000000.0,63000000.0,-940000000.0,-1014000000.0,-1033000000.0,0.0,4077000000.0,-15000000.0,1885000000.0,1885000000.0,1885000000.0,0.0,0.0,0.06,6736000000.0,3056000000.0,,0.495,,,,,0.0,20.375,,,,,31205000000.0,31205000000.0,140000000.0,,,,,0.0,1936000000.0,1.0,,4967800000.0,,6.281,,,956000000.0,,,
102,XOM,MRQ,1995-12-31,1995-12-31,1995-12-31,2021-09-07,1339000000.0,91296000000.0,,17318000000.0,73978000000.0,,,,1508000000.0,1508000000.0,,,0.924,1.258,10025000000.0,2247000000.0,7778000000.0,10025000000.0,975000000.0,,0.0,0.037,0.188,,,,,,,,,,40436000000.0,,40436000000.0,,,,,,1.0,,,0.0,,81077000000.0,,5681000000.0,5978000000.0,281000000.0,5697000000.0,50860000000.0,18736000000.0,32124000000.0,,,,,,,,,,,,,,,,,,,,14113000000.0,,,,15.66,65446000000.0,,20.28,,,8925000000.0,53539000000.0,,,,,,,,,,1.0,,,,,91296000000.0,0.0,,14807000000.0,,-1418000000.0
0,XOM,MRT,2021-06-30,2021-06-30,2021-06-30,2021-09-07,-15586000000.0,337289000000.0,340463000000.0,52842000000.0,284447000000.0,0.645,37.456,-12067000000.0,3465000000.0,3465000000.0,146327000000.0,-13735000000.0,0.849,1.083,60612000000.0,15293000000.0,45319000000.0,60612000000.0,0.0,45230000000.0,0.0,0.055,3.48,-15577000000.0,29653000000.0,0.135,29653000000.0,-15577000000.0,-16681000000.0,-3.11,-3.11,-3.11,158571000000.0,162523750000.0,158571000000.0,326858634884.0,-21.0,11.023,15241000000.0,3.6,1.0,73301000000.0,0.334,0.0,1104000000.0,332198000000.0,341707500000.0,19275000000.0,44774000000.0,0.0,44774000000.0,171733000000.0,62238000000.0,109495000000.0,267051634884.0,-9111000000.0,-3076000000.0,-101000000.0,-9475000000.0,-14872000000.0,-24584000000.0,-12082000000.0,557000000.0,27308000000.0,247000000.0,-13330000000.0,-13330000000.0,-13330000000.0,0.0,-405000000.0,-0.061,89283000000.0,-15982000000.0,45780000000.0,-1.119,1.684,-20.034,-20.283,223012000000.0,0.0,63.08,1.216,1.216,28540000000.0,383922000000.0,219628000000.0,219628000000.0,1123000000.0,-0.039,-0.082,-0.046,-0.071,0.0,9953000000.0,1.0,4233538917.0,4233538917.0,,51.878,337289000000.0,0.0,-3351000000.0,19676000000.0,79.671,-9396000000.0
1,XOM,MRT,2021-03-31,2021-03-31,2021-03-31,2021-09-07,-16090000000.0,333770000000.0,346514500000.0,48195000000.0,285575000000.0,0.532,37.079,-13737000000.0,3515000000.0,3515000000.0,120475000000.0,-19685000000.0,0.801,1.081,63322000000.0,18185000000.0,45137000000.0,63322000000.0,0.0,45194000000.0,0.0,0.062,3.48,-23281000000.0,21913000000.0,0.119,21913000000.0,-23281000000.0,-24448000000.0,-4.47,-4.47,-4.47,156974000000.0,167926750000.0,156974000000.0,299631364823.0,-13.0,13.674,3921000000.0,0.926,1.0,64016000000.0,0.347,0.0,1167000000.0,333427000000.0,348949000000.0,18357000000.0,44181000000.0,0.0,44181000000.0,169669000000.0,60150000000.0,109519000000.0,236355364823.0,-7897000000.0,-3608000000.0,-101000000.0,3316000000.0,-14866000000.0,-11285000000.0,-14447000000.0,350000000.0,17658000000.0,177000000.0,-19100000000.0,-19100000000.0,-19100000000.0,0.0,-585000000.0,-0.104,87882000000.0,-23866000000.0,41017000000.0,-0.779,1.506,-12.375,-12.49,224641000000.0,0.0,55.83,1.281,1.281,24755000000.0,382953000000.0,184491000000.0,184491000000.0,1161000000.0,-0.055,-0.114,-0.067,-0.126,0.0,10017000000.0,1.0,4233483160.0,4233483160.0,,43.579,333770000000.0,0.0,-5348000000.0,19061000000.0,78.841,-11955000000.0
2,XOM,MRT,2020-12-31,2020-12-31,2020-12-31,2021-09-07,-16705000000.0,332750000000.0,352023000000.0,44893000000.0,287857000000.0,0.516,37.167,-17282000000.0,4364000000.0,4364000000.0,120129000000.0,-23251000000.0,0.796,1.073,67640000000.0,20458000000.0,47182000000.0,67640000000.0,0.0,46009000000.0,0.0,0.084,3.48,-26914000000.0,19095000000.0,0.105,19095000000.0,-26914000000.0,-28072000000.0,-5.25,-5.25,-5.25,157150000000.0,174203000000.0,157150000000.0,234254810179.0,-9.0,12.268,-2614000000.0,-0.618,1.0,61373000000.0,0.338,0.0,1158000000.0,339663000000.0,350400000000.0,18850000000.0,43515000000.0,0.0,43515000000.0,168620000000.0,56363000000.0,112257000000.0,174287810179.0,1275000000.0,-3858000000.0,-405000000.0,20141000000.0,-14865000000.0,5285000000.0,-18459000000.0,0.0,14668000000.0,-219000000.0,-22440000000.0,-22440000000.0,-22440000000.0,0.0,-811000000.0,-0.124,89098000000.0,-27725000000.0,35221000000.0,-0.663,1.109,-7.767,-7.851,227553000000.0,0.0,41.22,0.96,0.96,20581000000.0,383943000000.0,181502000000.0,181502000000.0,1285000000.0,-0.064,-0.129,-0.077,-0.148,0.0,10168000000.0,1.0,4228234114.0,4228234114.0,,42.926,332750000000.0,0.0,-5632000000.0,18849000000.0,78.697,-11470000000.0
3,XOM,MRT,2020-09-30,2020-09-30,2020-09-30,2021-09-07,-20189000000.0,358043000000.0,359484750000.0,48693000000.0,309350000000.0,0.562,41.956,-20357000000.0,8832000000.0,8832000000.0,131977000000.0,3082000000.0,0.862,0.978,68799000000.0,21911000000.0,46888000000.0,68799000000.0,0.0,20641000000.0,0.0,0.101,3.48,5428000000.0,26069000000.0,0.129,26069000000.0,5428000000.0,4382000000.0,0.78,0.78,0.78,177400000000.0,182828000000.0,177400000000.0,202094248777.0,37.0,7.752,-3342000000.0,-0.79,1.0,70158000000.0,0.347,0.0,1046000000.0,361542000000.0,351094000000.0,17885000000.0,43609000000.0,0.0,43609000000.0,173431000000.0,56468000000.0,116963000000.0,145155248777.0,3481000000.0,-1624000000.0,-478000000.0,21010000000.0,-14866000000.0,6112000000.0,-19421000000.0,129000000.0,17015000000.0,-225000000.0,3320000000.0,3320000000.0,3320000000.0,0.0,-238000000.0,0.016,64968000000.0,5190000000.0,33340000000.0,4.462,0.818,43.721,44.013,250496000000.0,0.0,34.33,0.718,0.718,19974000000.0,407728000000.0,202135000000.0,202135000000.0,1047000000.0,0.009,0.018,0.015,0.027,0.0,10480000000.0,1.0,4228233288.0,4228233288.0,,47.806,358043000000.0,0.0,1062000000.0,25684000000.0,84.679,-7775000000.0
4,XOM,MRT,2020-06-30,2020-06-30,2020-06-30,2021-09-07,-21617000000.0,361495000000.0,359814250000.0,53016000000.0,308479000000.0,0.614,42.614,-23351000000.0,12576000000.0,12576000000.0,143641000000.0,7038000000.0,0.926,0.968,69515000000.0,22952000000.0,46563000000.0,69515000000.0,0.0,20531000000.0,0.0,0.078,3.48,10368000000.0,30899000000.0,0.14,30899000000.0,10368000000.0,9369000000.0,1.68,1.68,1.68,180183000000.0,185956750000.0,180183000000.0,237285607189.0,23.0,7.679,-1646000000.0,-0.389,1.0,77344000000.0,0.35,0.0,999000000.0,361164000000.0,344948750000.0,19657000000.0,43192000000.0,0.0,43192000000.0,174342000000.0,57270000000.0,117072000000.0,189085607189.0,8363000000.0,-147000000.0,-478000000.0,23896000000.0,-14866000000.0,8940000000.0,-21862000000.0,129000000.0,21705000000.0,-420000000.0,7170000000.0,7170000000.0,7170000000.0,0.0,-132000000.0,0.032,67108000000.0,10236000000.0,33216000000.0,2.071,1.049,26.372,26.619,250524000000.0,0.0,44.72,0.856,0.856,19036000000.0,412124000000.0,220985000000.0,220985000000.0,1158000000.0,0.02,0.039,0.03,0.047,0.0,10789000000.0,1.0,4228211252.0,4228211252.0,,52.264,361495000000.0,0.0,2199000000.0,25827000000.0,85.496,-4254000000.0
5,XOM,MRT,2020-03-31,2020-03-31,2020-03-31,2021-09-07,-24339000000.0,355804000000.0,359622750000.0,50249000000.0,305555000000.0,0.716,43.022,-25107000000.0,11412000000.0,11412000000.0,171035000000.0,11598000000.0,0.776,0.918,59612000000.0,27755000000.0,31857000000.0,59612000000.0,0.0,20246000000.0,0.0,0.092,3.48,16189000000.0,36435000000.0,0.142,36435000000.0,16189000000.0,15291000000.0,2.67,2.67,2.67,182079000000.0,188755250000.0,182079000000.0,204527282550.0,13.0,5.613,2545000000.0,0.601,1.0,86436000000.0,0.336,0.0,898000000.0,339231000000.0,337514000000.0,16501000000.0,42981000000.0,0.0,42981000000.0,167061000000.0,64773000000.0,102288000000.0,160696282550.0,6826000000.0,-138000000.0,-478000000.0,18423000000.0,-14866000000.0,3211000000.0,-23658000000.0,86000000.0,27652000000.0,-379000000.0,11380000000.0,11380000000.0,11380000000.0,0.0,218000000.0,0.044,70029000000.0,16407000000.0,35815000000.0,1.303,0.883,14.121,14.221,248409000000.0,0.0,37.97,0.624,0.624,20871000000.0,416919000000.0,257471000000.0,257471000000.0,1277000000.0,0.032,0.06,0.048,0.063,0.0,11207000000.0,1.0,4232190744.0,4232190744.0,,60.836,355804000000.0,0.0,3911000000.0,26066000000.0,84.071,-14524000000.0
6,XOM,MRT,2019-12-31,2019-12-31,2019-12-31,2021-09-07,-19493000000.0,362597000000.0,359719000000.0,50052000000.0,312545000000.0,0.737,45.295,-24361000000.0,3089000000.0,3089000000.0,174326000000.0,14774000000.0,0.782,0.854,46920000000.0,20578000000.0,26342000000.0,46920000000.0,0.0,18998000000.0,0.0,0.049,3.43,20452000000.0,39450000000.0,0.149,39450000000.0,20452000000.0,19622000000.0,3.36,3.36,3.36,191650000000.0,191041000000.0,191650000000.0,337041581285.0,16.0,8.544,5355000000.0,1.266,1.0,90612000000.0,0.342,0.0,830000000.0,342439000000.0,334155250000.0,18528000000.0,43164000000.0,0.0,43164000000.0,163659000000.0,63989000000.0,99670000000.0,295246581285.0,47000000.0,-213000000.0,-594000000.0,8662000000.0,-14652000000.0,-6618000000.0,-23084000000.0,0.0,29716000000.0,33000000.0,14340000000.0,14340000000.0,14340000000.0,0.0,434000000.0,0.054,69726000000.0,20886000000.0,41831000000.0,1.021,1.541,20.589,20.768,253018000000.0,0.0,69.78,1.114,1.114,26966000000.0,421341000000.0,264938000000.0,264938000000.0,1269000000.0,0.04,0.075,0.061,0.077,0.0,11398000000.0,1.0,4231106066.0,4231106066.0,,62.617,362597000000.0,0.0,5282000000.0,27200000000.0,85.698,-13937000000.0
7,XOM,MRT,2019-09-30,2019-09-30,2019-09-30,2021-09-07,-19277000000.0,359361000000.0,355618750000.0,50008000000.0,309353000000.0,0.758,44.885,-23751000000.0,5351000000.0,5351000000.0,176408000000.0,15250000000.0,0.779,0.854,47146000000.0,21196000000.0,25950000000.0,47146000000.0,0.0,19103000000.0,0.0,0.048,3.38,22007000000.0,41110000000.0,0.152,41110000000.0,22007000000.0,21163000000.0,3.44,3.44,3.44,189915000000.0,191077000000.0,189915000000.0,339741415419.0,15.0,8.264,8220000000.0,1.943,1.0,93252000000.0,0.346,0.0,844000000.0,336961000000.0,329498500000.0,17590000000.0,42920000000.0,0.0,42920000000.0,162252000000.0,64195000000.0,98057000000.0,298758415419.0,-318000000.0,-1916000000.0,-617000000.0,7050000000.0,-14438000000.0,-7663000000.0,-24404000000.0,0.0,31971000000.0,-222000000.0,14650000000.0,14650000000.0,14650000000.0,0.0,600000000.0,0.054,70645000000.0,22607000000.0,40541000000.0,0.983,1.573,20.393,20.526,250512000000.0,0.0,70.61,1.108,1.108,25308000000.0,419367000000.0,269660000000.0,269660000000.0,1467000000.0,0.041,0.077,0.067,0.082,0.0,11198000000.0,1.0,4231106294.0,4231106294.0,,63.733,359361000000.0,0.0,6513000000.0,28971000000.0,84.933,-14187000000.0
8,XOM,MRT,2019-06-30,2019-06-30,2019-06-30,2021-09-07,-18205000000.0,360729000000.0,354435500000.0,51743000000.0,308986000000.0,0.793,45.231,-22670000000.0,4213000000.0,4213000000.0,183521000000.0,18449000000.0,0.736,0.848,45196000000.0,26195000000.0,19001000000.0,45196000000.0,0.0,18888000000.0,0.0,0.043,3.33,26205000000.0,45093000000.0,0.16,45093000000.0,26205000000.0,25393000000.0,4.15,4.15,4.15,191377000000.0,191189500000.0,191377000000.0,360467726630.0,14.0,7.994,11330000000.0,2.678,1.0,97695000000.0,0.347,0.0,812000000.0,331425000000.0,326185250000.0,18835000000.0,42533000000.0,0.0,42533000000.0,162264000000.0,70287000000.0,91977000000.0,324228726630.0,783000000.0,-492000000.0,-618000000.0,3793000000.0,-14225000000.0,-10956000000.0,-22161000000.0,0.0,34000000000.0,-100000000.0,17720000000.0,17720000000.0,17720000000.0,0.0,729000000.0,0.063,70761000000.0,26934000000.0,41480000000.0,0.802,1.694,18.297,18.465,250853000000.0,0.0,76.63,1.153,1.153,27132000000.0,419913000000.0,281216000000.0,281216000000.0,1460000000.0,0.05,0.093,0.08,0.093,0.0,11337000000.0,1.0,4231093914.0,4231093914.0,,66.464,360729000000.0,0.0,7673000000.0,29458000000.0,85.257,-18544000000.0
9,XOM,MRT,2019-03-31,2019-03-31,2019-03-31,2021-09-07,-18782000000.0,356189000000.0,351450750000.0,51576000000.0,304613000000.0,0.813,45.155,-21424000000.0,4586000000.0,4586000000.0,186606000000.0,19044000000.0,0.774,0.827,40825000000.0,21794000000.0,19031000000.0,40825000000.0,0.0,18846000000.0,0.0,0.041,3.28,28241000000.0,47087000000.0,0.165,47087000000.0,28241000000.0,27498000000.0,4.34,4.34,4.34,191222000000.0,190150750000.0,191222000000.0,376926036425.0,13.0,8.005,14409000000.0,3.403,1.0,99020000000.0,0.347,0.0,743000000.0,325796000000.0,324362250000.0,18332000000.0,42068000000.0,0.0,42068000000.0,158168000000.0,66632000000.0,91536000000.0,342172036425.0,461000000.0,36000000.0,-620000000.0,-4000000.0,-14012000000.0,-14748000000.0,-20380000000.0,0.0,35833000000.0,-244000000.0,18540000000.0,18540000000.0,18540000000.0,0.0,504000000.0,0.065,70275000000.0,28745000000.0,42090000000.0,0.756,1.789,18.456,18.618,248563000000.0,0.0,80.8,1.198,1.198,27105000000.0,420498000000.0,285626000000.0,285626000000.0,1459000000.0,0.053,0.098,0.087,0.099,0.0,11503000000.0,1.0,4234802431.0,4234802431.0,,67.447,356189000000.0,0.0,8958000000.0,30035000000.0,84.11,-15056000000.0
10,XOM,MRT,2018-12-31,2018-12-31,2018-12-31,2021-09-07,-19564000000.0,346196000000.0,349610000000.0,47973000000.0,298223000000.0,0.83,45.301,-19574000000.0,3042000000.0,3042000000.0,188835000000.0,21421000000.0,0.84,0.77,37796000000.0,17258000000.0,20538000000.0,37796000000.0,0.0,18745000000.0,0.0,0.047,3.23,31138000000.0,49883000000.0,0.172,49883000000.0,31138000000.0,30372000000.0,4.88,4.88,4.88,191794000000.0,189394000000.0,191794000000.0,323071310922.0,10.0,6.477,16440000000.0,3.883,1.0,101377000000.0,0.349,0.0,766000000.0,323812000000.0,324166250000.0,18958000000.0,40790000000.0,0.0,40790000000.0,147668000000.0,57138000000.0,90530000000.0,288703310922.0,-135000000.0,2142000000.0,-626000000.0,-4925000000.0,-13798000000.0,-19446000000.0,-16446000000.0,0.0,36014000000.0,-257000000.0,20840000000.0,20840000000.0,20840000000.0,0.0,581000000.0,0.072,69658000000.0,31719000000.0,37268000000.0,0.662,1.505,13.853,13.973,247101000000.0,0.0,68.19,0.995,0.995,24701000000.0,421653000000.0,290212000000.0,290212000000.0,1466000000.0,0.06,0.11,0.096,0.107,0.0,11480000000.0,1.0,4233807170.0,4233807170.0,,68.546,346196000000.0,0.0,9532000000.0,29856000000.0,81.769,-9165000000.0
11,XOM,MRT,2018-09-30,2018-09-30,2018-09-30,2021-09-07,-18370000000.0,354628000000.0,350233750000.0,53975000000.0,300653000000.0,0.813,44.963,-17981000000.0,5669000000.0,5669000000.0,188437000000.0,23624000000.0,0.827,0.829,40037000000.0,19413000000.0,20624000000.0,40037000000.0,0.0,19559000000.0,0.0,0.037,3.18,26182000000.0,45741000000.0,0.161,45741000000.0,26182000000.0,25445000000.0,5.44,5.44,5.44,190365000000.0,188367500000.0,190365000000.0,397748555787.0,15.0,8.696,16837000000.0,3.977,1.0,96395000000.0,0.338,0.0,737000000.0,323708000000.0,325733000000.0,18761000000.0,40427000000.0,0.0,40427000000.0,157797000000.0,65288000000.0,92509000000.0,359958555787.0,1403000000.0,-23000000.0,-662000000.0,-864000000.0,-13585000000.0,-15782000000.0,-17398000000.0,0.0,34818000000.0,-235000000.0,23220000000.0,23220000000.0,23220000000.0,0.0,404000000.0,0.082,69809000000.0,26586000000.0,41714000000.0,0.585,1.891,15.502,15.629,249153000000.0,0.0,85.02,1.264,1.264,27880000000.0,419155000000.0,284832000000.0,284832000000.0,1614000000.0,0.066,0.123,0.08,0.092,0.0,11588000000.0,1.0,4233810348.0,4233810348.0,,67.276,354628000000.0,0.0,2225000000.0,31245000000.0,83.761,-11313000000.0
12,XOM,MRT,2018-06-30,2018-06-30,2018-06-30,2021-09-07,-18609000000.0,348790000000.0,348933500000.0,50555000000.0,298235000000.0,0.772,44.22,-17690000000.0,3430000000.0,3430000000.0,177541000000.0,21263000000.0,0.81,0.829,41220000000.0,20500000000.0,20720000000.0,41220000000.0,0.0,19781000000.0,0.0,0.038,3.13,22687000000.0,42468000000.0,0.158,42468000000.0,22687000000.0,22039000000.0,4.91,4.91,4.91,187222000000.0,186345250000.0,187222000000.0,386757122973.0,17.0,9.107,13555000000.0,3.202,1.0,91786000000.0,0.341,0.0,648000000.0,324133000000.0,327804500000.0,18483000000.0,39691000000.0,0.0,39691000000.0,155257000000.0,62447000000.0,92810000000.0,350265122973.0,-612000000.0,-408000000.0,-662000000.0,-1154000000.0,-13371000000.0,-15811000000.0,-16046000000.0,0.0,31245000000.0,0.0,20950000000.0,20950000000.0,20950000000.0,0.0,313000000.0,0.078,68786000000.0,23000000000.0,38490000000.0,0.637,1.871,16.719,16.849,248209000000.0,0.0,82.73,1.301,1.301,26993000000.0,416418000000.0,269327000000.0,269327000000.0,1606000000.0,0.06,0.112,0.069,0.084,0.0,11328000000.0,1.0,4233834437.0,4233834437.0,,63.613,348790000000.0,0.0,1089000000.0,30240000000.0,82.382,-11892000000.0
13,XOM,MRT,2018-03-31,2018-03-31,2018-03-31,2021-09-07,-16992000000.0,348826000000.0,347489000000.0,48315000000.0,300511000000.0,0.731,44.412,-15861000000.0,4125000000.0,4125000000.0,165401000000.0,20541000000.0,0.801,0.818,40617000000.0,19836000000.0,20781000000.0,40617000000.0,0.0,19844000000.0,0.0,0.041,3.08,20464000000.0,40308000000.0,0.159,40308000000.0,20464000000.0,19805000000.0,4.77,4.77,4.77,188195000000.0,184334250000.0,188195000000.0,355316051683.0,17.0,8.815,14551000000.0,3.434,1.0,88502000000.0,0.349,0.0,659000000.0,325012000000.0,329260250000.0,18048000000.0,40350000000.0,0.0,40350000000.0,153915000000.0,60306000000.0,93609000000.0,316157051683.0,-772000000.0,-50000000.0,-673000000.0,-3403000000.0,-13158000000.0,-17626000000.0,-13828000000.0,0.0,30412000000.0,270000000.0,20350000000.0,20350000000.0,20350000000.0,0.0,191000000.0,0.08,67847000000.0,20655000000.0,37207000000.0,0.646,1.68,15.536,15.642,250352000000.0,0.0,74.61,1.245,1.245,24686000000.0,415970000000.0,253903000000.0,253903000000.0,1788000000.0,0.059,0.11,0.062,0.081,0.0,10891000000.0,1.0,4237462159.0,4237462159.0,,59.919,348826000000.0,0.0,-545000000.0,30023000000.0,82.32,-11991000000.0
14,XOM,MRT,2017-12-31,2017-12-31,2017-12-31,2021-09-07,-16262000000.0,348691000000.0,346334750000.0,47134000000.0,301557000000.0,0.706,44.296,-15402000000.0,3177000000.0,3177000000.0,158321000000.0,19848000000.0,0.816,0.822,42336000000.0,17930000000.0,24406000000.0,42336000000.0,0.0,19893000000.0,0.0,0.037,3.06,19137000000.0,39030000000.0,0.16,39030000000.0,19137000000.0,18536000000.0,4.63,4.63,4.63,187688000000.0,181573250000.0,187688000000.0,390735552280.0,20.0,10.011,14664000000.0,3.461,1.0,86042000000.0,0.352,0.0,601000000.0,330079000000.0,330393500000.0,16992000000.0,39160000000.0,0.0,39160000000.0,154191000000.0,57771000000.0,96420000000.0,354391552280.0,-480000000.0,-2404000000.0,-747000000.0,-1048000000.0,-13001000000.0,-15130000000.0,-15730000000.0,0.0,30066000000.0,314000000.0,19710000000.0,19710000000.0,19710000000.0,0.0,138000000.0,0.081,66767000000.0,19275000000.0,36796000000.0,0.661,1.888,17.98,18.065,252630000000.0,0.0,83.64,1.45,1.45,25597000000.0,414540000000.0,244363000000.0,244363000000.0,1790000000.0,0.057,0.109,0.058,0.078,0.0,10649000000.0,1.0,4237106077.0,4237106077.0,,57.672,348691000000.0,0.0,-1174000000.0,29938000000.0,82.295,-10637000000.0
15,XOM,MRT,2017-09-30,2017-09-30,2017-09-30,2021-09-07,-16651000000.0,349427000000.0,341740500000.0,45752000000.0,303675000000.0,0.646,43.019,-14788000000.0,4266000000.0,4266000000.0,136462000000.0,13463000000.0,0.851,0.879,40610000000.0,15741000000.0,24869000000.0,40610000000.0,0.0,22168000000.0,0.0,0.037,3.04,16431000000.0,38599000000.0,0.175,38599000000.0,16431000000.0,15821000000.0,3.07,3.07,3.07,182276000000.0,176482500000.0,182276000000.0,385250935779.0,23.0,9.981,15263000000.0,3.602,1.0,84422000000.0,0.382,0.0,610000000.0,331994000000.0,328319000000.0,16743000000.0,37649000000.0,0.0,37649000000.0,160229000000.0,53777000000.0,106452000000.0,347357935779.0,-827000000.0,1819000000.0,-765000000.0,-6160000000.0,-12845000000.0,-20039000000.0,-10866000000.0,0.0,30051000000.0,27000000.0,13010000000.0,13010000000.0,13010000000.0,0.0,453000000.0,0.059,67538000000.0,16884000000.0,34698000000.0,0.99,1.906,26.699,26.704,255556000000.0,0.0,81.98,1.573,1.573,23263000000.0,409449000000.0,220884000000.0,220884000000.0,1427000000.0,0.038,0.074,0.05,0.074,0.0,10161000000.0,1.0,4237105828.0,4237105828.0,,52.131,349427000000.0,0.0,2811000000.0,37768000000.0,82.468,-8025000000.0
16,XOM,MRT,2017-06-30,2017-06-30,2017-06-30,2021-09-07,-18902000000.0,343012000000.0,339230250000.0,42180000000.0,300832000000.0,0.644,42.286,-13279000000.0,4042000000.0,4042000000.0,137247000000.0,12267000000.0,0.828,0.877,41935000000.0,17185000000.0,24750000000.0,41935000000.0,0.0,21893000000.0,0.0,0.037,3.02,13945000000.0,35838000000.0,0.164,35838000000.0,13945000000.0,13340000000.0,2.77,2.77,2.77,179178000000.0,173562750000.0,179178000000.0,380784444057.0,27.0,10.625,14592000000.0,3.444,1.0,81214000000.0,0.372,0.0,605000000.0,329956000000.0,327927250000.0,15305000000.0,37719000000.0,0.0,37719000000.0,157174000000.0,50949000000.0,106225000000.0,342074444057.0,-316000000.0,1011000000.0,-765000000.0,-2696000000.0,-12689000000.0,-16347000000.0,-11546000000.0,0.0,27871000000.0,-294000000.0,11690000000.0,11690000000.0,11690000000.0,0.0,577000000.0,0.054,66692000000.0,14522000000.0,31100000000.0,1.09,1.909,29.262,29.144,252987000000.0,0.0,80.73,1.566,1.566,21289000000.0,408768000000.0,218461000000.0,218461000000.0,1470000000.0,0.034,0.067,0.043,0.064,0.0,10265000000.0,1.0,4237265503.0,4237265503.0,,51.557,343012000000.0,0.0,1650000000.0,37249000000.0,80.951,-8769000000.0
17,XOM,MRT,2017-03-31,2017-03-31,2017-03-31,2021-09-07,-20679000000.0,344209000000.0,339095500000.0,43131000000.0,301078000000.0,0.643,42.723,-14452000000.0,4897000000.0,4897000000.0,138920000000.0,10684000000.0,0.808,0.906,43607000000.0,18483000000.0,25124000000.0,43607000000.0,0.0,22062000000.0,0.0,0.037,3.0,12035000000.0,34097000000.0,0.156,34097000000.0,12035000000.0,11513000000.0,2.4,2.4,2.4,177151000000.0,171416000000.0,177151000000.0,379160598296.0,32.0,11.12,10991000000.0,2.651,1.0,79158000000.0,0.363,0.0,522000000.0,329545000000.0,328208750000.0,14873000000.0,38268000000.0,0.0,38268000000.0,160438000000.0,53374000000.0,107064000000.0,340055598296.0,51000000.0,1864000000.0,-751000000.0,385000000.0,-12533000000.0,-13063000000.0,-11815000000.0,0.0,25443000000.0,-514000000.0,10040000000.0,10040000000.0,10040000000.0,0.0,644000000.0,0.046,66479000000.0,12679000000.0,32069000000.0,1.25,1.92,33.87,34.171,253147000000.0,0.0,82.01,1.559,1.559,21842000000.0,408707000000.0,218078000000.0,218078000000.0,1401000000.0,0.03,0.059,0.037,0.055,0.0,10355000000.0,1.0,4146513819.0,4146513819.0,,52.593,344209000000.0,0.0,1473000000.0,37594000000.0,83.012,-10243000000.0
18,XOM,MRT,2016-12-31,2016-12-31,2016-12-31,2021-09-07,-22239000000.0,330314000000.0,338740500000.0,41416000000.0,288898000000.0,0.614,40.351,-16163000000.0,3657000000.0,3657000000.0,133191000000.0,8375000000.0,0.869,0.935,42762000000.0,13830000000.0,28932000000.0,42762000000.0,0.0,22308000000.0,0.0,0.033,2.98,7887000000.0,30195000000.0,0.145,30195000000.0,7887000000.0,7434000000.0,1.88,1.88,1.88,167325000000.0,170175000000.0,167325000000.0,415342539605.0,53.0,13.755,5919000000.0,1.427,1.0,74923000000.0,0.36,0.0,453000000.0,321781000000.0,328903750000.0,15080000000.0,35102000000.0,0.0,35102000000.0,156484000000.0,47638000000.0,108846000000.0,374280539605.0,-48000000.0,2858000000.0,-971000000.0,4293000000.0,-12453000000.0,-9293000000.0,-12403000000.0,0.0,22082000000.0,-434000000.0,7840000000.0,7840000000.0,7840000000.0,0.0,535000000.0,0.038,66501000000.0,8422000000.0,31193000000.0,1.585,2.237,47.74,48.011,244224000000.0,0.0,90.26,1.798,1.798,21394000000.0,407831000000.0,208114000000.0,208114000000.0,1467000000.0,0.023,0.046,0.024,0.038,0.0,10443000000.0,1.0,4146693326.0,4146693326.0,,50.188,330314000000.0,0.0,-406000000.0,36656000000.0,79.657,-6222000000.0
19,XOM,MRT,2016-09-30,2016-09-30,2016-09-30,2021-09-07,-20466000000.0,339386000000.0,340351500000.0,42945000000.0,296441000000.0,0.603,41.141,-18412000000.0,5093000000.0,5093000000.0,131043000000.0,9181000000.0,0.859,0.952,46155000000.0,17239000000.0,28916000000.0,46155000000.0,0.0,18946000000.0,0.0,0.034,2.96,10057000000.0,29003000000.0,0.141,29003000000.0,10057000000.0,9739000000.0,2.14,2.14,2.14,170597000000.0,171046500000.0,170597000000.0,402032616451.0,40.0,13.862,654000000.0,0.158,1.0,74208000000.0,0.362,0.0,318000000.0,330427000000.0,327899500000.0,15342000000.0,35553000000.0,0.0,35553000000.0,162376000000.0,50021000000.0,112355000000.0,361919616451.0,797000000.0,1374000000.0,-1470000000.0,11873000000.0,-12374000000.0,-2134000000.0,-16055000000.0,42000000.0,19066000000.0,-80000000.0,8940000000.0,8940000000.0,8940000000.0,0.0,241000000.0,0.044,63910000000.0,10298000000.0,30027000000.0,1.383,2.121,40.483,40.785,251923000000.0,0.0,87.28,1.763,1.763,20388000000.0,409284000000.0,205251000000.0,205251000000.0,1645000000.0,0.026,0.052,0.031,0.049,0.0,10965000000.0,1.0,4146650051.0,4146650051.0,,49.498,339386000000.0,0.0,799000000.0,37612000000.0,81.846,-7076000000.0
20,XOM,MRT,2016-06-30,2016-06-30,2016-06-30,2021-09-07,-20744000000.0,342473000000.0,340670500000.0,45828000000.0,296645000000.0,0.628,41.14,-21409000000.0,4358000000.0,4358000000.0,136145000000.0,10676000000.0,0.89,0.971,44471000000.0,14972000000.0,29499000000.0,44471000000.0,0.0,18883000000.0,0.0,0.031,2.94,12647000000.0,31530000000.0,0.147,31530000000.0,12647000000.0,12357000000.0,2.52,2.52,2.52,170591000000.0,171078000000.0,170591000000.0,426965348136.0,34.0,13.542,1476000000.0,0.356,1.0,77773000000.0,0.364,0.0,290000000.0,331082000000.0,324255250000.0,15875000000.0,34182000000.0,0.0,34182000000.0,165598000000.0,51504000000.0,114094000000.0,388703348136.0,15000000.0,1927000000.0,-1970000000.0,10196000000.0,-12301000000.0,-4240000000.0,-18477000000.0,42000000.0,22885000000.0,-153000000.0,10530000000.0,10530000000.0,10530000000.0,0.0,146000000.0,0.049,64980000000.0,12793000000.0,33801000000.0,1.167,2.279,36.914,37.198,254062000000.0,0.0,93.74,1.817,1.817,21827000000.0,409767000000.0,213918000000.0,213918000000.0,1642000000.0,0.031,0.062,0.039,0.059,0.0,11196000000.0,1.0,4146611352.0,4146611352.0,,51.589,342473000000.0,0.0,1827000000.0,38743000000.0,82.591,-5676000000.0
21,XOM,MRT,2016-03-31,2016-03-31,2016-03-31,2021-09-07,-20384000000.0,342789000000.0,342117250000.0,44251000000.0,298538000000.0,0.673,41.463,-24247000000.0,4846000000.0,4846000000.0,147097000000.0,13257000000.0,0.908,0.954,43108000000.0,13540000000.0,29568000000.0,43108000000.0,0.0,18513000000.0,0.0,0.035,2.92,17124000000.0,35637000000.0,0.155,35637000000.0,17124000000.0,16824000000.0,3.11,3.11,3.11,172187000000.0,171597250000.0,172187000000.0,382110924946.0,22.0,10.722,2911000000.0,0.701,1.0,83240000000.0,0.361,0.0,300000000.0,332325000000.0,321322250000.0,16223000000.0,34915000000.0,0.0,34915000000.0,164291000000.0,48726000000.0,115565000000.0,347128924946.0,-338000000.0,1523000000.0,-2974000000.0,9719000000.0,-12234000000.0,-5659000000.0,-21821000000.0,42000000.0,27158000000.0,-16000000.0,13020000000.0,13020000000.0,13020000000.0,0.0,237000000.0,0.057,65879000000.0,17361000000.0,32294000000.0,0.939,2.016,26.661,26.878,255257000000.0,0.0,83.59,1.507,1.507,19814000000.0,411200000000.0,230337000000.0,230337000000.0,1567000000.0,0.038,0.076,0.053,0.074,0.0,11381000000.0,1.0,4152756609.0,4152756609.0,,55.466,342789000000.0,0.0,3804000000.0,39185000000.0,82.545,-4475000000.0
22,XOM,MRT,2015-12-31,2015-12-31,2015-12-31,2021-09-07,-23511000000.0,336758000000.0,342160250000.0,42623000000.0,294135000000.0,0.728,41.031,-26490000000.0,3705000000.0,3705000000.0,160312000000.0,16551000000.0,0.79,0.936,38687000000.0,18762000000.0,19925000000.0,38687000000.0,0.0,18048000000.0,0.0,0.037,2.88,21876000000.0,39924000000.0,0.16,39924000000.0,21876000000.0,21565000000.0,3.85,3.85,3.85,170811000000.0,171357250000.0,170811000000.0,354517057010.0,16.0,8.88,3854000000.0,0.926,1.0,88936000000.0,0.357,0.0,311000000.0,317764000000.0,316884000000.0,16245000000.0,34245000000.0,0.0,34245000000.0,159948000000.0,53976000000.0,105972000000.0,324501057010.0,-911000000.0,1782000000.0,-4034000000.0,9255000000.0,-12090000000.0,-7037000000.0,-23824000000.0,42000000.0,30344000000.0,-394000000.0,16150000000.0,16150000000.0,16150000000.0,0.0,401000000.0,0.065,66659000000.0,22277000000.0,32412000000.0,0.748,1.9,20.093,20.247,251605000000.0,0.0,77.95,1.302,1.302,19875000000.0,412444000000.0,249248000000.0,249248000000.0,1523000000.0,0.047,0.094,0.069,0.088,0.0,11501000000.0,1.0,4162938512.0,4162938512.0,,59.873,336758000000.0,0.0,5415000000.0,39620000000.0,80.894,-11353000000.0
23,XOM,MRT,2015-09-30,2015-09-30,2015-09-30,2021-09-07,-24336000000.0,340662000000.0,345344000000.0,47234000000.0,293428000000.0,0.858,40.946,-29238000000.0,4296000000.0,4296000000.0,199999000000.0,20503000000.0,0.861,0.96,34312000000.0,14473000000.0,19839000000.0,34312000000.0,0.0,17751000000.0,0.0,0.038,2.84,27936000000.0,45687000000.0,0.154,45687000000.0,27936000000.0,27617000000.0,4.74,4.74,4.74,170723000000.0,172254250000.0,170723000000.0,339460512258.0,12.0,7.43,4141000000.0,0.993,1.0,96352000000.0,0.325,0.0,319000000.0,315850000000.0,314773750000.0,16584000000.0,34315000000.0,0.0,34315000000.0,163823000000.0,54828000000.0,108995000000.0,309998512258.0,-666000000.0,1071000000.0,-6583000000.0,12388000000.0,-11960000000.0,-6253000000.0,-27347000000.0,227000000.0,33379000000.0,-445000000.0,19940000000.0,19940000000.0,19940000000.0,0.0,563000000.0,0.067,67853000000.0,28499000000.0,36681000000.0,0.599,1.816,15.547,15.686,250583000000.0,0.0,74.35,1.046,1.046,22157000000.0,412718000000.0,296351000000.0,296351000000.0,1542000000.0,0.058,0.116,0.089,0.094,0.0,11639000000.0,1.0,4169448719.0,4169448719.0,,71.077,340662000000.0,0.0,7677000000.0,41884000000.0,81.704,-7594000000.0
24,XOM,MRT,2015-06-30,2015-06-30,2015-06-30,2021-09-07,-21493000000.0,348260000000.0,348369500000.0,51647000000.0,296613000000.0,0.965,41.297,-31035000000.0,4378000000.0,4378000000.0,230760000000.0,24465000000.0,0.885,0.98,33840000000.0,14409000000.0,19431000000.0,33840000000.0,0.0,17571000000.0,0.0,0.034,2.8,35475000000.0,53046000000.0,0.158,53046000000.0,35475000000.0,35146000000.0,5.62,5.62,5.62,172668000000.0,174720250000.0,172668000000.0,375412209728.0,11.0,7.077,5566000000.0,1.331,1.0,105377000000.0,0.313,0.0,329000000.0,319350000000.0,311711250000.0,16663000000.0,34162000000.0,0.0,34162000000.0,169262000000.0,58372000000.0,110890000000.0,347868209728.0,-1740000000.0,165000000.0,-9083000000.0,12502000000.0,-11846000000.0,-8524000000.0,-29335000000.0,227000000.0,36601000000.0,-482000000.0,23770000000.0,23770000000.0,23770000000.0,0.0,695000000.0,0.071,69207000000.0,36170000000.0,39914000000.0,0.498,2.015,14.635,14.804,253653000000.0,0.0,83.2,1.035,1.035,25957000000.0,411538000000.0,336137000000.0,336137000000.0,1537000000.0,0.068,0.136,0.114,0.106,0.0,11841000000.0,1.0,4181108290.0,4181108290.0,,80.394,348260000000.0,0.0,11376000000.0,43468000000.0,83.294,-6725000000.0
25,XOM,MRT,2015-03-31,2015-03-31,2015-03-31,2021-09-07,-22595000000.0,342961000000.0,350951000000.0,50658000000.0,292303000000.0,1.063,40.82,-32468000000.0,5227000000.0,5227000000.0,259138000000.0,29320000000.0,0.906,0.967,32771000000.0,13277000000.0,19494000000.0,32771000000.0,0.0,17405000000.0,0.0,0.032,2.76,42386000000.0,59791000000.0,0.16,59791000000.0,42386000000.0,42078000000.0,6.67,6.67,6.67,171227000000.0,176842000000.0,171227000000.0,381011672610.0,9.0,6.372,5543000000.0,1.321,1.0,114094000000.0,0.306,0.0,308000000.0,314572000000.0,308009000000.0,16102000000.0,34471000000.0,0.0,34471000000.0,165515000000.0,55933000000.0,109582000000.0,356548672610.0,-417000000.0,1952000000.0,-11076000000.0,12011000000.0,-11746000000.0,-10926000000.0,-27021000000.0,227000000.0,38011000000.0,-481000000.0,28360000000.0,28360000000.0,28360000000.0,0.0,960000000.0,0.076,70748000000.0,43346000000.0,38144000000.0,0.414,2.082,12.572,12.744,249497000000.0,0.0,85.0,0.955,0.955,25031000000.0,410414000000.0,373232000000.0,373232000000.0,1663000000.0,0.081,0.16,0.138,0.114,0.0,12179000000.0,1.0,4194690266.0,4194690266.0,,88.977,342961000000.0,0.0,13718000000.0,43447000000.0,81.761,-5275000000.0
26,XOM,MRT,2014-12-31,2014-12-31,2014-12-31,2021-09-07,-18957000000.0,349493000000.0,353469000000.0,52910000000.0,296583000000.0,1.165,41.185,-32952000000.0,4658000000.0,4658000000.0,287600000000.0,33615000000.0,0.819,0.966,29121000000.0,17468000000.0,11653000000.0,29121000000.0,0.0,17297000000.0,0.0,0.029,2.7,50821000000.0,68118000000.0,0.165,68118000000.0,50821000000.0,50535000000.0,7.6,7.6,7.6,174399000000.0,178134750000.0,174399000000.0,408302173045.0,8.0,5.994,12164000000.0,2.873,1.0,124339000000.0,0.302,0.0,286000000.0,309323000000.0,303987750000.0,16678000000.0,35239000000.0,0.0,35239000000.0,168429000000.0,64633000000.0,103796000000.0,391482173045.0,-28000000.0,2404000000.0,-13153000000.0,6966000000.0,-11568000000.0,-17888000000.0,-26975000000.0,227000000.0,45116000000.0,-281000000.0,32520000000.0,32520000000.0,32520000000.0,0.0,1095000000.0,0.079,72423000000.0,51916000000.0,42227000000.0,0.355,2.245,12.038,12.164,252668000000.0,0.0,92.45,0.95,0.95,28009000000.0,408384000000.0,411939000000.0,411939000000.0,1669000000.0,0.092,0.183,0.167,0.123,0.0,12598000000.0,1.0,4234528643.0,4234528643.0,,97.281,349493000000.0,0.0,18015000000.0,44168000000.0,82.534,-11723000000.0
27,XOM,MRT,2014-09-30,2014-09-30,2014-09-30,2021-09-07,-12196000000.0,352764000000.0,352797750000.0,58595000000.0,294169000000.0,1.234,42.345,-32494000000.0,5014000000.0,5014000000.0,305014000000.0,35476000000.0,0.888,0.915,21834000000.0,10243000000.0,11591000000.0,21834000000.0,0.0,17219000000.0,0.0,0.028,2.64,56394000000.0,73613000000.0,0.169,73613000000.0,56394000000.0,56328000000.0,7.95,7.95,7.95,180587000000.0,178035750000.0,180587000000.0,416578285233.0,7.0,5.659,15415000000.0,3.615,1.0,130509000000.0,0.3,0.0,66000000.0,303600000000.0,299874500000.0,17761000000.0,35012000000.0,0.0,35012000000.0,165269000000.0,65984000000.0,99285000000.0,401094285233.0,-348000000.0,3570000000.0,-13153000000.0,1491000000.0,-11394000000.0,-23263000000.0,-24840000000.0,72000000.0,47909000000.0,-154000000.0,34300000000.0,34300000000.0,34300000000.0,0.0,1176000000.0,0.079,72939000000.0,57570000000.0,49272000000.0,0.332,2.221,11.694,11.83,251406000000.0,0.0,94.05,0.921,0.921,30963000000.0,404738000000.0,435523000000.0,435523000000.0,1723000000.0,0.097,0.193,0.188,0.129,0.0,12811000000.0,1.0,4264692028.0,4264692028.0,,102.123,352764000000.0,0.0,22028000000.0,47601000000.0,82.717,-7389000000.0
28,XOM,MRT,2014-06-30,2014-06-30,2014-06-30,2021-09-07,-9311000000.0,358586000000.0,351497750000.0,64013000000.0,294573000000.0,1.254,42.184,-33394000000.0,6281000000.0,6281000000.0,309549000000.0,35199000000.0,0.921,0.941,21765000000.0,9948000000.0,11817000000.0,21765000000.0,0.0,17144000000.0,0.0,0.026,2.58,57214000000.0,74358000000.0,0.169,74358000000.0,57214000000.0,57184000000.0,7.85,7.85,7.85,181155000000.0,175200250000.0,181155000000.0,447919647816.0,8.0,6.024,15550000000.0,3.621,1.0,131216000000.0,0.298,0.0,30000000.0,304541000000.0,296564250000.0,18177000000.0,35110000000.0,0.0,35110000000.0,170455000000.0,69529000000.0,100926000000.0,432357647816.0,1474000000.0,4060000000.0,-13159000000.0,3100000000.0,-11218000000.0,-21479000000.0,-26137000000.0,72000000.0,48944000000.0,146000000.0,34100000000.0,34100000000.0,34100000000.0,0.0,1099000000.0,0.077,72903000000.0,58313000000.0,52363000000.0,0.329,2.387,12.679,12.825,251353000000.0,0.0,100.68,0.981,0.981,34182000000.0,399614000000.0,440765000000.0,440765000000.0,1890000000.0,0.097,0.195,0.193,0.13,0.0,12792000000.0,1.0,4294374730.0,4294374730.0,,102.638,358586000000.0,0.0,23084000000.0,48218000000.0,83.501,-5516000000.0
29,XOM,MRT,2014-03-31,2014-03-31,2014-03-31,2021-09-07,-11040000000.0,353033000000.0,347255000000.0,61864000000.0,291169000000.0,1.256,40.821,-33503000000.0,5805000000.0,5805000000.0,306392000000.0,33057000000.0,0.882,0.965,21367000000.0,9223000000.0,12144000000.0,21367000000.0,0.0,17264000000.0,0.0,0.026,2.52,56074000000.0,73338000000.0,0.168,73338000000.0,56074000000.0,56023000000.0,7.35,7.35,7.35,176398000000.0,171323250000.0,176398000000.0,439884580978.0,8.0,5.998,12922000000.0,2.99,1.0,129831000000.0,0.298,0.0,51000000.0,298487000000.0,291247000000.0,18568000000.0,37169000000.0,0.0,37169000000.0,170142000000.0,70108000000.0,100034000000.0,422098580978.0,-613000000.0,1598000000.0,-14187000000.0,8844000000.0,-11046000000.0,-16598000000.0,-30453000000.0,72000000.0,46425000000.0,13000000.0,32180000000.0,32180000000.0,32180000000.0,0.0,877000000.0,0.074,72880000000.0,56951000000.0,52109000000.0,0.343,2.393,13.117,13.29,245897000000.0,0.0,97.68,0.968,0.968,32480000000.0,393800000000.0,436223000000.0,436223000000.0,1848000000.0,0.093,0.188,0.193,0.129,0.0,12891000000.0,1.0,4321238544.0,4321238544.0,,100.949,353033000000.0,0.0,23843000000.0,49559000000.0,81.697,-8244000000.0
30,XOM,MRT,2013-12-31,2013-12-31,2013-12-31,2021-09-07,-10725000000.0,346808000000.0,343906500000.0,59308000000.0,287500000000.0,1.274,39.831,-33669000000.0,4913000000.0,4913000000.0,307975000000.0,33448000000.0,0.827,0.956,22699000000.0,15808000000.0,6891000000.0,22699000000.0,0.0,17182000000.0,0.0,0.024,2.46,56852000000.0,74034000000.0,0.169,74034000000.0,56852000000.0,56843000000.0,7.37,7.37,7.37,174003000000.0,168974000000.0,174003000000.0,457637595244.0,8.0,6.181,11245000000.0,2.574,1.0,130280000000.0,0.297,0.0,9000000.0,292870000000.0,285719500000.0,16135000000.0,36328000000.0,0.0,36328000000.0,166313000000.0,71724000000.0,94589000000.0,442093595244.0,-4938000000.0,-1728000000.0,-15948000000.0,11604000000.0,-10875000000.0,-15476000000.0,-34201000000.0,72000000.0,44914000000.0,-175000000.0,32580000000.0,32580000000.0,32580000000.0,0.0,868000000.0,0.074,72560000000.0,57720000000.0,48085000000.0,0.334,2.541,13.569,13.731,243650000000.0,0.0,101.2,1.009,1.009,33152000000.0,387432000000.0,438255000000.0,438255000000.0,1976000000.0,0.095,0.193,0.199,0.13,0.0,12877000000.0,1.0,4368513787.0,4368513787.0,,100.321,346808000000.0,0.0,24263000000.0,48361000000.0,79.388,-12416000000.0
31,XOM,MRT,2013-09-30,2013-09-30,2013-09-30,2021-09-07,-13051000000.0,347564000000.0,340653250000.0,61303000000.0,286261000000.0,1.298,38.451,-35300000000.0,5749000000.0,5749000000.0,309908000000.0,35107000000.0,0.843,1.017,21293000000.0,13889000000.0,7404000000.0,21293000000.0,0.0,16912000000.0,0.0,0.028,2.4,60040000000.0,76952000000.0,0.174,76952000000.0,60040000000.0,59768000000.0,7.66,7.66,7.66,169245000000.0,166939000000.0,169245000000.0,393061390522.0,7.0,5.108,12630000000.0,2.869,1.0,132186000000.0,0.299,0.0,272000000.0,290359000000.0,280330500000.0,16867000000.0,37048000000.0,0.0,37048000000.0,172086000000.0,72749000000.0,99337000000.0,378716390522.0,-7745000000.0,-2157000000.0,-17895000000.0,9705000000.0,-10717000000.0,-19023000000.0,-36491000000.0,63000000.0,47930000000.0,-161000000.0,34180000000.0,34180000000.0,34180000000.0,0.0,927000000.0,0.077,71219000000.0,60967000000.0,51260000000.0,0.313,2.238,11.08,11.232,240981000000.0,0.0,86.04,0.857,0.857,33230000000.0,381832000000.0,442094000000.0,442094000000.0,1837000000.0,0.1,0.205,0.214,0.136,0.0,12858000000.0,1.0,4401631689.0,4401631689.0,,100.439,347564000000.0,0.0,25588000000.0,47106000000.0,78.963,-11446000000.0
32,XOM,MRT,2013-06-30,2013-06-30,2013-06-30,2021-09-07,-14381000000.0,341615000000.0,337560000000.0,62844000000.0,278771000000.0,1.318,37.254,-34228000000.0,5012000000.0,5012000000.0,310177000000.0,36964000000.0,0.865,1.026,19357000000.0,11861000000.0,7496000000.0,19357000000.0,0.0,16662000000.0,0.0,0.026,2.34,63021000000.0,79683000000.0,0.179,79683000000.0,63021000000.0,62742000000.0,7.96,7.96,7.96,165647000000.0,166306000000.0,165647000000.0,408552061390.0,6.0,5.127,13713000000.0,3.084,1.0,134686000000.0,0.303,0.0,279000000.0,283272000000.0,273814000000.0,17197000000.0,35643000000.0,0.0,35643000000.0,170027000000.0,72688000000.0,97339000000.0,401730061390.0,-13193000000.0,-1744000000.0,-19888000000.0,4696000000.0,-10569000000.0,-25994000000.0,-35041000000.0,63000000.0,47941000000.0,-99000000.0,35880000000.0,35880000000.0,35880000000.0,0.0,1084000000.0,0.081,70581000000.0,64105000000.0,52619000000.0,0.294,2.425,11.196,11.351,235240000000.0,0.0,90.35,0.903,0.903,35340000000.0,376732000000.0,444863000000.0,444863000000.0,1845000000.0,0.106,0.216,0.23,0.142,0.0,13176000000.0,1.0,4446375887.0,4446375887.0,,100.051,341615000000.0,0.0,26862000000.0,47155000000.0,76.83,-9844000000.0
33,XOM,MRT,2013-03-31,2013-03-31,2013-03-31,2021-09-07,-12767000000.0,339639000000.0,334567500000.0,62594000000.0,277045000000.0,1.392,37.273,-33922000000.0,6590000000.0,6590000000.0,318347000000.0,47643000000.0,0.893,0.997,13412000000.0,5937000000.0,7475000000.0,13412000000.0,0.0,16156000000.0,0.0,0.025,2.28,74780000000.0,90936000000.0,0.195,90936000000.0,74780000000.0,74536000000.0,9.82,9.82,9.82,167001000000.0,165597000000.0,167001000000.0,405391316610.0,5.0,4.458,16553000000.0,3.694,1.0,147213000000.0,0.316,0.0,244000000.0,276377000000.0,267264250000.0,16231000000.0,35641000000.0,0.0,35641000000.0,166562000000.0,70084000000.0,96478000000.0,403733316610.0,-12456000000.0,1983000000.0,-20872000000.0,-913000000.0,-10432000000.0,-32432000000.0,-30304000000.0,63000000.0,50475000000.0,-195000000.0,44930000000.0,44930000000.0,44930000000.0,0.0,2713000000.0,0.097,69720000000.0,77493000000.0,53978000000.0,0.232,2.418,8.986,9.176,233728000000.0,0.0,90.11,0.867,0.867,34291000000.0,372666000000.0,465560000000.0,465560000000.0,1763000000.0,0.134,0.271,0.28,0.161,0.0,13394000000.0,1.0,4480449635.0,4480449635.0,,103.909,339639000000.0,0.0,29606000000.0,48881000000.0,75.805,-7490000000.0
34,XOM,MRT,2012-12-31,2012-12-31,2012-12-31,2021-09-07,-12184000000.0,333795000000.0,335945750000.0,64460000000.0,269335000000.0,1.431,36.379,-34271000000.0,9923000000.0,9923000000.0,331502000000.0,47681000000.0,1.005,0.978,11581000000.0,3653000000.0,7928000000.0,11581000000.0,0.0,15888000000.0,0.0,0.025,2.18,76252000000.0,92140000000.0,0.192,92140000000.0,76252000000.0,75925000000.0,9.7,9.7,9.7,165863000000.0,163099750000.0,165863000000.0,393774105405.0,5.0,4.274,21899000000.0,4.803,1.0,149179000000.0,0.31,0.0,327000000.0,271314000000.0,263585250000.0,14542000000.0,34718000000.0,0.0,34718000000.0,162135000000.0,64139000000.0,97996000000.0,394611105405.0,-3082000000.0,7057000000.0,-20875000000.0,-2908000000.0,-10092000000.0,-33868000000.0,-25601000000.0,63000000.0,56170000000.0,217000000.0,44880000000.0,44880000000.0,44880000000.0,0.0,2801000000.0,0.093,70126000000.0,79053000000.0,50728000000.0,0.225,2.379,8.793,8.923,226949000000.0,0.0,86.55,0.821,0.821,34987000000.0,365727000000.0,480681000000.0,480681000000.0,1840000000.0,0.134,0.275,0.289,0.159,0.0,13877000000.0,1.0,4559342639.0,4559342639.0,,105.428,333795000000.0,0.0,31045000000.0,47328000000.0,73.211,321000000.0
35,XOM,MRT,2012-09-30,2012-09-30,2012-09-30,2021-09-07,-9113000000.0,335191000000.0,335260000000.0,72138000000.0,263053000000.0,1.456,36.117,-32848000000.0,13261000000.0,13261000000.0,338682000000.0,47103000000.0,1.03,0.977,12424000000.0,3496000000.0,8928000000.0,12424000000.0,0.0,15853000000.0,0.0,0.023,2.08,75585000000.0,91438000000.0,0.187,91438000000.0,75585000000.0,75294000000.0,9.47,9.47,9.47,166713000000.0,160233000000.0,166713000000.0,419691666909.0,6.0,4.59,20849000000.0,4.517,1.0,149484000000.0,0.306,0.0,291000000.0,264293000000.0,260134750000.0,16575000000.0,35105000000.0,0.0,35105000000.0,162836000000.0,70061000000.0,92775000000.0,422127666909.0,2033000000.0,12864000000.0,-20744000000.0,-2602000000.0,-9747000000.0,-33188000000.0,-18611000000.0,224000000.0,53697000000.0,135000000.0,44330000000.0,44330000000.0,44330000000.0,0.0,2773000000.0,0.091,71126000000.0,78358000000.0,53516000000.0,0.22,2.532,9.522,9.657,220330000000.0,0.0,91.45,0.865,0.865,36635000000.0,358369000000.0,488166000000.0,488166000000.0,1815000000.0,0.132,0.277,0.291,0.155,0.0,14466000000.0,1.0,4615939496.0,4615939496.0,,105.757,335191000000.0,0.0,30964000000.0,50691000000.0,72.616,2077000000.0
36,XOM,MRT,2012-06-30,2012-06-30,2012-06-30,2021-09-07,-10659000000.0,329645000000.0,332269000000.0,72797000000.0,256848000000.0,1.5,34.817,-32300000000.0,18017000000.0,18017000000.0,346042000000.0,47848000000.0,1.038,0.993,15581000000.0,6704000000.0,8877000000.0,15581000000.0,0.0,15682000000.0,0.0,0.023,1.98,76999000000.0,92681000000.0,0.186,92681000000.0,76999000000.0,76669000000.0,9.51,9.51,9.51,162811000000.0,157539500000.0,162811000000.0,396642463951.0,5.0,4.28,22804000000.0,4.877,1.0,152313000000.0,0.306,0.0,330000000.0,257073000000.0,257502250000.0,15158000000.0,33921000000.0,0.0,33921000000.0,161660000000.0,70136000000.0,91524000000.0,400139463951.0,9515000000.0,13660000000.0,-21048000000.0,733000000.0,-9402000000.0,-29725000000.0,-15415000000.0,1898000000.0,55104000000.0,-449000000.0,45090000000.0,45090000000.0,45090000000.0,0.0,2758000000.0,0.09,72556000000.0,79757000000.0,51322000000.0,0.208,2.458,8.874,8.998,214940000000.0,0.0,85.57,0.803,0.803,33741000000.0,351421000000.0,498355000000.0,498355000000.0,2049000000.0,0.136,0.286,0.299,0.155,0.0,14762000000.0,1.0,4676165291.0,4676165291.0,,106.573,329645000000.0,0.0,31579000000.0,48961000000.0,70.495,2661000000.0
37,XOM,MRT,2012-03-31,2012-03-31,2012-03-31,2021-09-07,-7998000000.0,345152000000.0,331408750000.0,76160000000.0,268992000000.0,1.498,33.313,-31767000000.0,19147000000.0,19147000000.0,350810000000.0,41092000000.0,0.952,1.153,15650000000.0,6419000000.0,9231000000.0,15650000000.0,0.0,15664000000.0,0.0,0.022,1.88,70948000000.0,86612000000.0,0.174,86612000000.0,70948000000.0,70623000000.0,8.29,8.28,8.29,157012000000.0,155724500000.0,157012000000.0,412742619776.0,6.0,4.765,26009000000.0,5.518,1.0,145668000000.0,0.293,0.0,325000000.0,261661000000.0,258140500000.0,14749000000.0,34527000000.0,0.0,34527000000.0,181035000000.0,79994000000.0,101041000000.0,408777619776.0,5837000000.0,8608000000.0,-21484000000.0,742000000.0,-9053000000.0,-29637000000.0,-22163000000.0,144000000.0,57776000000.0,-139000000.0,39860000000.0,39860000000.0,39860000000.0,0.0,1232000000.0,0.08,73488000000.0,72180000000.0,59084000000.0,0.227,2.603,10.255,10.462,214602000000.0,0.0,86.73,0.823,0.823,35844000000.0,338168000000.0,496478000000.0,496478000000.0,2269000000.0,0.12,0.256,0.275,0.143,0.0,14957000000.0,1.0,4713220567.0,4713220567.0,,105.337,345152000000.0,0.0,30763000000.0,50777000000.0,73.231,-3834000000.0
38,XOM,MRT,2011-12-31,2011-12-31,2011-12-31,2021-09-07,-9123000000.0,331052000000.0,325004000000.0,72963000000.0,258089000000.0,1.497,32.211,-30975000000.0,13068000000.0,13068000000.0,340010000000.0,42206000000.0,0.941,1.103,17033000000.0,7711000000.0,9322000000.0,17033000000.0,0.0,15583000000.0,0.0,0.022,1.85,72358000000.0,87941000000.0,0.181,87941000000.0,72358000000.0,72111000000.0,8.43,8.42,8.43,154396000000.0,154341500000.0,154396000000.0,411779285923.0,6.0,4.682,24370000000.0,5.084,1.0,146419000000.0,0.301,0.0,247000000.0,257512000000.0,254875000000.0,15024000000.0,34333000000.0,0.0,34333000000.0,170308000000.0,77505000000.0,92803000000.0,406272285923.0,4839000000.0,7547000000.0,-21131000000.0,1957000000.0,-9020000000.0,-28256000000.0,-22165000000.0,144000000.0,55345000000.0,-85000000.0,41060000000.0,41060000000.0,41060000000.0,0.0,1146000000.0,0.084,72915000000.0,73504000000.0,57067000000.0,0.219,2.631,9.895,10.055,214664000000.0,0.0,84.76,0.835,0.835,38642000000.0,330939000000.0,486429000000.0,486429000000.0,2081000000.0,0.126,0.266,0.284,0.149,0.0,14983000000.0,1.0,4793207715.0,4793207715.0,,101.483,331052000000.0,0.0,31051000000.0,49345000000.0,69.067,-4542000000.0
39,XOM,MRT,2011-09-30,2011-09-30,2011-09-30,2021-09-07,-5328000000.0,323227000000.0,317868500000.0,69376000000.0,253851000000.0,1.479,32.072,-30011000000.0,11255000000.0,11255000000.0,325231000000.0,41998000000.0,0.925,1.033,16762000000.0,7431000000.0,9331000000.0,16762000000.0,0.0,15778000000.0,0.0,0.025,1.82,70737000000.0,86515000000.0,0.184,86515000000.0,70737000000.0,70455000000.0,8.32,8.3,8.32,155939000000.0,152452250000.0,155939000000.0,361090400321.0,5.0,4.174,27638000000.0,5.684,1.0,144775000000.0,0.308,0.0,282000000.0,253763000000.0,252106500000.0,16730000000.0,35342000000.0,0.0,35342000000.0,161015000000.0,74971000000.0,86044000000.0,353135400321.0,-1222000000.0,1950000000.0,-21001000000.0,-1633000000.0,-8985000000.0,-31641000000.0,-27233000000.0,-704000000.0,57649000000.0,3000000.0,40910000000.0,40910000000.0,40910000000.0,0.0,1088000000.0,0.087,72950000000.0,71825000000.0,54572000000.0,0.219,2.265,8.632,8.73,209194000000.0,0.0,72.63,0.751,0.751,34368000000.0,323786000000.0,470006000000.0,470006000000.0,2205000000.0,0.129,0.268,0.281,0.151,0.0,14927000000.0,1.0,4862114833.0,4862114833.0,,96.667,323227000000.0,0.0,29545000000.0,49859000000.0,66.479,-5595000000.0
40,XOM,MRT,2011-06-30,2011-06-30,2011-06-30,2021-09-07,-2799000000.0,326204000000.0,312060250000.0,72305000000.0,253899000000.0,1.41,31.577,-30334000000.0,8533000000.0,8533000000.0,302589000000.0,38888000000.0,0.97,1.057,16488000000.0,4365000000.0,12123000000.0,16488000000.0,0.0,15756000000.0,0.0,0.022,1.79,65001000000.0,80757000000.0,0.184,80757000000.0,65001000000.0,64763000000.0,7.63,7.61,7.63,155551000000.0,149725250000.0,155551000000.0,403526855649.0,6.0,4.997,25543000000.0,5.185,1.0,137385000000.0,0.312,0.0,238000000.0,259626000000.0,249741750000.0,19048000000.0,36995000000.0,1754000000.0,35241000000.0,164369000000.0,74533000000.0,89836000000.0,400884855649.0,-4965000000.0,1361000000.0,-18811000000.0,-4142000000.0,-8942000000.0,-31941000000.0,-29816000000.0,-2238000000.0,55877000000.0,915000000.0,37930000000.0,37930000000.0,37930000000.0,0.0,958000000.0,0.086,71426000000.0,65959000000.0,57853000000.0,0.235,2.577,10.569,10.666,209807000000.0,0.0,81.38,0.911,0.911,35331000000.0,315733000000.0,439974000000.0,439974000000.0,1977000000.0,0.122,0.253,0.26,0.148,0.0,14870000000.0,1.0,4926085717.0,4926085717.0,,89.315,326204000000.0,0.0,26833000000.0,49508000000.0,66.22,-2228000000.0
41,XOM,MRT,2011-03-31,2011-03-31,2011-03-31,2021-09-07,-3656000000.0,319533000000.0,303276250000.0,72022000000.0,247511000000.0,1.342,30.549,-28166000000.0,13234000000.0,13234000000.0,278227000000.0,35736000000.0,0.979,1.069,15876000000.0,3560000000.0,12316000000.0,15876000000.0,0.0,15241000000.0,0.0,0.021,1.76,59115000000.0,74356000000.0,0.183,74356000000.0,59115000000.0,58882000000.0,7.05,7.03,7.05,151480000000.0,145880500000.0,151480000000.0,423727880111.0,7.0,5.699,24057000000.0,4.852,1.0,128747000000.0,0.316,0.0,233000000.0,248599000000.0,244942000000.0,16262000000.0,35207000000.0,0.0,35207000000.0,162002000000.0,73576000000.0,88426000000.0,417166880111.0,-909000000.0,2939000000.0,-14866000000.0,-5301000000.0,-8700000000.0,-29053000000.0,-24390000000.0,-488000000.0,52223000000.0,311000000.0,34810000000.0,34810000000.0,34810000000.0,0.0,926000000.0,0.086,68706000000.0,60041000000.0,57700000000.0,0.25,2.754,11.984,11.933,203726000000.0,0.0,84.13,1.025,1.025,35146000000.0,307361000000.0,406974000000.0,406974000000.0,1792000000.0,0.115,0.239,0.241,0.145,0.0,14796000000.0,1.0,4958598361.0,4958598361.0,,82.074,319533000000.0,0.0,24072000000.0,48437000000.0,64.44,-1554000000.0
42,XOM,MRT,2010-12-31,2010-12-31,2010-12-31,2021-09-07,-4823000000.0,302510000000.0,284080000000.0,58984000000.0,243526000000.0,1.349,29.12,-26871000000.0,8453000000.0,8453000000.0,262624000000.0,31398000000.0,0.942,1.02,15014000000.0,2787000000.0,12227000000.0,15014000000.0,0.0,14760000000.0,0.0,0.024,1.74,52280000000.0,67040000000.0,0.175,67040000000.0,52280000000.0,52021000000.0,6.24,6.22,6.24,146839000000.0,136145750000.0,146839000000.0,374761734644.0,7.0,5.59,21542000000.0,4.272,1.0,120597000000.0,0.315,0.0,259000000.0,246438000000.0,227970250000.0,12976000000.0,35338000000.0,0.0,35338000000.0,149831000000.0,62633000000.0,87198000000.0,368711734644.0,-2868000000.0,2022000000.0,-12050000000.0,-6210000000.0,-8498000000.0,-26924000000.0,-24204000000.0,-488000000.0,48413000000.0,-153000000.0,30460000000.0,30460000000.0,30460000000.0,0.0,938000000.0,0.079,67379000000.0,53218000000.0,50034000000.0,0.279,2.511,12.105,11.718,199548000000.0,0.0,73.12,0.962,0.962,32284000000.0,298899000000.0,383221000000.0,383221000000.0,2144000000.0,0.107,0.224,0.229,0.136,0.0,14683000000.0,1.0,5042556546.0,5042556546.0,,75.997,302510000000.0,0.0,21561000000.0,44962000000.0,59.991,-3649000000.0
43,XOM,MRT,2010-09-30,2010-09-30,2010-09-30,2021-09-07,-4339000000.0,299994000000.0,266783250000.0,62633000000.0,237361000000.0,1.379,28.483,-25964000000.0,12244000000.0,12244000000.0,254468000000.0,28021000000.0,1.014,1.03,18294000000.0,3046000000.0,15248000000.0,18294000000.0,0.0,13683000000.0,0.0,0.028,1.72,47262000000.0,60945000000.0,0.166,60945000000.0,47262000000.0,47077000000.0,5.65,5.64,5.65,145031000000.0,127078250000.0,145031000000.0,321802585534.0,7.0,5.28,17898000000.0,3.515,1.0,113408000000.0,0.308,0.0,185000000.0,244304000000.0,211404250000.0,14302000000.0,33188000000.0,15000000.0,33173000000.0,149394000000.0,61740000000.0,87654000000.0,314622585534.0,-228000000.0,-1094000000.0,-8982000000.0,-3058000000.0,-8278000000.0,-20389000000.0,-23546000000.0,691000000.0,43862000000.0,-155000000.0,27260000000.0,27260000000.0,27260000000.0,0.0,761000000.0,0.074,65385000000.0,48023000000.0,48251000000.0,0.304,2.169,11.542,10.936,195440000000.0,0.0,61.79,0.855,0.855,30244000000.0,291861000000.0,367876000000.0,367876000000.0,2278000000.0,0.102,0.215,0.224,0.128,0.0,14709000000.0,1.0,5091804265.0,5091804265.0,,72.249,299994000000.0,0.0,19817000000.0,45747000000.0,58.917,893000000.0
44,XOM,MRT,2010-06-30,2010-06-30,2010-06-30,2021-09-07,-6755000000.0,291068000000.0,249111500000.0,62216000000.0,228852000000.0,1.424,29.836,-23653000000.0,13252000000.0,13252000000.0,246703000000.0,25331000000.0,1.076,1.039,20432000000.0,2946000000.0,17486000000.0,20432000000.0,0.0,12766000000.0,0.0,0.03,1.7,43686000000.0,56452000000.0,0.159,56452000000.0,43686000000.0,43493000000.0,5.19,5.18,5.19,140172000000.0,117636750000.0,140172000000.0,263825927056.0,6.0,4.673,15959000000.0,3.397,1.0,108135000000.0,0.305,0.0,193000000.0,240427000000.0,193704500000.0,13439000000.0,32657000000.0,15000000.0,32642000000.0,145701000000.0,57821000000.0,87880000000.0,268117927056.0,-2324000000.0,-1568000000.0,-9990000000.0,-608000000.0,-8055000000.0,-18720000000.0,-22951000000.0,551000000.0,39612000000.0,-265000000.0,24640000000.0,24640000000.0,24640000000.0,0.0,691000000.0,0.069,63758000000.0,44377000000.0,45454000000.0,0.328,1.913,10.881,10.996,188069000000.0,0.0,57.07,0.756,0.756,29206000000.0,286745000000.0,354838000000.0,354838000000.0,2273000000.0,0.099,0.209,0.226,0.123,0.0,14889000000.0,1.0,4698053742.0,4698053742.0,,75.529,291068000000.0,0.0,18853000000.0,43704000000.0,61.955,4395000000.0
45,XOM,MRT,2010-03-31,2010-03-31,2010-03-31,2021-09-07,-5537000000.0,242748000000.0,232509750000.0,61696000000.0,181052000000.0,1.449,23.837,-23574000000.0,13742000000.0,13742000000.0,234274000000.0,21531000000.0,1.068,1.111,9450000000.0,2396000000.0,7054000000.0,9450000000.0,0.0,12404000000.0,0.0,0.025,1.68,38990000000.0,51394000000.0,0.153,51394000000.0,38990000000.0,38494000000.0,4.4,4.39,4.4,112541000000.0,109241750000.0,112541000000.0,315142873109.0,8.0,6.132,9000000000.0,1.906,1.0,102535000000.0,0.304,0.0,496000000.0,180712000000.0,175284000000.0,13488000000.0,32626000000.0,85000000.0,32541000000.0,125082000000.0,57744000000.0,67338000000.0,316230873109.0,-11230000000.0,-924000000.0,-13673000000.0,-58000000.0,-8028000000.0,-21798000000.0,-22846000000.0,555000000.0,32574000000.0,840000000.0,21030000000.0,21030000000.0,21030000000.0,0.0,501000000.0,0.062,63044000000.0,39491000000.0,46136000000.0,0.382,2.81,15.037,15.223,140819000000.0,0.0,66.98,0.939,0.939,29052000000.0,281251000000.0,336809000000.0,336809000000.0,2356000000.0,0.09,0.193,0.222,0.116,0.0,14801000000.0,1.0,4721273113.0,4721273113.0,,71.339,242748000000.0,0.0,17464000000.0,32874000000.0,51.416,3952000000.0
46,XOM,MRT,2009-12-31,2009-12-31,2009-12-31,2021-09-07,-5461000000.0,233323000000.0,227445500000.0,55235000000.0,178088000000.0,1.366,23.291,-22491000000.0,10693000000.0,10693000000.0,213561000000.0,19658000000.0,1.061,1.067,9605000000.0,2476000000.0,7129000000.0,9605000000.0,0.0,11917000000.0,0.0,0.024,1.66,34947000000.0,46864000000.0,0.151,46864000000.0,34947000000.0,34399000000.0,3.99,3.98,3.99,110569000000.0,107857250000.0,110569000000.0,320848280685.0,9.0,6.846,5947000000.0,1.253,1.0,97025000000.0,0.312,0.0,548000000.0,180174000000.0,169410500000.0,11553000000.0,31834000000.0,169000000.0,31665000000.0,117931000000.0,52061000000.0,65870000000.0,323717280685.0,-20744000000.0,-1207000000.0,-18951000000.0,-153000000.0,-8023000000.0,-27283000000.0,-22419000000.0,555000000.0,28438000000.0,520000000.0,19280000000.0,19280000000.0,19280000000.0,0.0,378000000.0,0.062,61700000000.0,35325000000.0,41275000000.0,0.416,2.928,16.79,17.09,139116000000.0,0.0,68.19,1.042,1.042,27645000000.0,276937000000.0,310586000000.0,310586000000.0,2021000000.0,0.085,0.179,0.206,0.113,0.0,14735000000.0,1.0,4747283776.0,4747283776.0,,65.424,233323000000.0,0.0,15119000000.0,31458000000.0,49.149,3174000000.0
47,XOM,MRT,2009-09-30,2009-09-30,2009-09-30,2021-09-07,-6380000000.0,229307000000.0,226127750000.0,57324000000.0,171983000000.0,1.351,22.32,-21053000000.0,12472000000.0,12472000000.0,204950000000.0,21943000000.0,1.083,1.093,9603000000.0,2418000000.0,7185000000.0,9603000000.0,0.0,11901000000.0,0.0,0.024,1.64,38107000000.0,50008000000.0,0.164,50008000000.0,38107000000.0,37477000000.0,4.29,4.28,4.29,107265000000.0,108456250000.0,107265000000.0,323423261574.0,8.0,6.467,9365000000.0,1.949,1.0,100491000000.0,0.329,0.0,630000000.0,173505000000.0,163602000000.0,12585000000.0,32215000000.0,151000000.0,32064000000.0,117202000000.0,52933000000.0,64269000000.0,329725261574.0,-24202000000.0,371000000.0,-25616000000.0,-883000000.0,-8049000000.0,-34791000000.0,-18624000000.0,-245000000.0,30418000000.0,-1205000000.0,21050000000.0,21050000000.0,21050000000.0,0.0,893000000.0,0.069,61491000000.0,39000000000.0,42645000000.0,0.382,3.074,15.664,15.993,132874000000.0,0.0,68.61,1.08,1.08,26937000000.0,272879000000.0,305441000000.0,305441000000.0,1704000000.0,0.093,0.194,0.233,0.125,0.0,14713000000.0,1.0,4805790141.0,4805790141.0,,63.557,229307000000.0,0.0,16427000000.0,31108000000.0,47.715,4391000000.0
48,XOM,MRT,2009-06-30,2009-06-30,2009-06-30,2021-09-07,-8249000000.0,224661000000.0,232855500000.0,59496000000.0,165165000000.0,1.55,21.844,-20705000000.0,15576000000.0,15576000000.0,240976000000.0,32438000000.0,1.153,1.065,9274000000.0,2157000000.0,7117000000.0,9274000000.0,0.0,11982000000.0,0.0,0.023,1.62,55457000000.0,67439000000.0,0.187,67439000000.0,55457000000.0,54571000000.0,6.17,6.15,6.17,106592000000.0,112961500000.0,106592000000.0,325372536866.0,6.0,4.825,15289000000.0,3.133,1.0,119942000000.0,0.332,0.0,886000000.0,166745000000.0,160770000000.0,12441000000.0,30511000000.0,153000000.0,30358000000.0,113508000000.0,51614000000.0,61894000000.0,341140536866.0,-23392000000.0,2829000000.0,-30106000000.0,-520000000.0,-8101000000.0,-39183000000.0,-16444000000.0,-245000000.0,35994000000.0,-3759000000.0,31150000000.0,31150000000.0,31150000000.0,0.0,1288000000.0,0.086,63197000000.0,56745000000.0,41895000000.0,0.263,3.2,10.952,11.331,127861000000.0,0.0,69.91,0.945,0.945,26862000000.0,270160000000.0,360918000000.0,360918000000.0,1612000000.0,0.134,0.276,0.345,0.154,0.0,14649000000.0,1.0,4879710154.0,4879710154.0,,73.963,224661000000.0,0.0,23421000000.0,29442000000.0,46.04,7882000000.0
49,XOM,MRT,2009-03-31,2009-03-31,2009-03-31,2021-09-07,-10900000000.0,222491000000.0,243379750000.0,64818000000.0,157673000000.0,1.744,21.653,-20012000000.0,24972000000.0,24972000000.0,287072000000.0,40397000000.0,1.309,1.038,9204000000.0,2163000000.0,7041000000.0,9204000000.0,0.0,12068000000.0,0.0,0.023,1.6,69906000000.0,81974000000.0,0.193,81974000000.0,69906000000.0,69256000000.0,7.59,7.56,7.59,107003000000.0,117520000000.0,107003000000.0,314513036369.0,4.0,3.837,27203000000.0,5.505,1.0,137461000000.0,0.324,0.0,650000000.0,157218000000.0,159132250000.0,12717000000.0,29273000000.0,168000000.0,29105000000.0,111113000000.0,49505000000.0,61608000000.0,336525036369.0,-15941000000.0,3218000000.0,-33378000000.0,-898000000.0,-8160000000.0,-42779000000.0,-15939000000.0,-245000000.0,47215000000.0,-4438000000.0,38880000000.0,38880000000.0,38880000000.0,0.0,1517000000.0,0.092,66038000000.0,71423000000.0,38468000000.0,0.211,3.145,8.655,8.972,122224000000.0,0.0,68.1,0.793,0.793,22942000000.0,268249000000.0,424533000000.0,424533000000.0,1460000000.0,0.16,0.331,0.439,0.165,0.0,15519000000.0,1.0,4941630490.0,4941630490.0,,85.909,222491000000.0,0.0,30376000000.0,28937000000.0,45.024,15313000000.0
50,XOM,MRT,2008-12-31,2008-12-31,2008-12-31,2021-09-07,-9931000000.0,228052000000.0,252307500000.0,72266000000.0,155786000000.0,1.892,22.208,-19318000000.0,31437000000.0,31437000000.0,325681000000.0,46867000000.0,1.472,0.978,9425000000.0,2400000000.0,7025000000.0,9425000000.0,0.0,12379000000.0,0.0,0.019,1.55,82423000000.0,94802000000.0,0.199,94802000000.0,82423000000.0,81750000000.0,8.7,8.66,8.7,112965000000.0,121554000000.0,112965000000.0,379657199888.0,5.0,4.005,40407000000.0,7.944,1.0,151678000000.0,0.318,0.0,673000000.0,156940000000.0,158905750000.0,11646000000.0,29126000000.0,570000000.0,28556000000.0,110529000000.0,49100000000.0,61429000000.0,406067199888.0,-2544000000.0,3490000000.0,-34981000000.0,-527000000.0,-8058000000.0,-44027000000.0,-15499000000.0,-245000000.0,59725000000.0,-2743000000.0,45220000000.0,45220000000.0,45220000000.0,0.0,1647000000.0,0.095,67608000000.0,84070000000.0,36643000000.0,0.178,3.595,8.98,9.176,121346000000.0,0.0,79.83,0.851,0.851,24702000000.0,265680000000.0,477359000000.0,477359000000.0,1451000000.0,0.179,0.372,0.519,0.173,0.0,15873000000.0,1.0,5086649128.0,5086649128.0,,93.845,228052000000.0,0.0,36530000000.0,29783000000.0,44.833,23166000000.0
51,XOM,MRT,2008-09-30,2008-09-30,2008-09-30,2021-09-07,-61000000.0,256218000000.0,255815000000.0,96021000000.0,160197000000.0,1.991,24.121,-18553000000.0,36674000000.0,36674000000.0,351139000000.0,51108000000.0,1.42,1.045,10264000000.0,2881000000.0,7383000000.0,10264000000.0,0.0,12357000000.0,0.0,0.019,1.5,88960000000.0,101317000000.0,0.199,101317000000.0,88960000000.0,88277000000.0,9.23,9.2,9.23,125286000000.0,123753250000.0,125286000000.0,374035274533.0,4.0,3.692,42023000000.0,8.091,1.0,158166000000.0,0.311,0.0,683000000.0,162177000000.0,159509500000.0,15940000000.0,38699000000.0,1760000000.0,36939000000.0,130932000000.0,67631000000.0,63301000000.0,403366274533.0,5251000000.0,2946000000.0,-34150000000.0,738000000.0,-7943000000.0,-42031000000.0,-12535000000.0,4102000000.0,60576000000.0,-759000000.0,49060000000.0,49060000000.0,49060000000.0,0.0,2048000000.0,0.096,67880000000.0,90286000000.0,49087000000.0,0.163,3.22,8.222,8.414,123258000000.0,0.0,77.66,0.792,0.792,35251000000.0,259878000000.0,509305000000.0,509305000000.0,1578000000.0,0.192,0.396,0.558,0.175,0.0,16068000000.0,1.0,5194003020.0,5194003020.0,,98.056,256218000000.0,0.0,39217000000.0,38928000000.0,49.33,28390000000.0
52,XOM,MRT,2008-06-30,2008-06-30,2008-06-30,2021-09-07,3847000000.0,266758000000.0,250925750000.0,103982000000.0,162776000000.0,1.889,23.625,-17346000000.0,38968000000.0,38968000000.0,327697000000.0,45152000000.0,1.346,1.137,9637000000.0,2310000000.0,7327000000.0,9637000000.0,0.0,12508000000.0,0.0,0.016,1.45,79318000000.0,91826000000.0,0.194,91826000000.0,79318000000.0,78880000000.0,8.09,8.05,8.09,124826000000.0,122082500000.0,124826000000.0,434744992672.0,5.0,4.734,43890000000.0,8.307,1.0,146208000000.0,0.309,0.0,438000000.0,160194000000.0,157391500000.0,15861000000.0,38583000000.0,732000000.0,37851000000.0,141932000000.0,77233000000.0,64699000000.0,465651992672.0,10009000000.0,1065000000.0,-33110000000.0,96000000.0,-7812000000.0,-41388000000.0,-12173000000.0,4102000000.0,61236000000.0,2334000000.0,43640000000.0,43640000000.0,43640000000.0,0.0,1512000000.0,0.092,65816000000.0,80392000000.0,60262000000.0,0.179,3.73,10.67,10.894,124925000000.0,0.0,88.13,0.983,0.983,41820000000.0,247111000000.0,473905000000.0,473905000000.0,1524000000.0,0.174,0.357,0.504,0.167,0.0,15901000000.0,1.0,5283694459.0,5283694459.0,,89.692,266758000000.0,0.0,35240000000.0,38960000000.0,50.487,26749000000.0
53,XOM,MRT,2008-03-31,2008-03-31,2008-03-31,2021-09-07,3504000000.0,258202000000.0,241315000000.0,97758000000.0,160444000000.0,1.799,23.017,-16260000000.0,40913000000.0,40913000000.0,295371000000.0,43507000000.0,1.377,1.097,10006000000.0,2771000000.0,7235000000.0,10006000000.0,0.0,12412000000.0,0.0,0.017,1.4,75029000000.0,87441000000.0,0.201,87441000000.0,75029000000.0,74602000000.0,7.7,7.66,7.7,123139000000.0,119963500000.0,123139000000.0,428090300999.0,6.0,4.896,42876000000.0,8.014,1.0,138812000000.0,0.32,0.0,427000000.0,156312000000.0,155249500000.0,15378000000.0,37989000000.0,480000000.0,37509000000.0,135063000000.0,70983000000.0,64080000000.0,452505300999.0,10919000000.0,1041000000.0,-32289000000.0,446000000.0,-7675000000.0,-40193000000.0,-10790000000.0,4102000000.0,59136000000.0,2766000000.0,42220000000.0,42220000000.0,42220000000.0,0.0,1287000000.0,0.097,62746000000.0,76066000000.0,53613000000.0,0.182,3.675,10.718,10.984,122935000000.0,0.0,84.58,1.042,1.042,36428000000.0,237529000000.0,434183000000.0,434183000000.0,1539000000.0,0.175,0.352,0.483,0.173,0.0,15300000000.0,1.0,5350027205.0,5350027205.0,,81.155,258202000000.0,0.0,32382000000.0,38607000000.0,48.262,26775000000.0
54,XOM,MRT,2007-12-31,2007-12-31,2007-12-31,2021-09-07,1989000000.0,242082000000.0,232589250000.0,85963000000.0,156119000000.0,1.739,22.286,-15387000000.0,33981000000.0,33981000000.0,272179000000.0,41615000000.0,1.474,0.988,9566000000.0,2383000000.0,7183000000.0,9566000000.0,0.0,12250000000.0,0.0,0.015,1.37,70874000000.0,83124000000.0,0.205,83124000000.0,70874000000.0,70474000000.0,7.31,7.26,7.31,121762000000.0,117706250000.0,121762000000.0,484851083869.0,7.0,5.833,36615000000.0,6.702,1.0,132373000000.0,0.327,0.0,400000000.0,159355000000.0,152890250000.0,11089000000.0,28713000000.0,519000000.0,28194000000.0,120320000000.0,58312000000.0,62008000000.0,511887083869.0,5737000000.0,1166000000.0,-30743000000.0,598000000.0,-7621000000.0,-38345000000.0,-9728000000.0,4102000000.0,52002000000.0,1808000000.0,40610000000.0,40610000000.0,40610000000.0,0.0,1005000000.0,0.1,60494000000.0,71879000000.0,45275000000.0,0.187,4.204,12.605,12.817,120869000000.0,0.0,93.69,1.265,1.265,36450000000.0,228518000000.0,404552000000.0,404552000000.0,1469000000.0,0.175,0.345,0.464,0.175,0.0,14890000000.0,1.0,5463625615.0,5463625615.0,,74.045,242082000000.0,0.0,29864000000.0,33553000000.0,44.308,27651000000.0
55,XOM,MRT,2007-09-30,2007-09-30,2007-09-30,2021-09-07,849000000.0,236661000000.0,226822500000.0,85247000000.0,151414000000.0,1.666,21.384,-14988000000.0,36027000000.0,36027000000.0,251334000000.0,39200000000.0,1.524,0.995,8991000000.0,2095000000.0,6896000000.0,8991000000.0,0.0,12377000000.0,0.0,0.014,1.34,66686000000.0,79063000000.0,0.209,79063000000.0,66686000000.0,66313000000.0,6.98,6.91,6.98,118603000000.0,115726750000.0,118603000000.0,488588969994.0,7.0,6.18,34541000000.0,6.228,1.0,126604000000.0,0.335,0.0,373000000.0,153705000000.0,149475750000.0,13019000000.0,32502000000.0,190000000.0,32312000000.0,118058000000.0,55920000000.0,62138000000.0,513361969994.0,-1311000000.0,570000000.0,-30999000000.0,-85000000.0,-7571000000.0,-39014000000.0,-13531000000.0,0.0,49529000000.0,1705000000.0,39200000000.0,39200000000.0,39200000000.0,0.0,0.0,0.104,58872000000.0,67732000000.0,43525000000.0,0.192,4.328,13.096,13.261,119102000000.0,0.0,92.56,1.358,1.358,31832000000.0,218761000000.0,377938000000.0,377938000000.0,1345000000.0,0.173,0.339,0.446,0.176,0.0,14674000000.0,1.0,5546261560.0,5546261560.0,,68.143,236661000000.0,0.0,27113000000.0,32629000000.0,42.67,29327000000.0
56,XOM,MRT,2007-06-30,2007-06-30,2007-06-30,2021-09-07,-1274000000.0,228315000000.0,223644000000.0,80720000000.0,147595000000.0,1.678,20.654,-14768000000.0,33563000000.0,33563000000.0,248453000000.0,40280000000.0,1.555,0.962,8790000000.0,2033000000.0,6757000000.0,8790000000.0,0.0,11948000000.0,0.0,0.016,1.31,68312000000.0,80260000000.0,0.214,80260000000.0,68312000000.0,67731000000.0,7.05,6.98,7.05,116350000000.0,115224250000.0,116350000000.0,446684692213.0,7.0,5.565,34195000000.0,6.07,1.0,126741000000.0,0.338,0.0,581000000.0,151626000000.0,146148000000.0,12895000000.0,31537000000.0,0.0,31537000000.0,111965000000.0,51916000000.0,60049000000.0,472518692213.0,-3154000000.0,699000000.0,-31412000000.0,192000000.0,-7531000000.0,-38996000000.0,-13777000000.0,0.0,48963000000.0,656000000.0,40280000000.0,40280000000.0,40280000000.0,0.0,0.0,0.107,57375000000.0,69366000000.0,41247000000.0,0.186,4.061,11.731,11.898,116058000000.0,0.0,83.88,1.259,1.259,30315000000.0,211283000000.0,375194000000.0,375194000000.0,1348000000.0,0.18,0.35,0.467,0.182,0.0,14430000000.0,1.0,5633270055.0,5633270055.0,,66.603,228315000000.0,0.0,27451000000.0,30184000000.0,40.53,28804000000.0
57,XOM,MRT,2007-03-31,2007-03-31,2007-03-31,2021-09-07,-2546000000.0,223299000000.0,221817750000.0,78065000000.0,145234000000.0,1.695,20.043,-14838000000.0,34598000000.0,34598000000.0,249689000000.0,40380000000.0,1.543,0.957,8764000000.0,2006000000.0,6758000000.0,8764000000.0,0.0,11714000000.0,0.0,0.017,1.28,68599000000.0,80313000000.0,0.214,80313000000.0,68599000000.0,68007000000.0,6.94,6.87,6.94,114110000000.0,115077750000.0,114110000000.0,405065937498.0,6.0,5.044,34103000000.0,5.99,1.0,126189000000.0,0.336,0.0,592000000.0,146875000000.0,143515500000.0,12605000000.0,31033000000.0,0.0,31033000000.0,109189000000.0,50590000000.0,58599000000.0,429566937498.0,-1951000000.0,620000000.0,-30409000000.0,459000000.0,-7496000000.0,-37713000000.0,-13965000000.0,0.0,48941000000.0,786000000.0,40380000000.0,40380000000.0,40380000000.0,0.0,0.0,0.107,56471000000.0,69718000000.0,38923000000.0,0.184,3.764,10.638,10.872,114201000000.0,0.0,75.45,1.143,1.143,27582000000.0,202984000000.0,375878000000.0,375878000000.0,1171000000.0,0.182,0.351,0.478,0.183,0.0,14199000000.0,1.0,5693398774.0,5693398774.0,,66.02,223299000000.0,0.0,27627000000.0,30671000000.0,39.221,27475000000.0
58,XOM,MRT,2006-12-31,2006-12-31,2006-12-31,2021-09-07,-2762000000.0,219015000000.0,219993500000.0,75777000000.0,143238000000.0,1.717,19.519,-15462000000.0,32848000000.0,32848000000.0,252130000000.0,39500000000.0,1.552,0.924,8347000000.0,1702000000.0,6645000000.0,8347000000.0,0.0,11416000000.0,0.0,0.017,1.28,68056000000.0,79472000000.0,0.21,79472000000.0,68056000000.0,67402000000.0,6.68,6.62,6.68,113844000000.0,114666000000.0,113844000000.0,418194589540.0,6.0,5.262,33824000000.0,5.799,1.0,125505000000.0,0.332,0.0,654000000.0,145697000000.0,140800000000.0,10714000000.0,23237000000.0,0.0,23237000000.0,105171000000.0,48817000000.0,56354000000.0,446943589540.0,-427000000.0,476000000.0,-28385000000.0,73000000.0,-7628000000.0,-36210000000.0,-14230000000.0,0.0,49286000000.0,727000000.0,39500000000.0,39500000000.0,39500000000.0,0.0,0.0,0.105,56398000000.0,69107000000.0,39082000000.0,0.192,3.926,11.315,11.472,113687000000.0,0.0,76.63,1.184,1.184,28942000000.0,195207000000.0,377635000000.0,377635000000.0,1181000000.0,0.18,0.344,0.483,0.18,0.0,14273000000.0,1.0,5832488445.0,5832488445.0,,64.747,219015000000.0,0.0,27902000000.0,28884000000.0,37.551,26960000000.0
59,XOM,MRT,2006-09-30,2006-09-30,2006-09-30,2021-09-07,548000000.0,223947000000.0,217323500000.0,81753000000.0,142194000000.0,1.781,19.612,-15200000000.0,37338000000.0,37338000000.0,259974000000.0,39960000000.0,1.492,0.921,8589000000.0,2125000000.0,6464000000.0,8589000000.0,0.0,10805000000.0,0.0,0.019,1.25,70235000000.0,81040000000.0,0.209,81040000000.0,70235000000.0,69559000000.0,6.63,6.57,6.63,116593000000.0,114001500000.0,116593000000.0,370546618055.0,5.0,4.572,35614000000.0,5.991,1.0,126977000000.0,0.328,0.0,676000000.0,140394000000.0,138561750000.0,12528000000.0,30472000000.0,0.0,30472000000.0,107354000000.0,54804000000.0,52550000000.0,398906618055.0,3494000000.0,974000000.0,-25674000000.0,-150000000.0,-7570000000.0,-34105000000.0,-13655000000.0,0.0,50814000000.0,440000000.0,39960000000.0,39960000000.0,39960000000.0,0.0,0.0,0.103,55684000000.0,71293000000.0,40225000000.0,0.189,3.421,9.983,10.121,111722000000.0,0.0,67.1,1.031,1.031,28390000000.0,186810000000.0,386951000000.0,386951000000.0,1139000000.0,0.184,0.351,0.507,0.182,0.0,14113000000.0,1.0,5944957050.0,5944957050.0,,65.089,223947000000.0,0.0,29599000000.0,33472000000.0,37.67,26949000000.0
60,XOM,MRT,2006-06-30,2006-06-30,2006-06-30,2021-09-07,513000000.0,221010000000.0,213767000000.0,80658000000.0,140352000000.0,1.815,19.134,-14977000000.0,36717000000.0,36717000000.0,264038000000.0,39390000000.0,1.565,0.909,8357000000.0,1964000000.0,6393000000.0,8357000000.0,0.0,10588000000.0,0.0,0.02,1.22,67901000000.0,78489000000.0,0.202,78489000000.0,67901000000.0,67433000000.0,6.44,6.38,6.44,115764000000.0,111825750000.0,115764000000.0,342632373412.0,5.0,4.365,37107000000.0,6.133,1.0,124037000000.0,0.32,0.0,468000000.0,141096000000.0,136828000000.0,11829000000.0,29242000000.0,0.0,29242000000.0,105246000000.0,51554000000.0,53692000000.0,371187373412.0,6465000000.0,850000000.0,-22978000000.0,-1074000000.0,-7500000000.0,-32444000000.0,-13832000000.0,0.0,52084000000.0,657000000.0,39390000000.0,39390000000.0,39390000000.0,0.0,0.0,0.102,55196000000.0,68841000000.0,39302000000.0,0.189,3.206,9.423,9.526,111110000000.0,0.0,61.35,0.956,0.956,28607000000.0,178212000000.0,388075000000.0,388075000000.0,1035000000.0,0.184,0.352,0.496,0.175,0.0,14466000000.0,1.0,6050323935.0,6050323935.0,,64.141,221010000000.0,0.0,28043000000.0,32563000000.0,36.529,29104000000.0
61,XOM,MRT,2006-03-31,2006-03-31,2006-03-31,2021-09-07,-882000000.0,216002000000.0,208968500000.0,78474000000.0,137528000000.0,1.807,18.417,-14856000000.0,36549000000.0,36549000000.0,260161000000.0,36670000000.0,1.526,0.921,7994000000.0,1739000000.0,6255000000.0,7994000000.0,0.0,10344000000.0,0.0,0.02,1.19,62593000000.0,72937000000.0,0.193,72937000000.0,62593000000.0,61988000000.0,5.91,5.86,5.91,112463000000.0,109033750000.0,112463000000.0,346347396559.0,6.0,4.749,34945000000.0,5.723,1.0,117448000000.0,0.311,0.0,605000000.0,136013000000.0,135059250000.0,11584000000.0,29131000000.0,0.0,29131000000.0,103539000000.0,51434000000.0,52105000000.0,371631396559.0,6780000000.0,1823000000.0,-19957000000.0,-1566000000.0,-7414000000.0,-29940000000.0,-12687000000.0,0.0,49801000000.0,-394000000.0,36670000000.0,36670000000.0,36670000000.0,0.0,0.0,0.097,53969000000.0,63479000000.0,39019000000.0,0.201,3.304,10.134,10.298,108397000000.0,0.0,60.86,0.984,0.984,26962000000.0,169778000000.0,377609000000.0,377609000000.0,1073000000.0,0.175,0.336,0.463,0.166,0.0,14417000000.0,1.0,6106332510.0,6106332510.0,,61.839,216002000000.0,0.0,25318000000.0,32571000000.0,35.373,27040000000.0
62,XOM,MRT,2005-12-31,2005-12-31,2005-12-31,2021-09-07,-1279000000.0,208335000000.0,205281000000.0,73342000000.0,134993000000.0,1.806,17.869,-13839000000.0,33275000000.0,33275000000.0,257515000000.0,36130000000.0,1.584,0.874,7991000000.0,1771000000.0,6220000000.0,7991000000.0,0.0,10253000000.0,0.0,0.02,1.14,59928000000.0,70181000000.0,0.189,70181000000.0,59928000000.0,59432000000.0,5.76,5.71,5.76,111186000000.0,106842500000.0,111186000000.0,324124965739.0,5.0,4.618,34299000000.0,5.512,1.0,113165000000.0,0.305,0.0,496000000.0,136744000000.0,134068500000.0,9321000000.0,20592000000.0,0.0,20592000000.0,97149000000.0,46307000000.0,50842000000.0,349511965739.0,10140000000.0,3226000000.0,-17280000000.0,-1502000000.0,-7185000000.0,-26941000000.0,-10270000000.0,0.0,48138000000.0,-787000000.0,36130000000.0,36130000000.0,36130000000.0,0.0,0.0,0.097,52438000000.0,60727000000.0,36120000000.0,0.198,3.143,9.674,9.752,107010000000.0,0.0,56.17,0.943,0.943,27484000000.0,163335000000.0,370680000000.0,370680000000.0,964000000.0,0.176,0.338,0.447,0.162,0.0,14402000000.0,1.0,6222395687.0,6222395687.0,,59.572,208335000000.0,0.0,23302000000.0,29294000000.0,33.481,27035000000.0
63,XOM,MRT,2005-09-30,2005-09-30,2005-09-30,2021-09-07,-896000000.0,209721000000.0,202011250000.0,74730000000.0,134991000000.0,1.756,17.111,-13347000000.0,33844000000.0,33844000000.0,247371000000.0,33840000000.0,1.469,0.944,8457000000.0,2331000000.0,6126000000.0,8457000000.0,0.0,10195000000.0,0.0,0.018,1.12,55433000000.0,65628000000.0,0.185,65628000000.0,55433000000.0,54979000000.0,5.35,5.3,5.35,107890000000.0,104485000000.0,107890000000.0,379462060276.0,7.0,5.782,36709000000.0,5.822,1.0,107330000000.0,0.303,0.0,454000000.0,133459000000.0,134240750000.0,10976000000.0,27897000000.0,0.0,27897000000.0,101831000000.0,50875000000.0,50956000000.0,400628060276.0,13132000000.0,3095000000.0,-14741000000.0,-2980000000.0,-7128000000.0,-25531000000.0,-11269000000.0,-2000000.0,50056000000.0,-124000000.0,33840000000.0,33840000000.0,33840000000.0,0.0,0.0,0.095,51148000000.0,56182000000.0,39055000000.0,0.209,3.713,11.839,11.877,107094000000.0,0.0,63.54,1.129,1.129,26193000000.0,154420000000.0,354701000000.0,354701000000.0,944000000.0,0.168,0.324,0.413,0.156,0.0,14627000000.0,1.0,6305131575.0,6305131575.0,,56.256,209721000000.0,0.0,21139000000.0,30014000000.0,33.262,23855000000.0
64,XOM,MRT,2005-06-30,2005-06-30,2005-06-30,2021-09-07,-1251000000.0,201816000000.0,196439250000.0,69630000000.0,132186000000.0,1.682,16.431,-12692000000.0,30252000000.0,30252000000.0,230287000000.0,29600000000.0,1.493,0.929,9086000000.0,3015000000.0,6071000000.0,9086000000.0,0.0,10113000000.0,0.0,0.019,1.1,49301000000.0,59414000000.0,0.18,59414000000.0,49301000000.0,48461000000.0,4.63,4.6,4.63,104596000000.0,101373000000.0,104596000000.0,344393764416.0,7.0,5.797,31050000000.0,4.878,1.0,100072000000.0,0.303,0.0,840000000.0,134021000000.0,134035250000.0,10583000000.0,25971000000.0,0.0,25971000000.0,97220000000.0,46629000000.0,50591000000.0,365838764416.0,11471000000.0,2911000000.0,-12212000000.0,-2394000000.0,-7059000000.0,-22243000000.0,-9974000000.0,-3000000.0,43742000000.0,-54000000.0,29600000000.0,29600000000.0,29600000000.0,0.0,0.0,0.09,49997000000.0,50075000000.0,36185000000.0,0.238,3.498,12.359,12.413,106215000000.0,0.0,57.47,1.107,1.107,25716000000.0,146322000000.0,330359000000.0,330359000000.0,1084000000.0,0.151,0.292,0.368,0.149,0.0,14234000000.0,1.0,6365734547.0,6365734547.0,,51.896,201816000000.0,0.0,18861000000.0,27508000000.0,31.703,23001000000.0
65,XOM,MRT,2005-03-31,2005-03-31,2005-03-31,2021-09-07,200000000.0,201252000000.0,191232500000.0,68590000000.0,132662000000.0,1.634,16.24,-11889000000.0,29769000000.0,29769000000.0,217028000000.0,27750000000.0,1.436,0.941,8324000000.0,3309000000.0,5015000000.0,8324000000.0,0.0,9947000000.0,0.0,0.018,1.08,45828000000.0,55775000000.0,0.178,55775000000.0,45828000000.0,45182000000.0,4.31,4.28,4.31,103698000000.0,98607750000.0,103698000000.0,365725346932.0,8.0,6.557,31492000000.0,4.932,1.0,95456000000.0,0.305,0.0,646000000.0,132050000000.0,133228250000.0,10462000000.0,25247000000.0,0.0,25247000000.0,97554000000.0,47757000000.0,49797000000.0,380567346932.0,9271000000.0,1810000000.0,-10333000000.0,-2262000000.0,-6982000000.0,-20101000000.0,-14415000000.0,-4604000000.0,43381000000.0,406000000.0,27750000000.0,27750000000.0,27750000000.0,0.0,0.0,0.089,48911000000.0,46545000000.0,35489000000.0,0.251,3.67,13.714,13.828,107415000000.0,0.0,59.6,1.218,1.218,25489000000.0,140522000000.0,312484000000.0,312484000000.0,1096000000.0,0.145,0.281,0.344,0.147,0.0,14058000000.0,1.0,6385358170.0,6385358170.0,,48.938,201252000000.0,0.0,17432000000.0,29690000000.0,31.518,20833000000.0
66,XOM,MRT,2004-12-31,2004-12-31,2004-12-31,2021-09-07,1527000000.0,195256000000.0,185970000000.0,60377000000.0,134879000000.0,1.603,15.773,-11986000000.0,23135000000.0,23135000000.0,207441000000.0,25330000000.0,1.405,0.919,8293000000.0,3280000000.0,5013000000.0,8293000000.0,0.0,9767000000.0,0.0,0.021,1.06,41879000000.0,51646000000.0,0.173,51646000000.0,41879000000.0,41241000000.0,3.91,3.89,3.91,101756000000.0,95603500000.0,101756000000.0,320092413020.0,8.0,6.198,28565000000.0,4.428,1.0,90594000000.0,0.304,0.0,638000000.0,137433000000.0,133296250000.0,9487000000.0,18404000000.0,0.0,18404000000.0,93500000000.0,42981000000.0,50519000000.0,330693413020.0,7905000000.0,467000000.0,-8991000000.0,-1951000000.0,-6896000000.0,-18268000000.0,-14910000000.0,-4604000000.0,40551000000.0,532000000.0,25330000000.0,25330000000.0,25330000000.0,0.0,0.0,0.085,47939000000.0,42655000000.0,31763000000.0,0.271,3.25,13.055,13.11,108639000000.0,0.0,51.26,1.11,1.11,25359000000.0,134390000000.0,298035000000.0,298035000000.0,1098000000.0,0.136,0.265,0.314,0.141,0.0,13849000000.0,1.0,6451295611.0,6451295611.0,,46.198,195256000000.0,0.0,15911000000.0,29030000000.0,30.266,17396000000.0
67,XOM,MRT,2004-09-30,2004-09-30,2004-09-30,2021-09-07,-785000000.0,187433000000.0,180725500000.0,57935000000.0,129498000000.0,1.553,14.671,-12133000000.0,20710000000.0,20710000000.0,195286000000.0,23560000000.0,1.311,0.964,10109000000.0,4913000000.0,5196000000.0,10109000000.0,0.0,9647000000.0,0.0,0.022,1.04,37965000000.0,47612000000.0,0.17,47612000000.0,37965000000.0,37354000000.0,3.61,3.6,3.61,95442000000.0,92643250000.0,95442000000.0,305463159013.0,8.0,6.416,22909000000.0,3.521,1.0,85336000000.0,0.304,0.0,611000000.0,132637000000.0,132640750000.0,10079000000.0,24605000000.0,0.0,24605000000.0,91991000000.0,44195000000.0,47796000000.0,314411159013.0,5093000000.0,1612000000.0,-7894000000.0,-676000000.0,-6807000000.0,-15834000000.0,-14156000000.0,-4602000000.0,35042000000.0,41000000.0,23560000000.0,23560000000.0,23560000000.0,0.0,0.0,0.084,46756000000.0,38580000000.0,32107000000.0,0.288,3.294,13.345,13.388,104893000000.0,0.0,48.33,1.12,1.12,24506000000.0,127708000000.0,280622000000.0,280622000000.0,1243000000.0,0.13,0.254,0.286,0.135,0.0,13654000000.0,1.0,6505507118.0,6505507118.0,,43.136,187433000000.0,0.0,13794000000.0,26830000000.0,28.811,13740000000.0
68,XOM,MRT,2004-06-30,2004-06-30,2004-06-30,2021-09-07,-1429000000.0,180989000000.0,175614000000.0,54250000000.0,126739000000.0,1.504,14.302,-12369000000.0,18778000000.0,18778000000.0,183756000000.0,21530000000.0,1.315,0.935,9830000000.0,4746000000.0,5084000000.0,9830000000.0,0.0,9419000000.0,0.0,0.023,1.02,33975000000.0,43394000000.0,0.164,43394000000.0,33975000000.0,33782000000.0,3.28,3.27,3.28,93535000000.0,89723750000.0,93535000000.0,284518425540.0,8.0,6.557,18924000000.0,2.894,1.0,80332000000.0,0.304,0.0,193000000.0,130793000000.0,131219000000.0,9958000000.0,22885000000.0,0.0,22885000000.0,87454000000.0,41248000000.0,46206000000.0,290443425540.0,1656000000.0,1282000000.0,-6711000000.0,-1160000000.0,-6712000000.0,-14972000000.0,-14621000000.0,-4601000000.0,31293000000.0,-44000000.0,21530000000.0,21530000000.0,21530000000.0,0.0,0.0,0.082,45840000000.0,34492000000.0,30184000000.0,0.311,3.105,13.49,13.54,103854000000.0,0.0,44.41,1.1,1.1,23089000000.0,123781000000.0,264088000000.0,264088000000.0,1082000000.0,0.123,0.24,0.259,0.129,0.0,13528000000.0,1.0,6540045610.0,6540045610.0,,40.38,180989000000.0,0.0,12252000000.0,25842000000.0,27.674,13002000000.0
69,XOM,MRT,2004-03-31,2004-03-31,2004-03-31,2021-09-07,-896000000.0,180202000000.0,171642500000.0,52475000000.0,127727000000.0,1.46,13.981,-12731000000.0,15894000000.0,15894000000.0,173567000000.0,19910000000.0,1.251,0.966,9969000000.0,4834000000.0,5135000000.0,9969000000.0,0.0,9238000000.0,0.0,0.024,1.0,31263000000.0,40501000000.0,0.162,40501000000.0,31263000000.0,31050000000.0,3.02,3.01,3.02,91681000000.0,86985250000.0,91681000000.0,271646398164.0,9.0,6.707,17259000000.0,2.632,1.0,76993000000.0,0.307,0.0,213000000.0,132322000000.0,130038750000.0,10186000000.0,22943000000.0,0.0,22943000000.0,88521000000.0,41955000000.0,46566000000.0,272727398164.0,3566000000.0,602000000.0,-6082000000.0,-1617000000.0,-6616000000.0,-14989000000.0,-11688000000.0,0.0,29990000000.0,253000000.0,19910000000.0,19910000000.0,19910000000.0,0.0,0.0,0.079,45255000000.0,31738000000.0,30356000000.0,0.331,2.975,13.698,13.772,104784000000.0,0.0,41.59,1.088,1.088,24189000000.0,119754000000.0,250560000000.0,250560000000.0,1038000000.0,0.116,0.229,0.24,0.125,0.0,13536000000.0,1.0,6557523399.0,6557523399.0,,38.21,180202000000.0,0.0,11140000000.0,26746000000.0,27.48,10520000000.0
70,XOM,MRT,2003-12-31,2003-12-31,2003-12-31,2021-09-07,-514000000.0,174278000000.0,167215750000.0,45960000000.0,128318000000.0,1.476,13.603,-12859000000.0,10626000000.0,10626000000.0,169158000000.0,21510000000.0,1.197,0.938,9545000000.0,4789000000.0,4756000000.0,9545000000.0,0.0,9047000000.0,0.0,0.024,0.98,32723000000.0,41770000000.0,0.169,41770000000.0,32723000000.0,32516000000.0,3.24,3.23,3.24,89915000000.0,83961250000.0,89915000000.0,269605780033.0,8.0,6.455,15639000000.0,2.366,1.0,77580000000.0,0.314,0.0,207000000.0,134811000000.0,127752250000.0,8957000000.0,15535000000.0,0.0,15535000000.0,84363000000.0,38386000000.0,45977000000.0,271001780033.0,3397000000.0,1481000000.0,-5447000000.0,-2124000000.0,-6515000000.0,-14763000000.0,-10842000000.0,0.0,28498000000.0,504000000.0,21510000000.0,21510000000.0,21510000000.0,0.0,0.0,0.087,44713000000.0,32867000000.0,28445000000.0,0.302,3.014,12.599,12.654,104965000000.0,0.0,41.0,1.098,1.098,24309000000.0,115956000000.0,246738000000.0,246738000000.0,1010000000.0,0.129,0.256,0.256,0.133,0.0,13396000000.0,1.0,6609799513.0,6609799513.0,,37.329,174278000000.0,0.0,11006000000.0,25270000000.0,26.367,7574000000.0
71,XOM,MRT,2003-09-30,2003-09-30,2003-09-30,2021-09-07,-3261000000.0,166987000000.0,161807250000.0,42958000000.0,124029000000.0,1.463,12.621,-12595000000.0,11015000000.0,11015000000.0,164322000000.0,18950000000.0,1.112,0.994,9619000000.0,4004000000.0,5615000000.0,9619000000.0,0.0,8685000000.0,0.0,0.026,0.96,29304000000.0,37989000000.0,0.161,37989000000.0,29304000000.0,28943000000.0,2.83,2.82,2.83,83764000000.0,80131750000.0,83764000000.0,240525878140.0,8.0,6.331,14183000000.0,2.137,1.0,72348000000.0,0.306,0.0,361000000.0,126950000000.0,124796500000.0,9757000000.0,22837000000.0,0.0,22837000000.0,83223000000.0,38641000000.0,44582000000.0,242908878140.0,4078000000.0,1543000000.0,-4885000000.0,-1452000000.0,-6411000000.0,-13307000000.0,-9939000000.0,0.0,26778000000.0,546000000.0,18950000000.0,18950000000.0,18950000000.0,-449000000.0,0.0,0.08,43368000000.0,28980000000.0,27731000000.0,0.339,2.9,12.818,12.933,101192000000.0,0.0,36.6,1.026,1.026,20248000000.0,110955000000.0,236670000000.0,236670000000.0,867000000.0,0.117,0.236,0.235,0.124,0.0,12866000000.0,1.0,6636854594.0,6636854594.0,,35.66,166987000000.0,0.0,9993000000.0,24622000000.0,25.161,4317000000.0
72,XOM,MRT,2003-06-30,2003-06-30,2003-06-30,2021-09-07,-3985000000.0,165103000000.0,157428750000.0,44066000000.0,121037000000.0,1.467,12.364,-12406000000.0,12521000000.0,12521000000.0,161095000000.0,17940000000.0,1.202,0.999,10138000000.0,4327000000.0,5811000000.0,10138000000.0,0.0,8660000000.0,0.0,0.026,0.94,27847000000.0,36507000000.0,0.158,36507000000.0,27847000000.0,27476000000.0,2.67,2.66,2.67,82581000000.0,77863250000.0,82581000000.0,238189916805.0,9.0,6.524,16117000000.0,2.413,1.0,69832000000.0,0.302,0.0,371000000.0,126072000000.0,123149000000.0,10035000000.0,21537000000.0,0.0,21537000000.0,82522000000.0,36648000000.0,45874000000.0,239856916805.0,6821000000.0,1484000000.0,-4341000000.0,-1294000000.0,-6304000000.0,-12474000000.0,-9759000000.0,0.0,28523000000.0,531000000.0,17940000000.0,17940000000.0,17940000000.0,-460000000.0,0.0,0.078,42345000000.0,27487000000.0,26530000000.0,0.352,2.905,13.37,13.449,99500000000.0,0.0,35.91,1.039,1.039,19471000000.0,108963000000.0,230927000000.0,230927000000.0,802000000.0,0.114,0.23,0.226,0.121,0.0,12350000000.0,1.0,6679390610.0,6679390610.0,,34.573,165103000000.0,0.0,9536000000.0,23332000000.0,24.718,7418000000.0
73,XOM,MRT,2003-03-31,2003-03-31,2003-03-31,2021-09-07,-5528000000.0,162495000000.0,153211000000.0,45474000000.0,117021000000.0,1.466,11.896,-11949000000.0,12328000000.0,12328000000.0,158520000000.0,16410000000.0,1.208,1.042,10661000000.0,4172000000.0,6489000000.0,10661000000.0,0.0,8494000000.0,0.0,0.026,0.92,25372000000.0,33866000000.0,0.151,33866000000.0,25372000000.0,25020000000.0,2.44,2.43,2.44,79585000000.0,75997500000.0,79585000000.0,237330383414.0,9.0,7.008,13341000000.0,1.994,1.0,66046000000.0,0.294,0.0,352000000.0,123176000000.0,122280750000.0,8862000000.0,20426000000.0,0.0,20426000000.0,82910000000.0,37652000000.0,45258000000.0,233811383414.0,5706000000.0,1346000000.0,-4299000000.0,-148000000.0,-6195000000.0,-11013000000.0,-9256000000.0,0.0,25290000000.0,685000000.0,16410000000.0,16410000000.0,16410000000.0,-471000000.0,0.0,0.073,41128000000.0,24918000000.0,27592000000.0,0.377,2.938,14.248,14.324,96595000000.0,0.0,34.95,1.041,1.041,22146000000.0,106460000000.0,224566000000.0,224566000000.0,849000000.0,0.107,0.216,0.207,0.113,0.0,12320000000.0,1.0,6689882215.0,6689882215.0,,33.568,162495000000.0,0.0,8610000000.0,23138000000.0,24.29,7822000000.0
74,XOM,MRT,2002-12-31,2002-12-31,2002-12-31,2021-09-07,-6054000000.0,152644000000.0,148096500000.0,38291000000.0,114353000000.0,1.381,11.086,-11437000000.0,7229000000.0,7229000000.0,146562000000.0,11460000000.0,1.154,1.046,10748000000.0,4093000000.0,6655000000.0,10748000000.0,0.0,8310000000.0,0.0,0.026,0.92,18357000000.0,26667000000.0,0.13,26667000000.0,18357000000.0,17959000000.0,1.69,1.68,1.69,74597000000.0,74193000000.0,74597000000.0,239053699265.0,13.0,8.964,9831000000.0,1.461,1.0,57944000000.0,0.283,0.0,398000000.0,122988000000.0,120424250000.0,8068000000.0,12111000000.0,0.0,12111000000.0,78047000000.0,33175000000.0,44872000000.0,235107699265.0,682000000.0,781000000.0,-4499000000.0,-307000000.0,-6217000000.0,-11353000000.0,-9758000000.0,0.0,21268000000.0,525000000.0,11460000000.0,11460000000.0,11460000000.0,-449000000.0,0.0,0.056,39827000000.0,18117000000.0,25186000000.0,0.544,3.152,20.516,20.675,94940000000.0,0.0,34.94,1.15,1.15,21163000000.0,100961000000.0,204506000000.0,204506000000.0,920000000.0,0.077,0.154,0.152,0.09,0.0,12356000000.0,1.0,6728898090.0,6728898090.0,,30.392,152644000000.0,0.0,6499000000.0,20380000000.0,22.685,5116000000.0
75,XOM,MRT,2002-09-30,2002-09-30,2002-09-30,2021-09-07,-4495000000.0,149473000000.0,145729000000.0,36543000000.0,112930000000.0,1.341,11.053,-11273000000.0,6937000000.0,6937000000.0,140515000000.0,10050000000.0,1.105,1.001,10883000000.0,3773000000.0,7110000000.0,10883000000.0,0.0,8223000000.0,0.0,0.029,0.92,16142000000.0,24365000000.0,0.125,24365000000.0,16142000000.0,15882000000.0,1.48,1.47,1.48,74690000000.0,73834000000.0,74690000000.0,221171377566.0,14.0,9.077,8306000000.0,1.229,1.0,54968000000.0,0.281,0.0,260000000.0,120360000000.0,119006000000.0,8756000000.0,19471000000.0,0.0,19471000000.0,74783000000.0,33059000000.0,41724000000.0,215562377566.0,-2089000000.0,214000000.0,-4757000000.0,-689000000.0,-6243000000.0,-12107000000.0,-9791000000.0,0.0,19579000000.0,230000000.0,10050000000.0,10050000000.0,10050000000.0,-151000000.0,0.0,0.051,38720000000.0,16248000000.0,24394000000.0,0.622,2.886,21.449,21.554,93459000000.0,0.0,31.9,1.103,1.103,18699000000.0,98416000000.0,195483000000.0,195483000000.0,920000000.0,0.069,0.136,0.136,0.083,0.0,12604000000.0,1.0,6757441303.0,6757441303.0,,28.929,149473000000.0,0.0,5832000000.0,21464000000.0,22.12,3484000000.0
76,XOM,MRT,2002-06-30,2002-06-30,2002-06-30,2021-09-07,-3976000000.0,148232000000.0,145336750000.0,36137000000.0,112095000000.0,1.331,11.076,-10882000000.0,5700000000.0,5700000000.0,137576000000.0,10590000000.0,1.157,0.973,11309000000.0,3702000000.0,7607000000.0,11309000000.0,0.0,8002000000.0,0.0,0.022,0.92,16912000000.0,24914000000.0,0.129,24914000000.0,16912000000.0,16627000000.0,1.55,1.54,1.55,75118000000.0,73617750000.0,75118000000.0,281411311391.0,17.0,11.295,6503000000.0,0.959,1.0,55922000000.0,0.289,0.0,285000000.0,122599000000.0,117777500000.0,8666000000.0,18905000000.0,0.0,18905000000.0,73114000000.0,31242000000.0,41872000000.0,277520311391.0,-3598000000.0,176000000.0,-5013000000.0,-198000000.0,-6338000000.0,-12042000000.0,-9267000000.0,0.0,17385000000.0,326000000.0,10590000000.0,10590000000.0,10590000000.0,-140000000.0,0.0,0.055,38844000000.0,17078000000.0,24140000000.0,0.594,3.694,26.206,26.4,93190000000.0,0.0,40.92,1.434,1.434,19584000000.0,97327000000.0,193498000000.0,193498000000.0,1076000000.0,0.073,0.144,0.144,0.087,0.0,13070000000.0,1.0,6782021295.0,6782021295.0,,28.531,148232000000.0,0.0,6037000000.0,20781000000.0,21.857,4895000000.0
77,XOM,MRT,2002-03-31,2002-03-31,2002-03-31,2021-09-07,-6668000000.0,142037000000.0,145193750000.0,35455000000.0,106582000000.0,1.37,10.654,-10387000000.0,6622000000.0,6622000000.0,139929000000.0,12410000000.0,1.175,0.963,10513000000.0,3395000000.0,7118000000.0,10513000000.0,0.0,7870000000.0,0.0,0.021,0.92,19686000000.0,27556000000.0,0.139,27556000000.0,19686000000.0,19382000000.0,1.81,1.8,1.81,72367000000.0,73081750000.0,72367000000.0,301974577791.0,15.0,10.959,8397000000.0,1.236,1.0,58949000000.0,0.296,0.0,304000000.0,115750000000.0,115609500000.0,8321000000.0,17329000000.0,0.0,17329000000.0,69670000000.0,30178000000.0,39492000000.0,297719577791.0,-4284000000.0,524000000.0,-5360000000.0,-2427000000.0,-6295000000.0,-14663000000.0,-8356000000.0,0.0,18784000000.0,-49000000.0,12410000000.0,12410000000.0,12410000000.0,-129000000.0,0.0,0.062,39195000000.0,19754000000.0,23159000000.0,0.508,4.114,23.99,24.215,89253000000.0,0.0,43.83,1.497,1.497,18640000000.0,96245000000.0,198878000000.0,198878000000.0,1113000000.0,0.085,0.17,0.17,0.099,0.0,12975000000.0,1.0,6792598170.0,6792598170.0,,29.279,142037000000.0,0.0,6972000000.0,19786000000.0,20.911,5277000000.0
78,XOM,MRT,2001-12-31,2001-12-31,2001-12-31,2021-09-07,-6590000000.0,143174000000.0,146881000000.0,35681000000.0,107493000000.0,1.449,10.695,-9989000000.0,6547000000.0,6547000000.0,147541000000.0,15320000000.0,1.185,0.957,10802000000.0,3703000000.0,7099000000.0,10802000000.0,0.0,7848000000.0,0.0,0.023,0.91,24580000000.0,32428000000.0,0.152,32428000000.0,24580000000.0,24287000000.0,2.23,2.21,2.23,73161000000.0,72962250000.0,73161000000.0,270939809900.0,11.0,8.355,12900000000.0,1.886,1.0,65244000000.0,0.307,0.0,293000000.0,117315000000.0,115009250000.0,7904000000.0,10768000000.0,0.0,10768000000.0,70013000000.0,30114000000.0,39899000000.0,268832809900.0,-533000000.0,43000000.0,-5420000000.0,-2772000000.0,-6254000000.0,-15041000000.0,-8211000000.0,0.0,22889000000.0,-170000000.0,15320000000.0,15320000000.0,15320000000.0,-102000000.0,0.0,0.072,40412000000.0,24832000000.0,22862000000.0,0.408,3.675,17.548,17.623,89602000000.0,0.0,39.3,1.263,1.263,19549000000.0,95718000000.0,212785000000.0,212785000000.0,1175000000.0,0.104,0.21,0.214,0.116,0.0,12898000000.0,1.0,6840529514.0,6840529514.0,,31.107,143174000000.0,0.0,8967000000.0,19908000000.0,20.93,5567000000.0
79,XOM,MRT,2001-09-30,2001-09-30,2001-09-30,2021-09-07,-6124000000.0,147904000000.0,148337500000.0,40327000000.0,107577000000.0,1.543,10.744,-9473000000.0,9026000000.0,9026000000.0,158196000000.0,17860000000.0,1.167,1.003,11133000000.0,3893000000.0,7240000000.0,11133000000.0,0.0,7837000000.0,0.0,0.023,0.9,29662000000.0,37499000000.0,0.164,37499000000.0,29662000000.0,29258000000.0,2.6,2.57,2.6,73825000000.0,72361250000.0,73825000000.0,272601510945.0,9.0,7.27,16101000000.0,2.343,1.0,70642000000.0,0.309,0.0,404000000.0,115446000000.0,114973000000.0,8615000000.0,18044000000.0,0.0,18044000000.0,74079000000.0,34565000000.0,39514000000.0,270720510945.0,2382000000.0,1296000000.0,-5263000000.0,-3760000000.0,-6210000000.0,-15910000000.0,-7540000000.0,41000000.0,25574000000.0,258000000.0,17860000000.0,17860000000.0,17860000000.0,-184000000.0,0.0,0.078,41117000000.0,29525000000.0,24632000000.0,0.346,3.667,15.158,15.154,89533000000.0,0.0,39.4,1.183,1.183,20512000000.0,94609000000.0,228838000000.0,228838000000.0,1189000000.0,0.12,0.247,0.258,0.13,0.0,12450000000.0,1.0,6871078958.0,6871078958.0,,33.305,147904000000.0,0.0,11398000000.0,22178000000.0,21.526,5762000000.0
80,XOM,MRT,2001-06-30,2001-06-30,2001-06-30,2021-09-07,-6635000000.0,147660000000.0,148424500000.0,41322000000.0,106338000000.0,1.585,10.576,-9015000000.0,9298000000.0,9298000000.0,163396000000.0,19170000000.0,1.16,1.023,11179000000.0,3890000000.0,7289000000.0,11179000000.0,0.0,7781000000.0,0.0,0.02,0.89,31581000000.0,39362000000.0,0.167,39362000000.0,31581000000.0,31145000000.0,2.77,2.74,2.77,72974000000.0,70932750000.0,72974000000.0,303270710004.0,10.0,7.705,16712000000.0,2.422,1.0,71897000000.0,0.306,0.0,436000000.0,113927000000.0,115130000000.0,8395000000.0,17982000000.0,0.0,17982000000.0,74686000000.0,35614000000.0,39072000000.0,301346710004.0,3485000000.0,1658000000.0,-4830000000.0,-3775000000.0,-6097000000.0,-15345000000.0,-6719000000.0,41000000.0,25727000000.0,-178000000.0,19170000000.0,19170000000.0,19170000000.0,-184000000.0,0.0,0.081,40935000000.0,30962000000.0,25307000000.0,0.321,4.13,15.72,15.767,88356000000.0,0.0,43.675,1.281,1.281,21409000000.0,93006000000.0,235293000000.0,235293000000.0,1106000000.0,0.129,0.27,0.274,0.134,0.0,12612000000.0,1.0,6899752948.0,6899752948.0,,34.102,147660000000.0,0.0,11975000000.0,22611000000.0,21.401,5708000000.0
81,XOM,MRT,2001-03-31,2001-03-31,2001-03-31,2021-09-07,-6201000000.0,148786000000.0,148164000000.0,42527000000.0,106259000000.0,1.587,10.402,-8705000000.0,10906000000.0,10906000000.0,163803000000.0,19240000000.0,1.138,1.07,12830000000.0,5560000000.0,7270000000.0,12830000000.0,0.0,7849000000.0,0.0,0.022,0.88,31826000000.0,39675000000.0,0.169,39675000000.0,31826000000.0,31334000000.0,2.77,2.74,2.77,71889000000.0,69423250000.0,71889000000.0,286249143823.0,9.0,7.215,17471000000.0,2.528,1.0,71262000000.0,0.303,0.0,492000000.0,113349000000.0,115858000000.0,8382000000.0,18253000000.0,0.0,18253000000.0,76897000000.0,37361000000.0,39536000000.0,279888143823.0,7978000000.0,2427000000.0,-3338000000.0,-2865000000.0,-6114000000.0,-12769000000.0,-5248000000.0,41000000.0,26176000000.0,-181000000.0,19240000000.0,19240000000.0,19240000000.0,-184000000.0,0.0,0.082,40383000000.0,30879000000.0,25164000000.0,0.318,3.893,14.547,14.621,88006000000.0,0.0,40.5,1.191,1.191,21117000000.0,90130000000.0,235065000000.0,235065000000.0,1006000000.0,0.13,0.277,0.275,0.135,0.0,12227000000.0,1.0,6910818366.0,6910818366.0,,34.014,148786000000.0,0.0,12094000000.0,22994000000.0,21.529,5166000000.0
82,XOM,MRT,2000-12-31,2000-12-31,2000-12-31,2021-09-07,-5189000000.0,149000000000.0,146777000000.0,40399000000.0,108601000000.0,1.58,10.177,-8446000000.0,7080000000.0,7080000000.0,163977000000.0,17720000000.0,1.058,1.106,13441000000.0,6161000000.0,7280000000.0,13441000000.0,1166000000.0,8001000000.0,0.0,0.02,0.88,29384000000.0,37385000000.0,0.161,37385000000.0,29384000000.0,28795000000.0,2.55,2.52,2.55,70757000000.0,67602250000.0,70757000000.0,309816907740.0,11.0,8.287,14491000000.0,2.084,1.0,67869000000.0,0.293,0.0,589000000.0,117170000000.0,117137750000.0,8304000000.0,12618000000.0,0.0,12618000000.0,78243000000.0,38191000000.0,40052000000.0,302219907740.0,5392000000.0,4122000000.0,-1859000000.0,-5705000000.0,-6123000000.0,-14165000000.0,-3298000000.0,41000000.0,22937000000.0,-82000000.0,17720000000.0,17720000000.0,17720000000.0,-184000000.0,0.0,0.076,39987000000.0,27882000000.0,26755000000.0,0.345,4.271,17.055,17.047,89829000000.0,0.0,43.47,1.304,1.304,22996000000.0,86652000000.0,231846000000.0,231846000000.0,936000000.0,0.121,0.262,0.251,0.127,0.0,12044000000.0,1.0,6952378830.0,6952378830.0,,33.348,149000000000.0,0.0,11075000000.0,21717000000.0,21.432,2208000000.0
83,XOM,MRT,2000-09-30,2000-09-30,2000-09-30,2021-09-07,-5299000000.0,148252000000.0,145657250000.0,39449000000.0,108803000000.0,1.532,9.775,-8471000000.0,6644000000.0,6644000000.0,159481000000.0,14784000000.0,0.992,1.177,14241000000.0,6713000000.0,7528000000.0,14241000000.0,0.0,8121000000.0,0.0,0.02,0.88,24017000000.0,32138000000.0,0.144,32138000000.0,24017000000.0,23381000000.0,2.12,2.095,2.12,68111000000.0,65779500000.0,68111000000.0,319258107243.0,13.0,9.934,12643000000.0,1.815,1.0,63706000000.0,0.285,0.0,636000000.0,116074000000.0,118613250000.0,8540000000.0,18738000000.0,2000000.0,18736000000.0,80141000000.0,39775000000.0,40366000000.0,310445107243.0,4329000000.0,2612000000.0,-639000000.0,-4676000000.0,-6105000000.0,-11733000000.0,-4725000000.0,-19000000.0,21114000000.0,-327000000.0,14784000000.0,14784000000.0,14784000000.0,0.0,0.0,0.066,40772000000.0,22934000000.0,27646000000.0,0.415,4.558,20.999,21.017,90067000000.0,0.0,44.555,1.391,1.391,21601000000.0,82959000000.0,223187000000.0,223187000000.0,1033000000.0,0.101,0.225,0.202,0.108,0.0,12864000000.0,1.0,6967682802.0,6967682802.0,,32.032,148252000000.0,0.0,8597000000.0,5416000000.0,21.277,-326000000.0
84,XOM,MRT,2000-06-30,2000-06-30,2000-06-30,2021-09-07,-4313000000.0,146618000000.0,132192750000.0,37051000000.0,109567000000.0,1.616,9.614,-8919000000.0,5813000000.0,5813000000.0,153388000000.0,12482000000.0,0.96,1.19,14626000000.0,6617000000.0,8009000000.0,14626000000.0,0.0,8211000000.0,0.0,0.022,0.865,20431000000.0,28642000000.0,0.134,28642000000.0,20431000000.0,19746000000.0,1.805,1.775,1.805,66936000000.0,59710250000.0,66936000000.0,285719437158.0,14.0,9.976,11027000000.0,1.584,1.0,60217000000.0,0.282,0.0,685000000.0,116839000000.0,109822000000.0,8499000000.0,18314000000.0,50000000.0,18264000000.0,79682000000.0,38592000000.0,41090000000.0,273268437158.0,3638000000.0,2185000000.0,165000000.0,-4573000000.0,-6025000000.0,-10731000000.0,-5607000000.0,-19000000.0,19946000000.0,30000000.0,12482000000.0,12482000000.0,12482000000.0,0.0,0.0,0.058,40460000000.0,19757000000.0,27217000000.0,0.479,4.083,21.893,21.745,91303000000.0,0.0,39.25,1.279,1.279,20285000000.0,80002000000.0,213605000000.0,213605000000.0,1083000000.0,0.094,0.209,0.186,0.096,0.0,12259000000.0,1.0,6962253176.0,6962253176.0,,30.68,146618000000.0,0.0,7264000000.0,4758000000.0,21.059,-1541000000.0
85,XOM,MRT,2000-03-31,2000-03-31,2000-03-31,2021-09-07,-3529000000.0,143238000000.0,118347000000.0,32380000000.0,110858000000.0,1.698,9.283,-9961000000.0,2928000000.0,2928000000.0,144954000000.0,9906000000.0,0.87,1.217,15379000000.0,7370000000.0,8009000000.0,15379000000.0,0.0,8261000000.0,0.0,0.022,0.85,15881000000.0,24142000000.0,0.12,24142000000.0,15881000000.0,15194000000.0,1.43,1.405,1.43,64605000000.0,53683500000.0,64605000000.0,288715580212.0,18.0,11.959,7482000000.0,1.075,1.0,55972000000.0,0.279,0.0,687000000.0,118468000000.0,100478250000.0,8184000000.0,18362000000.0,57000000.0,18305000000.0,78633000000.0,37221000000.0,41412000000.0,271431580212.0,597000000.0,1244000000.0,-136000000.0,-2486000000.0,-5948000000.0,-9027000000.0,-7826000000.0,-19000000.0,17443000000.0,7000000.0,9906000000.0,9906000000.0,9906000000.0,0.0,0.0,0.049,40338000000.0,15634000000.0,25631000000.0,0.594,4.201,27.401,27.273,92553000000.0,0.0,39.0,1.351,1.351,19083000000.0,77004000000.0,200926000000.0,200926000000.0,1214000000.0,0.084,0.185,0.158,0.079,0.0,12767000000.0,1.0,6959784108.0,6959784108.0,,28.87,143238000000.0,0.0,5288000000.0,4220000000.0,20.581,-4841000000.0
86,XOM,MRT,1999-12-31,1999-12-31,1999-12-31,2021-09-07,-2568000000.0,144521000000.0,105220250000.0,31141000000.0,113380000000.0,1.763,13.071,-10849000000.0,1688000000.0,1688000000.0,133422000000.0,7910000000.0,0.804,1.277,18972000000.0,10570000000.0,8402000000.0,18972000000.0,1079000000.0,8304000000.0,0.0,0.021,0.835,11845000000.0,20149000000.0,0.109,20149000000.0,11845000000.0,11150000000.0,1.14,1.12,1.14,63466000000.0,48282750000.0,63466000000.0,203676386185.0,17.0,10.109,4164000000.0,0.858,1.0,52105000000.0,0.281,0.0,695000000.0,123072000000.0,90579750000.0,8492000000.0,14617000000.0,73000000.0,14544000000.0,81055000000.0,38733000000.0,42322000000.0,195582386185.0,-698000000.0,-504000000.0,-322000000.0,1834000000.0,-5872000000.0,-4779000000.0,-10985000000.0,-19000000.0,15013000000.0,53000000.0,7910000000.0,7910000000.0,7910000000.0,0.0,0.0,0.043,40115000000.0,11990000000.0,25492000000.0,0.732,3.082,24.726,35.333,94043000000.0,0.0,40.28,1.054,1.054,19155000000.0,75055000000.0,185527000000.0,185527000000.0,1246000000.0,0.075,0.164,0.131,0.064,0.0,13134000000.0,1.0,4855570660.0,4855570660.0,,38.209,144521000000.0,0.0,3240000000.0,18922000000.0,29.764,-7592000000.0
87,XOM,MRT,1999-09-30,1999-09-30,1999-09-30,2021-09-07,-1322000000.0,94394000000.0,103923750000.0,18048000000.0,76346000000.0,2.047,9.028,-15109000000.0,1151000000.0,1151000000.0,148638000000.0,8860000000.0,0.836,1.153,9245000000.0,4820000000.0,4425000000.0,9245000000.0,0.0,10526000000.0,0.0,0.022,0.82,13898000000.0,24424000000.0,0.115,24424000000.0,13898000000.0,12929000000.0,0.975,0.96,0.975,43834000000.0,47946250000.0,43834000000.0,192450685080.0,14.0,7.88,2736000000.0,0.563,1.0,64124000000.0,0.301,0.0,969000000.0,80909000000.0,89857750000.0,4895000000.0,10386000000.0,39000000.0,10347000000.0,50560000000.0,21579000000.0,28981000000.0,184511685080.0,-783000000.0,710000000.0,-1148000000.0,4764000000.0,-7192000000.0,-4293000000.0,-14396000000.0,-3000000.0,17845000000.0,61000000.0,8860000000.0,8860000000.0,8860000000.0,0.0,0.0,0.042,50022000000.0,14102000000.0,15410000000.0,0.841,4.209,20.825,38.974,65999000000.0,0.0,38.0,0.867,0.867,10778000000.0,55312000000.0,212762000000.0,212762000000.0,1707000000.0,0.085,0.185,0.155,0.065,0.0,15971000000.0,1.0,4855570660.0,4855570660.0,,43.818,94394000000.0,0.0,4069000000.0,1349000000.0,19.44,-3531000000.0
88,XOM,MRT,1999-06-30,1999-06-30,1999-06-30,2021-09-07,-1881000000.0,91235000000.0,104132000000.0,16429000000.0,74806000000.0,1.846,8.821,-14775000000.0,1328000000.0,1328000000.0,133023000000.0,8072000000.0,0.834,1.13,9267000000.0,4770000000.0,4497000000.0,9267000000.0,0.0,9825000000.0,0.0,0.021,0.82,12295000000.0,22120000000.0,0.115,22120000000.0,12295000000.0,11477000000.0,0.95,0.94,0.95,42829000000.0,47927500000.0,42829000000.0,194245811359.0,16.0,8.781,2338000000.0,0.482,1.0,59249000000.0,0.308,0.0,818000000.0,79464000000.0,90608500000.0,4787000000.0,9824000000.0,20000000.0,9804000000.0,48406000000.0,19710000000.0,28696000000.0,187230811359.0,-1511000000.0,675000000.0,-1679000000.0,4641000000.0,-6740000000.0,-4462000000.0,-14190000000.0,-3000000.0,17113000000.0,28000000.0,8072000000.0,8072000000.0,8072000000.0,0.0,0.0,0.042,46761000000.0,12488000000.0,13734000000.0,0.863,4.372,23.195,40.589,65002000000.0,0.0,38.56,0.974,0.974,9107000000.0,54807000000.0,192272000000.0,192272000000.0,1624000000.0,0.078,0.168,0.136,0.064,0.0,15324000000.0,1.0,4855570834.0,4855570834.0,,39.598,91235000000.0,0.0,3405000000.0,1206000000.0,18.79,-3281000000.0
89,XOM,MRT,1999-03-31,1999-03-31,1999-03-31,2021-09-07,-1598000000.0,90731000000.0,104627250000.0,16709000000.0,74022000000.0,1.705,8.856,-13708000000.0,1385000000.0,1385000000.0,122567000000.0,7738000000.0,0.885,1.11,8400000000.0,3837000000.0,4563000000.0,8400000000.0,0.0,9182000000.0,0.0,0.023,0.82,11769000000.0,20951000000.0,0.117,20951000000.0,11769000000.0,11051000000.0,0.995,0.985,0.995,43002000000.0,48059500000.0,43002000000.0,178651390681.0,15.0,8.527,2773000000.0,0.571,1.0,55793000000.0,0.313,0.0,718000000.0,78874000000.0,91362250000.0,4947000000.0,9627000000.0,20000000.0,9607000000.0,47729000000.0,18872000000.0,28857000000.0,171314390681.0,-2507000000.0,524000000.0,-2320000000.0,3212000000.0,-6289000000.0,-5881000000.0,-13136000000.0,-3000000.0,16481000000.0,29000000.0,7738000000.0,7738000000.0,7738000000.0,0.0,0.0,0.043,43816000000.0,11977000000.0,13670000000.0,0.824,3.984,22.139,35.457,64415000000.0,0.0,35.28,0.96,0.96,9161000000.0,54598000000.0,178360000000.0,178360000000.0,1564000000.0,0.074,0.161,0.129,0.066,0.0,14165000000.0,1.0,4855850076.0,4855850076.0,,36.731,90731000000.0,0.0,3313000000.0,1365000000.0,18.685,-2163000000.0
90,XOM,MRT,1998-12-31,1998-12-31,1998-12-31,2021-09-07,-1981000000.0,139335000000.0,105682750000.0,28594000000.0,110741000000.0,1.605,12.775,-12730000000.0,2386000000.0,2386000000.0,116274000000.0,8074000000.0,0.846,1.243,17016000000.0,8484000000.0,8532000000.0,17016000000.0,1524000000.0,8355000000.0,0.0,0.022,0.82,12581000000.0,20936000000.0,0.123,20936000000.0,12581000000.0,12013000000.0,1.155,1.14,1.155,62120000000.0,48245250000.0,62120000000.0,185221514933.0,15.0,8.847,3706000000.0,0.762,1.0,53368000000.0,0.315,0.0,568000000.0,120184000000.0,92235250000.0,8692000000.0,13965000000.0,50000000.0,13915000000.0,77215000000.0,33781000000.0,43434000000.0,177771514933.0,-2659000000.0,415000000.0,-3040000000.0,2218000000.0,-5843000000.0,-7136000000.0,-11982000000.0,-3000000.0,16436000000.0,23000000.0,8074000000.0,8074000000.0,8074000000.0,0.0,0.0,0.048,40452000000.0,12916000000.0,23154000000.0,0.71,2.862,22.018,31.654,92583000000.0,0.0,36.56,1.048,1.048,15829000000.0,75109000000.0,169642000000.0,169642000000.0,1506000000.0,0.076,0.167,0.136,0.074,0.0,12925000000.0,1.0,4862459380.0,4862459380.0,,34.888,139335000000.0,0.0,3939000000.0,18892000000.0,28.655,-5187000000.0
91,XOM,MRT,1998-09-30,1998-09-30,1998-09-30,2021-09-07,-846000000.0,95227000000.0,94865000000.0,18077000000.0,77150000000.0,1.975,8.985,-12187000000.0,2101000000.0,2101000000.0,128260000000.0,10612000000.0,0.963,1.176,9551000000.0,2639000000.0,6912000000.0,9551000000.0,0.0,8140000000.0,0.0,0.023,0.82,17452000000.0,25592000000.0,0.137,25592000000.0,17452000000.0,16812000000.0,1.45,1.435,1.45,43759000000.0,43630250000.0,43759000000.0,178995280165.0,10.0,6.994,6592000000.0,1.354,1.0,59131000000.0,0.316,0.0,640000000.0,83912000000.0,82768000000.0,5462000000.0,8981000000.0,108000000.0,8873000000.0,51468000000.0,18765000000.0,32703000000.0,172200280165.0,-2876000000.0,424000000.0,-3379000000.0,-1230000000.0,-5747000000.0,-10384000000.0,-11183000000.0,365000000.0,18779000000.0,-88000000.0,10612000000.0,10612000000.0,10612000000.0,0.0,0.0,0.057,41253000000.0,17878000000.0,14269000000.0,0.566,3.935,16.227,24.352,68277000000.0,0.0,35.31,0.919,0.918,9293000000.0,54113000000.0,187391000000.0,187391000000.0,1395000000.0,0.112,0.243,0.211,0.093,0.0,13587000000.0,1.0,4876813372.0,4870000000.0,,38.479,95227000000.0,0.0,6200000000.0,1857000000.0,19.554,-688000000.0
92,XOM,MRT,1998-06-30,1998-06-30,1998-06-30,2021-09-07,-1424000000.0,93216000000.0,95339000000.0,18280000000.0,74936000000.0,2.01,8.874,-11946000000.0,2689000000.0,2689000000.0,131226000000.0,11032000000.0,1.043,1.15,9484000000.0,2557000000.0,6927000000.0,9484000000.0,0.0,8149000000.0,0.0,0.023,0.82,18279000000.0,26428000000.0,0.138,26428000000.0,18279000000.0,17538000000.0,1.53,1.51,1.53,43357000000.0,43529500000.0,43357000000.0,180616526127.0,10.0,6.834,7221000000.0,1.478,1.0,60418000000.0,0.315,0.0,741000000.0,82479000000.0,82295000000.0,5119000000.0,8205000000.0,21000000.0,8184000000.0,49859000000.0,17532000000.0,32327000000.0,174627526127.0,-2450000000.0,547000000.0,-3437000000.0,-1390000000.0,-5763000000.0,-10659000000.0,-10775000000.0,365000000.0,19167000000.0,-183000000.0,11032000000.0,11032000000.0,11032000000.0,0.0,0.0,0.058,41658000000.0,18760000000.0,13280000000.0,0.536,4.028,15.829,23.324,66752000000.0,0.0,35.685,0.911,0.91,9396000000.0,53713000000.0,191644000000.0,191644000000.0,1367000000.0,0.116,0.253,0.222,0.095,0.0,13569000000.0,1.0,4893583470.0,4886000000.0,,39.223,93216000000.0,0.0,6506000000.0,1695000000.0,19.078,748000000.0
93,XOM,MRT,1998-03-31,1998-03-31,1998-03-31,2021-09-07,-1148000000.0,94953000000.0,95765000000.0,20041000000.0,74912000000.0,2.052,8.924,-11839000000.0,3841000000.0,3841000000.0,134616000000.0,11377000000.0,1.079,1.171,9830000000.0,2753000000.0,7077000000.0,9830000000.0,0.0,8177000000.0,0.0,0.024,0.82,19256000000.0,27433000000.0,0.14,27433000000.0,19256000000.0,18437000000.0,1.595,1.575,1.595,43745000000.0,43644000000.0,43745000000.0,171550787068.0,9.0,6.253,8052000000.0,1.643,1.0,61891000000.0,0.315,0.0,819000000.0,82366000000.0,81963250000.0,5209000000.0,8206000000.0,20000000.0,8186000000.0,51208000000.0,18576000000.0,32632000000.0,165645787068.0,-1868000000.0,522000000.0,-3329000000.0,-1406000000.0,-5780000000.0,-10714000000.0,-10877000000.0,365000000.0,19891000000.0,-168000000.0,11377000000.0,11377000000.0,11377000000.0,0.0,0.0,0.058,42080000000.0,19811000000.0,13573000000.0,0.514,3.787,14.56,21.197,66726000000.0,0.0,33.81,0.843,0.843,9967000000.0,53096000000.0,196507000000.0,196507000000.0,1271000000.0,0.119,0.261,0.235,0.098,0.0,13548000000.0,1.0,4899313430.0,4902000000.0,,40.087,94953000000.0,0.0,7060000000.0,2250000000.0,19.37,1465000000.0
94,XOM,MRT,1997-12-31,1997-12-31,1997-12-31,2021-09-07,-1119000000.0,96064000000.0,95938500000.0,21192000000.0,74872000000.0,2.103,8.853,-11652000000.0,4047000000.0,4047000000.0,138491000000.0,11732000000.0,1.078,1.2,9952000000.0,2902000000.0,7050000000.0,9952000000.0,575000000.0,8228000000.0,0.0,0.027,0.812,20200000000.0,28428000000.0,0.141,28428000000.0,20200000000.0,19337000000.0,1.66,1.64,1.66,43660000000.0,43625250000.0,43660000000.0,156036111529.0,8.0,5.489,9790000000.0,1.985,1.0,63255000000.0,0.314,0.0,863000000.0,82315000000.0,81645500000.0,5487000000.0,5220000000.0,15000000.0,5205000000.0,52404000000.0,19654000000.0,32750000000.0,150889111529.0,901000000.0,452000000.0,-2698000000.0,-908000000.0,-5757000000.0,-9579000000.0,-10835000000.0,365000000.0,21442000000.0,-127000000.0,11732000000.0,11732000000.0,11732000000.0,0.0,0.0,0.058,42529000000.0,20726000000.0,14683000000.0,0.489,3.456,12.861,18.431,66414000000.0,0.0,30.595,0.748,0.748,10702000000.0,52214000000.0,201746000000.0,201746000000.0,1252000000.0,0.122,0.269,0.247,0.1,0.0,13574000000.0,1.0,4931822570.0,4931822570.0,,40.907,96064000000.0,0.0,7605000000.0,15521000000.0,19.478,1538000000.0
95,XOM,MRT,1997-09-30,1997-09-30,1997-09-30,2021-09-07,-600000000.0,97123000000.0,95804250000.0,21686000000.0,75437000000.0,1.458,8.777,-7408000000.0,4781000000.0,4781000000.0,97859000000.0,8455000000.0,1.071,1.24,9928000000.0,2647000000.0,7281000000.0,9928000000.0,0.0,5412000000.0,0.0,0.025,0.805,13782000000.0,19194000000.0,0.137,19194000000.0,13782000000.0,13338000000.0,1.7,,1.7,43356000000.0,43595750000.0,43356000000.0,163471908893.0,12.0,8.517,7569000000.0,1.532,1.0,41833000000.0,0.299,0.0,444000000.0,82020000000.0,81771000000.0,5486000000.0,8447000000.0,18000000.0,8429000000.0,53767000000.0,20250000000.0,33517000000.0,158507908893.0,1871000000.0,-132000000.0,-1688000000.0,5000000.0,-4011000000.0,-6097000000.0,-7031000000.0,785000000.0,14977000000.0,22000000.0,8455000000.0,8455000000.0,8455000000.0,0.0,0.0,0.061,27659000000.0,14174000000.0,14966000000.0,0.474,3.656,18.747,18.841,67008000000.0,0.0,32.03,1.135,1.133,10248000000.0,50727000000.0,139692000000.0,139692000000.0,759000000.0,0.088,0.194,0.169,0.099,0.0,8230000000.0,1.0,4948732716.0,4940000000.0,,28.278,97123000000.0,0.0,4883000000.0,2637000000.0,19.661,1436000000.0
96,XOM,MRT,1997-06-30,1997-06-30,1997-06-30,2021-09-07,57000000.0,94920000000.0,,20794000000.0,74126000000.0,,8.841,-7342000000.0,4720000000.0,4720000000.0,98676000000.0,8195000000.0,1.11,1.166,9684000000.0,2643000000.0,7041000000.0,9684000000.0,0.0,5420000000.0,0.0,0.026,0.797,13553000000.0,18973000000.0,0.135,18973000000.0,13553000000.0,13119000000.0,1.64,,1.64,43815000000.0,,43815000000.0,156662165855.0,12.0,8.257,6879000000.0,1.388,1.0,41588000000.0,0.296,0.0,434000000.0,81152000000.0,,5136000000.0,8628000000.0,22000000.0,8606000000.0,51105000000.0,18732000000.0,32373000000.0,152085165855.0,1721000000.0,-96000000.0,-1125000000.0,-192000000.0,-3981000000.0,-5987000000.0,-6584000000.0,785000000.0,14221000000.0,71000000.0,8195000000.0,8195000000.0,8195000000.0,0.0,0.0,0.058,27667000000.0,13921000000.0,13691000000.0,0.486,3.471,18.558,18.674,65520000000.0,0.0,30.625,1.084,1.082,9814000000.0,49923000000.0,140264000000.0,140264000000.0,780000000.0,,,,0.097,0.0,8193000000.0,1.0,4966046232.0,4956000000.0,,28.302,94920000000.0,0.0,4924000000.0,2398000000.0,19.153,2062000000.0
97,XOM,MRT,1997-03-31,1997-03-31,1997-03-31,2021-09-07,229000000.0,95647000000.0,,21768000000.0,73879000000.0,,8.79,-7288000000.0,5263000000.0,5263000000.0,97353000000.0,7800000000.0,1.138,1.19,9840000000.0,2617000000.0,7223000000.0,9840000000.0,0.0,5352000000.0,0.0,0.029,0.79,13078000000.0,18430000000.0,0.133,18430000000.0,13078000000.0,12614000000.0,1.56,,1.56,43670000000.0,,43670000000.0,140639374136.0,11.0,7.631,6363000000.0,1.281,1.0,40894000000.0,0.296,0.0,464000000.0,81095000000.0,,5064000000.0,8405000000.0,19000000.0,8386000000.0,51977000000.0,19129000000.0,32848000000.0,133844374136.0,1990000000.0,-63000000.0,-568000000.0,-24000000.0,-3948000000.0,-5155000000.0,-6587000000.0,785000000.0,13651000000.0,81000000.0,7800000000.0,7800000000.0,7800000000.0,0.0,0.0,0.056,27464000000.0,13430000000.0,13860000000.0,0.506,3.065,17.16,17.268,65493000000.0,0.0,26.938,0.968,0.968,10347000000.0,48978000000.0,138247000000.0,138247000000.0,788000000.0,,,,0.095,0.0,8055000000.0,1.0,4968700664.0,4968000000.0,,27.827,95647000000.0,0.0,4814000000.0,2652000000.0,19.253,2639000000.0
98,XOM,MRT,1996-12-31,1996-12-31,1996-12-31,2021-09-07,1126000000.0,95527000000.0,93411500000.0,19910000000.0,75617000000.0,1.437,8.763,-7209000000.0,2951000000.0,2951000000.0,94177000000.0,7510000000.0,1.021,1.194,9746000000.0,2510000000.0,7236000000.0,9746000000.0,660000000.0,5329000000.0,0.0,0.032,0.78,12380000000.0,17709000000.0,0.132,17709000000.0,12380000000.0,11916000000.0,1.505,1.495,1.505,43542000000.0,41989000000.0,43542000000.0,,,,5953000000.0,1.198,1.0,40072000000.0,0.298,0.0,464000000.0,82817000000.0,81947000000.0,5285000000.0,6028000000.0,18000000.0,6010000000.0,51985000000.0,19505000000.0,32480000000.0,121733166268.0,1443000000.0,-91000000.0,-454000000.0,-254000000.0,-3902000000.0,-5239000000.0,-6515000000.0,785000000.0,13162000000.0,35000000.0,7510000000.0,7510000000.0,7510000000.0,0.0,0.0,0.056,27308000000.0,12764000000.0,14510000000.0,0.518,2.796,16.209,16.279,66607000000.0,0.0,24.5,0.907,0.907,10499000000.0,57156000000.0,134249000000.0,134249000000.0,763000000.0,0.08,0.179,0.151,0.092,0.0,7961000000.0,1.0,4968700664.0,4968700664.0,,27.019,95527000000.0,0.0,4406000000.0,15960000000.0,19.226,405000000.0
99,XOM,MRT,1996-09-30,1996-09-30,1996-09-30,2021-09-07,,,,,,,,,,,,,,,,,,,,,,0.037,0.77,,,,,,,,,,,,,,,,,,1.0,,,,,,,,,,,,,,,,,,,,,,,,,,,,,,,,,,,,,,,,20.812,,,,,,,,,,,,,,1.0,,4967800000.0,,,,,,,,
100,XOM,MRT,1996-06-30,1996-06-30,1996-06-30,2021-09-07,,,,,,,,,,,,,,,,,,,,,,0.035,0.76,,,,,,,,,,,,,,,,,,1.0,,,,,,,,,,,,,,,,,,,,,,,,,,,,,,,,,,,,,,,,21.718,,,,,,,,,,,,,,1.0,,4968200000.0,,,,,,,,
101,XOM,MRT,1996-03-31,1996-03-31,1996-03-31,2021-09-07,,,,,,,,,,,,,,,,,,,,,,0.037,0.75,,,,,,,,,,,,,,,,,,1.0,,,,,,,,,,,,,,,,,,,,,,,,,,,,,,,,,,,,,,,,20.375,,,,,,,,,,,,,,1.0,,4967800000.0,,,,,,,,
102,XOM,MRT,1995-12-31,1995-12-31,1995-12-31,2021-09-07,1339000000.0,91296000000.0,,17318000000.0,73978000000.0,,,-7128000000.0,1508000000.0,1508000000.0,86039000000.0,6470000000.0,0.924,1.258,10025000000.0,2247000000.0,7778000000.0,10025000000.0,975000000.0,5386000000.0,0.0,0.037,0.75,10927000000.0,16313000000.0,0.132,16313000000.0,10927000000.0,10442000000.0,1.295,1.29,1.295,40436000000.0,,40436000000.0,,,,6719000000.0,,1.0,37881000000.0,0.306,0.0,485000000.0,81077000000.0,,5681000000.0,5978000000.0,281000000.0,5697000000.0,50860000000.0,18736000000.0,32124000000.0,,351000000.0,136000000.0,-300000000.0,-2705000000.0,-3765000000.0,-7136000000.0,-6355000000.0,637000000.0,13847000000.0,-5000000.0,6470000000.0,6470000000.0,6470000000.0,0.0,0.0,0.052,26653000000.0,11228000000.0,14113000000.0,0.579,,,15.66,65446000000.0,0.0,20.28,,,8925000000.0,53539000000.0,123920000000.0,123920000000.0,693000000.0,,,,0.088,0.0,7802000000.0,1.0,,,,,91296000000.0,0.0,3972000000.0,14807000000.0,,-1418000000.0
103,XOM,MRT,1994-12-31,1994-12-31,1994-12-31,2021-09-07,,,,,,,,-6643000000.0,,,79013000000.0,5100000000.0,,,,,,,,5015000000.0,,0.048,0.728,8529000000.0,13544000000.0,0.119,13544000000.0,8529000000.0,7804000000.0,1.018,,1.018,,,,,,,3208000000.0,,1.0,34891000000.0,0.306,,725000000.0,,,,,,,,,,,174000000.0,1050000000.0,-154000000.0,-26000000.0,-3659000000.0,-4234000000.0,-5422000000.0,171000000.0,9851000000.0,-21000000.0,5100000000.0,5100000000.0,5100000000.0,0.0,0.0,0.045,26129000000.0,8762000000.0,,0.715,,,14.919,,0.0,15.188,,,,,113904000000.0,113904000000.0,666000000.0,,,,0.075,0.0,7745000000.0,1.0,,,,,,,2704000000.0,,,
