None,ticker,dimension,calendardate,datekey,reportperiod,lastupdated,accoci,assets,assetsavg,assetsc,assetsnc,assetturnover,bvps,capex,cashneq,cashnequsd,cor,consolinc,currentratio,de,debt,debtc,debtnc,debtusd,deferredrev,depamor,deposits,divyield,dps,ebit,ebitda,ebitdamargin,ebitdausd,ebitusd,ebt,eps,epsdil,epsusd,equity,equityavg,equityusd,ev,evebit,evebitda,fcf,fcfps,fxusd,gp,grossmargin,intangibles,intexp,invcap,invcapavg,inventory,investments,investmentsc,investmentsnc,liabilities,liabilitiesc,liabilitiesnc,marketcap,ncf,ncfbus,ncfcommon,ncfdebt,ncfdiv,ncff,ncfi,ncfinv,ncfo,ncfx,netinc,netinccmn,netinccmnusd,netincdis,netincnci,netmargin,opex,opinc,payables,payoutratio,pb,pe,pe1,ppnenet,prefdivis,price,ps,ps1,receivables,retearn,revenue,revenueusd,rnd,roa,roe,roic,ros,sbcomp,sgna,sharefactor,sharesbas,shareswa,shareswadil,sps,tangibles,taxassets,taxexp,taxliabilities,tbvps,workingcapital
0,MFE,MRY,2010-12-31,2010-12-31,2010-12-31,2019-05-23,-7922000.0,4232352000.0,3944585750.0,2074567000.0,2157785000.0,0.523,14.355,-86905000.0,738419000.0,738419000.0,557548000.0,184112000.0,1.328,0.903,0.0,0.0,0.0,0.0,1536266000.0,171357000.0,0.0,0.0,0.0,229640000.0,400997000.0,0.194,400997000.0,229640000.0,229640000.0,1.19,1.17,1.19,2224097000.0,2065352750.0,2224097000.0,6277927730.0,27.0,15.656,507735000.0,3.277,1.0,1507259000.0,0.73,1496761000.0,0.0,435051000.0,230070750.0,0.0,445110000.0,360099000.0,85011000.0,2008255000.0,1562121000.0,446134000.0,7138398730.0,61282000.0,-51869000.0,-203085000.0,0.0,0.0,-215640000.0,-298754000.0,-170383000.0,594640000.0,-18964000.0,184112000.0,184112000.0,184112000.0,0.0,0.0,0.089,1277837000.0,229422000.0,71349000.0,0.0,3.21,38.772,38.916,167194000.0,0.0,46.31,3.457,3.475,348254000.0,896275000.0,2064807000.0,2064807000.0,346083000.0,0.047,0.089,0.998,0.111,105023000.0,860328000.0,1.0,154143786.0,154936000,157385000.0,13.327,2735591000.0,609769000.0,45528000.0,0.0,17.656,512446000.0
1,MFE,MRY,2009-12-31,2009-12-31,2009-12-31,2019-05-23,-3291000.0,3963186000.0,3788981000.0,1763317000.0,2199869000.0,0.509,13.561,-60535000.0,677137000.0,677137000.0,486387000.0,173420000.0,1.228,0.872,0.0,0.0,0.0,0.0,1407473000.0,172280000.0,0.0,0.0,0.0,224223000.0,396503000.0,0.206,396503000.0,224223000.0,224223000.0,1.11,1.09,1.11,2117538000.0,1973301500.0,2117538000.0,5859644008.0,26.0,14.778,435849000.0,2.791,1.0,1440945000.0,0.748,1577157000.0,0.0,272807000.0,261495500.0,0.0,273031000.0,215894000.0,57137000.0,1845648000.0,1436085000.0,409563000.0,6399017008.0,193835000.0,-171618000.0,64848000.0,0.0,0.0,70114000.0,-387832000.0,-158171000.0,496384000.0,15169000.0,173420000.0,173420000.0,173420000.0,0.0,0.0,0.09,1218638000.0,222307000.0,55104000.0,0.0,3.022,36.899,36.55,133016000.0,0.0,40.57,3.32,3.287,294315000.0,712163000.0,1927332000.0,1927332000.0,324368000.0,0.046,0.088,0.857,0.116,92821000.0,839722000.0,1.0,157727804.0,156144000,158988000.0,12.343,2386029000.0,604737000.0,50803000.0,0.0,15.281,327232000.0
2,MFE,MRY,2008-12-31,2008-12-31,2008-12-31,2019-05-23,-18992000.0,3457881000.0,3340869000.0,1404788000.0,2053093000.0,0.479,11.219,-48747000.0,483302000.0,483302000.0,383528000.0,172209000.0,1.057,0.973,0.0,0.0,0.0,0.0,1293110000.0,123894000.0,0.0,0.0,0.0,222206000.0,346100000.0,0.216,346100000.0,222206000.0,222206000.0,1.1,1.08,1.1,1752488000.0,1771731750.0,1752488000.0,4666008792.0,21.0,13.482,259575000.0,1.662,1.0,1216537000.0,0.76,1485419000.0,0.0,160532000.0,440058250.0,0.0,110423000.0,27449000.0,82974000.0,1705393000.0,1328628000.0,376765000.0,5276829792.0,89144000.0,-550648000.0,-386601000.0,0.0,0.0,-371962000.0,200226000.0,801657000.0,308322000.0,-47442000.0,172209000.0,172209000.0,172209000.0,0.0,0.0,0.108,1026966000.0,189571000.0,41529000.0,0.0,3.011,30.642,31.427,114435000.0,0.0,34.57,3.298,3.375,322986000.0,536284000.0,1600065000.0,1600065000.0,252020000.0,0.052,0.097,0.505,0.139,58969000.0,730728000.0,1.0,152641880.0,156205000,159406000.0,10.243,1972462000.0,614807000.0,49997000.0,0.0,12.627,76160000.0
3,MFE,MRY,2007-12-31,2007-12-31,2007-12-31,2019-05-23,32498000.0,3386524000.0,3163568500.0,1380167000.0,2006357000.0,0.414,11.922,-33568000.0,394158000.0,394158000.0,305744000.0,166980000.0,1.2,0.777,0.0,0.0,0.0,0.0,1044513000.0,84427000.0,0.0,0.0,0.0,229204000.0,313631000.0,0.24,313631000.0,229204000.0,229204000.0,1.04,1.02,1.04,1905325000.0,1830570250.0,1905325000.0,5495675063.0,24.0,17.523,359847000.0,2.252,1.0,1002476000.0,0.766,970215000.0,0.0,872129000.0,917309750.0,0.0,924644000.0,338770000.0,585874000.0,1481199000.0,1150022000.0,331177000.0,5996573063.0,4531000.0,-333377000.0,9597000.0,0.0,0.0,10689000.0,-436770000.0,-65009000.0,393415000.0,37197000.0,166980000.0,166980000.0,166980000.0,0.0,0.0,0.128,842663000.0,159813000.0,45858000.0,0.0,3.147,35.912,36.058,94670000.0,0.0,37.5,4.584,4.581,232056000.0,364075000.0,1308220000.0,1308220000.0,217934000.0,0.053,0.091,0.25,0.175,55040000.0,602377000.0,1.0,159908615.0,159819000,164126000.0,8.186,2416309000.0,577530000.0,62224000.0,51974000.0,15.119,230145000.0
4,MFE,MRY,2006-12-31,2006-12-31,2006-12-31,2019-05-23,31472000.0,2800270000.0,2617884250.0,1176632000.0,1623638000.0,0.437,8.868,-43751000.0,389627000.0,389627000.0,246840000.0,137471000.0,1.142,0.962,0.0,0.0,0.0,0.0,897525000.0,70271000.0,0.0,0.0,0.0,183781000.0,254052000.0,0.222,254052000.0,183781000.0,183781000.0,0.85,0.84,0.85,1427249000.0,1356184500.0,1427249000.0,4095576457.0,22.0,16.121,246738000.0,1.533,1.0,898318000.0,0.784,644051000.0,0.0,736213000.0,725218000.0,0.0,850542000.0,215722000.0,634820000.0,1373021000.0,1030379000.0,342642000.0,4527300457.0,-338965000.0,-146089000.0,-202671000.0,0.0,0.0,-197711000.0,-452339000.0,-312488000.0,290489000.0,20596000.0,137471000.0,137471000.0,137471000.0,0.0,0.0,0.12,759290000.0,139028000.0,35652000.0,0.0,3.172,32.933,33.388,91999000.0,0.0,28.38,3.953,3.989,170855000.0,169282000.0,1145158000.0,1145158000.0,193447000.0,0.053,0.101,0.253,0.16,49735000.0,554231000.0,1.0,159524329.0,160945000,163052000.0,7.115,2156219000.0,464413000.0,46310000.0,118589000.0,13.397,146253000.0
5,MFE,MRY,2005-12-31,2005-12-31,2005-12-31,2019-05-23,33923000.0,2636234000.0,2435219500.0,1566339000.0,1069895000.0,0.403,8.693,-28941000.0,780020000.0,780020000.0,170038000.0,118217000.0,1.783,0.838,0.0,0.0,0.0,0.0,751806000.0,66996000.0,0.0,0.0,0.0,166678000.0,233674000.0,0.238,233674000.0,166678000.0,166678000.0,0.72,0.7,0.72,1434641000.0,1335063500.0,1434641000.0,4060465748.0,24.0,17.377,390516000.0,2.366,1.0,811590000.0,0.827,517574000.0,0.0,460316000.0,632263250.0,0.0,528429000.0,316298000.0,212131000.0,1201593000.0,878324000.0,323269000.0,4551464748.0,437437000.0,-20200000.0,39841000.0,0.0,0.0,39841000.0,4595000.0,102558000.0,419457000.0,-26456000.0,118217000.0,118217000.0,118217000.0,0.0,0.0,0.12,670183000.0,141407000.0,34678000.0,0.0,3.173,38.501,37.681,85692000.0,0.0,27.13,4.637,4.561,159130000.0,31811000.0,981628000.0,981628000.0,176409000.0,0.049,0.089,0.264,0.17,31490000.0,423576000.0,1.0,167765011.0,165042000,169249000.0,5.948,2118660000.0,442178000.0,48461000.0,76740000.0,12.837,688015000.0
6,MFE,MRY,2004-12-31,2004-12-31,2004-12-31,2019-05-23,27361000.0,2246532000.0,2114801250.0,970432000.0,1276100000.0,0.429,7.484,-25374000.0,291772000.0,291772000.0,153914000.0,220017000.0,1.358,0.87,0.0,0.0,0.0,0.0,601373000.0,68336000.0,0.0,0.0,0.0,308129000.0,376465000.0,0.415,376465000.0,308129000.0,302814000.0,1.37,1.28,1.37,1201248000.0,1020738750.0,1201248000.0,4273671301.0,14.0,11.352,333539000.0,2.078,1.0,753659000.0,0.83,546313000.0,5315000.0,693711000.0,622555000.0,0.0,633526000.0,232929000.0,400597000.0,1045284000.0,714736000.0,330548000.0,4634361301.0,-42496000.0,-84650000.0,-104244000.0,-265623000.0,0.0,-369867000.0,-39373000.0,-210588000.0,358913000.0,7831000.0,220017000.0,220017000.0,220017000.0,0.0,0.0,0.242,443407000.0,310252000.0,32891000.0,0.0,3.858,21.064,21.117,91715000.0,0.0,28.93,5.106,5.116,146376000.0,-4814000.0,907573000.0,907573000.0,174872000.0,0.104,0.216,0.495,0.34,78376000.0,498112000.0,1.0,160192233.0,160510000,177385000.0,5.654,1700219000.0,421063000.0,82797000.0,70778000.0,10.593,255696000.0
7,MFE,MRY,2003-12-31,2003-12-31,2003-12-31,2019-05-23,34027000.0,2120498000.0,1995566000.0,961253000.0,1159245000.0,0.469,5.539,-60027000.0,354198000.0,354198000.0,149626000.0,70242000.0,1.762,1.388,347397000.0,0.0,347397000.0,347397000.0,459557000.0,62830000.0,0.0,0.0,0.0,91005000.0,153835000.0,0.164,153835000.0,91005000.0,83462000.0,0.44,0.43,0.44,888089000.0,833541750.0,888089000.0,2404795319.0,26.0,15.632,96277000.0,0.6,1.0,786710000.0,0.84,549545000.0,7543000.0,1018667000.0,773543000.0,0.0,432606000.0,174499000.0,258107000.0,1232409000.0,545485000.0,686924000.0,2428042319.0,-340575000.0,-217078000.0,30710000.0,-177289000.0,0.0,-146579000.0,-374480000.0,-97861000.0,156304000.0,24180000.0,70242000.0,70242000.0,70242000.0,0.0,0.0,0.075,722308000.0,64402000.0,32099000.0,0.0,2.734,34.567,34.182,111672000.0,0.0,15.04,2.593,2.575,170218000.0,-229879000.0,936336000.0,936336000.0,184606000.0,0.035,0.084,0.118,0.097,12507000.0,493226000.0,1.0,161438984.0,160338000,164489000.0,5.84,1570953000.0,359746000.0,13220000.0,0.0,9.798,415768000.0
8,MFE,MRY,2002-12-31,2002-12-31,2002-12-31,2019-05-23,24158000.0,2045487000.0,1857025250.0,1194669000.0,850818000.0,0.562,5.154,-59427000.0,695437000.0,695437000.0,164711000.0,128312000.0,1.661,1.656,532273000.0,176260000.0,356013000.0,532273000.0,329195000.0,53684000.0,0.0,0.0,0.0,153123000.0,206807000.0,0.198,206807000.0,153123000.0,128038000.0,0.86,0.8,0.86,770168000.0,637269000.0,770168000.0,2393689533.0,16.0,11.575,135666000.0,0.908,1.0,878333000.0,0.842,367485000.0,25085000.0,795587000.0,670796500.0,0.0,339483000.0,133577000.0,205906000.0,1275319000.0,719251000.0,556068000.0,2516967533.0,61394000.0,-112396000.0,109911000.0,-66175000.0,0.0,43736000.0,-183646000.0,8668000.0,195093000.0,6211000.0,128312000.0,128312000.0,128312000.0,0.0,0.0,0.123,754305000.0,124028000.0,29948000.0,0.0,3.268,19.616,18.709,89277000.0,0.0,16.09,2.413,2.305,160159000.0,-300121000.0,1043044000.0,1043044000.0,148801000.0,0.069,0.201,0.228,0.147,68366000.0,517140000.0,1.0,156430549.0,149441000,176249000.0,6.98,1678002000.0,313560000.0,-274000.0,0.0,11.229,475418000.0
9,MFE,MRY,2001-12-31,2001-12-31,2001-12-31,2019-05-23,16081000.0,1632757000.0,1457905250.0,1112281000.0,520476000.0,0.735,2.477,-31493000.0,612832000.0,612832000.0,176492000.0,83253000.0,1.662,3.73,578850000.0,0.0,578850000.0,578850000.0,379491000.0,94969000.0,0.0,0.0,0.0,173955000.0,268924000.0,0.251,268924000.0,173955000.0,149273000.0,0.6,0.53,0.6,341493000.0,367902750.0,341493000.0,3630302896.0,21.0,13.499,114496000.0,0.831,1.0,895168000.0,0.835,156236000.0,24682000.0,773294000.0,774639000.0,0.0,330118000.0,135761000.0,194357000.0,1273753000.0,669245000.0,604508000.0,3579063896.0,337293000.0,-11571000.0,-2733000.0,161332000.0,0.0,158599000.0,20775000.0,76089000.0,145989000.0,11930000.0,83253000.0,83253000.0,83253000.0,0.0,0.0,0.078,741685000.0,153483000.0,26367000.0,0.0,10.481,42.99,43.083,68454000.0,0.0,25.85,3.34,3.325,136346000.0,-428433000.0,1071660000.0,1071660000.0,146701000.0,0.057,0.226,0.225,0.162,30260000.0,532689000.0,1.0,138455083.0,137847000,164363000.0,7.774,1476521000.0,249954000.0,66020000.0,0.0,10.711,443036000.0
10,MFE,MRY,2000-12-31,2000-12-31,2000-12-31,2019-05-23,6788000.0,1465623000.0,1530579500.0,827887000.0,637736000.0,0.463,1.615,-54031000.0,275539000.0,275539000.0,160102000.0,-108014000.0,1.106,5.521,400496000.0,40000.0,400456000.0,400496000.0,531555000.0,80827000.0,6161000.0,0.0,0.0,-48868000.0,31959000.0,0.045,31959000.0,-48868000.0,-67070000.0,-0.78,-0.78,-0.78,222923000.0,575631000.0,222923000.0,637161388.0,-13.0,19.937,-46457000.0,-0.336,1.0,549270000.0,0.774,202161000.0,18202000.0,640123000.0,836982000.0,0.0,418614000.0,195469000.0,223145000.0,1230707000.0,748296000.0,482411000.0,576342388.0,-54193000.0,46736000.0,-53868000.0,-13532000.0,0.0,-50049000.0,-3687000.0,16108000.0,7574000.0,-8031000.0,-108014000.0,-108014000.0,-108014000.0,0.0,0.0,-0.152,676811000.0,-127541000.0,46817000.0,0.0,2.585,-5.336,-5.369,76253000.0,0.0,4.188,0.812,0.815,116172000.0,-457448000.0,709372000.0,709372000.0,164218000.0,-0.071,-0.188,-0.058,-0.069,10116000.0,449572000.0,1.0,137634003.0,138072000,138072000.0,5.138,1263462000.0,297240000.0,40944000.0,0.0,9.151,79591000.0
11,MFE,MRY,1999-12-31,1999-12-31,1999-12-31,2019-05-23,15766000.0,1510388000.0,1442935000.0,759181000.0,751207000.0,0.458,2.566,-13940000.0,329732000.0,329732000.0,132705000.0,-151964000.0,1.093,3.218,395576000.0,13059000.0,382517000.0,395576000.0,446778000.0,71016000.0,62491000.0,0.0,0.0,-110429000.0,-39413000.0,-0.06,-39413000.0,-110429000.0,-127262000.0,-1.1,-1.1,-1.1,355938000.0,568615750.0,355938000.0,3846677496.0,-35.0,-97.599,42274000.0,0.305,1.0,527632000.0,0.799,231122000.0,16833000.0,650489000.0,826999000.0,0.0,451183000.0,164763000.0,286420000.0,1145307000.0,694621000.0,450686000.0,3715330496.0,-89167000.0,6000000.0,93966000.0,-79887000.0,0.0,19788000.0,-162760000.0,-154820000.0,56214000.0,-2409000.0,-151964000.0,-151964000.0,-151964000.0,0.0,0.0,-0.23,664357000.0,-136725000.0,4768000.0,0.0,10.438,-24.449,-24.261,50840000.0,0.0,26.688,5.626,5.605,99079000.0,-303576000.0,660337000.0,660337000.0,152728000.0,-0.105,-0.267,-0.134,-0.167,20703000.0,442029000.0,1.0,139216131.0,138695000,138695000.0,4.761,1279266000.0,291489000.0,24702000.0,0.0,9.224,64560000.0
12,MFE,MRY,1998-12-31,1998-12-31,1998-12-31,2019-05-23,-1534000.0,1536721000.0,1313386000.0,903618000.0,633103000.0,0.326,5.432,-34818000.0,418899000.0,418899000.0,160604000.0,-319074000.0,2.465,1.126,377334000.0,3202000.0,374132000.0,377334000.0,192598000.0,64000000.0,0.0,0.0,0.0,-372016000.0,-308016000.0,-0.72,-308016000.0,-372016000.0,-386211000.0,-2.4,-2.4,-2.4,722838000.0,592891750.0,722838000.0,8955972783.0,-24.0,-29.076,-1695000.0,-0.013,1.0,267163000.0,0.625,323952000.0,14195000.0,804642000.0,878363250.0,0.0,314972000.0,98515000.0,216457000.0,813883000.0,366562000.0,447321000.0,8949741783.0,261868000.0,-243510000.0,151013000.0,408905000.0,0.0,561862000.0,-333298000.0,-54970000.0,33123000.0,181000.0,-319074000.0,-319074000.0,-319074000.0,0.0,0.0,-0.746,669989000.0,-402826000.0,20881000.0,0.0,12.381,-28.049,-27.604,54489000.0,0.0,66.25,20.922,20.61,260784000.0,195139000.0,427767000.0,427767000.0,135475000.0,-0.243,-0.538,-0.424,-0.87,44168000.0,371547000.0,1.0,135090442.0,133075000,133075000.0,3.214,1212769000.0,104071000.0,-67137000.0,13000000.0,9.113,537056000.0
13,MFE,MRY,1997-12-31,1997-12-31,1997-12-31,2019-05-23,1778000.0,805350000.0,640121000.0,537779000.0,267571000.0,1.149,3.888,-31154000.0,157031000.0,157031000.0,142099000.0,10639000.0,1.855,0.635,2663000.0,310000.0,2353000.0,2663000.0,127422000.0,37720000.0,0.0,0.0,0.0,82900000.0,120620000.0,0.164,120620000.0,82900000.0,82813000.0,0.08,0.08,0.08,492501000.0,416700000.0,492501000.0,,,,100831000.0,0.796,1.0,593593000.0,0.807,93886000.0,87000.0,267128000.0,237572000.0,0.0,260764000.0,151580000.0,109184000.0,312849000.0,289968000.0,22881000.0,3697066689.0,-8754000.0,-73233000.0,5372000.0,-125000.0,0.0,5247000.0,-145195000.0,-40434000.0,131985000.0,-791000.0,10639000.0,10639000.0,10639000.0,0.0,0.0,0.014,531646000.0,61947000.0,26444000.0,0.0,7.507,347.501,440.625,48328000.0,0.0,35.25,5.025,6.069,156197000.0,158701000.0,735692000.0,735692000.0,103051000.0,0.017,0.026,0.349,0.113,39941000.0,305277000.0,1.0,104881325.0,126662000,132729000.0,5.808,711464000.0,46262000.0,72174000.0,2135000.0,5.617,247811000.0
14,MFE,MRY,1996-12-31,1996-12-31,1996-12-31,2019-05-23,0.0,474892000.0,,374219000.0,100673000.0,,2.948,-27373000.0,127516000.0,127516000.0,97558000.0,10711000.0,2.964,0.393,0.0,0.0,0.0,0.0,59500000.0,39933000.0,0.0,0.0,0.0,65432000.0,105365000.0,0.205,105365000.0,65432000.0,65419000.0,0.09,0.09,0.09,340899000.0,,340899000.0,,,,10490000.0,0.091,1.0,417439000.0,0.811,13108000.0,13000.0,208016000.0,,0.0,180787000.0,134304000.0,46483000.0,133993000.0,126252000.0,7741000.0,,93569000.0,0.0,121537000.0,-3298000.0,0.0,159220000.0,-103983000.0,-76610000.0,37863000.0,469000.0,10711000.0,10711000.0,10711000.0,0.0,0.0,0.021,359871000.0,57568000.0,34641000.0,0.0,,,325.926,28861000.0,0.0,29.333,,6.586,80765000.0,199058000.0,514997000.0,514997000.0,63795000.0,,,,0.127,0.0,236813000.0,1.0,,115626000,125502000.0,4.454,461784000.0,12221000.0,54708000.0,0.0,3.994,247967000.0
15,MFE,MRY,1995-12-31,1995-12-31,1995-12-31,2019-05-23,,,,,,,,-16525000.0,,,50384000.0,49766000.0,,,,,,,,12799000.0,,0.0,0.0,76585000.0,89384000.0,0.312,89384000.0,76585000.0,76585000.0,0.76,0.71,0.76,,,,,,,34423000.0,0.528,1.0,236559000.0,0.824,,0.0,,,,,,,,,,,25822000.0,-6501000.0,-15421000.0,460000.0,0.0,-675000.0,-24406000.0,-1380000.0,50948000.0,-45000.0,49766000.0,49766000.0,49766000.0,0.0,0.0,0.173,168854000.0,67705000.0,,0.0,,,17.105,,0.0,13.0,,2.951,,,286943000.0,286943000.0,37815000.0,,,,0.267,0.0,116347000.0,,,65135000,70177000.0,4.405,,,26819000.0,,,
0,MFE,MRQ,2010-12-31,2010-12-31,2010-12-31,2019-05-23,-7922000.0,4232352000.0,,2074567000.0,2157785000.0,,14.366,-32424000.0,738419000.0,738419000.0,152089000.0,60572000.0,1.328,0.903,0.0,0.0,0.0,0.0,1536266000.0,42327000.0,0.0,0.0,0.0,59104000.0,101431000.0,0.185,101431000.0,59104000.0,59104000.0,0.39,0.38,0.39,2224097000.0,,2224097000.0,6277927730.0,27.0,15.656,131314000.0,0.848,1.0,397475000.0,0.723,1496761000.0,0.0,435051000.0,,0.0,445110000.0,360099000.0,85011000.0,2008255000.0,1562121000.0,446134000.0,7138398730.0,-122052000.0,-9380000.0,38211000.0,0.0,0.0,39031000.0,-318389000.0,-276598000.0,163738000.0,-6432000.0,60572000.0,60572000.0,60572000.0,0.0,0.0,0.11,338747000.0,58728000.0,71349000.0,0.0,3.21,38.772,38.916,167194000.0,0.0,46.31,3.457,3.475,348254000.0,896275000.0,549564000.0,549564000.0,92604000.0,,,,,26678000.0,223587000.0,1.0,154143786.0,154816000,157895000.0,3.55,2735591000.0,609769000.0,-1468000.0,0.0,17.67,512446000.0
1,MFE,MRQ,2010-09-30,2010-09-30,2010-09-30,2019-05-23,-11288000.0,3999209000.0,,1865471000.0,2133738000.0,,13.654,-18156000.0,860471000.0,860471000.0,142083000.0,46560000.0,1.237,0.917,0.0,0.0,0.0,0.0,1442472000.0,43072000.0,0.0,0.0,0.0,63241000.0,106313000.0,0.203,106313000.0,63241000.0,63241000.0,0.3,0.3,0.3,2086208000.0,,2086208000.0,6500813644.0,27.0,15.59,121024000.0,0.792,1.0,381176000.0,0.728,1513953000.0,0.0,116455000.0,,0.0,168534000.0,152798000.0,15736000.0,1913001000.0,1508330000.0,404671000.0,7180357644.0,180927000.0,-10019000.0,55266000.0,0.0,0.0,60290000.0,-62140000.0,-42847000.0,139180000.0,43597000.0,46560000.0,46560000.0,46560000.0,0.0,0.0,0.089,317126000.0,64050000.0,60931000.0,0.0,3.442,40.325,41.096,145735000.0,0.0,47.26,3.518,3.538,280451000.0,835703000.0,523259000.0,523259000.0,86952000.0,,,,,26762000.0,221330000.0,1.0,151933086.0,152788000,154988000.0,3.425,2485256000.0,593111000.0,16681000.0,0.0,16.266,357141000.0
2,MFE,MRQ,2010-06-30,2010-06-30,2010-06-30,2019-05-23,-26615000.0,3738375000.0,,1586834000.0,2151541000.0,,12.52,-18836000.0,679544000.0,679544000.0,130801000.0,39404000.0,1.123,0.933,0.0,0.0,0.0,0.0,1366458000.0,42945000.0,0.0,0.0,0.0,55212000.0,98157000.0,0.201,98157000.0,55212000.0,55212000.0,0.26,0.25,0.26,1933800000.0,,1933800000.0,4161532060.0,19.0,10.468,115625000.0,0.749,1.0,358438000.0,0.733,1518059000.0,0.0,127623000.0,,0.0,124778000.0,108849000.0,15929000.0,1804575000.0,1413149000.0,391426000.0,4792878060.0,48198000.0,-32470000.0,-136234000.0,0.0,0.0,-149008000.0,94171000.0,145480000.0,134461000.0,-31426000.0,39404000.0,39404000.0,39404000.0,0.0,0.0,0.081,303348000.0,55090000.0,44121000.0,0.0,2.478,28.48,28.444,129768000.0,0.0,30.72,2.393,2.369,244333000.0,789143000.0,489239000.0,489239000.0,82403000.0,,,,,26119000.0,204315000.0,1.0,156018166.0,154456000,156151000.0,3.167,2220316000.0,606886000.0,15808000.0,0.0,14.375,173685000.0
3,MFE,MRQ,2010-03-31,2010-03-31,2010-03-31,2019-05-23,-13626000.0,3808407000.0,,1645383000.0,2163024000.0,,12.789,-17489000.0,631346000.0,631346000.0,132575000.0,37576000.0,1.176,0.888,0.0,0.0,0.0,0.0,1378504000.0,43013000.0,0.0,0.0,0.0,52083000.0,95096000.0,0.189,95096000.0,52083000.0,52083000.0,0.24,0.23,0.24,2017306000.0,,2017306000.0,5691248083.0,26.0,14.384,139772000.0,0.886,1.0,370170000.0,0.736,1536653000.0,0.0,241154000.0,,0.0,270181000.0,221225000.0,48956000.0,1791101000.0,1399254000.0,391847000.0,6368385083.0,-45791000.0,0.0,-160328000.0,0.0,0.0,-165953000.0,-12396000.0,3582000.0,157261000.0,-24703000.0,37576000.0,37576000.0,37576000.0,0.0,0.0,0.075,318616000.0,51554000.0,48307000.0,0.0,3.157,40.424,40.13,129284000.0,0.0,40.13,3.213,3.193,230657000.0,749739000.0,502745000.0,502745000.0,84124000.0,,,,,25464000.0,211096000.0,1.0,158693872.0,157738000,160567000.0,3.187,2271754000.0,602223000.0,14507000.0,0.0,14.402,246129000.0
4,MFE,MRQ,2009-12-31,2009-12-31,2009-12-31,2019-05-23,-3291000.0,3963186000.0,,1763317000.0,2199869000.0,,13.416,-16134000.0,677137000.0,677137000.0,131339000.0,54522000.0,1.228,0.872,0.0,0.0,0.0,0.0,1407473000.0,45878000.0,0.0,0.0,0.0,71533000.0,117411000.0,0.223,117411000.0,71533000.0,71533000.0,0.35,0.34,0.35,2117538000.0,,2117538000.0,5859644008.0,26.0,14.778,129031000.0,0.818,1.0,394327000.0,0.75,1577157000.0,0.0,272807000.0,,0.0,273031000.0,215894000.0,57137000.0,1845648000.0,1436085000.0,409563000.0,6399017008.0,37764000.0,0.0,16037000.0,-100000000.0,0.0,-82391000.0,-20277000.0,-6477000.0,145165000.0,-4733000.0,54522000.0,54522000.0,54522000.0,0.0,0.0,0.104,322171000.0,72156000.0,55104000.0,0.0,3.022,36.899,36.55,133016000.0,0.0,40.57,3.32,3.287,294315000.0,712163000.0,525666000.0,525666000.0,83961000.0,,,,,25808000.0,225181000.0,1.0,157727804.0,157836000,161202000.0,3.33,2386029000.0,604737000.0,17011000.0,0.0,15.117,327232000.0
5,MFE,MRQ,2009-09-30,2009-09-30,2009-09-30,2019-05-23,-3492000.0,3908543000.0,,1763099000.0,2145444000.0,,12.843,-20922000.0,639373000.0,639373000.0,126770000.0,36789000.0,1.166,0.936,100000000.0,100000000.0,0.0,100000000.0,1333763000.0,43319000.0,0.0,0.0,0.0,43574000.0,86893000.0,0.179,86893000.0,43574000.0,43574000.0,0.23,0.23,0.23,2018670000.0,,2018670000.0,6337095432.0,34.0,18.035,130890000.0,0.833,1.0,358501000.0,0.739,1610883000.0,0.0,246206000.0,,0.0,266490000.0,244082000.0,22408000.0,1889873000.0,1512081000.0,377792000.0,6883781432.0,-7313000.0,-137921000.0,14257000.0,0.0,0.0,9507000.0,-183443000.0,-24593000.0,151812000.0,14811000.0,36789000.0,36789000.0,36789000.0,0.0,0.0,0.076,315996000.0,42505000.0,46339000.0,0.0,3.41,41.897,41.705,128289000.0,0.0,43.79,3.771,3.77,231764000.0,657641000.0,485271000.0,485271000.0,82248000.0,,,,,26400000.0,221542000.0,1.0,157199850.0,157186000,159925000.0,3.087,2297660000.0,604359000.0,6785000.0,19569000.0,14.617,251018000.0
6,MFE,MRQ,2009-06-30,2009-06-30,2009-06-30,2019-05-23,-11173000.0,3710919000.0,,1707996000.0,2002923000.0,,12.444,-12450000.0,646686000.0,646686000.0,115222000.0,28653000.0,1.217,0.915,100000000.0,100000000.0,0.0,100000000.0,1307573000.0,41174000.0,0.0,0.0,0.0,55079000.0,96253000.0,0.205,96253000.0,55079000.0,55079000.0,0.18,0.18,0.18,1938249000.0,,1938249000.0,6069379069.0,31.0,17.467,40981000.0,0.263,1.0,353464000.0,0.754,1464864000.0,0.0,295424000.0,,0.0,239393000.0,216362000.0,23031000.0,1772670000.0,1403945000.0,368725000.0,6555176069.0,60889000.0,-31242000.0,43301000.0,0.0,0.0,47504000.0,-64135000.0,-20608000.0,53431000.0,24089000.0,28653000.0,28653000.0,28653000.0,0.0,0.0,0.061,297588000.0,55876000.0,68520000.0,0.0,3.382,37.177,37.009,121165000.0,0.0,42.19,3.746,3.755,265986000.0,620852000.0,468686000.0,468686000.0,79255000.0,,,,,20819000.0,204075000.0,1.0,155372744.0,155763000,158336000.0,3.009,2246055000.0,611574000.0,26426000.0,15677000.0,14.42,304051000.0
7,MFE,MRQ,2009-03-31,2009-03-31,2009-03-31,2019-05-23,-25984000.0,3573276000.0,,1574002000.0,1999274000.0,,11.831,-11029000.0,585797000.0,585797000.0,113056000.0,53456000.0,1.121,0.965,100000000.0,100000000.0,0.0,100000000.0,1269352000.0,41909000.0,0.0,0.0,0.0,54037000.0,95946000.0,0.214,95946000.0,54037000.0,54037000.0,0.35,0.34,0.35,1818749000.0,,1818749000.0,4679048000.0,23.0,13.57,134947000.0,0.878,1.0,334653000.0,0.747,1451224000.0,0.0,231545000.0,,0.0,215683000.0,166676000.0,49007000.0,1754527000.0,1404710000.0,349817000.0,5162350000.0,102495000.0,-2455000.0,-8747000.0,100000000.0,0.0,95494000.0,-119977000.0,-106493000.0,145976000.0,-18998000.0,53456000.0,53456000.0,53456000.0,0.0,0.0,0.119,282883000.0,51770000.0,52958000.0,0.0,2.838,26.406,26.587,112356000.0,0.0,33.5,3.076,3.069,240411000.0,589740000.0,447709000.0,447709000.0,78904000.0,,,,,19794000.0,188924000.0,1.0,154100000.0,153721000,156169000.0,2.912,2122052000.0,606852000.0,581000.0,10329000.0,13.805,169292000.0
8,MFE,MRQ,2008-12-31,2008-12-31,2008-12-31,2019-05-23,-18992000.0,3457881000.0,,1404788000.0,2053093000.0,,11.471,-14002000.0,483302000.0,483302000.0,105350000.0,45406000.0,1.057,0.973,0.0,0.0,0.0,0.0,1293110000.0,37602000.0,0.0,0.0,0.0,34683000.0,72285000.0,0.17,72285000.0,34683000.0,34683000.0,0.29,0.29,0.29,1752488000.0,,1752488000.0,4666008792.0,21.0,13.482,55842000.0,0.366,1.0,318637000.0,0.752,1485419000.0,0.0,160532000.0,,0.0,110423000.0,27449000.0,82974000.0,1705393000.0,1328628000.0,376765000.0,5276829792.0,-127519000.0,-447411000.0,11663000.0,0.0,0.0,10004000.0,-183667000.0,279782000.0,69844000.0,-23700000.0,45406000.0,45406000.0,45406000.0,0.0,0.0,0.107,286073000.0,32564000.0,41529000.0,0.0,3.011,30.642,31.427,114435000.0,0.0,34.57,3.298,3.375,322986000.0,536284000.0,423987000.0,423987000.0,66919000.0,,,,,23623000.0,191946000.0,1.0,152641880.0,152770000,155854000.0,2.775,1972462000.0,614807000.0,-10723000.0,0.0,12.911,76160000.0
9,MFE,MRQ,2008-09-30,2008-09-30,2008-09-30,2019-05-23,4060000.0,3159945000.0,,1463309000.0,1696636000.0,,11.071,-13744000.0,610821000.0,610821000.0,98509000.0,48808000.0,1.263,0.874,0.0,0.0,0.0,0.0,1056749000.0,29080000.0,0.0,0.0,0.0,53912000.0,82992000.0,0.203,82992000.0,53912000.0,53912000.0,0.32,0.31,0.32,1686600000.0,,1686600000.0,4535131358.0,19.0,13.045,73732000.0,0.484,1.0,311170000.0,0.76,999165000.0,0.0,391205000.0,,0.0,392213000.0,169324000.0,222889000.0,1473345000.0,1158754000.0,314591000.0,5137757358.0,8195000.0,-48196000.0,-102412000.0,0.0,0.0,-98578000.0,67695000.0,129633000.0,87476000.0,-48398000.0,48808000.0,48808000.0,48808000.0,0.0,0.0,0.119,261807000.0,49363000.0,52803000.0,0.0,3.046,36.965,38.591,99539000.0,0.0,33.96,3.352,3.376,209103000.0,490878000.0,409679000.0,409679000.0,64478000.0,,,,,16477000.0,189152000.0,1.0,151288497.0,152347000,155006000.0,2.689,2160780000.0,575404000.0,5104000.0,42656000.0,14.183,304555000.0
10,MFE,MRQ,2008-06-30,2008-06-30,2008-06-30,2019-05-23,40868000.0,3310466000.0,,1537573000.0,1772893000.0,,10.916,-10508000.0,602626000.0,602626000.0,89733000.0,47826000.0,1.232,0.91,0.0,0.0,0.0,0.0,1085838000.0,28723000.0,0.0,0.0,0.0,64867000.0,93590000.0,0.236,93590000.0,64867000.0,64867000.0,0.3,0.3,0.3,1733077000.0,,1733077000.0,5024434116.0,20.0,14.341,69120000.0,0.435,1.0,307025000.0,0.774,1011709000.0,0.0,448323000.0,,0.0,528701000.0,233298000.0,295403000.0,1577389000.0,1247808000.0,329581000.0,5478746116.0,148314000.0,0.0,-222354000.0,0.0,0.0,-219410000.0,293881000.0,304379000.0,79628000.0,-5785000.0,47826000.0,47826000.0,47826000.0,0.0,0.0,0.121,252628000.0,54397000.0,38946000.0,0.0,3.161,35.673,35.448,97721000.0,0.0,34.03,3.792,3.739,201692000.0,442070000.0,396758000.0,396758000.0,61998000.0,,,,,16732000.0,187208000.0,1.0,160997535.0,158770000,161553000.0,2.499,2298757000.0,565783000.0,17041000.0,89617000.0,14.479,289765000.0
11,MFE,MRQ,2008-03-31,2008-03-31,2008-03-31,2019-05-23,50096000.0,3435184000.0,,1471528000.0,1963656000.0,,11.894,-10493000.0,454312000.0,454312000.0,89936000.0,30169000.0,1.238,0.794,0.0,0.0,0.0,0.0,1080744000.0,28489000.0,0.0,0.0,0.0,68744000.0,97233000.0,0.263,97233000.0,68744000.0,68744000.0,0.19,0.18,0.19,1914762000.0,,1914762000.0,4976349000.0,21.0,14.866,60881000.0,0.378,1.0,279705000.0,0.757,1031659000.0,0.0,760173000.0,,0.0,838772000.0,349942000.0,488830000.0,1520422000.0,1189040000.0,331382000.0,5370507000.0,60154000.0,-55041000.0,-73498000.0,0.0,0.0,-63978000.0,22317000.0,87863000.0,71374000.0,30441000.0,30169000.0,30169000.0,30169000.0,0.0,0.0,0.082,226458000.0,53247000.0,40876000.0,0.0,2.805,34.919,34.469,93826000.0,0.0,33.09,3.94,3.909,195113000.0,394244000.0,369641000.0,369641000.0,58625000.0,,,,,2137000.0,162422000.0,1.0,162300000.0,160992000,164867000.0,2.296,2403525000.0,549391000.0,38575000.0,72806000.0,14.929,282488000.0
12,MFE,MRQ,2007-12-31,2007-12-31,2007-12-31,2019-05-23,32498000.0,3386524000.0,,1380167000.0,2006357000.0,,11.918,-7864000.0,394158000.0,394158000.0,86442000.0,12185000.0,1.2,0.777,0.0,0.0,0.0,0.0,1044513000.0,24569000.0,0.0,0.0,0.0,49282000.0,73851000.0,0.207,73851000.0,49282000.0,49282000.0,0.07,0.08,0.07,1905325000.0,,1905325000.0,5495675063.0,24.0,17.523,83874000.0,0.525,1.0,270084000.0,0.758,970215000.0,0.0,872129000.0,,0.0,924644000.0,338770000.0,585874000.0,1481199000.0,1150022000.0,331177000.0,5996573063.0,-106181000.0,-333377000.0,9793000.0,0.0,0.0,10873000.0,-220038000.0,121215000.0,91738000.0,11246000.0,12185000.0,12185000.0,12185000.0,0.0,0.0,0.034,237082000.0,33002000.0,45858000.0,0.0,3.147,35.912,36.058,94670000.0,0.0,37.5,4.584,4.581,232056000.0,364075000.0,356526000.0,356526000.0,54103000.0,,,,,13834000.0,198067000.0,1.0,159908615.0,159870000,164891000.0,2.23,2416309000.0,577530000.0,37097000.0,51974000.0,15.114,230145000.0
13,MFE,MRQ,2007-09-30,2007-09-30,2007-09-30,2019-05-23,35579000.0,3193751000.0,,1425825000.0,1767926000.0,,11.735,-6854000.0,500898000.0,500898000.0,77865000.0,63401000.0,1.378,0.703,0.0,0.0,0.0,0.0,954924000.0,19212000.0,0.0,0.0,0.0,66461000.0,85673000.0,0.266,85673000.0,66461000.0,66461000.0,0.4,0.39,0.4,1875356000.0,,1875356000.0,5130889352.0,23.0,16.819,107722000.0,0.674,1.0,244121000.0,0.758,625474000.0,0.0,1033010000.0,,0.0,1043539000.0,370280000.0,673259000.0,1318395000.0,1034369000.0,284026000.0,5562613352.0,-42245000.0,0.0,0.0,0.0,0.0,0.0,-175121000.0,-168265000.0,114576000.0,18300000.0,63401000.0,63401000.0,63401000.0,0.0,0.0,0.197,197481000.0,46640000.0,37371000.0,0.0,2.966,29.64,29.803,91849000.0,0.0,34.87,4.426,4.433,156570000.0,351890000.0,321986000.0,321986000.0,54399000.0,,,,,10721000.0,129129000.0,1.0,159524329.0,159808000,164513000.0,2.015,2568277000.0,582201000.0,3060000.0,53462000.0,16.071,391456000.0
14,MFE,MRQ,2007-06-30,2007-06-30,2007-06-30,2019-05-23,35744000.0,3079011000.0,,1354108000.0,1724903000.0,,11.273,-8700000.0,543141000.0,543141000.0,71384000.0,48044000.0,1.331,0.709,0.0,0.0,0.0,0.0,907790000.0,20368000.0,0.0,0.0,0.0,57617000.0,77985000.0,0.248,77985000.0,57617000.0,57617000.0,0.3,0.29,0.3,1801401000.0,,1801401000.0,5183532381.0,25.0,18.015,76620000.0,0.479,1.0,243446000.0,0.773,635108000.0,0.0,883670000.0,,0.0,871239000.0,265959000.0,605280000.0,1277610000.0,1017092000.0,260518000.0,5615256381.0,65705000.0,0.0,0.0,0.0,0.0,0.0,-23334000.0,-5375000.0,85320000.0,3719000.0,48044000.0,48044000.0,48044000.0,0.0,0.0,0.153,204695000.0,38751000.0,37876000.0,0.0,3.117,35.459,35.918,96411000.0,0.0,35.2,4.595,4.603,162004000.0,288489000.0,314830000.0,314830000.0,54819000.0,,,,,9790000.0,137249000.0,1.0,159524329.0,159800000,163814000.0,1.97,2443903000.0,587549000.0,9573000.0,63989000.0,15.294,337016000.0
15,MFE,MRQ,2007-03-31,2007-03-31,2007-03-31,2019-05-23,32377000.0,2994988000.0,,1310109000.0,1684879000.0,,10.89,-10150000.0,477477000.0,477477000.0,70053000.0,43350000.0,1.321,0.721,0.0,0.0,0.0,0.0,895846000.0,20278000.0,0.0,0.0,0.0,55844000.0,76122000.0,0.242,76122000.0,55844000.0,55844000.0,0.27,0.27,0.27,1740199000.0,,1740199000.0,4207243487.0,24.0,16.815,91631000.0,0.573,1.0,244825000.0,0.778,645596000.0,0.0,880430000.0,,0.0,865448000.0,272981000.0,592467000.0,1254789000.0,991485000.0,263304000.0,4638967487.0,87252000.0,0.0,-196000.0,0.0,0.0,-184000.0,-18277000.0,-12584000.0,101781000.0,3932000.0,43350000.0,43350000.0,43350000.0,0.0,0.0,0.138,203405000.0,41420000.0,37810000.0,0.0,2.666,33.982,34.619,94518000.0,0.0,29.08,3.915,3.922,146977000.0,240445000.0,314878000.0,314878000.0,54613000.0,,,,,20695000.0,137932000.0,1.0,159524329.0,159799000,163174000.0,1.97,2349392000.0,583840000.0,12494000.0,52316000.0,14.702,318624000.0
16,MFE,MRQ,2006-12-31,2006-12-31,2006-12-31,2019-05-23,31472000.0,2800270000.0,,1176632000.0,1623638000.0,,8.934,-13044000.0,389627000.0,389627000.0,69037000.0,32876000.0,1.142,0.962,0.0,0.0,0.0,0.0,897525000.0,19583000.0,0.0,0.0,0.0,45695000.0,65278000.0,0.214,65278000.0,45695000.0,45695000.0,0.2,0.2,0.2,1427249000.0,,1427249000.0,4095576457.0,22.0,16.121,73172000.0,0.458,1.0,236204000.0,0.774,644051000.0,0.0,736213000.0,,0.0,850542000.0,215722000.0,634820000.0,1373021000.0,1030379000.0,342642000.0,4527300457.0,7665000.0,-80218000.0,1000.0,0.0,0.0,150000.0,-89545000.0,3624000.0,86216000.0,10844000.0,32876000.0,32876000.0,32876000.0,0.0,0.0,0.108,202609000.0,33595000.0,35652000.0,0.0,3.172,32.933,33.388,91999000.0,0.0,28.38,3.953,3.989,170855000.0,169282000.0,305241000.0,305241000.0,49021000.0,,,,,16558000.0,162140000.0,1.0,159524329.0,159751000,162812000.0,1.911,2156219000.0,464413000.0,12819000.0,118589000.0,13.497,146253000.0
17,MFE,MRQ,2006-09-30,2006-09-30,2006-09-30,2019-05-23,30638000.0,2652883000.0,,1227476000.0,1425407000.0,,8.619,-8739000.0,383005000.0,383005000.0,64153000.0,34090000.0,1.302,0.927,0.0,0.0,0.0,0.0,836047000.0,17481000.0,0.0,0.0,0.0,50866000.0,68347000.0,0.238,68347000.0,50866000.0,50866000.0,0.21,0.21,0.21,1376688000.0,,1376688000.0,3470241087.0,17.0,13.048,70536000.0,0.442,1.0,222910000.0,0.777,564573000.0,0.0,762374000.0,,0.0,852319000.0,328978000.0,523341000.0,1276195000.0,942931000.0,333264000.0,3901965087.0,8053000.0,-2000.0,1878000.0,0.0,0.0,2297000.0,-77375000.0,-68633000.0,79275000.0,3856000.0,34090000.0,34090000.0,34090000.0,0.0,0.0,0.119,186120000.0,36790000.0,36966000.0,0.0,2.834,27.127,27.795,90950000.0,0.0,24.46,3.559,3.563,132707000.0,136406000.0,287063000.0,287063000.0,50641000.0,,,,,11777000.0,126315000.0,1.0,159524329.0,159728000,161485000.0,1.797,2088310000.0,457264000.0,16776000.0,93623000.0,13.074,284545000.0
18,MFE,MRQ,2006-06-30,2006-06-30,2006-06-30,2019-05-23,27969000.0,2572040000.0,,1333172000.0,1238868000.0,,8.307,-11777000.0,374951000.0,374951000.0,59504000.0,26198000.0,1.488,0.942,0.0,0.0,0.0,0.0,813671000.0,17555000.0,0.0,0.0,0.0,22904000.0,40459000.0,0.146,40459000.0,22904000.0,22904000.0,0.16,0.16,0.16,1324363000.0,,1324363000.0,3439931465.0,21.0,15.046,64775000.0,0.406,1.0,218102000.0,0.786,573181000.0,0.0,727979000.0,,0.0,779754000.0,454258000.0,325496000.0,1247677000.0,895929000.0,351748000.0,3871655465.0,-56603000.0,-65869000.0,7969000.0,0.0,0.0,9432000.0,-147903000.0,-70427000.0,76552000.0,5316000.0,26198000.0,26198000.0,26198000.0,0.0,0.0,0.094,202412000.0,15690000.0,30821000.0,0.0,2.923,31.719,32.797,91425000.0,0.0,24.27,3.654,3.651,130166000.0,102316000.0,277606000.0,277606000.0,49638000.0,,,,,10635000.0,145543000.0,1.0,159524329.0,159418000,161294000.0,1.741,1998859000.0,457531000.0,-3294000.0,65712000.0,12.538,437243000.0
19,MFE,MRQ,2006-03-31,2006-03-31,2006-03-31,2019-05-23,28518000.0,2446344000.0,,1309339000.0,1137005000.0,,7.86,-10191000.0,431724000.0,431724000.0,54146000.0,44307000.0,1.581,0.887,0.0,0.0,0.0,0.0,776105000.0,15652000.0,0.0,0.0,0.0,64316000.0,79968000.0,0.291,79968000.0,64316000.0,64316000.0,0.27,0.27,0.27,1296438000.0,,1296438000.0,3266447696.0,18.0,13.037,38255000.0,0.232,1.0,221102000.0,0.803,512393000.0,0.0,674306000.0,,0.0,707080000.0,412217000.0,294863000.0,1149906000.0,827921000.0,321985000.0,4046467696.0,-298080000.0,0.0,-212519000.0,0.0,0.0,-209590000.0,-137516000.0,-177052000.0,48446000.0,580000.0,44307000.0,44307000.0,44307000.0,0.0,0.0,0.161,168149000.0,52953000.0,34300000.0,0.0,3.121,30.762,30.413,89060000.0,0.0,24.33,3.947,3.914,123845000.0,174904000.0,275248000.0,275248000.0,44147000.0,,,,,10765000.0,120233000.0,1.0,166315976.0,164940000,166700000.0,1.669,1933951000.0,442693000.0,20009000.0,65372000.0,11.725,481418000.0
20,MFE,MRQ,2005-12-31,2005-12-31,2005-12-31,2019-05-23,33923000.0,2636234000.0,,1566339000.0,1069895000.0,,8.562,-3900000.0,780020000.0,780020000.0,48088000.0,39245000.0,1.783,0.838,0.0,0.0,0.0,0.0,751806000.0,16057000.0,0.0,0.0,0.0,61125000.0,77182000.0,0.301,77182000.0,61125000.0,61125000.0,0.24,0.23,0.24,1434641000.0,,1434641000.0,4060465748.0,24.0,17.377,122905000.0,0.733,1.0,208473000.0,0.813,517574000.0,0.0,460316000.0,,0.0,528429000.0,316298000.0,212131000.0,1201593000.0,878324000.0,323269000.0,4551464748.0,288217000.0,0.0,-7261000.0,0.0,0.0,-7261000.0,175314000.0,179529000.0,126805000.0,-6641000.0,39245000.0,39245000.0,39245000.0,0.0,0.0,0.153,155060000.0,53413000.0,34678000.0,0.0,3.173,38.501,37.681,85692000.0,0.0,27.13,4.637,4.561,159130000.0,31811000.0,256561000.0,256561000.0,46132000.0,,,,,4147000.0,108779000.0,1.0,167765011.0,167565000,171394000.0,1.531,2118660000.0,442178000.0,21880000.0,76740000.0,12.644,688015000.0
21,MFE,MRQ,2005-09-30,2005-09-30,2005-09-30,2019-05-23,28996000.0,2485838000.0,,1387663000.0,1098175000.0,,8.522,-8393000.0,490999000.0,490999000.0,39782000.0,12313000.0,1.821,0.755,0.0,0.0,0.0,0.0,656910000.0,16423000.0,0.0,0.0,0.0,14589000.0,31012000.0,0.124,31012000.0,14589000.0,14589000.0,0.07,0.07,0.07,1416191000.0,,1416191000.0,4811485103.0,39.0,24.95,81013000.0,0.488,1.0,210507000.0,0.841,536557000.0,0.0,696049000.0,,0.0,707357000.0,485734000.0,221623000.0,1069647000.0,762233000.0,307414000.0,5196806103.0,55678000.0,0.0,44278000.0,0.0,0.0,44278000.0,-78447000.0,-20054000.0,89406000.0,441000.0,12313000.0,12313000.0,12313000.0,0.0,0.0,0.049,202415000.0,8092000.0,27900000.0,0.0,3.67,44.169,43.639,86894000.0,0.0,31.42,5.355,5.38,106242000.0,95401000.0,250289000.0,250289000.0,47188000.0,,,,,26229000.0,102331000.0,1.0,165398030.0,166174000,170756000.0,1.506,1949281000.0,436747000.0,2276000.0,0.0,11.73,625430000.0
22,MFE,MRQ,2005-06-30,2005-06-30,2005-06-30,2019-05-23,26386000.0,2363399000.0,,1242744000.0,1120655000.0,,7.824,-7502000.0,385321000.0,385321000.0,40646000.0,35675000.0,1.611,0.847,0.0,0.0,0.0,0.0,641461000.0,18095000.0,0.0,0.0,0.0,44302000.0,62397000.0,0.257,62397000.0,44302000.0,44302000.0,0.22,0.21,0.22,1279327000.0,,1279327000.0,3955885546.0,13.0,10.469,95294000.0,0.583,1.0,202568000.0,0.833,544644000.0,0.0,661802000.0,,0.0,688208000.0,444579000.0,243629000.0,1084072000.0,771632000.0,312440000.0,4260542546.0,80658000.0,-20200000.0,25359000.0,0.0,0.0,25359000.0,-36902000.0,-10694000.0,102796000.0,-10595000.0,35675000.0,35675000.0,35675000.0,0.0,0.0,0.147,164589000.0,37979000.0,26358000.0,0.0,3.33,19.064,18.7,87776000.0,0.0,26.18,4.524,4.546,95656000.0,72854000.0,243214000.0,243214000.0,45054000.0,,,,,4406000.0,108300000.0,1.0,162740357.0,163513000,167440000.0,1.487,1818755000.0,440108000.0,8627000.0,0.0,11.123,471112000.0
23,MFE,MRQ,2005-03-31,2005-03-31,2005-03-31,2019-05-23,26277000.0,2255407000.0,,1144177000.0,1111230000.0,,7.424,-9146000.0,304657000.0,304657000.0,38657000.0,35970000.0,1.632,0.864,0.0,0.0,0.0,0.0,614700000.0,16421000.0,0.0,0.0,0.0,52433000.0,68854000.0,0.292,68854000.0,52433000.0,52433000.0,0.22,0.21,0.22,1210095000.0,,1210095000.0,3396788000.0,12.0,9.746,91304000.0,0.56,1.0,197070000.0,0.836,538791000.0,0.0,710886000.0,,0.0,676081000.0,435025000.0,241056000.0,1045312000.0,701073000.0,344239000.0,3688560000.0,12884000.0,0.0,-22535000.0,0.0,0.0,-22535000.0,-55370000.0,-46223000.0,100450000.0,-9661000.0,35970000.0,35970000.0,35970000.0,0.0,0.0,0.153,148949000.0,48121000.0,30225000.0,0.0,3.048,18.627,18.194,91080000.0,0.0,22.56,3.991,3.979,94225000.0,31156000.0,235727000.0,235727000.0,38230000.0,,,,,-3292000.0,104805000.0,1.0,163500000.0,162992000,167339000.0,1.446,1716616000.0,427588000.0,16463000.0,0.0,10.532,443104000.0
24,MFE,MRQ,2004-12-31,2004-12-31,2004-12-31,2019-05-23,27361000.0,2246532000.0,,970432000.0,1276100000.0,,7.458,-5674000.0,291772000.0,291772000.0,44885000.0,33699000.0,1.358,0.87,0.0,0.0,0.0,0.0,601373000.0,18721000.0,0.0,0.0,0.0,11861000.0,30582000.0,0.127,30582000.0,11861000.0,9964000.0,0.21,0.2,0.21,1201248000.0,,1201248000.0,4273671301.0,14.0,11.352,81488000.0,0.506,1.0,196299000.0,0.814,546313000.0,1897000.0,693711000.0,,0.0,633526000.0,232929000.0,400597000.0,1045284000.0,714736000.0,330548000.0,4634361301.0,-49253000.0,-84650000.0,50637000.0,0.0,0.0,50637000.0,-199462000.0,-130301000.0,87162000.0,12410000.0,33699000.0,33699000.0,33699000.0,0.0,0.0,0.14,184871000.0,11428000.0,32891000.0,0.0,3.858,21.064,21.117,91715000.0,0.0,28.93,5.106,5.116,146376000.0,-4814000.0,241184000.0,241184000.0,46158000.0,,,,,11257000.0,129411000.0,1.0,160192233.0,161077000,168964000.0,1.497,1700219000.0,421063000.0,-23735000.0,70778000.0,10.555,255696000.0
25,MFE,MRQ,2004-09-30,2004-09-30,2004-09-30,2019-05-23,30871000.0,1919136000.0,,886075000.0,1033061000.0,,6.734,-3748000.0,360690000.0,360690000.0,34273000.0,118148000.0,1.578,0.802,0.0,0.0,0.0,0.0,521127000.0,16050000.0,0.0,0.0,0.0,199997000.0,216047000.0,0.975,216047000.0,199997000.0,199457000.0,0.75,0.7,0.75,1064974000.0,,1064974000.0,3102819086.0,9.0,7.423,74476000.0,0.471,1.0,187360000.0,0.845,477277000.0,540000.0,519799000.0,,0.0,506625000.0,188435000.0,318190000.0,854162000.0,561370000.0,292792000.0,3140007086.0,-15110000.0,0.0,-46571000.0,-265623000.0,0.0,-312194000.0,215836000.0,6843000.0,78224000.0,3024000.0,118148000.0,118148000.0,118148000.0,0.0,0.0,0.533,-23225000.0,210585000.0,21760000.0,0.0,2.948,13.604,13.958,96971000.0,0.0,20.1,3.345,3.387,87243000.0,-43561000.0,221633000.0,221633000.0,38989000.0,,,,,64453000.0,117193000.0,1.0,156219258.0,158151000,172103000.0,1.401,1441859000.0,284483000.0,81309000.0,0.0,9.117,324705000.0
26,MFE,MRQ,2004-06-30,2004-06-30,2004-06-30,2019-05-23,30573000.0,2110478000.0,,948214000.0,1162264000.0,,5.275,-7299000.0,376267000.0,376267000.0,37564000.0,10200000.0,1.028,1.496,339079000.0,339079000.0,0.0,339079000.0,536565000.0,16931000.0,0.0,0.0,0.0,16106000.0,33037000.0,0.146,33037000.0,16106000.0,13969000.0,0.06,0.06,0.06,845698000.0,,845698000.0,2891740312.0,17.0,12.479,67231000.0,0.419,1.0,188114000.0,0.834,533557000.0,2137000.0,617679000.0,,0.0,513712000.0,183105000.0,330607000.0,1264780000.0,922054000.0,342726000.0,2997441312.0,-74811000.0,-47565000.0,-130718000.0,0.0,0.0,-130718000.0,-15458000.0,-8057000.0,74530000.0,-3165000.0,10200000.0,10200000.0,10200000.0,0.0,0.0,0.045,175055000.0,13059000.0,22072000.0,0.0,3.544,24.281,23.855,106238000.0,0.0,18.13,3.173,3.076,115985000.0,-161709000.0,225678000.0,225678000.0,44346000.0,,,,,440000.0,131836000.0,1.0,165330464.0,160313000,163925000.0,1.408,1576921000.0,347624000.0,3769000.0,0.0,9.837,26160000.0
27,MFE,MRQ,2004-03-31,2004-03-31,2004-03-31,2019-05-23,35252000.0,2183059000.0,,1041913000.0,1141146000.0,,5.942,-8653000.0,450976000.0,450976000.0,37192000.0,57970000.0,1.187,1.248,345275000.0,345275000.0,0.0,345275000.0,485252000.0,16634000.0,0.0,0.0,0.0,80165000.0,96799000.0,0.442,96799000.0,80165000.0,79424000.0,0.35,0.33,0.35,971035000.0,,971035000.0,2931510360.0,19.0,13.394,110344000.0,0.675,1.0,181886000.0,0.83,540462000.0,741000.0,659031000.0,,0.0,510881000.0,217432000.0,293449000.0,1212024000.0,877865000.0,334159000.0,2938311360.0,96678000.0,47565000.0,22408000.0,0.0,0.0,22408000.0,-40289000.0,-79073000.0,118997000.0,-4438000.0,57970000.0,57970000.0,57970000.0,0.0,0.0,0.265,106706000.0,75180000.0,25847000.0,0.0,3.026,25.388,25.0,110294000.0,0.0,18.0,3.139,3.142,109559000.0,-171909000.0,219078000.0,219078000.0,45379000.0,,,,,2226000.0,119672000.0,1.0,163239520.0,163423000,186564000.0,1.341,1642597000.0,346313000.0,21454000.0,0.0,10.051,164048000.0
28,MFE,MRQ,2003-12-31,2003-12-31,2003-12-31,2019-05-23,34027000.0,2120498000.0,,961253000.0,1159245000.0,,5.513,-9839000.0,354198000.0,354198000.0,41887000.0,44503000.0,1.762,1.388,347397000.0,0.0,347397000.0,347397000.0,459557000.0,16323000.0,0.0,0.0,0.0,55789000.0,72112000.0,0.265,72112000.0,55789000.0,54673000.0,0.28,0.27,0.28,888089000.0,,888089000.0,2404795319.0,26.0,15.632,-10225000.0,-0.063,1.0,230335000.0,0.846,549545000.0,1116000.0,1018667000.0,,0.0,432606000.0,174499000.0,258107000.0,1232409000.0,545485000.0,686924000.0,2428042319.0,-20924000.0,111000.0,10204000.0,0.0,0.0,10204000.0,-40498000.0,-31257000.0,-386000.0,9756000.0,44503000.0,44503000.0,44503000.0,0.0,0.0,0.163,177773000.0,52562000.0,32099000.0,0.0,2.734,34.567,34.182,111672000.0,0.0,15.04,2.593,2.575,170218000.0,-229879000.0,272222000.0,272222000.0,46519000.0,,,,,3745000.0,129478000.0,1.0,161438984.0,161094000,164762000.0,1.69,1570953000.0,359746000.0,10170000.0,0.0,9.752,415768000.0
29,MFE,MRQ,2003-09-30,2003-09-30,2003-09-30,2019-05-23,34475000.0,2005254000.0,,793905000.0,1211349000.0,,5.18,-9064000.0,375609000.0,375609000.0,37935000.0,10774000.0,1.057,1.414,352362000.0,0.0,352362000.0,352362000.0,397172000.0,15292000.0,0.0,0.0,0.0,14490000.0,29782000.0,0.131,29782000.0,14490000.0,13268000.0,0.07,0.07,0.07,830568000.0,,830568000.0,2029206354.0,76.0,22.349,57762000.0,0.36,1.0,189840000.0,0.833,568746000.0,1222000.0,662075000.0,,0.0,407858000.0,96826000.0,311032000.0,1174686000.0,751186000.0,423500000.0,2152484354.0,23407000.0,-1191000.0,27000.0,0.0,0.0,27000.0,-35072000.0,-25180000.0,66826000.0,-8374000.0,10774000.0,10774000.0,10774000.0,0.0,0.0,0.047,179747000.0,10093000.0,34815000.0,0.0,2.592,148.018,172.0,109695000.0,0.0,13.76,2.305,2.363,126246000.0,-274901000.0,227775000.0,227775000.0,46705000.0,,,,,5836000.0,129148000.0,1.0,156430549.0,160347000,164141000.0,1.421,1436508000.0,318002000.0,2494000.0,0.0,8.959,42719000.0
30,MFE,MRQ,2003-06-30,2003-06-30,2003-06-30,2019-05-23,33685000.0,1963042000.0,,755854000.0,1207188000.0,,5.078,-18024000.0,352565000.0,352565000.0,36143000.0,2491000.0,1.045,1.411,357625000.0,0.0,357625000.0,357625000.0,356665000.0,15237000.0,0.0,0.0,0.0,4937000.0,20174000.0,0.093,20174000.0,4937000.0,2903000.0,0.02,0.02,0.02,814245000.0,,814245000.0,1860261361.0,35.0,16.194,15620000.0,0.097,1.0,180882000.0,0.833,574101000.0,2034000.0,670652000.0,,0.0,382455000.0,74153000.0,308302000.0,1148797000.0,723349000.0,425448000.0,1983539361.0,-101676000.0,-215998000.0,649000.0,-234000.0,0.0,415000.0,-153168000.0,80854000.0,33644000.0,17433000.0,2491000.0,2491000.0,2491000.0,0.0,0.0,0.011,178969000.0,1913000.0,28479000.0,0.0,2.436,52.347,52.833,108360000.0,0.0,12.68,2.066,2.117,116025000.0,-284766000.0,217025000.0,217025000.0,45965000.0,,,,,959000.0,116825000.0,1.0,156430549.0,160341000,164608000.0,1.354,1388941000.0,333251000.0,412000.0,0.0,8.662,32505000.0
31,MFE,MRQ,2003-03-31,2003-03-31,2003-03-31,2019-05-23,25866000.0,1893470000.0,,899635000.0,993835000.0,,5.022,-23100000.0,454254000.0,454254000.0,33661000.0,12474000.0,1.301,1.363,356035000.0,232000.0,355803000.0,356035000.0,328626000.0,15978000.0,0.0,0.0,0.0,15789000.0,31767000.0,0.145,31767000.0,15789000.0,12618000.0,0.08,0.08,0.08,801265000.0,,801265000.0,2037027882.0,19.0,12.165,33120000.0,0.208,1.0,185653000.0,0.847,361137000.0,3171000.0,742778000.0,,0.0,462121000.0,122461000.0,339660000.0,1092205000.0,691336000.0,400869000.0,2160305882.0,-241382000.0,0.0,19830000.0,-177055000.0,0.0,-157225000.0,-145742000.0,-122278000.0,56220000.0,5365000.0,12474000.0,12474000.0,12474000.0,0.0,0.0,0.057,184011000.0,1642000.0,33164000.0,0.0,2.696,24.233,23.407,99542000.0,0.0,13.81,2.146,2.189,109214000.0,-288500000.0,219314000.0,219314000.0,46430000.0,,,,,1967000.0,117149000.0,1.0,156430549.0,159552000,165366000.0,1.375,1532333000.0,315679000.0,144000.0,0.0,9.604,208299000.0
32,MFE,MRQ,2002-12-31,2002-12-31,2002-12-31,2019-05-23,24158000.0,2045487000.0,,1194669000.0,850818000.0,,4.915,-18983000.0,695437000.0,695437000.0,40088000.0,-11197000.0,1.661,1.656,532273000.0,176260000.0,356013000.0,532273000.0,329195000.0,17729000.0,0.0,0.0,0.0,-8657000.0,9072000.0,0.034,9072000.0,-8657000.0,-11163000.0,-0.09,-0.05,-0.09,770168000.0,,770168000.0,2393689533.0,16.0,11.575,36479000.0,0.233,1.0,229437000.0,0.851,367485000.0,2506000.0,795587000.0,,0.0,339483000.0,133577000.0,205906000.0,1275319000.0,719251000.0,556068000.0,2516967533.0,40274000.0,-38144000.0,9152000.0,0.0,0.0,9152000.0,-31125000.0,14707000.0,55462000.0,6785000.0,-11197000.0,-11197000.0,-11197000.0,0.0,0.0,-0.042,235816000.0,-6379000.0,29948000.0,0.0,3.268,19.616,18.709,89277000.0,0.0,16.09,2.413,2.305,160159000.0,-300121000.0,269525000.0,269525000.0,42920000.0,,,,,61169000.0,127028000.0,1.0,156430549.0,156701000,182867000.0,1.72,1678002000.0,313560000.0,34000.0,0.0,10.708,475418000.0
33,MFE,MRQ,2002-09-30,2002-09-30,2002-09-30,2019-05-23,-25256000.0,1933063000.0,,1122744000.0,810319000.0,,4.685,-19131000.0,654181000.0,654181000.0,40297000.0,34124000.0,1.389,1.763,530903000.0,174203000.0,356700000.0,530903000.0,282471000.0,12846000.0,0.0,0.0,0.0,41018000.0,53864000.0,0.212,53864000.0,41018000.0,34028000.0,0.23,0.21,0.23,699611000.0,,699611000.0,1402592416.0,3.0,2.962,27864000.0,0.187,1.0,214133000.0,0.842,392131000.0,6990000.0,609236000.0,,0.0,344789000.0,180920000.0,163869000.0,1233452000.0,808418000.0,425034000.0,1570308416.0,-99457000.0,-74252000.0,4137000.0,-47375000.0,0.0,-43238000.0,-99587000.0,24775000.0,46995000.0,-3627000.0,34124000.0,34124000.0,34124000.0,0.0,0.0,0.134,187270000.0,26863000.0,22474000.0,0.0,2.245,4.93,4.704,79084000.0,0.0,10.63,1.217,1.23,114727000.0,-244739000.0,254430000.0,254430000.0,37824000.0,,,,,11709000.0,134208000.0,1.0,147724216.0,149344000,173914000.0,1.704,1540932000.0,278519000.0,-96000.0,39786000.0,10.318,314326000.0
34,MFE,MRQ,2002-06-30,2002-06-30,2002-06-30,2019-05-23,-24922000.0,1749758000.0,,1203976000.0,545782000.0,,3.787,-13922000.0,733409000.0,733409000.0,41572000.0,53746000.0,1.551,2.1,565693000.0,220273000.0,345420000.0,565693000.0,276643000.0,11211000.0,0.0,0.0,0.0,61537000.0,72748000.0,0.276,72748000.0,61537000.0,53638000.0,0.37,0.33,0.37,557512000.0,,557512000.0,2723249806.0,7.0,6.046,24662000.0,0.168,1.0,221869000.0,0.842,180949000.0,7899000.0,624713000.0,,0.0,369394000.0,194970000.0,174424000.0,1170822000.0,776380000.0,394442000.0,2829694806.0,44829000.0,0.0,8329000.0,-18800000.0,0.0,-10471000.0,13132000.0,27861000.0,38584000.0,3584000.0,53746000.0,53746000.0,53746000.0,0.0,0.0,0.204,166194000.0,55675000.0,18797000.0,0.0,5.076,10.358,9.882,70375000.0,0.0,19.27,2.278,2.284,101521000.0,-253829000.0,263441000.0,263441000.0,33452000.0,,,,,-3860000.0,131779000.0,1.0,146844567.0,147222000,173839000.0,1.789,1568809000.0,222023000.0,-108000.0,16933000.0,10.656,427596000.0
35,MFE,MRQ,2002-03-31,2002-03-31,2002-03-31,2019-05-23,-34044000.0,1699793000.0,,1117875000.0,581918000.0,,3.613,-7391000.0,688580000.0,688580000.0,42754000.0,51638000.0,1.476,2.218,582135000.0,236611000.0,345524000.0,582135000.0,259710000.0,11898000.0,0.0,0.0,0.0,59225000.0,71123000.0,0.278,71123000.0,59225000.0,51535000.0,0.36,0.1,0.36,521785000.0,,521785000.0,3370939172.0,12.0,9.13,46661000.0,0.323,1.0,212894000.0,0.833,182153000.0,7690000.0,653650000.0,,0.0,389622000.0,176584000.0,213038000.0,1157411000.0,757545000.0,399866000.0,3404921172.0,75748000.0,0.0,88293000.0,0.0,0.0,88293000.0,-66066000.0,-58675000.0,54052000.0,-531000.0,51638000.0,51638000.0,51638000.0,0.0,0.0,0.202,165025000.0,47869000.0,22590000.0,0.0,6.526,18.682,18.473,65872000.0,0.0,24.2,2.907,2.984,84433000.0,-275030000.0,255648000.0,255648000.0,34605000.0,,,,,-652000.0,126524000.0,1.0,140699222.0,144436000,154782000.0,1.77,1517640000.0,220542000.0,-103000.0,18050000.0,10.507,360330000.0
36,MFE,MRQ,2001-12-31,2001-12-31,2001-12-31,2019-05-23,16081000.0,1632757000.0,,1112281000.0,520476000.0,,2.446,-11397000.0,612832000.0,612832000.0,56806000.0,179044000.0,1.662,3.73,578850000.0,0.0,578850000.0,578850000.0,379491000.0,15434000.0,0.0,0.0,0.0,260312000.0,275746000.0,0.533,275746000.0,260312000.0,252208000.0,1.3,1.23,1.3,341493000.0,,341493000.0,3630302896.0,21.0,13.499,81099000.0,0.581,1.0,460500000.0,0.89,156236000.0,8104000.0,773294000.0,,0.0,330118000.0,135761000.0,194357000.0,1273753000.0,669245000.0,604508000.0,3579063896.0,-27423000.0,-916000.0,32503000.0,-111799000.0,0.0,-78982000.0,-48816000.0,-24253000.0,92496000.0,7879000.0,179044000.0,179044000.0,179044000.0,0.0,0.0,0.346,210351000.0,250149000.0,26367000.0,0.0,10.481,42.99,43.083,68454000.0,0.0,25.85,3.34,3.325,136346000.0,-428433000.0,517306000.0,517306000.0,37960000.0,,,,,26577000.0,150188000.0,1.0,138455083.0,139620000,164363000.0,3.705,1476521000.0,249954000.0,73164000.0,0.0,10.575,443036000.0
37,MFE,MRQ,2001-09-30,2001-09-30,2001-09-30,2019-05-23,-30352000.0,1639342000.0,,1002228000.0,637114000.0,,2.674,-6661000.0,640255000.0,640255000.0,42794000.0,-11251000.0,1.894,3.418,691494000.0,0.0,691494000.0,691494000.0,242386000.0,30851000.0,0.0,0.0,0.0,-60000.0,30791000.0,0.15,30791000.0,-60000.0,-7223000.0,-0.08,-0.08,-0.08,368412000.0,,368412000.0,1818193964.0,-9.0,-18.715,15798000.0,0.115,1.0,162851000.0,0.792,215455000.0,7163000.0,946028000.0,,0.0,316594000.0,67369000.0,249225000.0,1259081000.0,529098000.0,729983000.0,1770762964.0,281868000.0,0.0,9722000.0,273131000.0,0.0,283318000.0,-27965000.0,-21304000.0,22459000.0,4056000.0,-11251000.0,-11251000.0,-11251000.0,0.0,0.0,-0.055,171692000.0,-8841000.0,24906000.0,0.0,4.806,-7.888,-7.908,67944000.0,0.0,12.89,2.79,2.797,124316000.0,-273517000.0,205645000.0,205645000.0,33882000.0,,,,,820000.0,123403000.0,1.0,137374939.0,137750000,137750000.0,1.493,1423887000.0,240539000.0,4028000.0,5850000.0,10.337,473130000.0
38,MFE,MRQ,2001-06-30,2001-06-30,2001-06-30,2019-05-23,-30890000.0,1280793000.0,,662113000.0,618680000.0,,2.697,-4683000.0,358387000.0,358387000.0,39909000.0,-37179000.0,1.444,2.441,405818000.0,0.0,405818000.0,405818000.0,213425000.0,24722000.0,0.0,0.0,0.0,-33176000.0,-8454000.0,-0.044,-8454000.0,-33176000.0,-37911000.0,-0.27,-0.27,-0.27,369159000.0,,369159000.0,1803848246.0,-10.0,-18.374,19407000.0,0.142,1.0,152908000.0,0.793,210659000.0,4735000.0,659038000.0,,0.0,292185000.0,73281000.0,218904000.0,900978000.0,458527000.0,442451000.0,1701483246.0,60033000.0,-10655000.0,4160000.0,0.0,0.0,3929000.0,30195000.0,45533000.0,24090000.0,1819000.0,-37179000.0,-37179000.0,-37179000.0,0.0,0.0,-0.193,180868000.0,-27960000.0,21360000.0,0.0,4.609,-7.866,-7.93,71705000.0,0.0,12.45,2.614,2.618,86523000.0,-238627000.0,192817000.0,192817000.0,34886000.0,,,,,1207000.0,126873000.0,1.0,136665321.0,136879000,136879000.0,1.409,1070134000.0,222056000.0,-732000.0,6500000.0,7.818,203586000.0
39,MFE,MRQ,2001-03-31,2001-03-31,2001-03-31,2019-05-23,-39595000.0,1278729000.0,,589692000.0,689037000.0,,2.862,-8752000.0,298354000.0,298354000.0,36983000.0,-48063000.0,1.34,2.231,400719000.0,0.0,400719000.0,400719000.0,191322000.0,23962000.0,0.0,0.0,0.0,-53121000.0,-29159000.0,-0.187,-29159000.0,-53121000.0,-57801000.0,-0.35,-0.35,-0.35,392547000.0,,392547000.0,1196299525.0,-8.0,-20.34,-1808000.0,-0.013,1.0,118909000.0,0.763,220951000.0,4680000.0,720196000.0,,0.0,338180000.0,70894000.0,267286000.0,875606000.0,439947000.0,435659000.0,1135480525.0,22815000.0,0.0,-49118000.0,0.0,0.0,-49666000.0,67361000.0,76113000.0,6944000.0,-1824000.0,-47361000.0,-47361000.0,-47361000.0,0.0,-702000.0,-0.304,178774000.0,-59865000.0,33469000.0,0.0,2.893,-6.409,-6.445,75348000.0,0.0,8.25,1.675,1.669,80457000.0,-191371000.0,155892000.0,155892000.0,39973000.0,,,,,1656000.0,132225000.0,1.0,137634003.0,137140000,137140000.0,1.137,1057778000.0,222415000.0,-10440000.0,7161000.0,7.713,149745000.0
40,MFE,MRQ,2000-12-31,2000-12-31,2000-12-31,2019-05-23,6788000.0,1465623000.0,,827887000.0,637736000.0,,1.617,-16187000.0,275539000.0,275539000.0,49161000.0,-128711000.0,1.106,5.521,400496000.0,40000.0,400456000.0,400496000.0,531555000.0,17313000.0,6161000.0,0.0,0.0,-107641000.0,-90328000.0,-1.124,-90328000.0,-107641000.0,-125843000.0,-0.93,-0.93,-0.93,222923000.0,,222923000.0,637161388.0,-13.0,19.937,-75855000.0,-0.55,1.0,31209000.0,0.388,202161000.0,18202000.0,640123000.0,,0.0,418614000.0,195469000.0,223145000.0,1230707000.0,748296000.0,482411000.0,576342388.0,-69286000.0,-2000.0,876000.0,-13465000.0,0.0,-10078000.0,-29855000.0,-1166000.0,-59668000.0,30315000.0,-128711000.0,-128711000.0,-128711000.0,0.0,0.0,-1.601,154859000.0,-123650000.0,46817000.0,0.0,2.585,-5.336,-5.369,76253000.0,0.0,4.188,0.812,0.815,116172000.0,-457448000.0,80370000.0,80370000.0,34265000.0,,,,,-4916000.0,103378000.0,1.0,137634003.0,137856000,124926000.0,0.583,1263462000.0,297240000.0,2868000.0,0.0,9.165,79591000.0
41,MFE,MRQ,2000-09-30,2000-09-30,2000-09-30,2019-05-23,-2218000.0,1549748000.0,,766254000.0,783494000.0,,5.096,-7716000.0,331877000.0,331877000.0,40026000.0,-3071000.0,1.888,1.194,392696000.0,0.0,392696000.0,392696000.0,160633000.0,23263000.0,0.0,0.0,0.0,6506000.0,29769000.0,0.134,29769000.0,6506000.0,6506000.0,-0.02,-0.02,-0.02,700606000.0,,700606000.0,3181081927.0,35.0,19.515,-7281000.0,-0.053,1.0,181747000.0,0.82,271062000.0,0.0,933727000.0,,0.0,464006000.0,97449000.0,366557000.0,836742000.0,405778000.0,430964000.0,3116966927.0,7714000.0,0.0,8115000.0,0.0,0.0,-7309000.0,21066000.0,28782000.0,435000.0,-6478000.0,-3071000.0,-3071000.0,-3071000.0,0.0,0.0,-0.014,181627000.0,120000.0,38936000.0,0.0,4.449,86.147,80.804,66520000.0,0.0,22.625,3.784,3.776,184420000.0,40328000.0,221773000.0,221773000.0,45893000.0,,,,,12107000.0,119291000.0,1.0,137766494.0,137482000,137482000.0,1.613,1278686000.0,169685000.0,9577000.0,8620000.0,9.301,360476000.0
42,MFE,MRQ,2000-06-30,2000-06-30,2000-06-30,2019-05-23,-13842000.0,1561543000.0,,712723000.0,848820000.0,,4.936,-18984000.0,324163000.0,324163000.0,38902000.0,1964000.0,1.66,1.274,388278000.0,0.0,388278000.0,388278000.0,170953000.0,21438000.0,0.0,0.0,0.0,9464000.0,30902000.0,0.14,30902000.0,9464000.0,9464000.0,0.02,0.02,0.02,681502000.0,,681502000.0,2840410276.0,34.0,18.435,15025000.0,0.109,1.0,181139000.0,0.823,285751000.0,0.0,910459000.0,,0.0,476762000.0,86726000.0,390036000.0,867987000.0,429448000.0,438539000.0,2826037276.0,-45149000.0,22000.0,-35417000.0,0.0,0.0,-23813000.0,-45546000.0,-26584000.0,34009000.0,-9799000.0,1964000.0,1964000.0,1964000.0,0.0,0.0,0.009,177992000.0,3147000.0,35715000.0,0.0,4.147,72.44,67.917,61719000.0,0.0,20.375,3.545,3.529,176185000.0,53343000.0,220041000.0,220041000.0,42885000.0,,,,,1359000.0,120175000.0,1.0,138701216.0,138072000,142238000.0,1.594,1275792000.0,185578000.0,7500000.0,9272000.0,9.24,283275000.0
43,MFE,MRQ,2000-03-31,2000-03-31,2000-03-31,2019-05-23,-6292000.0,1545404000.0,,723408000.0,821996000.0,,5.022,-11144000.0,369312000.0,369312000.0,32013000.0,19468000.0,1.757,1.198,383685000.0,0.0,383685000.0,383685000.0,154733000.0,18813000.0,0.0,0.0,0.0,40467000.0,59280000.0,0.317,59280000.0,40467000.0,40467000.0,0.15,0.14,0.15,697493000.0,,697493000.0,4559204597.0,-39.0,-96.593,21654000.0,0.156,1.0,155175000.0,0.829,284370000.0,0.0,863619000.0,,0.0,461151000.0,69359000.0,391792000.0,835557000.0,411788000.0,423769000.0,4496618597.0,52528000.0,46716000.0,-27442000.0,-67000.0,0.0,-8849000.0,50648000.0,15076000.0,32798000.0,-22069000.0,19468000.0,19468000.0,19468000.0,0.0,0.0,0.104,162333000.0,-7158000.0,29150000.0,0.0,6.447,-28.327,-28.54,47777000.0,0.0,32.25,7.465,7.436,161115000.0,59580000.0,187188000.0,187188000.0,41175000.0,,,,,1566000.0,106728000.0,1.0,139430034.0,138877000,144372000.0,1.348,1261034000.0,178582000.0,20999000.0,10304000.0,9.08,311620000.0
44,MFE,MRQ,1999-12-31,1999-12-31,1999-12-31,2019-05-23,15766000.0,1510388000.0,,759181000.0,751207000.0,,2.523,3838000.0,329732000.0,329732000.0,40571000.0,17821000.0,1.093,3.218,395576000.0,13059000.0,382517000.0,395576000.0,446778000.0,9465000.0,62491000.0,0.0,0.0,33593000.0,43058000.0,0.221,43058000.0,33593000.0,16760000.0,0.13,0.13,0.13,355938000.0,,355938000.0,3846677496.0,-35.0,-97.599,151248000.0,1.072,1.0,154177000.0,0.792,231122000.0,16833000.0,650489000.0,,0.0,451183000.0,164763000.0,286420000.0,1145307000.0,694621000.0,450686000.0,3715330496.0,80306000.0,6000000.0,69423000.0,-77096000.0,0.0,-7673000.0,-61553000.0,-64873000.0,147410000.0,2122000.0,17821000.0,17821000.0,17821000.0,0.0,0.0,0.092,141499000.0,12678000.0,4768000.0,0.0,10.438,-24.449,-24.261,50840000.0,0.0,26.688,5.626,5.605,99079000.0,-303576000.0,194748000.0,194748000.0,42895000.0,,,,,5897000.0,68466000.0,1.0,139216131.0,141062000,141062000.0,1.381,1279266000.0,291489000.0,-1061000.0,0.0,9.069,64560000.0
45,MFE,MRQ,1999-09-30,1999-09-30,1999-09-30,2019-05-23,-8477000.0,1340952000.0,,603503000.0,737449000.0,,4.252,-3756000.0,249426000.0,249426000.0,33337000.0,-241000.0,1.839,1.268,380773000.0,411000.0,380362000.0,380773000.0,148816000.0,19759000.0,0.0,0.0,0.0,1081000.0,20840000.0,0.107,20840000.0,1081000.0,1081000.0,0.0,0.0,0.0,591165000.0,,591165000.0,2861493719.0,-5.0,-5.756,15541000.0,0.112,1.0,161864000.0,0.829,291117000.0,0.0,852933000.0,,0.0,402508000.0,50138000.0,352370000.0,749787000.0,328249000.0,421538000.0,2658140719.0,71189000.0,0.0,3331000.0,-2621000.0,0.0,5960000.0,43077000.0,40315000.0,19297000.0,2855000.0,-241000.0,-241000.0,-241000.0,0.0,0.0,-0.001,162692000.0,-828000.0,15485000.0,,4.496,-5.672,-5.512,47639000.0,0.0,19.125,15.146,15.151,190829000.0,25352000.0,195201000.0,195201000.0,38921000.0,,,,,6631000.0,113144000.0,1.0,138987750.0,139038000,139038000.0,1.404,1049835000.0,127288000.0,1322000.0,11484000.0,7.551,275254000.0
46,MFE,MRQ,1999-06-30,1999-06-30,1999-06-30,2019-05-23,-12229000.0,1338491000.0,,582307000.0,756184000.0,,4.134,-7699000.0,178237000.0,178237000.0,23554000.0,-195785000.0,1.699,1.338,381590000.0,3032000.0,378558000.0,381590000.0,145791000.0,20527000.0,0.0,0.0,0.0,-190905000.0,-170378000.0,-6.762,-170378000.0,-190905000.0,-190905000.0,-1.41,-1.41,-1.41,572442000.0,,572442000.0,2047643599.0,-4.0,-4.289,-156888000.0,-1.133,1.0,1642000.0,0.065,295635000.0,0.0,903377000.0,,0.0,441925000.0,77636000.0,364289000.0,766049000.0,342832000.0,423217000.0,2029768599.0,-182605000.0,0.0,4917000.0,0.0,0.0,4918000.0,-40676000.0,-32977000.0,-149189000.0,2342000.0,-195785000.0,-195785000.0,-195785000.0,0.0,0.0,-7.77,194445000.0,-192803000.0,28339000.0,0.0,3.546,-4.204,-4.103,56194000.0,0.0,14.688,9.113,9.131,199394000.0,25593000.0,25196000.0,25196000.0,35781000.0,,,,,8175000.0,144968000.0,1.0,138197011.0,138478000,138478000.0,0.182,1042856000.0,118718000.0,4880000.0,12144000.0,7.531,239475000.0
47,MFE,MRQ,1999-03-31,1999-03-31,1999-03-31,2019-05-23,-12449000.0,1581909000.0,,854055000.0,727854000.0,,5.455,-6323000.0,360842000.0,360842000.0,35243000.0,26241000.0,2.188,1.095,378717000.0,3032000.0,375685000.0,378717000.0,188938000.0,21265000.0,0.0,0.0,0.0,45802000.0,67067000.0,0.274,67067000.0,45802000.0,45802000.0,0.19,0.18,0.19,754918000.0,,754918000.0,4151818939.0,-11.0,-13.598,32373000.0,0.234,1.0,209949000.0,0.856,308323000.0,0.0,901197000.0,,0.0,411070000.0,84431000.0,326639000.0,826991000.0,390264000.0,436727000.0,4145587939.0,-58057000.0,0.0,16295000.0,-170000.0,0.0,16583000.0,-103608000.0,-97285000.0,38696000.0,-9728000.0,26241000.0,26241000.0,26241000.0,0.0,0.0,0.107,165721000.0,44228000.0,29304000.0,0.0,5.491,-12.733,-12.475,54687000.0,0.0,30.688,9.277,9.504,292518000.0,221381000.0,245192000.0,245192000.0,35131000.0,,,,,0.0,115451000.0,1.0,135090442.0,138395000,142607000.0,1.772,1273586000.0,104071000.0,19561000.0,13000000.0,9.203,463791000.0
48,MFE,MRQ,1998-12-31,1998-12-31,1998-12-31,2019-05-23,-1534000.0,1536721000.0,,903618000.0,633103000.0,,5.3,-1365000.0,418899000.0,418899000.0,22909000.0,-298827000.0,2.465,1.126,377334000.0,3202000.0,374132000.0,377334000.0,192598000.0,10297000.0,0.0,0.0,0.0,-424958000.0,-414661000.0,1.429,-414661000.0,-424958000.0,-439153000.0,-2.25,-2.25,-2.25,722838000.0,,722838000.0,8955972783.0,-24.0,-29.076,-3788000.0,-0.028,1.0,-312996000.0,1.079,323952000.0,14195000.0,804642000.0,,0.0,314972000.0,98515000.0,216457000.0,813883000.0,366562000.0,447321000.0,8949741783.0,55060000.0,-13835000.0,56713000.0,71467000.0,0.0,108334000.0,-51032000.0,-35832000.0,-2423000.0,4008000.0,-298827000.0,-298827000.0,-298827000.0,0.0,0.0,1.03,128826000.0,-441822000.0,20881000.0,0.0,12.381,-28.049,-27.604,54489000.0,0.0,66.25,20.922,20.61,260784000.0,195139000.0,-290087000.0,-290087000.0,33258000.0,,,,,44168000.0,96163000.0,1.0,135090442.0,136381000,136381000.0,-2.127,1212769000.0,104071000.0,-140326000.0,13000000.0,8.893,537056000.0
49,MFE,MRQ,1998-09-30,1998-09-30,1998-09-30,2019-05-23,0.0,1409421000.0,,780636000.0,628785000.0,,4.423,-4134000.0,363839000.0,363839000.0,44556000.0,-14444000.0,2.066,1.386,366960000.0,3540000.0,363420000.0,366960000.0,182450000.0,28341000.0,0.0,0.0,0.0,12266000.0,40607000.0,0.167,40607000.0,12266000.0,12266000.0,-0.11,-0.11,-0.11,590596000.0,,590596000.0,4397009133.0,1454.0,64.207,24253000.0,0.182,1.0,197888000.0,0.816,330229000.0,0.0,704533000.0,,0.0,279902000.0,133098000.0,146804000.0,818825000.0,377780000.0,441045000.0,4138414133.0,223568000.0,-119958000.0,19646000.0,-230000.0,0.0,24572000.0,170609000.0,294701000.0,28387000.0,869000.0,-14444000.0,-14444000.0,-14444000.0,0.0,0.0,-0.06,189721000.0,8167000.0,34333000.0,0.0,7.007,-51.364,-56.349,58281000.0,0.0,35.5,4.518,5.175,226362000.0,138386000.0,242444000.0,242444000.0,33077000.0,,,,,0.0,82029000.0,1.0,116575046.0,133531000,133531000.0,1.816,1079192000.0,93471000.0,26710000.0,62673000.0,8.082,402856000.0
50,MFE,MRQ,1998-06-30,1998-06-30,1998-06-30,2019-05-23,0.0,1207654000.0,,779397000.0,428257000.0,,4.151,-14855000.0,101634000.0,101634000.0,49873000.0,-38547000.0,3.015,1.212,360229000.0,3769000.0,356460000.0,360229000.0,112315000.0,16002000.0,0.0,0.0,0.0,-14348000.0,1654000.0,0.007,1654000.0,-14348000.0,-14348000.0,-0.29,-0.29,-0.29,545893000.0,,545893000.0,5656507390.0,135.0,61.523,-48699000.0,-0.37,1.0,199444000.0,0.8,186305000.0,0.0,1021460000.0,,0.0,574232000.0,451794000.0,122438000.0,661761000.0,258484000.0,403277000.0,5492827390.0,-84094000.0,-109717000.0,33462000.0,0.0,0.0,29098000.0,-80490000.0,44082000.0,-33844000.0,-3554000.0,-38547000.0,-38547000.0,-38547000.0,0.0,0.0,-0.155,217943000.0,-18499000.0,34084000.0,0.0,10.062,-147.083,-165.086,49238000.0,0.0,47.875,6.373,7.304,175712000.0,211128000.0,249317000.0,249317000.0,36883000.0,,,,,0.0,97758000.0,1.0,114732687.0,131503000,131503000.0,1.896,1021349000.0,70276000.0,24199000.0,47657000.0,7.767,520913000.0
51,MFE,MRQ,1998-03-31,1998-03-31,1998-03-31,2019-05-23,0.0,1099748000.0,,832596000.0,267152000.0,,3.914,-14464000.0,190983000.0,190983000.0,43266000.0,32744000.0,3.813,1.147,354663000.0,0.0,354663000.0,354663000.0,91932000.0,9360000.0,0.0,0.0,0.0,55024000.0,64384000.0,0.285,64384000.0,55024000.0,55024000.0,0.25,0.24,0.25,512240000.0,,512240000.0,4508764848.0,44.0,31.568,26539000.0,0.203,1.0,182827000.0,0.809,62277000.0,0.0,982818000.0,,0.0,591475000.0,436474000.0,155001000.0,587508000.0,218333000.0,369175000.0,4632258848.0,67334000.0,0.0,41192000.0,337668000.0,0.0,399858000.0,-372385000.0,-357921000.0,41003000.0,-1142000.0,32744000.0,32744000.0,32744000.0,0.0,0.0,0.145,133499000.0,49328000.0,22682000.0,0.0,9.043,162.461,176.667,37241000.0,0.0,44.167,6.033,7.529,132633000.0,257769000.0,226093000.0,226093000.0,32257000.0,,,,,0.0,95596000.0,1.0,104881325.0,130885000,136296000.0,1.727,1037471000.0,12633000.0,22280000.0,0.0,7.927,614263000.0
52,MFE,MRQ,1997-12-31,1997-12-31,1997-12-31,2019-05-23,1778000.0,805350000.0,,537779000.0,267571000.0,,3.84,2063000.0,157031000.0,157031000.0,44689000.0,-60324000.0,1.855,0.635,2663000.0,310000.0,2353000.0,2663000.0,127422000.0,11754000.0,0.0,0.0,0.0,-49917000.0,-38163000.0,-0.193,-38163000.0,-49917000.0,-50004000.0,-0.48,-0.46,-0.48,492501000.0,,492501000.0,,,,4584000.0,0.036,1.0,153437000.0,0.774,93886000.0,87000.0,267128000.0,,0.0,260764000.0,151580000.0,109184000.0,312849000.0,289968000.0,22881000.0,3697066689.0,-62907000.0,-25445000.0,45110000.0,-998000.0,0.0,-24945000.0,-39692000.0,-16858000.0,2521000.0,542000.0,-60324000.0,-60324000.0,-60324000.0,0.0,0.0,-0.304,208163000.0,-54726000.0,26444000.0,0.0,7.507,347.501,440.625,48328000.0,0.0,35.25,5.025,6.069,156197000.0,158701000.0,198126000.0,198126000.0,29019000.0,,,,,39941000.0,89185000.0,1.0,104881325.0,128264000,133629000.0,1.545,711464000.0,46262000.0,10320000.0,2135000.0,5.547,247811000.0
53,MFE,MRQ,1997-09-30,1997-09-30,1997-09-30,2019-05-23,,,,,,,,-11594000.0,,,34012000.0,28782000.0,,,,,,,,13064000.0,,0.0,0.0,51003000.0,64067000.0,0.34,64067000.0,51003000.0,51003000.0,0.23,0.22,0.23,,,,,,,53896000.0,0.424,1.0,154395000.0,0.819,,0.0,,,,,,,,,,,29521000.0,-25079000.0,-11647000.0,913000.0,0.0,8515000.0,-44484000.0,-6889000.0,65490000.0,-799000.0,28782000.0,28782000.0,28782000.0,0.0,0.0,0.153,109873000.0,44522000.0,,0.0,,,,,0.0,35.333,,,,,188407000.0,188407000.0,26534000.0,,,,,0.0,75330000.0,1.0,,127100000,132436000.0,1.482,,,22221000.0,,,
54,MFE,MRQ,1997-06-30,1997-06-30,1997-06-30,2019-05-23,,,,,,,,-11883000.0,,,26009000.0,27311000.0,,,,,,,,7048000.0,,0.0,0.0,45489000.0,52537000.0,0.339,52537000.0,45489000.0,45489000.0,0.25,0.23,0.25,,,,,,,12113000.0,0.11,1.0,129174000.0,0.832,,0.0,,,,,,,,,,,-46000.0,-22709000.0,-11713000.0,-40000.0,0.0,9641000.0,-33683000.0,900000.0,23996000.0,-284000.0,27311000.0,27311000.0,27311000.0,0.0,0.0,0.176,88751000.0,40423000.0,,0.0,,,,,0.0,42.083,,,,,155183000.0,155183000.0,23545000.0,,,,,0.0,63743000.0,1.0,,110562000,116382000.0,1.404,,,18178000.0,,,
55,MFE,MRQ,1997-03-31,1997-03-31,1997-03-31,2019-05-23,,,,,,,,-9740000.0,,,25928000.0,12359000.0,,,,,,,,5854000.0,,0.0,0.0,30412000.0,36266000.0,0.253,36266000.0,30412000.0,30412000.0,0.12,0.11,0.12,,,,,,,30238000.0,0.296,1.0,117543000.0,0.819,,0.0,,,,,,,,,,,24678000.0,0.0,-16378000.0,0.0,0.0,12036000.0,-27336000.0,-17587000.0,39978000.0,-250000.0,12359000.0,12359000.0,12359000.0,0.0,0.0,0.086,90038000.0,27505000.0,,0.0,,,,,0.0,29.5,,,,,143471000.0,143471000.0,18125000.0,,,,,0.0,51055000.0,1.0,,102032000,109481000.0,1.406,,,18053000.0,,,
56,MFE,MRQ,1996-12-31,1996-12-31,1996-12-31,2019-05-23,0.0,474892000.0,,374219000.0,100673000.0,,2.948,,127516000.0,127516000.0,,,2.964,0.393,0.0,0.0,0.0,0.0,59500000.0,,0.0,0.0,0.0,,,,,,,,,,340899000.0,,340899000.0,,,,,,1.0,,,13108000.0,,208016000.0,,0.0,180787000.0,134304000.0,46483000.0,133993000.0,126252000.0,7741000.0,,,,,,,,,,,,,,,,,,,,34641000.0,,,,325.926,28861000.0,,29.333,,6.586,80765000.0,199058000.0,,,,,,,,,,1.0,,115626000,,,461784000.0,12221000.0,,0.0,3.994,247967000.0
0,MFE,MRT,2010-12-31,2010-12-31,2010-12-31,2019-05-23,-7922000.0,4232352000.0,3944585750.0,2074567000.0,2157785000.0,0.523,14.355,-86905000.0,738419000.0,738419000.0,557548000.0,184112000.0,1.328,0.903,0.0,0.0,0.0,0.0,1536266000.0,171357000.0,0.0,0.0,0.0,229640000.0,400997000.0,0.194,400997000.0,229640000.0,229640000.0,1.19,1.17,1.19,2224097000.0,2065352750.0,2224097000.0,6277927730.0,27.0,15.656,507735000.0,3.277,1.0,1507259000.0,0.73,1496761000.0,0.0,435051000.0,230070750.0,0.0,445110000.0,360099000.0,85011000.0,2008255000.0,1562121000.0,446134000.0,7138398730.0,61282000.0,-51869000.0,-203085000.0,0.0,0.0,-215640000.0,-298754000.0,-170383000.0,594640000.0,-18964000.0,184112000.0,184112000.0,184112000.0,0.0,0.0,0.089,1277837000.0,229422000.0,71349000.0,0.0,3.21,38.772,38.916,167194000.0,0.0,46.31,3.457,3.475,348254000.0,896275000.0,2064807000.0,2064807000.0,346083000.0,0.047,0.089,0.998,0.111,105023000.0,860328000.0,1.0,154143786.0,154936000,157385000.0,13.327,2735591000.0,609769000.0,45528000.0,0.0,17.656,512446000.0
1,MFE,MRT,2010-09-30,2010-09-30,2010-09-30,2019-05-23,-11288000.0,3999209000.0,3877294250.0,1865471000.0,2133738000.0,0.526,13.654,-70615000.0,860471000.0,860471000.0,536798000.0,178062000.0,1.237,0.917,0.0,0.0,0.0,0.0,1442472000.0,174908000.0,0.0,0.0,0.0,242069000.0,416977000.0,0.204,416977000.0,242069000.0,242069000.0,1.15,1.12,1.15,2086208000.0,2038713000.0,2086208000.0,6500813644.0,27.0,15.59,505452000.0,3.308,1.0,1504111000.0,0.737,1513953000.0,0.0,116455000.0,189509750.0,0.0,168534000.0,152798000.0,15736000.0,1913001000.0,1508330000.0,404671000.0,7180357644.0,221098000.0,-42489000.0,-225259000.0,-100000000.0,0.0,-337062000.0,-642000.0,99738000.0,576067000.0,-17265000.0,178062000.0,178062000.0,178062000.0,0.0,0.0,0.087,1261261000.0,242850000.0,60931000.0,0.0,3.442,40.325,41.096,145735000.0,0.0,47.26,3.518,3.538,280451000.0,835703000.0,2040909000.0,2040909000.0,337440000.0,0.046,0.087,1.277,0.119,104153000.0,861922000.0,1.0,151933086.0,152788000,154988000.0,13.358,2485256000.0,593111000.0,64007000.0,0.0,16.266,357141000.0
2,MFE,MRT,2010-06-30,2010-06-30,2010-06-30,2019-05-23,-26615000.0,3738375000.0,3854627750.0,1586834000.0,2151541000.0,0.52,12.52,-73381000.0,679544000.0,679544000.0,521485000.0,168291000.0,1.123,0.933,0.0,0.0,0.0,0.0,1366458000.0,175155000.0,0.0,0.0,0.0,222402000.0,397557000.0,0.198,397557000.0,222402000.0,222402000.0,1.08,1.05,1.08,1933800000.0,2021828500.0,1933800000.0,4161532060.0,19.0,10.468,515318000.0,3.336,1.0,1481436000.0,0.74,1518059000.0,0.0,127623000.0,221947500.0,0.0,124778000.0,108849000.0,15929000.0,1804575000.0,1413149000.0,391426000.0,4792878060.0,32858000.0,-170391000.0,-266268000.0,-100000000.0,0.0,-387845000.0,-121945000.0,117992000.0,588699000.0,-46051000.0,168291000.0,168291000.0,168291000.0,0.0,0.0,0.084,1260131000.0,221305000.0,44121000.0,0.0,2.478,28.48,28.444,129768000.0,0.0,30.72,2.393,2.369,244333000.0,789143000.0,2002921000.0,2002921000.0,332736000.0,0.044,0.083,1.002,0.111,103791000.0,862134000.0,1.0,156018166.0,154456000,156151000.0,12.968,2220316000.0,606886000.0,54111000.0,0.0,14.375,173685000.0
3,MFE,MRT,2010-03-31,2010-03-31,2010-03-31,2019-05-23,-13626000.0,3808407000.0,3847763750.0,1645383000.0,2163024000.0,0.515,12.789,-66995000.0,631346000.0,631346000.0,505906000.0,157540000.0,1.176,0.888,0.0,0.0,0.0,0.0,1378504000.0,173384000.0,0.0,0.0,0.0,222269000.0,395653000.0,0.2,395653000.0,222269000.0,222269000.0,1.0,0.98,1.0,2017306000.0,2022940750.0,2017306000.0,5691248083.0,26.0,14.384,440674000.0,2.794,1.0,1476462000.0,0.745,1536653000.0,0.0,241154000.0,263897750.0,0.0,270181000.0,221225000.0,48956000.0,1791101000.0,1399254000.0,391847000.0,6368385083.0,45549000.0,-169163000.0,-86733000.0,-100000000.0,0.0,-191333000.0,-280251000.0,-48096000.0,507669000.0,9464000.0,157540000.0,157540000.0,157540000.0,0.0,0.0,0.079,1254371000.0,222091000.0,48307000.0,0.0,3.157,40.424,40.13,129284000.0,0.0,40.13,3.213,3.193,230657000.0,749739000.0,1982368000.0,1982368000.0,329588000.0,0.041,0.078,0.842,0.112,98491000.0,861894000.0,1.0,158693872.0,157738000,160567000.0,12.567,2271754000.0,602223000.0,64729000.0,0.0,14.402,246129000.0
4,MFE,MRT,2009-12-31,2009-12-31,2009-12-31,2019-05-23,-3291000.0,3963186000.0,3788981000.0,1763317000.0,2199869000.0,0.509,13.561,-60535000.0,677137000.0,677137000.0,486387000.0,173420000.0,1.228,0.872,0.0,0.0,0.0,0.0,1407473000.0,172280000.0,0.0,0.0,0.0,224223000.0,396503000.0,0.206,396503000.0,224223000.0,224223000.0,1.11,1.09,1.11,2117538000.0,1973301500.0,2117538000.0,5859644008.0,26.0,14.778,435849000.0,2.791,1.0,1440945000.0,0.748,1577157000.0,0.0,272807000.0,261495500.0,0.0,273031000.0,215894000.0,57137000.0,1845648000.0,1436085000.0,409563000.0,6399017008.0,193835000.0,-171618000.0,64848000.0,0.0,0.0,70114000.0,-387832000.0,-158171000.0,496384000.0,15169000.0,173420000.0,173420000.0,173420000.0,0.0,0.0,0.09,1218638000.0,222307000.0,55104000.0,0.0,3.022,36.899,36.55,133016000.0,0.0,40.57,3.32,3.287,294315000.0,712163000.0,1927332000.0,1927332000.0,324368000.0,0.046,0.088,0.857,0.116,92821000.0,839722000.0,1.0,157727804.0,156144000,158988000.0,12.343,2386029000.0,604737000.0,50803000.0,0.0,15.281,327232000.0
5,MFE,MRT,2009-09-30,2009-09-30,2009-09-30,2019-05-23,-3492000.0,3908543000.0,3662654750.0,1763099000.0,2145444000.0,0.498,12.843,-58403000.0,639373000.0,639373000.0,460398000.0,164304000.0,1.166,0.936,100000000.0,100000000.0,0.0,100000000.0,1333763000.0,164004000.0,0.0,0.0,0.0,187373000.0,351377000.0,0.192,351377000.0,187373000.0,187373000.0,1.05,1.04,1.05,2018670000.0,1882039000.0,2018670000.0,6337095432.0,34.0,18.035,362660000.0,2.307,1.0,1365255000.0,0.748,1610883000.0,0.0,246206000.0,233426750.0,0.0,266490000.0,244082000.0,22408000.0,1889873000.0,1512081000.0,377792000.0,6883781432.0,28552000.0,-619029000.0,60474000.0,100000000.0,0.0,162509000.0,-551222000.0,128088000.0,421063000.0,-3798000.0,164304000.0,164304000.0,164304000.0,0.0,0.0,0.09,1182540000.0,182715000.0,46339000.0,0.0,3.41,41.897,41.705,128289000.0,0.0,43.79,3.771,3.77,231764000.0,657641000.0,1825653000.0,1825653000.0,307326000.0,0.045,0.087,0.803,0.103,90636000.0,806487000.0,1.0,157199850.0,157186000,159925000.0,11.615,2297660000.0,604359000.0,23069000.0,19569000.0,14.617,251018000.0
6,MFE,MRT,2009-06-30,2009-06-30,2009-06-30,2019-05-23,-11173000.0,3710919000.0,3475505250.0,1707996000.0,2002923000.0,0.504,12.444,-51225000.0,646686000.0,646686000.0,432137000.0,176323000.0,1.217,0.915,100000000.0,100000000.0,0.0,100000000.0,1307573000.0,149765000.0,0.0,0.0,0.0,197711000.0,347476000.0,0.199,347476000.0,197711000.0,197711000.0,1.14,1.12,1.14,1938249000.0,1799021500.0,1938249000.0,6069379069.0,31.0,17.467,305502000.0,1.961,1.0,1317924000.0,0.753,1464864000.0,0.0,295424000.0,269676500.0,0.0,239393000.0,216362000.0,23031000.0,1772670000.0,1403945000.0,368725000.0,6555176069.0,44060000.0,-529304000.0,-56195000.0,100000000.0,0.0,54424000.0,-300084000.0,282314000.0,356727000.0,-67007000.0,176323000.0,176323000.0,176323000.0,0.0,0.0,0.101,1128351000.0,189573000.0,68520000.0,0.0,3.382,37.177,37.009,121165000.0,0.0,42.19,3.746,3.755,265986000.0,620852000.0,1750061000.0,1750061000.0,289556000.0,0.051,0.098,0.733,0.113,80713000.0,774097000.0,1.0,155372744.0,155763000,158336000.0,11.235,2246055000.0,611574000.0,21388000.0,15677000.0,14.42,304051000.0
7,MFE,MRT,2009-03-31,2009-03-31,2009-03-31,2019-05-23,-25984000.0,3573276000.0,3375392000.0,1574002000.0,1999274000.0,0.497,11.831,-49283000.0,585797000.0,585797000.0,406648000.0,195496000.0,1.121,0.965,100000000.0,100000000.0,0.0,100000000.0,1269352000.0,137314000.0,0.0,0.0,0.0,207499000.0,344813000.0,0.205,344813000.0,207499000.0,207499000.0,1.26,1.24,1.26,1818749000.0,1747728500.0,1818749000.0,4679048000.0,23.0,13.57,333641000.0,2.17,1.0,1271485000.0,0.758,1451224000.0,0.0,231545000.0,307901250.0,0.0,215683000.0,166676000.0,49007000.0,1754527000.0,1404710000.0,349817000.0,5162350000.0,131485000.0,-498062000.0,-321850000.0,100000000.0,0.0,-212490000.0,57932000.0,607301000.0,382924000.0,-96881000.0,195496000.0,195496000.0,195496000.0,0.0,0.0,0.116,1083391000.0,188094000.0,52958000.0,0.0,2.838,26.406,26.587,112356000.0,0.0,33.5,3.076,3.069,240411000.0,589740000.0,1678133000.0,1678133000.0,272299000.0,0.058,0.112,0.674,0.124,76626000.0,757230000.0,1.0,154100000.0,153721000,156169000.0,10.917,2122052000.0,606852000.0,12003000.0,10329000.0,13.805,169292000.0
8,MFE,MRT,2008-12-31,2008-12-31,2008-12-31,2019-05-23,-18992000.0,3457881000.0,3340869000.0,1404788000.0,2053093000.0,0.479,11.219,-48747000.0,483302000.0,483302000.0,383528000.0,172209000.0,1.057,0.973,0.0,0.0,0.0,0.0,1293110000.0,123894000.0,0.0,0.0,0.0,222206000.0,346100000.0,0.216,346100000.0,222206000.0,222206000.0,1.1,1.08,1.1,1752488000.0,1771731750.0,1752488000.0,4666008792.0,21.0,13.482,259575000.0,1.662,1.0,1216537000.0,0.76,1485419000.0,0.0,160532000.0,440058250.0,0.0,110423000.0,27449000.0,82974000.0,1705393000.0,1328628000.0,376765000.0,5276829792.0,89144000.0,-550648000.0,-386601000.0,0.0,0.0,-371962000.0,200226000.0,801657000.0,308322000.0,-47442000.0,172209000.0,172209000.0,172209000.0,0.0,0.0,0.108,1026966000.0,189571000.0,41529000.0,0.0,3.011,30.642,31.427,114435000.0,0.0,34.57,3.298,3.375,322986000.0,536284000.0,1600065000.0,1600065000.0,252020000.0,0.052,0.097,0.505,0.139,58969000.0,730728000.0,1.0,152641880.0,156205000,159406000.0,10.243,1972462000.0,614807000.0,49997000.0,0.0,12.627,76160000.0
9,MFE,MRT,2008-09-30,2008-09-30,2008-09-30,2019-05-23,4060000.0,3159945000.0,3323029750.0,1463309000.0,1696636000.0,0.461,11.071,-42609000.0,610821000.0,610821000.0,364620000.0,138988000.0,1.263,0.874,0.0,0.0,0.0,0.0,1056749000.0,110861000.0,0.0,0.0,0.0,236805000.0,347666000.0,0.227,347666000.0,236805000.0,236805000.0,0.88,0.87,0.88,1686600000.0,1809941000.0,1686600000.0,4535131358.0,19.0,13.045,287607000.0,1.888,1.0,1167984000.0,0.762,999165000.0,0.0,391205000.0,617957500.0,0.0,392213000.0,169324000.0,222889000.0,1473345000.0,1158754000.0,314591000.0,5137757358.0,110482000.0,-436614000.0,-388471000.0,0.0,0.0,-371093000.0,163855000.0,643090000.0,330216000.0,-12496000.0,138988000.0,138988000.0,138988000.0,0.0,0.0,0.091,977975000.0,190009000.0,52803000.0,0.0,3.046,36.965,38.591,99539000.0,0.0,33.96,3.352,3.376,209103000.0,490878000.0,1532604000.0,1532604000.0,239204000.0,0.042,0.077,0.383,0.155,49180000.0,736849000.0,1.0,151288497.0,152347000,155006000.0,10.06,2160780000.0,575404000.0,97817000.0,42656000.0,14.183,304555000.0
10,MFE,MRT,2008-06-30,2008-06-30,2008-06-30,2019-05-23,40868000.0,3310466000.0,3331481250.0,1537573000.0,1772893000.0,0.434,10.916,-35719000.0,602626000.0,602626000.0,343976000.0,153581000.0,1.232,0.91,0.0,0.0,0.0,0.0,1085838000.0,100993000.0,0.0,0.0,0.0,249354000.0,350347000.0,0.242,350347000.0,249354000.0,249354000.0,0.96,0.95,0.96,1733077000.0,1857130000.0,1733077000.0,5024434116.0,20.0,14.341,321597000.0,2.026,1.0,1100935000.0,0.762,1011709000.0,0.0,448323000.0,778408750.0,0.0,528701000.0,233298000.0,295403000.0,1577389000.0,1247808000.0,329581000.0,5478746116.0,60042000.0,-388418000.0,-286059000.0,0.0,0.0,-272515000.0,-78961000.0,345192000.0,357316000.0,54202000.0,153581000.0,153581000.0,153581000.0,0.0,0.0,0.106,913649000.0,187286000.0,38946000.0,0.0,3.161,35.673,35.448,97721000.0,0.0,34.03,3.792,3.739,201692000.0,442070000.0,1444911000.0,1444911000.0,229125000.0,0.046,0.083,0.32,0.173,43424000.0,676826000.0,1.0,160997535.0,158770000,161553000.0,9.101,2298757000.0,565783000.0,95773000.0,89617000.0,14.479,289765000.0
11,MFE,MRT,2008-03-31,2008-03-31,2008-03-31,2019-05-23,50096000.0,3435184000.0,3273617500.0,1471528000.0,1963656000.0,0.416,11.894,-33911000.0,454312000.0,454312000.0,325627000.0,153799000.0,1.238,0.794,0.0,0.0,0.0,0.0,1080744000.0,92638000.0,0.0,0.0,0.0,242104000.0,334742000.0,0.246,334742000.0,242104000.0,242104000.0,0.96,0.94,0.96,1914762000.0,1874211000.0,1914762000.0,4976349000.0,21.0,14.866,329097000.0,2.044,1.0,1037356000.0,0.761,1031659000.0,0.0,760173000.0,887245500.0,0.0,838772000.0,349942000.0,488830000.0,1520422000.0,1189040000.0,331382000.0,5370507000.0,-22567000.0,-388418000.0,-63705000.0,0.0,0.0,-53105000.0,-396176000.0,35438000.0,363008000.0,63706000.0,153799000.0,153799000.0,153799000.0,0.0,0.0,0.113,865716000.0,171640000.0,40876000.0,0.0,2.805,34.919,34.469,93826000.0,0.0,33.09,3.94,3.909,195113000.0,394244000.0,1362983000.0,1362983000.0,221946000.0,0.047,0.082,0.273,0.178,36482000.0,626867000.0,1.0,162300000.0,160992000,164867000.0,8.466,2403525000.0,549391000.0,88305000.0,72806000.0,14.929,282488000.0
12,MFE,MRT,2007-12-31,2007-12-31,2007-12-31,2019-05-23,32498000.0,3386524000.0,3163568500.0,1380167000.0,2006357000.0,0.414,11.922,-33568000.0,394158000.0,394158000.0,305744000.0,166980000.0,1.2,0.777,0.0,0.0,0.0,0.0,1044513000.0,84427000.0,0.0,0.0,0.0,229204000.0,313631000.0,0.24,313631000.0,229204000.0,229204000.0,1.04,1.02,1.04,1905325000.0,1830570250.0,1905325000.0,5495675063.0,24.0,17.523,359847000.0,2.252,1.0,1002476000.0,0.766,970215000.0,0.0,872129000.0,917309750.0,0.0,924644000.0,338770000.0,585874000.0,1481199000.0,1150022000.0,331177000.0,5996573063.0,4531000.0,-333377000.0,9597000.0,0.0,0.0,10689000.0,-436770000.0,-65009000.0,393415000.0,37197000.0,166980000.0,166980000.0,166980000.0,0.0,0.0,0.128,842663000.0,159813000.0,45858000.0,0.0,3.147,35.912,36.058,94670000.0,0.0,37.5,4.584,4.581,232056000.0,364075000.0,1308220000.0,1308220000.0,217934000.0,0.053,0.091,0.25,0.175,55040000.0,602377000.0,1.0,159908615.0,159819000,164126000.0,8.186,2416309000.0,577530000.0,62224000.0,51974000.0,15.119,230145000.0
13,MFE,MRT,2007-09-30,2007-09-30,2007-09-30,2019-05-23,35579000.0,3193751000.0,3017005000.0,1425825000.0,1767926000.0,0.417,11.735,-38748000.0,500898000.0,500898000.0,288339000.0,187671000.0,1.378,0.703,0.0,0.0,0.0,0.0,954924000.0,79441000.0,0.0,0.0,0.0,225617000.0,305058000.0,0.243,305058000.0,225617000.0,225617000.0,1.17,1.15,1.17,1875356000.0,1711051250.0,1875356000.0,5130889352.0,23.0,16.819,349145000.0,2.185,1.0,968596000.0,0.771,625474000.0,0.0,1033010000.0,883330750.0,0.0,1043539000.0,370280000.0,673259000.0,1318395000.0,1034369000.0,284026000.0,5562613352.0,118377000.0,-80218000.0,-195000.0,0.0,0.0,-34000.0,-306277000.0,-182600000.0,387893000.0,36795000.0,187671000.0,187671000.0,187671000.0,0.0,0.0,0.149,808190000.0,160406000.0,37371000.0,0.0,2.966,29.64,29.803,91849000.0,0.0,34.87,4.426,4.433,156570000.0,351890000.0,1256935000.0,1256935000.0,212852000.0,0.062,0.11,0.255,0.179,57764000.0,566450000.0,1.0,159524329.0,159808000,164513000.0,7.865,2568277000.0,582201000.0,37946000.0,53462000.0,16.071,391456000.0
14,MFE,MRT,2007-06-30,2007-06-30,2007-06-30,2019-05-23,35744000.0,3079011000.0,2881788000.0,1354108000.0,1724903000.0,0.424,11.273,-40633000.0,543141000.0,543141000.0,274627000.0,158360000.0,1.331,0.709,0.0,0.0,0.0,0.0,907790000.0,77710000.0,0.0,0.0,0.0,210022000.0,287732000.0,0.235,287732000.0,210022000.0,210022000.0,0.98,0.97,0.98,1801401000.0,1586384250.0,1801401000.0,5183532381.0,25.0,18.015,311959000.0,1.952,1.0,947385000.0,0.775,635108000.0,0.0,883670000.0,815671750.0,0.0,871239000.0,265959000.0,605280000.0,1277610000.0,1017092000.0,260518000.0,5615256381.0,168675000.0,-80220000.0,1683000.0,0.0,0.0,2263000.0,-208531000.0,-82968000.0,352592000.0,22351000.0,158360000.0,158360000.0,158360000.0,0.0,0.0,0.13,796829000.0,150556000.0,37876000.0,0.0,3.117,35.459,35.918,96411000.0,0.0,35.2,4.595,4.603,162004000.0,288489000.0,1222012000.0,1222012000.0,209094000.0,0.055,0.1,0.257,0.172,58820000.0,563636000.0,1.0,159524329.0,159800000,163814000.0,7.647,2443903000.0,587549000.0,51662000.0,63989000.0,15.294,337016000.0
15,MFE,MRT,2007-03-31,2007-03-31,2007-03-31,2019-05-23,32377000.0,2994988000.0,2755045250.0,1310109000.0,1684879000.0,0.43,10.89,-43710000.0,477477000.0,477477000.0,262747000.0,136514000.0,1.321,0.721,0.0,0.0,0.0,0.0,895846000.0,74897000.0,0.0,0.0,0.0,175309000.0,250206000.0,0.211,250206000.0,175309000.0,175309000.0,0.84,0.84,0.84,1740199000.0,1467124750.0,1740199000.0,4207243487.0,24.0,16.815,300114000.0,1.878,1.0,922041000.0,0.778,645596000.0,0.0,880430000.0,776749000.0,0.0,865448000.0,272981000.0,592467000.0,1254789000.0,991485000.0,263304000.0,4638967487.0,46367000.0,-146089000.0,9652000.0,0.0,0.0,11695000.0,-333100000.0,-148020000.0,343824000.0,23948000.0,136514000.0,136514000.0,136514000.0,0.0,0.0,0.115,794546000.0,127495000.0,37810000.0,0.0,2.666,33.982,34.619,94518000.0,0.0,29.08,3.915,3.922,146977000.0,240445000.0,1184788000.0,1184788000.0,203913000.0,0.05,0.093,0.226,0.148,59665000.0,571930000.0,1.0,159524329.0,159799000,163174000.0,7.414,2349392000.0,583840000.0,38795000.0,52316000.0,14.702,318624000.0
16,MFE,MRT,2006-12-31,2006-12-31,2006-12-31,2019-05-23,31472000.0,2800270000.0,2617884250.0,1176632000.0,1623638000.0,0.437,8.868,-43751000.0,389627000.0,389627000.0,246840000.0,137471000.0,1.142,0.962,0.0,0.0,0.0,0.0,897525000.0,70271000.0,0.0,0.0,0.0,183781000.0,254052000.0,0.222,254052000.0,183781000.0,183781000.0,0.85,0.84,0.85,1427249000.0,1356184500.0,1427249000.0,4095576457.0,22.0,16.121,246738000.0,1.533,1.0,898318000.0,0.784,644051000.0,0.0,736213000.0,725218000.0,0.0,850542000.0,215722000.0,634820000.0,1373021000.0,1030379000.0,342642000.0,4527300457.0,-338965000.0,-146089000.0,-202671000.0,0.0,0.0,-197711000.0,-452339000.0,-312488000.0,290489000.0,20596000.0,137471000.0,137471000.0,137471000.0,0.0,0.0,0.12,759290000.0,139028000.0,35652000.0,0.0,3.172,32.933,33.388,91999000.0,0.0,28.38,3.953,3.989,170855000.0,169282000.0,1145158000.0,1145158000.0,193447000.0,0.053,0.101,0.253,0.16,49735000.0,554231000.0,1.0,159524329.0,160945000,163052000.0,7.115,2156219000.0,464413000.0,46310000.0,118589000.0,13.397,146253000.0
17,MFE,MRT,2006-09-30,2006-09-30,2006-09-30,2019-05-23,30638000.0,2652883000.0,2576875250.0,1227476000.0,1425407000.0,0.426,8.619,-34607000.0,383005000.0,383005000.0,225891000.0,143840000.0,1.302,0.927,0.0,0.0,0.0,0.0,836047000.0,66745000.0,0.0,0.0,0.0,199211000.0,265956000.0,0.243,265956000.0,199211000.0,199211000.0,0.88,0.87,0.88,1376688000.0,1358032500.0,1376688000.0,3470241087.0,17.0,13.048,296471000.0,1.856,1.0,870587000.0,0.794,564573000.0,0.0,762374000.0,656243750.0,0.0,852319000.0,328978000.0,523341000.0,1276195000.0,942931000.0,333264000.0,3901965087.0,-58413000.0,-65871000.0,-209933000.0,0.0,0.0,-205122000.0,-187480000.0,-136583000.0,331078000.0,3111000.0,143840000.0,143840000.0,143840000.0,0.0,0.0,0.131,711741000.0,158846000.0,36966000.0,0.0,2.834,27.127,27.795,90950000.0,0.0,24.46,3.559,3.563,132707000.0,136406000.0,1096478000.0,1096478000.0,190558000.0,0.056,0.106,0.304,0.182,37324000.0,500870000.0,1.0,159524329.0,159728000,161485000.0,6.865,2088310000.0,457264000.0,55371000.0,93623000.0,13.074,284545000.0
18,MFE,MRT,2006-06-30,2006-06-30,2006-06-30,2019-05-23,27969000.0,2572040000.0,2535114000.0,1333172000.0,1238868000.0,0.418,8.307,-34261000.0,374951000.0,374951000.0,201520000.0,122063000.0,1.488,0.942,0.0,0.0,0.0,0.0,813671000.0,65687000.0,0.0,0.0,0.0,162934000.0,228621000.0,0.216,228621000.0,162934000.0,162934000.0,0.74,0.73,0.74,1324363000.0,1367908250.0,1324363000.0,3439931465.0,21.0,15.046,306948000.0,1.925,1.0,858184000.0,0.81,573181000.0,0.0,727979000.0,639662500.0,0.0,779754000.0,454258000.0,325496000.0,1247677000.0,895929000.0,351748000.0,3871655465.0,-10788000.0,-65869000.0,-167533000.0,0.0,0.0,-163141000.0,-188552000.0,-88004000.0,341209000.0,-304000.0,122063000.0,122063000.0,122063000.0,0.0,0.0,0.115,728036000.0,130148000.0,30821000.0,0.0,2.923,31.719,32.797,91425000.0,0.0,24.27,3.654,3.651,130166000.0,102316000.0,1059704000.0,1059704000.0,187105000.0,0.048,0.089,0.255,0.154,51776000.0,476886000.0,1.0,159524329.0,159418000,161294000.0,6.647,1998859000.0,457531000.0,40871000.0,65712000.0,12.538,437243000.0
19,MFE,MRT,2006-03-31,2006-03-31,2006-03-31,2019-05-23,28518000.0,2446344000.0,2482953750.0,1309339000.0,1137005000.0,0.413,7.86,-29986000.0,431724000.0,431724000.0,182662000.0,131540000.0,1.581,0.887,0.0,0.0,0.0,0.0,776105000.0,66227000.0,0.0,0.0,0.0,184332000.0,250559000.0,0.244,250559000.0,184332000.0,184332000.0,0.8,0.78,0.8,1296438000.0,1356649250.0,1296438000.0,3266447696.0,18.0,13.037,337467000.0,2.046,1.0,842650000.0,0.822,512393000.0,0.0,674306000.0,623118250.0,0.0,707080000.0,412217000.0,294863000.0,1149906000.0,827921000.0,321985000.0,4046467696.0,126473000.0,-20200000.0,-150143000.0,0.0,0.0,-147214000.0,-77551000.0,-28271000.0,367453000.0,-16215000.0,131540000.0,131540000.0,131540000.0,0.0,0.0,0.128,690213000.0,152437000.0,34300000.0,0.0,3.121,30.762,30.413,89060000.0,0.0,24.33,3.947,3.914,123845000.0,174904000.0,1025312000.0,1025312000.0,182521000.0,0.053,0.097,0.296,0.18,45547000.0,439643000.0,1.0,166315976.0,164940000,166700000.0,6.216,1933951000.0,442693000.0,52792000.0,65372000.0,11.725,481418000.0
20,MFE,MRT,2005-12-31,2005-12-31,2005-12-31,2019-05-23,33923000.0,2636234000.0,2435219500.0,1566339000.0,1069895000.0,0.403,8.693,-28941000.0,780020000.0,780020000.0,170038000.0,118217000.0,1.783,0.838,0.0,0.0,0.0,0.0,751806000.0,66996000.0,0.0,0.0,0.0,166678000.0,233674000.0,0.238,233674000.0,166678000.0,166678000.0,0.72,0.7,0.72,1434641000.0,1335063500.0,1434641000.0,4060465748.0,24.0,17.377,390516000.0,2.366,1.0,811590000.0,0.827,517574000.0,0.0,460316000.0,632263250.0,0.0,528429000.0,316298000.0,212131000.0,1201593000.0,878324000.0,323269000.0,4551464748.0,437437000.0,-20200000.0,39841000.0,0.0,0.0,39841000.0,4595000.0,102558000.0,419457000.0,-26456000.0,118217000.0,118217000.0,118217000.0,0.0,0.0,0.12,670183000.0,141407000.0,34678000.0,0.0,3.173,38.501,37.681,85692000.0,0.0,27.13,4.637,4.561,159130000.0,31811000.0,981628000.0,981628000.0,176409000.0,0.049,0.089,0.264,0.17,31490000.0,423576000.0,1.0,167765011.0,165042000,169249000.0,5.948,2118660000.0,442178000.0,48461000.0,76740000.0,12.837,688015000.0
21,MFE,MRT,2005-09-30,2005-09-30,2005-09-30,2019-05-23,28996000.0,2485838000.0,2337794000.0,1387663000.0,1098175000.0,0.415,8.522,-30715000.0,490999000.0,490999000.0,163970000.0,117657000.0,1.821,0.755,0.0,0.0,0.0,0.0,656910000.0,69660000.0,0.0,0.0,0.0,123185000.0,192845000.0,0.199,192845000.0,123185000.0,121288000.0,0.72,0.69,0.72,1416191000.0,1276715250.0,1416191000.0,4811485103.0,39.0,24.95,349099000.0,2.101,1.0,806444000.0,0.831,536557000.0,1897000.0,696049000.0,690612000.0,0.0,707357000.0,485734000.0,221623000.0,1069647000.0,762233000.0,307414000.0,5196806103.0,99967000.0,-104850000.0,97739000.0,0.0,0.0,97739000.0,-370181000.0,-207272000.0,379814000.0,-7405000.0,117657000.0,117657000.0,117657000.0,0.0,0.0,0.121,700824000.0,105620000.0,27900000.0,0.0,3.67,44.169,43.639,86894000.0,0.0,31.42,5.355,5.38,106242000.0,95401000.0,970414000.0,970414000.0,176630000.0,0.05,0.092,0.178,0.127,38600000.0,444847000.0,1.0,165398030.0,166174000,170756000.0,5.84,1949281000.0,436747000.0,3631000.0,0.0,11.73,625430000.0
22,MFE,MRT,2005-06-30,2005-06-30,2005-06-30,2019-05-23,26386000.0,2363399000.0,2196118500.0,1242744000.0,1120655000.0,0.429,7.824,-26070000.0,385321000.0,385321000.0,158461000.0,223492000.0,1.611,0.847,0.0,0.0,0.0,0.0,641461000.0,69287000.0,0.0,0.0,0.0,308593000.0,377880000.0,0.401,377880000.0,308593000.0,306156000.0,1.4,1.32,1.4,1279327000.0,1188911000.0,1279327000.0,3955885546.0,13.0,10.469,342562000.0,2.095,1.0,783297000.0,0.832,544644000.0,2437000.0,661802000.0,646549500.0,0.0,688208000.0,444579000.0,243629000.0,1084072000.0,771632000.0,312440000.0,4260542546.0,29179000.0,-104850000.0,6890000.0,-265623000.0,0.0,-258733000.0,-75898000.0,-180375000.0,368632000.0,-4822000.0,223492000.0,223492000.0,223492000.0,0.0,0.0,0.237,475184000.0,308113000.0,26358000.0,0.0,3.33,19.064,18.7,87776000.0,0.0,26.18,4.524,4.546,95656000.0,72854000.0,941758000.0,941758000.0,168431000.0,0.102,0.188,0.477,0.328,76824000.0,459709000.0,1.0,162740357.0,163513000,167440000.0,5.76,1818755000.0,440108000.0,82664000.0,0.0,11.123,471112000.0
23,MFE,MRT,2005-03-31,2005-03-31,2005-03-31,2019-05-23,26277000.0,2255407000.0,2132888250.0,1144177000.0,1111230000.0,0.433,7.424,-25867000.0,304657000.0,304657000.0,155379000.0,198017000.0,1.632,0.864,0.0,0.0,0.0,0.0,614700000.0,68123000.0,0.0,0.0,0.0,280397000.0,348520000.0,0.377,348520000.0,280397000.0,275823000.0,1.24,1.17,1.24,1210095000.0,1080503750.0,1210095000.0,3396788000.0,12.0,9.746,314499000.0,1.93,1.0,768843000.0,0.832,538791000.0,4574000.0,710886000.0,635518750.0,0.0,676081000.0,435025000.0,241056000.0,1045312000.0,701073000.0,344239000.0,3688560000.0,-126290000.0,-132215000.0,-149187000.0,-265623000.0,0.0,-414810000.0,-54454000.0,-177738000.0,340366000.0,2608000.0,198017000.0,198017000.0,198017000.0,0.0,0.0,0.214,485650000.0,283193000.0,30225000.0,0.0,3.048,18.627,18.194,91080000.0,0.0,22.56,3.991,3.979,94225000.0,31156000.0,924222000.0,924222000.0,167723000.0,0.093,0.183,0.441,0.303,72858000.0,483245000.0,1.0,163500000.0,162992000,167339000.0,5.67,1716616000.0,427588000.0,77806000.0,0.0,10.532,443104000.0
24,MFE,MRT,2004-12-31,2004-12-31,2004-12-31,2019-05-23,27361000.0,2246532000.0,2114801250.0,970432000.0,1276100000.0,0.429,7.484,-25374000.0,291772000.0,291772000.0,153914000.0,220017000.0,1.358,0.87,0.0,0.0,0.0,0.0,601373000.0,68336000.0,0.0,0.0,0.0,308129000.0,376465000.0,0.415,376465000.0,308129000.0,302814000.0,1.37,1.28,1.37,1201248000.0,1020738750.0,1201248000.0,4273671301.0,14.0,11.352,333539000.0,2.078,1.0,753659000.0,0.83,546313000.0,5315000.0,693711000.0,622555000.0,0.0,633526000.0,232929000.0,400597000.0,1045284000.0,714736000.0,330548000.0,4634361301.0,-42496000.0,-84650000.0,-104244000.0,-265623000.0,0.0,-369867000.0,-39373000.0,-210588000.0,358913000.0,7831000.0,220017000.0,220017000.0,220017000.0,0.0,0.0,0.242,443407000.0,310252000.0,32891000.0,0.0,3.858,21.064,21.117,91715000.0,0.0,28.93,5.106,5.116,146376000.0,-4814000.0,907573000.0,907573000.0,174872000.0,0.104,0.216,0.495,0.34,78376000.0,498112000.0,1.0,160192233.0,160510000,177385000.0,5.654,1700219000.0,421063000.0,82797000.0,70778000.0,10.593,255696000.0
25,MFE,MRT,2004-09-30,2004-09-30,2004-09-30,2019-05-23,30871000.0,1919136000.0,2083292750.0,886075000.0,1033061000.0,0.451,6.734,-29539000.0,360690000.0,360690000.0,150916000.0,230821000.0,1.578,0.802,0.0,0.0,0.0,0.0,521127000.0,65938000.0,0.0,0.0,0.0,352057000.0,417995000.0,0.445,417995000.0,352057000.0,347523000.0,1.44,1.36,1.44,1064974000.0,942449000.0,1064974000.0,3102819086.0,9.0,7.423,241826000.0,1.529,1.0,787695000.0,0.839,477277000.0,4534000.0,519799000.0,703794000.0,0.0,506625000.0,188435000.0,318190000.0,854162000.0,561370000.0,292792000.0,3140007086.0,-14167000.0,111000.0,-144677000.0,-265623000.0,0.0,-410300000.0,119591000.0,-111544000.0,271365000.0,5177000.0,230821000.0,230821000.0,230821000.0,0.0,0.0,0.246,436309000.0,351386000.0,21760000.0,0.0,2.948,13.604,13.958,96971000.0,0.0,20.1,3.345,3.387,87243000.0,-43561000.0,938611000.0,938611000.0,175233000.0,0.111,0.245,0.5,0.375,70864000.0,498179000.0,1.0,156219258.0,158151000,172103000.0,5.935,1441859000.0,284483000.0,116702000.0,0.0,9.117,324705000.0
26,MFE,MRT,2004-06-30,2004-06-30,2004-06-30,2019-05-23,30573000.0,2110478000.0,2104822250.0,948214000.0,1162264000.0,0.449,5.275,-34855000.0,376267000.0,376267000.0,154578000.0,123447000.0,1.028,1.496,339079000.0,339079000.0,0.0,339079000.0,536565000.0,65180000.0,0.0,0.0,0.0,166550000.0,231730000.0,0.245,231730000.0,166550000.0,161334000.0,0.76,0.73,0.76,845698000.0,883847500.0,845698000.0,2891740312.0,17.0,12.479,225112000.0,1.404,1.0,790175000.0,0.836,533557000.0,5216000.0,617679000.0,739363000.0,0.0,513712000.0,183105000.0,330607000.0,1264780000.0,922054000.0,342726000.0,2997441312.0,24350000.0,-1080000.0,-98079000.0,0.0,0.0,-98079000.0,-131317000.0,-143567000.0,259967000.0,-6221000.0,123447000.0,123447000.0,123447000.0,0.0,0.0,0.131,639281000.0,150894000.0,22072000.0,0.0,3.544,24.281,23.855,106238000.0,0.0,18.13,3.173,3.076,115985000.0,-161709000.0,944753000.0,944753000.0,182949000.0,0.059,0.14,0.225,0.176,12247000.0,510134000.0,1.0,165330464.0,160313000,163925000.0,5.893,1576921000.0,347624000.0,37887000.0,0.0,9.837,26160000.0
27,MFE,MRT,2004-03-31,2004-03-31,2004-03-31,2019-05-23,35252000.0,2183059000.0,2067963250.0,1041913000.0,1141146000.0,0.453,5.942,-45580000.0,450976000.0,450976000.0,153157000.0,115738000.0,1.187,1.248,345275000.0,345275000.0,0.0,345275000.0,485252000.0,63486000.0,0.0,0.0,0.0,155381000.0,218867000.0,0.234,218867000.0,155381000.0,150268000.0,0.72,0.69,0.72,971035000.0,875984250.0,971035000.0,2931510360.0,19.0,13.394,173501000.0,1.062,1.0,782943000.0,0.836,540462000.0,5113000.0,659031000.0,752606250.0,0.0,510881000.0,217432000.0,293449000.0,1212024000.0,877865000.0,334159000.0,2938311360.0,-2515000.0,-169513000.0,33288000.0,-234000.0,0.0,33054000.0,-269027000.0,-54656000.0,219081000.0,14377000.0,115738000.0,115738000.0,115738000.0,0.0,0.0,0.124,643195000.0,139748000.0,25847000.0,0.0,3.026,25.388,25.0,110294000.0,0.0,18.0,3.139,3.142,109559000.0,-171909000.0,936100000.0,936100000.0,184568000.0,0.056,0.132,0.206,0.166,12766000.0,495123000.0,1.0,163239520.0,163423000,186564000.0,5.728,1642597000.0,346313000.0,34530000.0,0.0,10.051,164048000.0
28,MFE,MRT,2003-12-31,2003-12-31,2003-12-31,2019-05-23,34027000.0,2120498000.0,1995566000.0,961253000.0,1159245000.0,0.469,5.539,-60027000.0,354198000.0,354198000.0,149626000.0,70242000.0,1.762,1.388,347397000.0,0.0,347397000.0,347397000.0,459557000.0,62830000.0,0.0,0.0,0.0,91005000.0,153835000.0,0.164,153835000.0,91005000.0,83462000.0,0.44,0.43,0.44,888089000.0,833541750.0,888089000.0,2404795319.0,26.0,15.632,96277000.0,0.6,1.0,786710000.0,0.84,549545000.0,7543000.0,1018667000.0,773543000.0,0.0,432606000.0,174499000.0,258107000.0,1232409000.0,545485000.0,686924000.0,2428042319.0,-340575000.0,-217078000.0,30710000.0,-177289000.0,0.0,-146579000.0,-374480000.0,-97861000.0,156304000.0,24180000.0,70242000.0,70242000.0,70242000.0,0.0,0.0,0.075,722308000.0,64402000.0,32099000.0,0.0,2.734,34.567,34.182,111672000.0,0.0,15.04,2.593,2.575,170218000.0,-229879000.0,936336000.0,936336000.0,184606000.0,0.035,0.084,0.118,0.097,12507000.0,493226000.0,1.0,161438984.0,160338000,164489000.0,5.84,1570953000.0,359746000.0,13220000.0,0.0,9.798,415768000.0
29,MFE,MRT,2003-09-30,2003-09-30,2003-09-30,2019-05-23,34475000.0,2005254000.0,1976813250.0,793905000.0,1211349000.0,0.472,5.18,-69171000.0,375609000.0,375609000.0,147827000.0,14542000.0,1.057,1.414,352362000.0,0.0,352362000.0,352362000.0,397172000.0,64236000.0,0.0,0.0,0.0,26559000.0,90795000.0,0.097,90795000.0,26559000.0,17626000.0,0.08,0.12,0.08,830568000.0,804061500.0,830568000.0,2029206354.0,76.0,22.349,142981000.0,0.892,1.0,785812000.0,0.842,568746000.0,8933000.0,662075000.0,717773000.0,0.0,407858000.0,96826000.0,311032000.0,1174686000.0,751186000.0,423500000.0,2152484354.0,-279377000.0,-255333000.0,29658000.0,-177289000.0,0.0,-147631000.0,-365107000.0,-51897000.0,212152000.0,21209000.0,14542000.0,14542000.0,14542000.0,0.0,0.0,0.016,778543000.0,7269000.0,34815000.0,0.0,2.592,148.018,172.0,109695000.0,0.0,13.76,2.305,2.363,126246000.0,-274901000.0,933639000.0,933639000.0,182020000.0,0.007,0.018,0.037,0.028,69931000.0,490150000.0,1.0,156430549.0,160347000,164141000.0,5.823,1436508000.0,318002000.0,3084000.0,0.0,8.959,42719000.0
30,MFE,MRT,2003-06-30,2003-06-30,2003-06-30,2019-05-23,33685000.0,1963042000.0,1958765500.0,755854000.0,1207188000.0,0.49,5.078,-79238000.0,352565000.0,352565000.0,150189000.0,37892000.0,1.045,1.411,357625000.0,0.0,357625000.0,357625000.0,356665000.0,61790000.0,0.0,0.0,0.0,53087000.0,114877000.0,0.12,114877000.0,53087000.0,38386000.0,0.24,0.26,0.24,814245000.0,771322250.0,814245000.0,1860261361.0,35.0,16.194,113083000.0,0.705,1.0,810105000.0,0.844,574101000.0,14701000.0,670652000.0,704563250.0,0.0,382455000.0,74153000.0,308302000.0,1148797000.0,723349000.0,425448000.0,1983539361.0,-402241000.0,-328394000.0,33768000.0,-224664000.0,0.0,-190896000.0,-429622000.0,-1942000.0,192321000.0,25956000.0,37892000.0,37892000.0,37892000.0,0.0,0.0,0.039,786066000.0,24039000.0,28479000.0,0.0,2.436,52.347,52.833,108360000.0,0.0,12.68,2.066,2.117,116025000.0,-284766000.0,960294000.0,960294000.0,173139000.0,0.019,0.049,0.075,0.055,75804000.0,495210000.0,1.0,156430549.0,160341000,164608000.0,5.989,1388941000.0,333251000.0,494000.0,0.0,8.662,32505000.0
31,MFE,MRT,2003-03-31,2003-03-31,2003-03-31,2019-05-23,25866000.0,1893470000.0,1905444500.0,899635000.0,993835000.0,0.528,5.022,-75136000.0,454254000.0,454254000.0,155618000.0,89147000.0,1.301,1.363,356035000.0,232000.0,355803000.0,356035000.0,328626000.0,57764000.0,0.0,0.0,0.0,109687000.0,167451000.0,0.166,167451000.0,109687000.0,89121000.0,0.59,0.57,0.59,801265000.0,707139000.0,801265000.0,2037027882.0,19.0,12.165,122125000.0,0.765,1.0,851092000.0,0.845,361137000.0,20566000.0,742778000.0,693078500.0,0.0,462121000.0,122461000.0,339660000.0,1092205000.0,691336000.0,400869000.0,2160305882.0,-255736000.0,-112396000.0,41448000.0,-243230000.0,0.0,-201782000.0,-263322000.0,-54935000.0,197261000.0,12107000.0,89147000.0,89147000.0,89147000.0,0.0,0.0,0.089,773291000.0,77801000.0,33164000.0,0.0,2.696,24.233,23.407,99542000.0,0.0,13.81,2.146,2.189,109214000.0,-288500000.0,1006710000.0,1006710000.0,160626000.0,0.047,0.126,0.158,0.109,70985000.0,510164000.0,1.0,156430549.0,159552000,165366000.0,6.31,1532333000.0,315679000.0,-26000.0,0.0,9.604,208299000.0
32,MFE,MRT,2002-12-31,2002-12-31,2002-12-31,2019-05-23,24158000.0,2045487000.0,1857025250.0,1194669000.0,850818000.0,0.562,5.154,-59427000.0,695437000.0,695437000.0,164711000.0,128312000.0,1.661,1.656,532273000.0,176260000.0,356013000.0,532273000.0,329195000.0,53684000.0,0.0,0.0,0.0,153123000.0,206807000.0,0.198,206807000.0,153123000.0,128038000.0,0.86,0.8,0.86,770168000.0,637269000.0,770168000.0,2393689533.0,16.0,11.575,135666000.0,0.908,1.0,878333000.0,0.842,367485000.0,25085000.0,795587000.0,670796500.0,0.0,339483000.0,133577000.0,205906000.0,1275319000.0,719251000.0,556068000.0,2516967533.0,61394000.0,-112396000.0,109911000.0,-66175000.0,0.0,43736000.0,-183646000.0,8668000.0,195093000.0,6211000.0,128312000.0,128312000.0,128312000.0,0.0,0.0,0.123,754305000.0,124028000.0,29948000.0,0.0,3.268,19.616,18.709,89277000.0,0.0,16.09,2.413,2.305,160159000.0,-300121000.0,1043044000.0,1043044000.0,148801000.0,0.069,0.201,0.228,0.147,68366000.0,517140000.0,1.0,156430549.0,149441000,176249000.0,6.98,1678002000.0,313560000.0,-274000.0,0.0,11.229,475418000.0
33,MFE,MRT,2002-09-30,2002-09-30,2002-09-30,2019-05-23,-25256000.0,1933063000.0,1753842750.0,1122744000.0,810319000.0,0.736,4.685,-51841000.0,654181000.0,654181000.0,181429000.0,318552000.0,1.389,1.763,530903000.0,174203000.0,356700000.0,530903000.0,282471000.0,51389000.0,0.0,0.0,0.0,422092000.0,473481000.0,0.367,473481000.0,422092000.0,391409000.0,2.26,1.87,2.26,699611000.0,530100250.0,699611000.0,1402592416.0,3.0,2.962,180286000.0,1.207,1.0,1109396000.0,0.859,392131000.0,30683000.0,609236000.0,665223250.0,0.0,344789000.0,180920000.0,163869000.0,1233452000.0,808418000.0,425034000.0,1570308416.0,-6303000.0,-75168000.0,133262000.0,-177974000.0,0.0,-44398000.0,-201337000.0,-30292000.0,232127000.0,7305000.0,318552000.0,318552000.0,318552000.0,0.0,0.0,0.247,728840000.0,380556000.0,22474000.0,0.0,2.245,4.93,4.704,79084000.0,0.0,10.63,1.217,1.23,114727000.0,-244739000.0,1290825000.0,1290825000.0,143841000.0,0.182,0.601,0.635,0.327,33774000.0,542699000.0,1.0,147724216.0,149344000,173914000.0,8.643,1540932000.0,278519000.0,72857000.0,39786000.0,10.318,314326000.0
34,MFE,MRT,2002-06-30,2002-06-30,2002-06-30,2019-05-23,-24922000.0,1749758000.0,1680412500.0,1203976000.0,545782000.0,0.739,3.787,-39371000.0,733409000.0,733409000.0,183926000.0,273177000.0,1.551,2.1,565693000.0,220273000.0,345420000.0,565693000.0,276643000.0,69394000.0,0.0,0.0,0.0,381014000.0,450408000.0,0.363,450408000.0,381014000.0,350158000.0,1.95,1.58,1.95,557512000.0,447300500.0,557512000.0,2723249806.0,7.0,6.046,168220000.0,1.143,1.0,1058114000.0,0.852,180949000.0,30856000.0,624713000.0,749421250.0,0.0,369394000.0,194970000.0,174424000.0,1170822000.0,776380000.0,394442000.0,2829694806.0,375022000.0,-916000.0,138847000.0,142532000.0,0.0,282158000.0,-129715000.0,-76371000.0,207591000.0,14988000.0,273177000.0,273177000.0,273177000.0,0.0,0.0,0.22,713262000.0,344852000.0,18797000.0,0.0,5.076,10.358,9.882,70375000.0,0.0,19.27,2.278,2.284,101521000.0,-253829000.0,1242040000.0,1242040000.0,139899000.0,0.163,0.611,0.508,0.307,22885000.0,531894000.0,1.0,146844567.0,147222000,173839000.0,8.437,1568809000.0,222023000.0,76981000.0,16933000.0,10.656,427596000.0
35,MFE,MRT,2002-03-31,2002-03-31,2002-03-31,2019-05-23,-34044000.0,1699793000.0,1563171250.0,1117875000.0,581918000.0,0.749,3.613,-30132000.0,688580000.0,688580000.0,182263000.0,182252000.0,1.476,2.218,582135000.0,236611000.0,345524000.0,582135000.0,259710000.0,82905000.0,0.0,0.0,0.0,286301000.0,369206000.0,0.315,369206000.0,286301000.0,258609000.0,1.31,0.98,1.31,521785000.0,400212250.0,521785000.0,3370939172.0,12.0,9.13,162965000.0,1.128,1.0,989153000.0,0.844,182153000.0,27692000.0,653650000.0,758002500.0,0.0,389622000.0,176584000.0,213038000.0,1157411000.0,757545000.0,399866000.0,3404921172.0,390226000.0,-11571000.0,134678000.0,161332000.0,0.0,296558000.0,-112652000.0,-58699000.0,193097000.0,13223000.0,182252000.0,182252000.0,182252000.0,0.0,0.0,0.156,727936000.0,261217000.0,22590000.0,0.0,6.526,18.682,18.473,65872000.0,0.0,24.2,2.907,2.984,84433000.0,-275030000.0,1171416000.0,1171416000.0,141333000.0,0.117,0.455,0.378,0.244,27952000.0,526988000.0,1.0,140699222.0,144436000,154782000.0,8.11,1517640000.0,220542000.0,76357000.0,18050000.0,10.507,360330000.0
36,MFE,MRT,2001-12-31,2001-12-31,2001-12-31,2019-05-23,16081000.0,1632757000.0,1457905250.0,1112281000.0,520476000.0,0.735,2.477,-31493000.0,612832000.0,612832000.0,176492000.0,83253000.0,1.662,3.73,578850000.0,0.0,578850000.0,578850000.0,379491000.0,94969000.0,0.0,0.0,0.0,173955000.0,268924000.0,0.251,268924000.0,173955000.0,149273000.0,0.6,0.53,0.6,341493000.0,367902750.0,341493000.0,3630302896.0,21.0,13.499,114496000.0,0.831,1.0,895168000.0,0.835,156236000.0,24682000.0,773294000.0,774639000.0,0.0,330118000.0,135761000.0,194357000.0,1273753000.0,669245000.0,604508000.0,3579063896.0,337293000.0,-11571000.0,-2733000.0,161332000.0,0.0,158599000.0,20775000.0,76089000.0,145989000.0,11930000.0,83253000.0,83253000.0,83253000.0,0.0,0.0,0.078,741685000.0,153483000.0,26367000.0,0.0,10.481,42.99,43.083,68454000.0,0.0,25.85,3.34,3.325,136346000.0,-428433000.0,1071660000.0,1071660000.0,146701000.0,0.057,0.226,0.225,0.162,30260000.0,532689000.0,1.0,138455083.0,137847000,164363000.0,7.774,1476521000.0,249954000.0,66020000.0,0.0,10.711,443036000.0
37,MFE,MRT,2001-09-30,2001-09-30,2001-09-30,2019-05-23,-30352000.0,1639342000.0,1416121750.0,1002228000.0,637114000.0,0.448,2.674,-36283000.0,640255000.0,640255000.0,168847000.0,-225204000.0,1.894,3.418,691494000.0,0.0,691494000.0,691494000.0,242386000.0,96848000.0,0.0,0.0,0.0,-193998000.0,-97150000.0,-0.153,-97150000.0,-193998000.0,-228778000.0,-1.63,-1.63,-1.63,368412000.0,338260250.0,368412000.0,1818193964.0,-9.0,-18.715,-42458000.0,-0.308,1.0,465877000.0,0.734,215455000.0,34780000.0,946028000.0,741346250.0,0.0,316594000.0,67369000.0,249225000.0,1259081000.0,529098000.0,729983000.0,1770762964.0,295430000.0,-10657000.0,-34360000.0,259666000.0,0.0,227503000.0,39736000.0,99176000.0,-6175000.0,34366000.0,-224502000.0,-224502000.0,-224502000.0,0.0,-702000.0,-0.354,686193000.0,-220316000.0,24906000.0,0.0,4.806,-7.888,-7.908,67944000.0,0.0,12.89,2.79,2.797,124316000.0,-273517000.0,634724000.0,634724000.0,143006000.0,-0.159,-0.664,-0.262,-0.306,-1233000.0,485879000.0,1.0,137374939.0,137750000,137750000.0,4.608,1423887000.0,240539000.0,-4276000.0,5850000.0,10.337,473130000.0
38,MFE,MRT,2001-06-30,2001-06-30,2001-06-30,2019-05-23,-30890000.0,1280793000.0,1393723250.0,662113000.0,618680000.0,0.467,2.697,-37338000.0,358387000.0,358387000.0,166079000.0,-217024000.0,1.444,2.441,405818000.0,0.0,405818000.0,405818000.0,213425000.0,89260000.0,0.0,0.0,0.0,-187432000.0,-98172000.0,-0.151,-98172000.0,-187432000.0,-215049000.0,-1.57,-1.57,-1.57,369159000.0,421308750.0,369159000.0,1803848246.0,-10.0,-18.374,-65537000.0,-0.479,1.0,484773000.0,0.745,210659000.0,27617000.0,659038000.0,738271000.0,0.0,292185000.0,73281000.0,218904000.0,900978000.0,458527000.0,442451000.0,1701483246.0,21276000.0,-10657000.0,-35967000.0,-13465000.0,0.0,-63124000.0,88767000.0,149262000.0,-28199000.0,23832000.0,-216322000.0,-216322000.0,-216322000.0,0.0,-702000.0,-0.332,696128000.0,-211355000.0,21360000.0,0.0,4.609,-7.866,-7.93,71705000.0,0.0,12.45,2.614,2.618,86523000.0,-238627000.0,650852000.0,650852000.0,155017000.0,-0.155,-0.513,-0.254,-0.288,10054000.0,481767000.0,1.0,136665321.0,136879000,136879000.0,4.755,1070134000.0,222056000.0,1273000.0,6500000.0,7.818,203586000.0
39,MFE,MRT,2001-03-31,2001-03-31,2001-03-31,2019-05-23,-39595000.0,1278729000.0,1463910750.0,589692000.0,689037000.0,0.463,2.862,-51639000.0,298354000.0,298354000.0,165072000.0,-177881000.0,1.34,2.231,400719000.0,0.0,400719000.0,400719000.0,191322000.0,85976000.0,0.0,0.0,0.0,-144792000.0,-58816000.0,-0.087,-58816000.0,-144792000.0,-167674000.0,-1.28,-1.28,-1.28,392547000.0,499394500.0,392547000.0,1196299525.0,-8.0,-20.34,-69919000.0,-0.51,1.0,513004000.0,0.757,220951000.0,22882000.0,720196000.0,801126250.0,0.0,338180000.0,70894000.0,267286000.0,875606000.0,439947000.0,435659000.0,1135480525.0,-83906000.0,20000.0,-75544000.0,-13465000.0,0.0,-90866000.0,13026000.0,77145000.0,-18280000.0,12214000.0,-177179000.0,-177179000.0,-177179000.0,0.0,-702000.0,-0.261,693252000.0,-180248000.0,33469000.0,0.0,2.893,-6.409,-6.445,75348000.0,0.0,8.25,1.675,1.669,80457000.0,-191371000.0,678076000.0,678076000.0,163016000.0,-0.121,-0.355,-0.181,-0.214,10206000.0,475069000.0,1.0,137634003.0,137140000,137140000.0,4.944,1057778000.0,222415000.0,9505000.0,7161000.0,7.713,149745000.0
40,MFE,MRT,2000-12-31,2000-12-31,2000-12-31,2019-05-23,6788000.0,1465623000.0,1530579500.0,827887000.0,637736000.0,0.463,1.615,-54031000.0,275539000.0,275539000.0,160102000.0,-108014000.0,1.106,5.521,400496000.0,40000.0,400456000.0,400496000.0,531555000.0,80827000.0,6161000.0,0.0,0.0,-48868000.0,31959000.0,0.045,31959000.0,-48868000.0,-67070000.0,-0.78,-0.78,-0.78,222923000.0,575631000.0,222923000.0,637161388.0,-13.0,19.937,-46457000.0,-0.336,1.0,549270000.0,0.774,202161000.0,18202000.0,640123000.0,836982000.0,0.0,418614000.0,195469000.0,223145000.0,1230707000.0,748296000.0,482411000.0,576342388.0,-54193000.0,46736000.0,-53868000.0,-13532000.0,0.0,-50049000.0,-3687000.0,16108000.0,7574000.0,-8031000.0,-108014000.0,-108014000.0,-108014000.0,0.0,0.0,-0.152,676811000.0,-127541000.0,46817000.0,0.0,2.585,-5.336,-5.369,76253000.0,0.0,4.188,0.812,0.815,116172000.0,-457448000.0,709372000.0,709372000.0,164218000.0,-0.071,-0.188,-0.058,-0.069,10116000.0,449572000.0,1.0,137634003.0,138072000,138072000.0,5.138,1263462000.0,297240000.0,40944000.0,0.0,9.151,79591000.0
41,MFE,MRT,2000-09-30,2000-09-30,2000-09-30,2019-05-23,-2218000.0,1549748000.0,1541770750.0,766254000.0,783494000.0,0.534,5.096,-34006000.0,331877000.0,331877000.0,151512000.0,36182000.0,1.888,1.194,392696000.0,0.0,392696000.0,392696000.0,160633000.0,72979000.0,0.0,0.0,0.0,90030000.0,163009000.0,0.198,163009000.0,90030000.0,73197000.0,0.28,0.27,0.28,700606000.0,608884750.0,700606000.0,3181081927.0,35.0,19.515,180646000.0,1.314,1.0,672238000.0,0.816,271062000.0,16833000.0,933727000.0,839573500.0,0.0,464006000.0,97449000.0,366557000.0,836742000.0,405778000.0,430964000.0,3116966927.0,95399000.0,52738000.0,14679000.0,-77163000.0,0.0,-47644000.0,-35385000.0,-47599000.0,214652000.0,-36224000.0,36182000.0,36182000.0,36182000.0,0.0,0.0,0.044,663451000.0,8787000.0,38936000.0,0.0,4.449,86.147,80.804,66520000.0,0.0,22.625,3.784,3.776,184420000.0,40328000.0,823750000.0,823750000.0,172848000.0,0.023,0.059,0.107,0.109,20929000.0,414660000.0,1.0,137766494.0,137482000,137482000.0,5.992,1278686000.0,169685000.0,37015000.0,8620000.0,9.301,360476000.0
42,MFE,MRT,2000-06-30,2000-06-30,2000-06-30,2019-05-23,-13842000.0,1561543000.0,1489571750.0,712723000.0,848820000.0,0.535,4.936,-30046000.0,324163000.0,324163000.0,144823000.0,39012000.0,1.66,1.274,388278000.0,0.0,388278000.0,388278000.0,170953000.0,69475000.0,0.0,0.0,0.0,84605000.0,154080000.0,0.193,154080000.0,84605000.0,67772000.0,0.3,0.29,0.3,681502000.0,581524500.0,681502000.0,2840410276.0,34.0,18.435,203468000.0,1.474,1.0,652355000.0,0.818,285751000.0,16833000.0,910459000.0,819375000.0,0.0,476762000.0,86726000.0,390036000.0,867987000.0,429448000.0,438539000.0,2826037276.0,158874000.0,52738000.0,9895000.0,-79784000.0,0.0,-34375000.0,-13374000.0,-36066000.0,233514000.0,-26891000.0,39012000.0,39012000.0,39012000.0,0.0,0.0,0.049,644516000.0,7839000.0,35715000.0,0.0,4.147,72.44,67.917,61719000.0,0.0,20.375,3.545,3.529,176185000.0,53343000.0,797178000.0,797178000.0,165876000.0,0.026,0.067,0.103,0.106,15453000.0,408513000.0,1.0,138701216.0,138072000,142238000.0,5.774,1275792000.0,185578000.0,28760000.0,9272000.0,9.24,283275000.0
43,MFE,MRT,2000-03-31,2000-03-31,2000-03-31,2019-05-23,-6292000.0,1545404000.0,1433808750.0,723408000.0,821996000.0,0.42,5.022,-18761000.0,369312000.0,369312000.0,129475000.0,-158737000.0,1.757,1.198,383685000.0,0.0,383685000.0,383685000.0,154733000.0,68564000.0,0.0,0.0,0.0,-115764000.0,-47200000.0,-0.078,-47200000.0,-115764000.0,-132597000.0,-1.13,-1.14,-1.13,697493000.0,554259500.0,697493000.0,4559204597.0,-39.0,-96.593,31555000.0,0.227,1.0,472858000.0,0.785,284370000.0,16833000.0,863619000.0,817604500.0,0.0,461151000.0,69359000.0,391792000.0,835557000.0,411788000.0,423769000.0,4496618597.0,21418000.0,52716000.0,50229000.0,-79784000.0,0.0,-5644000.0,-8504000.0,-42459000.0,50316000.0,-14750000.0,-158737000.0,-158737000.0,-158737000.0,0.0,0.0,-0.264,660969000.0,-188111000.0,29150000.0,0.0,6.447,-28.327,-28.54,47777000.0,0.0,32.25,7.465,7.436,161115000.0,59580000.0,602333000.0,602333000.0,158772000.0,-0.111,-0.286,-0.142,-0.192,22269000.0,433306000.0,1.0,139430034.0,138877000,144372000.0,4.337,1261034000.0,178582000.0,26140000.0,10304000.0,9.08,311620000.0
44,MFE,MRT,1999-12-31,1999-12-31,1999-12-31,2019-05-23,15766000.0,1510388000.0,1442935000.0,759181000.0,751207000.0,0.458,2.566,-13940000.0,329732000.0,329732000.0,132705000.0,-151964000.0,1.093,3.218,395576000.0,13059000.0,382517000.0,395576000.0,446778000.0,71016000.0,62491000.0,0.0,0.0,-110429000.0,-39413000.0,-0.06,-39413000.0,-110429000.0,-127262000.0,-1.1,-1.1,-1.1,355938000.0,568615750.0,355938000.0,3846677496.0,-35.0,-97.599,42274000.0,0.305,1.0,527632000.0,0.799,231122000.0,16833000.0,650489000.0,826999000.0,0.0,451183000.0,164763000.0,286420000.0,1145307000.0,694621000.0,450686000.0,3715330496.0,-89167000.0,6000000.0,93966000.0,-79887000.0,0.0,19788000.0,-162760000.0,-154820000.0,56214000.0,-2409000.0,-151964000.0,-151964000.0,-151964000.0,0.0,0.0,-0.23,664357000.0,-136725000.0,4768000.0,0.0,10.438,-24.449,-24.261,50840000.0,0.0,26.688,5.626,5.605,99079000.0,-303576000.0,660337000.0,660337000.0,152728000.0,-0.105,-0.267,-0.134,-0.167,20703000.0,442029000.0,1.0,139216131.0,138695000,138695000.0,4.761,1279266000.0,291489000.0,24702000.0,0.0,9.224,64560000.0
45,MFE,MRT,1999-09-30,1999-09-30,1999-09-30,2019-05-23,-8477000.0,1340952000.0,1449518250.0,603503000.0,737449000.0,0.121,4.252,-19143000.0,249426000.0,249426000.0,115043000.0,-468612000.0,1.839,1.268,380773000.0,411000.0,380362000.0,380773000.0,148816000.0,71848000.0,0.0,0.0,0.0,-568980000.0,-497132000.0,-2.833,-497132000.0,-568980000.0,-583175000.0,-3.47,-3.48,-3.47,591165000.0,660340750.0,591165000.0,2861493719.0,-5.0,-5.756,-112762000.0,-0.811,1.0,60459000.0,0.344,291117000.0,14195000.0,852933000.0,865537250.0,0.0,402508000.0,50138000.0,352370000.0,749787000.0,328249000.0,421538000.0,2658140719.0,-114413000.0,-13835000.0,81256000.0,68676000.0,0.0,135795000.0,-152239000.0,-125779000.0,-93619000.0,-523000.0,-468612000.0,-468612000.0,-468612000.0,0.0,0.0,-2.67,651684000.0,-591225000.0,15485000.0,0.0,4.496,-5.672,-5.512,47639000.0,0.0,19.125,15.146,15.151,190829000.0,25352000.0,175502000.0,175502000.0,143091000.0,-0.323,-0.71,-0.657,-3.242,58974000.0,469726000.0,1.0,138987750.0,139038000,139038000.0,1.262,1049835000.0,127288000.0,-114563000.0,11484000.0,7.551,275254000.0
46,MFE,MRT,1999-06-30,1999-06-30,1999-06-30,2019-05-23,-12229000.0,1338491000.0,1466635500.0,582307000.0,756184000.0,0.152,4.134,-19521000.0,178237000.0,178237000.0,126262000.0,-482815000.0,1.699,1.338,381590000.0,3032000.0,378558000.0,381590000.0,145791000.0,80430000.0,0.0,0.0,0.0,-557795000.0,-477365000.0,-2.143,-477365000.0,-557795000.0,-571990000.0,-3.58,-3.59,-3.58,572442000.0,660198500.0,572442000.0,2047643599.0,-4.0,-4.289,-104050000.0,-0.751,1.0,96483000.0,0.433,295635000.0,14195000.0,903377000.0,828437250.0,0.0,441925000.0,77636000.0,364289000.0,766049000.0,342832000.0,423217000.0,2029768599.0,37966000.0,-133793000.0,97571000.0,71067000.0,0.0,154407000.0,-24707000.0,128607000.0,-84529000.0,-2509000.0,-482815000.0,-482815000.0,-482815000.0,0.0,0.0,-2.168,678713000.0,-582230000.0,28339000.0,0.0,3.546,-4.204,-4.103,56194000.0,0.0,14.688,9.113,9.131,199394000.0,25593000.0,222745000.0,222745000.0,137247000.0,-0.329,-0.731,-0.673,-2.504,52343000.0,438611000.0,1.0,138197011.0,138478000,138478000.0,1.609,1042856000.0,118718000.0,-89175000.0,12144000.0,7.531,239475000.0
47,MFE,MRT,1999-03-31,1999-03-31,1999-03-31,2019-05-23,-12449000.0,1581909000.0,1433926250.0,854055000.0,727854000.0,0.312,5.455,-26677000.0,360842000.0,360842000.0,152581000.0,-325577000.0,2.188,1.095,378717000.0,3032000.0,375685000.0,378717000.0,188938000.0,75905000.0,0.0,0.0,0.0,-381238000.0,-305333000.0,-0.683,-305333000.0,-381238000.0,-395433000.0,-2.46,-2.47,-2.46,754918000.0,653561250.0,754918000.0,4151818939.0,-11.0,-13.598,4139000.0,0.03,1.0,294285000.0,0.659,308323000.0,14195000.0,901197000.0,857958000.0,0.0,411070000.0,84431000.0,326639000.0,826991000.0,390264000.0,436727000.0,4145587939.0,136477000.0,-243510000.0,126116000.0,71067000.0,0.0,178587000.0,-64521000.0,205666000.0,30816000.0,-8405000.0,-325577000.0,-325577000.0,-325577000.0,0.0,0.0,-0.729,702211000.0,-407926000.0,29304000.0,0.0,5.491,-12.733,-12.475,54687000.0,0.0,30.688,9.277,9.504,292518000.0,221381000.0,446866000.0,446866000.0,138349000.0,-0.227,-0.498,-0.444,-0.853,44168000.0,391401000.0,1.0,135090442.0,138395000,142607000.0,3.229,1273586000.0,104071000.0,-69856000.0,13000000.0,9.203,463791000.0
48,MFE,MRT,1998-12-31,1998-12-31,1998-12-31,2019-05-23,-1534000.0,1536721000.0,1313386000.0,903618000.0,633103000.0,0.326,5.432,-34818000.0,418899000.0,418899000.0,160604000.0,-319074000.0,2.465,1.126,377334000.0,3202000.0,374132000.0,377334000.0,192598000.0,64000000.0,0.0,0.0,0.0,-372016000.0,-308016000.0,-0.72,-308016000.0,-372016000.0,-386211000.0,-2.4,-2.4,-2.4,722838000.0,592891750.0,722838000.0,8955972783.0,-24.0,-29.076,-1695000.0,-0.013,1.0,267163000.0,0.625,323952000.0,14195000.0,804642000.0,878363250.0,0.0,314972000.0,98515000.0,216457000.0,813883000.0,366562000.0,447321000.0,8949741783.0,261868000.0,-243510000.0,151013000.0,408905000.0,0.0,561862000.0,-333298000.0,-54970000.0,33123000.0,181000.0,-319074000.0,-319074000.0,-319074000.0,0.0,0.0,-0.746,669989000.0,-402826000.0,20881000.0,0.0,12.381,-28.049,-27.604,54489000.0,0.0,66.25,20.922,20.61,260784000.0,195139000.0,427767000.0,427767000.0,135475000.0,-0.243,-0.538,-0.424,-0.87,44168000.0,371547000.0,1.0,135090442.0,133075000,133075000.0,3.214,1212769000.0,104071000.0,-67137000.0,13000000.0,9.113,537056000.0
49,MFE,MRT,1998-09-30,1998-09-30,1998-09-30,2019-05-23,0.0,1409421000.0,1130543250.0,780636000.0,628785000.0,0.81,4.423,-31390000.0,363839000.0,363839000.0,182384000.0,-80571000.0,2.066,1.386,366960000.0,3540000.0,363420000.0,366960000.0,182450000.0,65457000.0,0.0,0.0,0.0,3025000.0,68482000.0,0.075,68482000.0,3025000.0,2938000.0,-0.63,-0.62,-0.63,590596000.0,535307500.0,590596000.0,4397009133.0,1454.0,64.207,6677000.0,0.05,1.0,733596000.0,0.801,330229000.0,87000.0,704533000.0,743984750.0,0.0,279902000.0,133098000.0,146804000.0,818825000.0,377780000.0,441045000.0,4138414133.0,143901000.0,-255120000.0,139410000.0,336440000.0,0.0,428583000.0,-321958000.0,-35996000.0,38067000.0,-3285000.0,-80571000.0,-80571000.0,-80571000.0,0.0,0.0,-0.088,749326000.0,-15730000.0,34333000.0,0.0,7.007,-51.364,-56.349,58281000.0,0.0,35.5,4.518,5.175,226362000.0,138386000.0,915980000.0,915980000.0,131236000.0,-0.071,-0.151,0.004,0.003,39941000.0,364568000.0,1.0,116575046.0,133531000,133531000.0,6.86,1079192000.0,93471000.0,83509000.0,62673000.0,8.082,402856000.0
50,MFE,MRT,1998-06-30,1998-06-30,1998-06-30,2019-05-23,0.0,1207654000.0,,779397000.0,428257000.0,,4.151,-38850000.0,101634000.0,101634000.0,171840000.0,-37345000.0,3.015,1.212,360229000.0,3769000.0,356460000.0,360229000.0,112315000.0,50180000.0,0.0,0.0,0.0,41762000.0,91942000.0,0.107,91942000.0,41762000.0,41675000.0,-0.29,-0.29,-0.29,545893000.0,,545893000.0,5656507390.0,135.0,61.523,36320000.0,0.276,1.0,690103000.0,0.801,186305000.0,87000.0,1021460000.0,,0.0,574232000.0,451794000.0,122438000.0,661761000.0,258484000.0,403277000.0,5492827390.0,-50146000.0,-160241000.0,108117000.0,337583000.0,0.0,412526000.0,-537051000.0,-337586000.0,75170000.0,-4953000.0,-37345000.0,-37345000.0,-37345000.0,0.0,0.0,-0.043,669478000.0,20625000.0,34084000.0,0.0,10.062,-147.083,-165.086,49238000.0,0.0,47.875,6.373,7.304,175712000.0,211128000.0,861943000.0,861943000.0,124693000.0,,,,0.048,39941000.0,357869000.0,1.0,114732687.0,131503000,131503000.0,6.555,1021349000.0,70276000.0,79020000.0,47657000.0,7.767,520913000.0
51,MFE,MRT,1998-03-31,1998-03-31,1998-03-31,2019-05-23,0.0,1099748000.0,,832596000.0,267152000.0,,3.914,-35878000.0,190983000.0,190983000.0,147976000.0,28513000.0,3.813,1.147,354663000.0,0.0,354663000.0,354663000.0,91932000.0,41226000.0,0.0,0.0,0.0,101599000.0,142825000.0,0.186,142825000.0,101599000.0,101512000.0,0.25,0.23,0.25,512240000.0,,512240000.0,4508764848.0,44.0,31.568,97132000.0,0.742,1.0,619833000.0,0.807,62277000.0,87000.0,982818000.0,,0.0,591475000.0,436474000.0,155001000.0,587508000.0,218333000.0,369175000.0,4632258848.0,33902000.0,-73233000.0,62942000.0,337543000.0,0.0,393069000.0,-490244000.0,-380768000.0,133010000.0,-1683000.0,28513000.0,28513000.0,28513000.0,0.0,0.0,0.037,540286000.0,79547000.0,22682000.0,0.0,9.043,162.461,176.667,37241000.0,0.0,44.167,6.033,7.529,132633000.0,257769000.0,767809000.0,767809000.0,111355000.0,,,,0.132,39941000.0,323854000.0,1.0,104881325.0,130885000,136296000.0,5.866,1037471000.0,12633000.0,72999000.0,0.0,7.927,614263000.0
52,MFE,MRT,1997-12-31,1997-12-31,1997-12-31,2019-05-23,1778000.0,805350000.0,640121000.0,537779000.0,267571000.0,1.149,3.888,-31154000.0,157031000.0,157031000.0,142099000.0,10639000.0,1.855,0.635,2663000.0,310000.0,2353000.0,2663000.0,127422000.0,37720000.0,0.0,0.0,0.0,82900000.0,120620000.0,0.164,120620000.0,82900000.0,82813000.0,0.08,0.08,0.08,492501000.0,416700000.0,492501000.0,,,,100831000.0,0.796,1.0,593593000.0,0.807,93886000.0,87000.0,267128000.0,237572000.0,0.0,260764000.0,151580000.0,109184000.0,312849000.0,289968000.0,22881000.0,3697066689.0,-8754000.0,-73233000.0,5372000.0,-125000.0,0.0,5247000.0,-145195000.0,-40434000.0,131985000.0,-791000.0,10639000.0,10639000.0,10639000.0,0.0,0.0,0.014,531646000.0,61947000.0,26444000.0,0.0,7.507,347.501,440.625,48328000.0,0.0,35.25,5.025,6.069,156197000.0,158701000.0,735692000.0,735692000.0,103051000.0,0.017,0.026,0.349,0.113,39941000.0,305277000.0,1.0,104881325.0,126662000,132729000.0,5.808,711464000.0,46262000.0,72174000.0,2135000.0,5.617,247811000.0
53,MFE,MRT,1997-09-30,1997-09-30,1997-09-30,2019-05-23,,,,,,,,,,,,,,,,,,,,,,0.0,0.0,,,,,,,,,,,,,,,,,,1.0,,,,,,,,,,,,,,,,,,,,,,,,,,,,,,,,,,,,,,,,35.333,,,,,,,,,,,,,,1.0,,127100000,,,,,,,,
54,MFE,MRT,1997-06-30,1997-06-30,1997-06-30,2019-05-23,,,,,,,,,,,,,,,,,,,,,,0.0,0.0,,,,,,,,,,,,,,,,,,1.0,,,,,,,,,,,,,,,,,,,,,,,,,,,,,,,,,,,,,,,,42.083,,,,,,,,,,,,,,1.0,,110562000,,,,,,,,
55,MFE,MRT,1997-03-31,1997-03-31,1997-03-31,2019-05-23,,,,,,,,,,,,,,,,,,,,,,0.0,0.0,,,,,,,,,,,,,,,,,,1.0,,,,,,,,,,,,,,,,,,,,,,,,,,,,,,,,,,,,,,,,29.5,,,,,,,,,,,,,,1.0,,102032000,,,,,,,,
56,MFE,MRT,1996-12-31,1996-12-31,1996-12-31,2019-05-23,0.0,474892000.0,,374219000.0,100673000.0,,2.948,-27373000.0,127516000.0,127516000.0,97558000.0,10711000.0,2.964,0.393,0.0,0.0,0.0,0.0,59500000.0,39933000.0,0.0,0.0,0.0,65432000.0,105365000.0,0.205,105365000.0,65432000.0,65419000.0,0.09,0.09,0.09,340899000.0,,340899000.0,,,,10490000.0,0.091,1.0,417439000.0,0.811,13108000.0,13000.0,208016000.0,,0.0,180787000.0,134304000.0,46483000.0,133993000.0,126252000.0,7741000.0,,93569000.0,0.0,121537000.0,-3298000.0,0.0,159220000.0,-103983000.0,-76610000.0,37863000.0,469000.0,10711000.0,10711000.0,10711000.0,0.0,0.0,0.021,359871000.0,57568000.0,34641000.0,0.0,,,325.926,28861000.0,0.0,29.333,,6.586,80765000.0,199058000.0,514997000.0,514997000.0,63795000.0,,,,0.127,0.0,236813000.0,1.0,,115626000,125502000.0,4.454,461784000.0,12221000.0,54708000.0,0.0,3.994,247967000.0
57,MFE,MRT,1995-12-31,1995-12-31,1995-12-31,2019-05-23,,,,,,,,-16525000.0,,,50384000.0,49766000.0,,,,,,,,12799000.0,,0.0,0.0,76585000.0,89384000.0,0.312,89384000.0,76585000.0,76585000.0,0.76,0.71,0.76,,,,,,,34423000.0,0.528,1.0,236559000.0,0.824,,0.0,,,,,,,,,,,25822000.0,-6501000.0,-15421000.0,460000.0,0.0,-675000.0,-24406000.0,-1380000.0,50948000.0,-45000.0,49766000.0,49766000.0,49766000.0,0.0,0.0,0.173,168854000.0,67705000.0,,0.0,,,17.105,,0.0,13.0,,2.951,,,286943000.0,286943000.0,37815000.0,,,,0.267,0.0,116347000.0,,,65135000,70177000.0,4.405,,,26819000.0,,,
