None,ticker,dimension,calendardate,datekey,reportperiod,lastupdated,accoci,assets,assetsavg,assetsc,assetsnc,assetturnover,bvps,capex,cashneq,cashnequsd,cor,consolinc,currentratio,de,debt,debtc,debtnc,debtusd,deferredrev,depamor,deposits,divyield,dps,ebit,ebitda,ebitdamargin,ebitdausd,ebitusd,ebt,eps,epsdil,epsusd,equity,equityavg,equityusd,ev,evebit,evebitda,fcf,fcfps,fxusd,gp,grossmargin,intangibles,intexp,invcap,invcapavg,inventory,investments,investmentsc,investmentsnc,liabilities,liabilitiesc,liabilitiesnc,marketcap,ncf,ncfbus,ncfcommon,ncfdebt,ncfdiv,ncff,ncfi,ncfinv,ncfo,ncfx,netinc,netinccmn,netinccmnusd,netincdis,netincnci,netmargin,opex,opinc,payables,payoutratio,pb,pe,pe1,ppnenet,prefdivis,price,ps,ps1,receivables,retearn,revenue,revenueusd,rnd,roa,roe,roic,ros,sbcomp,sgna,sharefactor,sharesbas,shareswa,shareswadil,sps,tangibles,taxassets,taxexp,taxliabilities,tbvps,workingcapital
0,HAL,MRY,2020-12-31,2020-12-31,2020-12-31,2021-10-22,-362000000.0,20680000000.0,21570000000.0,9475000000.0,11205000000.0,0.67,5.646,-442000000.0,2563000000.0,2563000000.0,12900000000.0,-2942000000.0,2.143,3.156,10836000000.0,946000000.0,9890000000.0,10836000000.0,0.0,1058000000.0,0.0,0.017,0.315,-2718000000.0,-1660000000.0,-0.115,-1660000000.0,-2718000000.0,-3223000000.0,-3.34,-3.34,-3.34,4974000000.0,5548250000.0,4974000000.0,25413736212.0,-9.0,-15.309,1439000000.0,1.633,1.0,1545000000.0,0.107,2804000000.0,505000000.0,21728000000.0,23254750000.0,2349000000.0,0.0,0.0,0.0,15697000000.0,4421000000.0,11276000000.0,16707736212.0,295000000.0,0.0,-13000000.0,-660000000.0,-278000000.0,-1007000000.0,-486000000.0,0.0,1881000000.0,-93000000.0,-2945000000.0,-2945000000.0,-2945000000.0,0.0,3000000.0,-0.204,3981000000.0,-2436000000.0,1573000000.0,-0.094,3.359,-5.673,-5.659,5111000000.0,0.0,18.9,1.157,1.153,3071000000.0,8691000000.0,14445000000.0,14445000000.0,0.0,-0.137,-0.531,-0.117,-0.188,0.0,182000000.0,1.0,884007207.0,881000000,881000000.0,16.396,17876000000.0,2166000000.0,-278000000.0,0.0,20.291,5054000000.0
1,HAL,MRY,2019-12-31,2019-12-31,2019-12-31,2021-10-22,-362000000.0,25377000000.0,26508750000.0,11212000000.0,14165000000.0,0.845,9.157,-1340000000.0,2268000000.0,2268000000.0,20123000000.0,-1129000000.0,2.298,2.166,11360000000.0,219000000.0,11141000000.0,11360000000.0,0.0,1625000000.0,0.0,0.029,0.72,-555000000.0,1070000000.0,0.048,1070000000.0,-555000000.0,-1124000000.0,-1.29,-1.29,-1.29,8012000000.0,9217500000.0,8012000000.0,31191873595.0,-56.0,29.151,1105000000.0,1.263,1.0,2285000000.0,0.102,2812000000.0,569000000.0,26779000000.0,28505250000.0,3139000000.0,0.0,0.0,0.0,17352000000.0,4878000000.0,12474000000.0,21479873595.0,260000000.0,0.0,18000000.0,-13000000.0,-630000000.0,-695000000.0,-1445000000.0,0.0,2445000000.0,-45000000.0,-1131000000.0,-1131000000.0,-1131000000.0,0.0,2000000.0,-0.05,2733000000.0,-448000000.0,2432000000.0,-0.558,2.681,-18.992,-18.969,8241000000.0,0.0,24.47,0.959,0.956,4577000000.0,11989000000.0,22408000000.0,22408000000.0,0.0,-0.043,-0.123,-0.019,-0.025,0.0,227000000.0,1.0,877804397.0,875000000,875000000.0,25.609,22565000000.0,1683000000.0,7000000.0,310000000.0,25.789,6334000000.0
2,HAL,MRY,2018-12-31,2018-12-31,2018-12-31,2021-10-22,-355000000.0,25982000000.0,25672250000.0,11151000000.0,14831000000.0,0.935,10.882,-1808000000.0,2008000000.0,2008000000.0,21009000000.0,1657000000.0,2.322,1.726,10312000000.0,0.0,10312000000.0,10312000000.0,0.0,1606000000.0,0.0,0.027,0.72,2367000000.0,3973000000.0,0.166,3973000000.0,2367000000.0,1813000000.0,1.89,1.89,1.89,9522000000.0,8927000000.0,9522000000.0,31687309883.0,13.0,7.976,1349000000.0,1.542,1.0,2986000000.0,0.124,2825000000.0,554000000.0,26659000000.0,26445750000.0,3028000000.0,0.0,0.0,0.0,16438000000.0,4802000000.0,11636000000.0,23285309883.0,-329000000.0,-187000000.0,-205000000.0,-445000000.0,-630000000.0,-1419000000.0,-1993000000.0,0.0,3157000000.0,-74000000.0,1656000000.0,1656000000.0,1656000000.0,0.0,1000000.0,0.069,519000000.0,2467000000.0,3018000000.0,0.381,2.445,14.061,14.063,8873000000.0,0.0,26.58,0.97,0.969,5234000000.0,13739000000.0,23995000000.0,23995000000.0,0.0,0.065,0.186,0.09,0.099,0.0,254000000.0,1.0,876046271.0,875000000,877000000.0,27.423,23157000000.0,1384000000.0,157000000.0,248000000.0,26.465,6349000000.0
3,HAL,MRY,2017-12-31,2017-12-31,2017-12-31,2021-10-22,-469000000.0,25085000000.0,25271250000.0,10777000000.0,14308000000.0,0.816,9.566,-1215000000.0,2337000000.0,2337000000.0,18343000000.0,-468000000.0,2.217,2.011,10942000000.0,512000000.0,10430000000.0,10942000000.0,0.0,1556000000.0,0.0,0.018,0.9,1261000000.0,2817000000.0,0.137,2817000000.0,1261000000.0,668000000.0,-0.53,-0.53,-0.53,8322000000.0,8851750000.0,8322000000.0,51681073930.0,41.0,18.346,1253000000.0,1.44,1.0,2277000000.0,0.11,2693000000.0,593000000.0,26135000000.0,27242000000.0,2396000000.0,0.0,0.0,0.0,16736000000.0,4862000000.0,11874000000.0,42641073930.0,-1672000000.0,-628000000.0,158000000.0,-1641000000.0,-626000000.0,-2161000000.0,-1927000000.0,0.0,2468000000.0,-52000000.0,-463000000.0,-463000000.0,-463000000.0,19000000.0,-5000000.0,-0.022,903000000.0,1374000000.0,2554000000.0,-1.698,5.124,-92.097,-92.208,8521000000.0,0.0,48.87,2.068,2.062,5036000000.0,12668000000.0,20620000000.0,20620000000.0,0.0,-0.018,-0.052,0.046,0.061,0.0,256000000.0,1.0,872540903.0,870000000,870000000.0,23.701,22392000000.0,1230000000.0,1131000000.0,231000000.0,25.738,5915000000.0
4,HAL,MRY,2016-12-31,2016-12-31,2016-12-31,2021-10-22,-454000000.0,27000000000.0,28856000000.0,11677000000.0,15323000000.0,0.551,10.928,-576000000.0,4009000000.0,4009000000.0,15017000000.0,-5769000000.0,2.903,1.865,12384000000.0,170000000.0,12214000000.0,12384000000.0,261000000.0,1503000000.0,0.0,0.013,0.72,-6982000000.0,-5479000000.0,-0.345,-5479000000.0,-6982000000.0,-7621000000.0,-6.69,-6.69,-6.69,9409000000.0,10460000000.0,9409000000.0,55784220309.0,-8.0,-10.181,-2279000000.0,-2.647,1.0,870000000.0,0.055,2414000000.0,639000000.0,28938000000.0,29832750000.0,2275000000.0,0.0,0.0,0.0,17552000000.0,4023000000.0,13529000000.0,46758220309.0,-6068000000.0,-31000000.0,186000000.0,-3171000000.0,-620000000.0,-3540000000.0,-710000000.0,4000000.0,-1703000000.0,-115000000.0,-5763000000.0,-5763000000.0,-5763000000.0,0.0,-6000000.0,-0.363,7640000000.0,-6770000000.0,1764000000.0,-0.108,4.97,-8.114,-8.085,8532000000.0,0.0,54.09,2.943,2.931,3922000000.0,14141000000.0,15887000000.0,15887000000.0,0.0,-0.2,-0.551,-0.234,-0.439,0.0,226000000.0,1.0,864452215.0,861000000,861000000.0,18.452,24586000000.0,2545000000.0,-1858000000.0,218000000.0,28.555,7654000000.0
5,HAL,MRY,2015-12-31,2015-12-31,2015-12-31,2021-10-22,-363000000.0,36942000000.0,32095750000.0,20070000000.0,16872000000.0,0.736,18.127,-2016000000.0,10077000000.0,10077000000.0,21113000000.0,-667000000.0,3.761,1.387,15346000000.0,659000000.0,14687000000.0,15346000000.0,298000000.0,1835000000.0,0.0,0.021,0.72,-498000000.0,1337000000.0,0.057,1337000000.0,-498000000.0,-945000000.0,-0.79,-0.79,-0.79,15462000000.0,15546500000.0,15462000000.0,34773886366.0,-70.0,26.009,890000000.0,1.043,1.0,2520000000.0,0.107,2385000000.0,447000000.0,34489000000.0,30008000000.0,2993000000.0,0.0,0.0,0.0,21447000000.0,5337000000.0,16110000000.0,29131886366.0,7786000000.0,-39000000.0,167000000.0,7432000000.0,-614000000.0,7081000000.0,-2192000000.0,0.0,2906000000.0,-9000000.0,-671000000.0,-671000000.0,-671000000.0,0.0,4000000.0,-0.028,2685000000.0,-165000000.0,2019000000.0,-0.911,1.884,-43.416,-43.089,12117000000.0,0.0,34.04,1.233,1.229,5317000000.0,20524000000.0,23633000000.0,23633000000.0,0.0,-0.021,-0.043,-0.017,-0.021,0.0,200000000.0,1.0,855813348.0,853000000,853000000.0,27.706,34557000000.0,1079000000.0,-274000000.0,293000000.0,40.512,14733000000.0
6,HAL,MRY,2014-12-31,2014-12-31,2014-12-31,2021-10-22,-399000000.0,32165000000.0,30872000000.0,14647000000.0,17518000000.0,1.065,19.183,-2945000000.0,2291000000.0,2291000000.0,27334000000.0,3501000000.0,2.497,0.975,7779000000.0,14000000.0,7765000000.0,7779000000.0,349000000.0,2126000000.0,0.0,0.016,0.63,5158000000.0,7284000000.0,0.222,7284000000.0,5158000000.0,4775000000.0,4.13,4.11,4.13,16267000000.0,15011250000.0,16267000000.0,39117613324.0,8.0,5.37,1117000000.0,1.317,1.0,5536000000.0,0.168,2330000000.0,383000000.0,29457000000.0,28688500000.0,3571000000.0,0.0,0.0,0.0,15867000000.0,5866000000.0,10001000000.0,33330613324.0,-65000000.0,-231000000.0,-468000000.0,-4000000.0,-533000000.0,-1030000000.0,-3138000000.0,0.0,4062000000.0,41000000.0,3500000000.0,3500000000.0,3500000000.0,0.0,1000000.0,0.106,439000000.0,5097000000.0,2814000000.0,0.153,2.049,9.523,9.523,12475000000.0,0.0,39.33,1.014,1.015,7564000000.0,21809000000.0,32870000000.0,32870000000.0,0.0,0.113,0.233,0.18,0.157,0.0,293000000.0,1.0,847460293.0,848000000,852000000.0,38.762,29835000000.0,0.0,1275000000.0,407000000.0,35.183,8781000000.0
7,HAL,MRY,2013-12-31,2013-12-31,2013-12-31,2021-10-22,-307000000.0,29223000000.0,28068250000.0,13704000000.0,15519000000.0,1.048,15.124,-2693000000.0,2356000000.0,2356000000.0,24931000000.0,2135000000.0,2.727,1.149,7816000000.0,0.0,7816000000.0,7816000000.0,350000000.0,1900000000.0,0.0,0.01,0.525,3104000000.0,5004000000.0,0.17,5004000000.0,3104000000.0,2773000000.0,2.37,2.36,2.37,13581000000.0,14354000000.0,13581000000.0,49372491779.0,16.0,9.867,1754000000.0,1.953,1.0,4471000000.0,0.152,2168000000.0,331000000.0,27489000000.0,25624500000.0,3305000000.0,0.0,0.0,0.0,15608000000.0,5026000000.0,10582000000.0,43047491779.0,-128000000.0,-94000000.0,-4079000000.0,2968000000.0,-465000000.0,-1754000000.0,-2870000000.0,27000000.0,4447000000.0,49000000.0,2125000000.0,2125000000.0,2125000000.0,0.0,10000000.0,0.072,1333000000.0,3138000000.0,2365000000.0,0.222,3.17,20.258,21.414,11322000000.0,0.0,50.75,1.464,1.55,6181000000.0,18842000000.0,29402000000.0,29402000000.0,0.0,0.076,0.148,0.121,0.106,0.0,333000000.0,1.0,848226439.0,898000000,902000000.0,32.742,27055000000.0,388000000.0,648000000.0,357000000.0,30.128,8678000000.0
8,HAL,MRY,2012-12-31,2012-12-31,2012-12-31,2021-10-22,-309000000.0,27410000000.0,25990250000.0,13086000000.0,14324000000.0,1.097,17.025,-3171000000.0,2484000000.0,2484000000.0,23769000000.0,2645000000.0,2.754,0.737,4820000000.0,0.0,4820000000.0,4820000000.0,307000000.0,1628000000.0,0.0,0.01,0.36,4168000000.0,5796000000.0,0.203,5796000000.0,4168000000.0,3870000000.0,2.85,2.84,2.85,15765000000.0,14829250000.0,15765000000.0,34979863480.0,8.0,6.035,483000000.0,0.522,1.0,4734000000.0,0.166,2135000000.0,298000000.0,22859000000.0,21909000000.0,3186000000.0,0.0,0.0,0.0,11620000000.0,4752000000.0,6868000000.0,32191863480.0,-214000000.0,-214000000.0,107000000.0,0.0,-333000000.0,-172000000.0,-3688000000.0,-248000000.0,3654000000.0,-8000000.0,2635000000.0,2635000000.0,2635000000.0,0.0,10000000.0,0.092,575000000.0,4159000000.0,2041000000.0,0.126,2.042,12.217,12.172,10257000000.0,0.0,34.69,1.129,1.127,5787000000.0,17182000000.0,28503000000.0,28503000000.0,0.0,0.101,0.178,0.19,0.146,217000000.0,275000000.0,1.0,927986840.0,926000000,928000000.0,30.781,25275000000.0,351000000.0,1235000000.0,0.0,27.295,8334000000.0
9,HAL,MRY,2011-12-31,2011-12-31,2011-12-31,2021-10-22,-273000000.0,23677000000.0,20956750000.0,11577000000.0,12100000000.0,1.185,14.377,-2793000000.0,2698000000.0,2698000000.0,19811000000.0,2844000000.0,2.809,0.793,4820000000.0,0.0,4820000000.0,4820000000.0,309000000.0,1359000000.0,0.0,0.01,0.36,4541000000.0,5900000000.0,0.238,5900000000.0,4541000000.0,4278000000.0,3.09,3.08,3.09,13198000000.0,12030500000.0,13198000000.0,33803903226.0,7.0,5.729,891000000.0,0.971,1.0,5018000000.0,0.202,1776000000.0,263000000.0,19902000000.0,18368750000.0,2570000000.0,0.0,0.0,0.0,10461000000.0,4121000000.0,6340000000.0,31754903226.0,1300000000.0,-880000000.0,160000000.0,978000000.0,-330000000.0,833000000.0,-3190000000.0,500000000.0,3684000000.0,-27000000.0,2839000000.0,2839000000.0,2839000000.0,0.0,5000000.0,0.114,281000000.0,4737000000.0,1826000000.0,0.117,2.406,11.185,11.168,8492000000.0,0.0,34.51,1.279,1.276,5084000000.0,14880000000.0,24829000000.0,24829000000.0,0.0,0.135,0.236,0.247,0.183,0.0,281000000.0,1.0,920165263.0,918000000,922000000.0,27.047,21901000000.0,321000000.0,1439000000.0,0.0,23.857,7456000000.0
10,HAL,MRY,2010-12-31,2010-12-31,2010-12-31,2021-10-22,-240000000.0,18297000000.0,17753750000.0,8886000000.0,9411000000.0,1.012,11.424,-1842000000.0,1398000000.0,1398000000.0,14735000000.0,1842000000.0,3.223,0.763,3824000000.0,0.0,3824000000.0,3824000000.0,266000000.0,1119000000.0,0.0,0.009,0.36,2985000000.0,4104000000.0,0.228,4104000000.0,2985000000.0,2688000000.0,2.02,2.01,2.02,10373000000.0,9624250000.0,10373000000.0,39835306782.0,13.0,9.706,370000000.0,0.407,1.0,3238000000.0,0.18,1315000000.0,297000000.0,16651000000.0,16339000000.0,1940000000.0,653000000.0,653000000.0,0.0,7910000000.0,2757000000.0,5153000000.0,37136306782.0,-684000000.0,-523000000.0,-39000000.0,-790000000.0,-327000000.0,-1114000000.0,-1755000000.0,643000000.0,2212000000.0,-27000000.0,1835000000.0,1835000000.0,1835000000.0,0.0,7000000.0,0.102,229000000.0,3009000000.0,1139000000.0,0.178,3.58,20.238,20.213,6842000000.0,0.0,40.83,2.066,2.063,3924000000.0,12371000000.0,17973000000.0,17973000000.0,0.0,0.103,0.191,0.183,0.166,0.0,229000000.0,1.0,909534822.0,908000000,911000000.0,19.794,16982000000.0,257000000.0,853000000.0,0.0,18.703,6129000000.0
11,HAL,MRY,2009-12-31,2009-12-31,2009-12-31,2021-10-22,-213000000.0,16538000000.0,16328500000.0,8638000000.0,7900000000.0,0.899,9.698,-1864000000.0,2082000000.0,2082000000.0,12474000000.0,1155000000.0,2.99,0.891,4574000000.0,750000000.0,3824000000.0,4574000000.0,215000000.0,931000000.0,0.0,0.012,0.36,1948000000.0,2879000000.0,0.196,2879000000.0,1948000000.0,1663000000.0,1.27,1.27,1.27,8728000000.0,8413000000.0,8728000000.0,30037024533.0,15.0,10.433,542000000.0,0.602,1.0,2201000000.0,0.15,1100000000.0,285000000.0,15041000000.0,15353750000.0,1598000000.0,1312000000.0,1312000000.0,0.0,7781000000.0,2889000000.0,4892000000.0,27139024533.0,958000000.0,-55000000.0,57000000.0,1944000000.0,-324000000.0,1670000000.0,-3085000000.0,-1320000000.0,2406000000.0,-33000000.0,1145000000.0,1145000000.0,1145000000.0,0.0,10000000.0,0.078,207000000.0,1994000000.0,787000000.0,0.283,3.109,23.702,23.693,5759000000.0,0.0,30.09,1.849,1.845,2964000000.0,10863000000.0,14675000000.0,14675000000.0,0.0,0.07,0.136,0.127,0.133,0.0,207000000.0,1.0,901928366.0,900000000,902000000.0,16.306,15438000000.0,210000000.0,518000000.0,0.0,17.153,5749000000.0
12,HAL,MRY,2008-12-31,2008-12-31,2008-12-31,2021-10-22,-215000000.0,14385000000.0,13901750000.0,7411000000.0,6974000000.0,1.315,8.749,-1824000000.0,1124000000.0,1124000000.0,14049000000.0,2215000000.0,2.665,0.86,2612000000.0,26000000.0,2586000000.0,2612000000.0,231000000.0,738000000.0,0.0,0.02,0.36,3563000000.0,4301000000.0,0.235,4301000000.0,3563000000.0,3435000000.0,2.52,2.45,2.52,7725000000.0,7449750000.0,7725000000.0,18046462537.0,5.0,4.196,850000000.0,0.963,1.0,4230000000.0,0.231,1072000000.0,128000000.0,12020000000.0,11623250000.0,1828000000.0,0.0,0.0,0.0,6641000000.0,2781000000.0,3860000000.0,16248462537.0,-723000000.0,-652000000.0,-507000000.0,-861000000.0,-319000000.0,-1523000000.0,-1856000000.0,388000000.0,2674000000.0,-18000000.0,2224000000.0,2224000000.0,2224000000.0,0.0,-9000000.0,0.122,220000000.0,4010000000.0,898000000.0,0.143,2.103,7.306,7.214,4782000000.0,0.0,18.18,0.889,0.878,3795000000.0,10041000000.0,18279000000.0,18279000000.0,0.0,0.16,0.299,0.307,0.195,0.0,282000000.0,1.0,893754815.0,883000000,909000000.0,20.701,13313000000.0,246000000.0,1211000000.0,0.0,15.077,4630000000.0
13,HAL,MRY,2007-12-31,2007-12-31,2007-12-31,2021-10-22,-104000000.0,13135000000.0,13807750000.0,7573000000.0,5562000000.0,1.105,7.471,-1380000000.0,1847000000.0,1847000000.0,11525000000.0,3536000000.0,3.141,0.899,2786000000.0,159000000.0,2627000000.0,2786000000.0,209000000.0,583000000.0,0.0,0.009,0.345,4561000000.0,5144000000.0,0.337,5144000000.0,4561000000.0,4393000000.0,3.79,3.65,3.79,6866000000.0,6703250000.0,6866000000.0,35475511671.0,8.0,6.896,1346000000.0,1.465,1.0,3739000000.0,0.245,790000000.0,168000000.0,10873000000.0,11435750000.0,1459000000.0,388000000.0,388000000.0,0.0,6175000000.0,2411000000.0,3764000000.0,33404511671.0,-2532000000.0,-2024000000.0,-1374000000.0,-7000000.0,-314000000.0,-1570000000.0,-3661000000.0,-332000000.0,2726000000.0,-27000000.0,3486000000.0,3486000000.0,3486000000.0,0.0,50000000.0,0.228,241000000.0,3498000000.0,768000000.0,0.091,4.865,9.582,10.003,3630000000.0,0.0,37.91,2.188,2.282,3093000000.0,8202000000.0,15264000000.0,15264000000.0,0.0,0.252,0.52,0.399,0.299,0.0,293000000.0,1.0,881153038.0,919000000,955000000.0,16.609,12345000000.0,724000000.0,907000000.0,209000000.0,13.433,5162000000.0
14,HAL,MRY,2006-12-31,2006-12-31,2006-12-31,2021-10-22,-437000000.0,16860000000.0,16047000000.0,11190000000.0,5670000000.0,0.807,7.274,-682000000.0,2918000000.0,2918000000.0,9426000000.0,2348000000.0,2.364,1.276,2809000000.0,26000000.0,2783000000.0,2809000000.0,171000000.0,480000000.0,0.0,0.01,0.3,3516000000.0,3996000000.0,0.308,3996000000.0,3516000000.0,3351000000.0,2.31,2.23,2.31,7376000000.0,7166250000.0,7376000000.0,30505057959.0,9.0,7.634,2975000000.0,2.934,1.0,3529000000.0,0.272,486000000.0,165000000.0,11531000000.0,10636250000.0,1235000000.0,20000000.0,20000000.0,0.0,9415000000.0,4734000000.0,4681000000.0,31221057959.0,1988000000.0,71000000.0,-1180000000.0,-324000000.0,-306000000.0,-1280000000.0,-426000000.0,-20000000.0,3657000000.0,37000000.0,2348000000.0,2348000000.0,2348000000.0,-171000000.0,0.0,0.181,342000000.0,3187000000.0,655000000.0,0.13,4.233,13.297,13.442,2557000000.0,0.0,31.05,2.41,2.43,2629000000.0,5051000000.0,12955000000.0,12955000000.0,0.0,0.146,0.328,0.331,0.271,0.0,342000000.0,1.0,1005509113.0,1014000000,1054000000.0,12.776,16374000000.0,653000000.0,1003000000.0,146000000.0,16.148,6456000000.0
15,HAL,MRY,2005-12-31,2005-12-31,2005-12-31,2021-10-22,-266000000.0,15048000000.0,13941250000.0,9386000000.0,5662000000.0,0.724,6.309,-469000000.0,2391000000.0,2391000000.0,7743000000.0,2358000000.0,2.12,1.339,3174000000.0,361000000.0,2813000000.0,3174000000.0,661000000.0,448000000.0,0.0,0.008,0.25,2429000000.0,2877000000.0,0.285,2877000000.0,2429000000.0,2233000000.0,2.34,2.27,2.34,6372000000.0,5188000000.0,6372000000.0,33158579969.0,14.0,11.525,232000000.0,0.23,1.0,2357000000.0,0.233,765000000.0,196000000.0,10639000000.0,10253250000.0,953000000.0,382000000.0,0.0,382000000.0,8531000000.0,4427000000.0,4104000000.0,31775579969.0,474000000.0,104000000.0,330000000.0,-771000000.0,-254000000.0,-720000000.0,510000000.0,891000000.0,701000000.0,-17000000.0,2358000000.0,2358000000.0,2358000000.0,-251000000.0,0.0,0.233,294000000.0,2063000000.0,1967000000.0,0.107,4.987,13.476,13.239,2648000000.0,0.0,30.98,3.146,3.098,4801000000.0,2975000000.0,10100000000.0,10100000000.0,0.0,0.169,0.455,0.237,0.24,0.0,294000000.0,1.0,1025680438.0,1010000000,1038000000.0,10.0,14283000000.0,1467000000.0,-125000000.0,0.0,14.142,4959000000.0
16,HAL,MRY,2004-12-31,2004-12-31,2004-12-31,2021-10-22,-146000000.0,15864000000.0,15937000000.0,10030000000.0,5834000000.0,1.247,4.499,-409000000.0,1917000000.0,1917000000.0,18752000000.0,-979000000.0,1.406,3.007,3955000000.0,362000000.0,3593000000.0,3955000000.0,553000000.0,509000000.0,0.0,0.013,0.25,-515000000.0,-6000000.0,0.0,-6000000.0,-515000000.0,-744000000.0,-1.12,-1.11,-1.12,3932000000.0,2454750000.0,3932000000.0,18291099471.0,-36.0,-3048.517,519000000.0,0.594,1.0,1126000000.0,0.057,795000000.0,229000000.0,9975000000.0,9840250000.0,791000000.0,1432000000.0,891000000.0,541000000.0,11824000000.0,7132000000.0,4692000000.0,17343099471.0,813000000.0,102000000.0,56000000.0,469000000.0,-221000000.0,283000000.0,-406000000.0,-158000000.0,928000000.0,8000000.0,-979000000.0,-979000000.0,-979000000.0,1353000000.0,0.0,-0.049,361000000.0,765000000.0,2339000000.0,-0.223,4.411,-17.715,-17.518,2553000000.0,0.0,19.62,0.872,0.863,5751000000.0,871000000.0,19878000000.0,19878000000.0,0.0,-0.061,-0.399,-0.052,-0.026,0.0,361000000.0,1.0,883950024.0,874000000,882000000.0,22.744,15069000000.0,1081000000.0,235000000.0,0.0,17.241,2898000000.0
17,HAL,MRY,2003-12-31,2003-12-31,2003-12-31,2021-10-22,-298000000.0,15499000000.0,13970250000.0,7919000000.0,7580000000.0,1.165,2.934,-408000000.0,1815000000.0,1815000000.0,15268000000.0,-820000000.0,1.206,5.046,3437000000.0,22000000.0,3415000000.0,3437000000.0,741000000.0,518000000.0,0.0,0.019,0.25,-447000000.0,71000000.0,0.004,71000000.0,-447000000.0,-586000000.0,-0.945,-0.94,-0.945,2547000000.0,3311250000.0,2547000000.0,12579663922.0,-28.0,177.178,-1183000000.0,-1.363,1.0,1003000000.0,0.062,670000000.0,139000000.0,9887000000.0,10308750000.0,695000000.0,579000000.0,0.0,579000000.0,12852000000.0,6564000000.0,6288000000.0,11389663922.0,132000000.0,224000000.0,15000000.0,1864000000.0,-219000000.0,1636000000.0,-772000000.0,-519000000.0,-775000000.0,43000000.0,-820000000.0,-820000000.0,-820000000.0,1151000000.0,0.0,-0.05,330000000.0,673000000.0,1776000000.0,-0.265,4.472,-13.89,-13.757,2526000000.0,0.0,13.0,0.7,0.694,4765000000.0,2071000000.0,16271000000.0,16271000000.0,0.0,-0.059,-0.248,-0.043,-0.027,0.0,330000000.0,1.0,876127994.0,868000000,874000000.0,18.745,14829000000.0,774000000.0,234000000.0,0.0,17.084,1355000000.0
18,HAL,MRY,2002-12-31,2002-12-31,2002-12-31,2021-10-22,-281000000.0,12844000000.0,11855500000.0,5560000000.0,7284000000.0,1.06,4.118,-498000000.0,1107000000.0,1107000000.0,12379000000.0,-998000000.0,1.699,2.59,1525000000.0,344000000.0,1181000000.0,1525000000.0,741000000.0,505000000.0,0.0,0.027,0.25,-805000000.0,-300000000.0,-0.024,-300000000.0,-805000000.0,-918000000.0,-1.155,-1.155,-1.155,3558000000.0,4225250000.0,3558000000.0,9018050305.0,-11.0,-30.06,1064000000.0,1.231,1.0,193000000.0,0.015,723000000.0,113000000.0,9267000000.0,9092250000.0,734000000.0,413000000.0,0.0,413000000.0,9215000000.0,3272000000.0,5943000000.0,8165050305.0,817000000.0,170000000.0,-4000000.0,-17000000.0,-219000000.0,-248000000.0,-473000000.0,62000000.0,1562000000.0,-24000000.0,-998000000.0,-998000000.0,-998000000.0,652000000.0,0.0,-0.079,335000000.0,-142000000.0,1077000000.0,-0.216,2.295,-8.181,-8.1,2629000000.0,0.0,9.355,0.649,0.643,3257000000.0,3110000000.0,12572000000.0,12572000000.0,0.0,-0.084,-0.236,-0.089,-0.064,0.0,335000000.0,1.0,872800674.0,864000000,864000000.0,14.551,12121000000.0,807000000.0,80000000.0,148000000.0,14.029,2288000000.0
19,HAL,MRY,2001-12-31,2001-12-31,2001-12-31,2021-10-22,-236000000.0,10966000000.0,10684250000.0,5573000000.0,5393000000.0,1.221,5.551,-677000000.0,290000000.0,290000000.0,11575000000.0,809000000.0,1.916,1.308,1528000000.0,125000000.0,1403000000.0,1528000000.0,710000000.0,531000000.0,0.0,0.038,0.25,1340000000.0,1871000000.0,0.143,1871000000.0,1340000000.0,1193000000.0,0.945,0.94,0.945,4752000000.0,4458750000.0,4752000000.0,7084632388.0,5.0,3.787,352000000.0,0.411,1.0,1471000000.0,0.113,720000000.0,147000000.0,8576000000.0,8433250000.0,787000000.0,551000000.0,0.0,551000000.0,6214000000.0,2908000000.0,3306000000.0,5624632388.0,59000000.0,-159000000.0,0.0,-1116000000.0,-215000000.0,-1355000000.0,-858000000.0,0.0,1029000000.0,-20000000.0,809000000.0,809000000.0,809000000.0,-257000000.0,0.0,0.062,387000000.0,1084000000.0,917000000.0,0.265,1.184,6.953,6.931,2669000000.0,0.0,6.55,0.431,0.43,4095000000.0,4327000000.0,13046000000.0,13046000000.0,0.0,0.076,0.181,0.159,0.103,0.0,387000000.0,1.0,858722502.0,856000000,860000000.0,15.241,10246000000.0,564000000.0,384000000.0,194000000.0,11.97,2665000000.0
20,HAL,MRY,2000-12-31,2000-12-31,2000-12-31,2021-10-22,-288000000.0,10192000000.0,9843750000.0,5657000000.0,4535000000.0,1.213,4.443,-369000000.0,231000000.0,231000000.0,11218000000.0,501000000.0,1.445,1.595,2627000000.0,1578000000.0,1049000000.0,2627000000.0,475000000.0,503000000.0,0.0,0.014,0.25,776000000.0,1279000000.0,0.107,1279000000.0,776000000.0,630000000.0,0.565,0.56,0.565,3928000000.0,4440000000.0,3928000000.0,17553145000.0,23.0,13.724,-426000000.0,-0.482,1.0,726000000.0,0.061,597000000.0,146000000.0,8076000000.0,7875250000.0,723000000.0,400000000.0,0.0,400000000.0,6264000000.0,3915000000.0,2349000000.0,16037145000.0,-235000000.0,9000000.0,-664000000.0,321000000.0,-221000000.0,-584000000.0,-411000000.0,0.0,-57000000.0,-9000000.0,501000000.0,501000000.0,501000000.0,-313000000.0,0.0,0.042,264000000.0,462000000.0,782000000.0,0.442,4.083,32.01,32.08,2410000000.0,0.0,18.125,1.343,1.341,3934000000.0,3733000000.0,11944000000.0,11944000000.0,0.0,0.051,0.113,0.099,0.065,0.0,352000000.0,1.0,884808000.0,884000000,892000000.0,13.511,9595000000.0,575000000.0,129000000.0,113000000.0,10.854,1742000000.0
21,HAL,MRY,1999-12-31,1999-12-31,1999-12-31,2021-10-22,-204000000.0,9639000000.0,10381750000.0,5362000000.0,4277000000.0,1.186,4.872,-758000000.0,466000000.0,466000000.0,11608000000.0,438000000.0,1.768,1.248,2303000000.0,1247000000.0,1056000000.0,2303000000.0,330000000.0,500000000.0,0.0,0.012,0.25,695000000.0,1195000000.0,0.097,1195000000.0,695000000.0,554000000.0,0.5,0.495,0.5,4287000000.0,4138250000.0,4287000000.0,19794598500.0,28.0,16.565,-608000000.0,-0.691,1.0,705000000.0,0.057,505000000.0,141000000.0,7938000000.0,7968250000.0,723000000.0,384000000.0,0.0,384000000.0,5352000000.0,3033000000.0,2319000000.0,17780598500.0,-143000000.0,-33000000.0,29000000.0,508000000.0,-254000000.0,267000000.0,-790000000.0,0.0,150000000.0,-5000000.0,438000000.0,438000000.0,438000000.0,-283000000.0,0.0,0.036,304000000.0,401000000.0,665000000.0,0.5,4.148,40.595,40.25,2390000000.0,0.0,20.125,1.444,1.438,2974000000.0,3453000000.0,12313000000.0,12313000000.0,0.0,0.042,0.106,0.087,0.056,0.0,351000000.0,1.0,883508000.0,880000000,886000000.0,13.992,9134000000.0,569000000.0,116000000.0,120000000.0,10.38,2329000000.0
22,HAL,MRY,1998-12-31,1998-12-31,1998-12-31,2021-10-22,-149000000.0,11066000000.0,8674625000.0,6066000000.0,5000000000.0,1.672,4.625,-814000000.0,203000000.0,203000000.0,13022000000.0,-15000000.0,1.541,1.725,1944000000.0,574000000.0,1370000000.0,1944000000.0,513000000.0,587000000.0,0.0,0.017,0.25,274000000.0,861000000.0,0.059,861000000.0,274000000.0,140000000.0,-0.015,-0.015,-0.015,4061000000.0,3398525000.0,4061000000.0,14664033175.0,54.0,17.031,-360000000.0,-0.41,1.0,1482000000.0,0.102,765000000.0,134000000.0,8105000000.0,6033075000.0,1285000000.0,587000000.0,0.0,587000000.0,7005000000.0,3937000000.0,3068000000.0,13026933175.0,-143000000.0,-33000000.0,29000000.0,493000000.0,-254000000.0,254000000.0,-846000000.0,0.0,454000000.0,-5000000.0,-15000000.0,-15000000.0,-15000000.0,-105000000.0,0.0,-0.001,1312000000.0,170000000.0,1009000000.0,-16.667,3.208,-868.462,-987.667,2896000000.0,0.0,14.815,0.898,0.897,3860000000.0,3236000000.0,14504000000.0,14504000000.0,0.0,-0.002,-0.004,0.045,0.019,0.0,437000000.0,1.0,879306998.0,878000000,878000000.0,16.519,10301000000.0,769000000.0,155000000.0,246000000.0,11.732,2129000000.0
23,HAL,MRY,1997-12-31,1997-12-31,1997-12-31,2021-10-22,-131100000.0,10704300000.0,6457500000.0,5438100000.0,5266200000.0,2.52,5.008,-699000000.0,384100000.0,384100000.0,14202000000.0,772000000.0,1.575,1.48,1354800000.0,57900000.0,1296900000.0,1354800000.0,638300000.0,564000000.0,0.0,0.012,0.312,1375000000.0,1939000000.0,0.119,1939000000.0,1375000000.0,1264000000.0,0.895,0.885,0.895,4316900000.0,2836350000.0,4316900000.0,14070631978.0,10.0,7.257,134000000.0,0.155,1.0,2070000000.0,0.127,1024600000.0,111000000.0,7197100000.0,4474900000.0,1294100000.0,761200000.0,0.0,761200000.0,6387400000.0,3453300000.0,2934100000.0,13591031978.0,-62000000.0,-124000000.0,27000000.0,199000000.0,-250000000.0,-21000000.0,-873000000.0,0.0,833000000.0,-1000000.0,772000000.0,772000000.0,772000000.0,0.0,0.0,0.047,671000000.0,1399000000.0,1132400000.0,0.349,3.148,17.605,28.983,2766400000.0,0.0,25.94,0.835,1.374,3387600000.0,3563400000.0,16272000000.0,16272000000.0,0.0,0.12,0.272,0.307,0.085,0.0,665000000.0,1.0,523941094.0,862000000,872000000.0,18.877,9679700000.0,475600000.0,492000000.0,335200000.0,11.229,1984800000.0
24,HAL,MRY,1996-12-31,1996-12-31,1996-12-31,2021-10-22,-12400000.0,4436600000.0,4149300000.0,2398000000.0,2038600000.0,3.361,2.515,-666700000.0,213600000.0,213600000.0,12336300000.0,557900000.0,1.594,1.055,246400000.0,46400000.0,200000000.0,246400000.0,355200000.0,497700000.0,0.0,0.017,0.25,890900000.0,1388600000.0,0.1,1388600000.0,890900000.0,806300000.0,0.65,0.645,0.65,2159200000.0,2039700000.0,2159200000.0,,,,197500000.0,0.23,1.0,1610300000.0,0.115,233900000.0,84600000.0,2730800000.0,2569750000.0,292200000.0,234900000.0,0.0,234900000.0,2277400000.0,1504700000.0,772700000.0,7613141137.0,-42300000.0,-38900000.0,-192600000.0,280100000.0,-239600000.0,-148400000.0,-759100000.0,0.0,864200000.0,1000000.0,557900000.0,557900000.0,557900000.0,0.0,0.0,0.04,707100000.0,903200000.0,452100000.0,0.385,3.526,13.646,23.173,1291600000.0,0.0,15.062,0.546,0.927,1702300000.0,1656300000.0,13946600000.0,13946600000.0,0.0,0.134,0.274,0.347,0.064,0.0,621300000.0,1.0,505436756.0,858400000,864200000.0,16.247,4202700000.0,207300000.0,248400000.0,135800000.0,4.896,893300000.0
25,HAL,MRY,1995-12-31,1995-12-31,1995-12-31,2021-10-22,-28000000.0,3862000000.0,,2186000000.0,1676000000.0,,3.85,-267300000.0,239600000.0,239600000.0,5440100000.0,183700000.0,1.825,1.011,210000000.0,10000000.0,200000000.0,210000000.0,313900000.0,259800000.0,0.0,0.02,0.25,368500000.0,628300000.0,0.107,628300000.0,368500000.0,321400000.0,0.37,0.37,0.37,1920200000.0,,1920200000.0,,,,400100000.0,0.802,1.0,442800000.0,0.075,225600000.0,47100000.0,2408700000.0,,256300000.0,115400000.0,0.0,115400000.0,1941800000.0,1198100000.0,743700000.0,,-201700000.0,15600000.0,7500000.0,-492400000.0,-114300000.0,-599000000.0,-267300000.0,0.0,667400000.0,-2800000.0,183700000.0,183700000.0,183700000.0,65500000.0,0.0,0.031,41900000.0,400900000.0,373000000.0,0.676,,,34.209,1157900000.0,0.0,12.658,,1.073,1449100000.0,1473400000.0,5882900000.0,5882900000.0,0.0,,,,0.063,0.0,33500000.0,1.0,,498800000,,11.794,3636400000.0,144400000.0,137700000.0,97300000.0,7.29,987900000.0
26,HAL,MRY,1994-12-31,1994-12-31,1994-12-31,2021-10-22,,,,,,,,-179400000.0,,,5172600000.0,180900000.0,,,,,,,,271300000.0,,0.03,0.25,351200000.0,622500000.0,0.11,622500000.0,351200000.0,303100000.0,0.362,,0.362,,,,,,,259600000.0,0.523,1.0,488500000.0,0.086,,48100000.0,,,,,,,,,,,361900000.0,376700000.0,1800000.0,-139700000.0,-117800000.0,-254700000.0,183400000.0,0.0,439000000.0,-5800000.0,180900000.0,180900000.0,180900000.0,-5500000.0,0.0,0.032,248700000.0,239800000.0,,0.691,,,22.88,,0.0,8.283,,0.727,,,5661100000.0,5661100000.0,0.0,,,,0.062,0.0,232100000.0,1.0,,496800000,,11.395,,,122200000.0,,,
0,HAL,MRQ,2021-09-30,2021-09-30,2021-09-30,2021-10-22,-360000000.0,21025000000.0,,9431000000.0,11594000000.0,,6.355,-61000000.0,2632000000.0,2632000000.0,3356000000.0,240000000.0,2.39,2.699,10301000000.0,269000000.0,10032000000.0,10301000000.0,0.0,224000000.0,0.0,0.008,0.045,428000000.0,652000000.0,0.169,652000000.0,428000000.0,312000000.0,0.26,0.26,0.26,5681000000.0,,5681000000.0,27168596206.0,26.0,13.819,556000000.0,0.622,1.0,504000000.0,0.131,2841000000.0,116000000.0,21907000000.0,,2354000000.0,0.0,0.0,0.0,15332000000.0,3946000000.0,11386000000.0,19252596206.0,-26000000.0,0.0,0.0,-504000000.0,-41000000.0,-542000000.0,-87000000.0,0.0,617000000.0,-14000000.0,236000000.0,236000000.0,236000000.0,0.0,4000000.0,0.061,58000000.0,446000000.0,2011000000.0,0.173,3.389,48.373,48.044,5219000000.0,0.0,21.62,1.351,1.356,3525000000.0,8927000000.0,3860000000.0,3860000000.0,0.0,,,,,0.0,46000000.0,1.0,890499362.0,894000000,894000000.0,4.318,18184000000.0,2149000000.0,76000000.0,0.0,20.34,5485000000.0
1,HAL,MRQ,2021-06-30,2021-06-30,2021-06-30,2021-10-22,-360000000.0,20917000000.0,,9927000000.0,10990000000.0,,6.09,-144000000.0,2658000000.0,2658000000.0,3222000000.0,230000000.0,2.29,2.858,10574000000.0,762000000.0,9812000000.0,10574000000.0,0.0,223000000.0,0.0,0.008,0.045,412000000.0,635000000.0,0.171,635000000.0,412000000.0,292000000.0,0.26,0.26,0.26,5420000000.0,,5420000000.0,28734301107.0,38.0,17.237,265000000.0,0.298,1.0,485000000.0,0.131,2804000000.0,120000000.0,21695000000.0,,2355000000.0,0.0,0.0,0.0,15488000000.0,4334000000.0,11154000000.0,20570301107.0,212000000.0,0.0,0.0,-4000000.0,-40000000.0,-45000000.0,-159000000.0,0.0,409000000.0,7000000.0,227000000.0,227000000.0,227000000.0,0.0,3000000.0,0.061,51000000.0,434000000.0,1891000000.0,0.173,3.795,141.864,136.0,4949000000.0,0.0,23.12,1.539,1.539,3459000000.0,8896000000.0,3707000000.0,3707000000.0,0.0,,,,,0.0,51000000.0,1.0,889718906.0,890000000,890000000.0,4.165,18113000000.0,2174000000.0,65000000.0,0.0,20.352,5593000000.0
2,HAL,MRQ,2021-03-31,2021-03-31,2021-03-31,2021-10-22,-362000000.0,20575000000.0,,9520000000.0,11055000000.0,,5.816,-46000000.0,2446000000.0,2446000000.0,3033000000.0,171000000.0,2.253,2.978,10610000000.0,765000000.0,9845000000.0,10610000000.0,0.0,226000000.0,0.0,0.008,0.045,347000000.0,573000000.0,0.166,573000000.0,347000000.0,222000000.0,0.19,0.19,0.19,5170000000.0,,5170000000.0,27343059352.0,-17.0,-40.75,157000000.0,0.177,1.0,418000000.0,0.121,2804000000.0,125000000.0,21710000000.0,,2349000000.0,0.0,0.0,0.0,15396000000.0,4225000000.0,11171000000.0,19070059352.0,-117000000.0,0.0,0.0,-188000000.0,-40000000.0,-223000000.0,-62000000.0,0.0,203000000.0,-35000000.0,170000000.0,170000000.0,170000000.0,0.0,1000000.0,0.049,48000000.0,370000000.0,1769000000.0,0.237,3.689,-10.848,-10.73,4991000000.0,0.0,21.46,1.483,1.484,3250000000.0,8709000000.0,3451000000.0,3451000000.0,0.0,,,,,0.0,48000000.0,1.0,888632775.0,889000000,889000000.0,3.882,17771000000.0,2165000000.0,52000000.0,0.0,19.99,5295000000.0
3,HAL,MRQ,2020-12-31,2020-12-31,2020-12-31,2021-10-22,-362000000.0,20680000000.0,,9475000000.0,11205000000.0,,5.608,-131000000.0,2563000000.0,2563000000.0,2843000000.0,-227000000.0,2.143,3.156,10836000000.0,946000000.0,9890000000.0,10836000000.0,0.0,229000000.0,0.0,0.017,0.045,-123000000.0,106000000.0,0.033,106000000.0,-123000000.0,-248000000.0,-0.26,-0.26,-0.26,4974000000.0,,4974000000.0,25413736212.0,-9.0,-15.309,507000000.0,0.572,1.0,394000000.0,0.122,2804000000.0,125000000.0,21728000000.0,,2349000000.0,0.0,0.0,0.0,15697000000.0,4421000000.0,11276000000.0,16707736212.0,448000000.0,0.0,87000000.0,-1000000.0,-40000000.0,-35000000.0,-142000000.0,0.0,638000000.0,-13000000.0,-235000000.0,-235000000.0,-235000000.0,0.0,8000000.0,-0.073,490000000.0,-96000000.0,1573000000.0,-0.173,3.359,-5.673,-5.659,5111000000.0,0.0,18.9,1.157,1.153,3071000000.0,8691000000.0,3237000000.0,3237000000.0,0.0,,,,,0.0,44000000.0,1.0,884007207.0,887000000,887000000.0,3.649,17876000000.0,2166000000.0,-13000000.0,0.0,20.153,5054000000.0
4,HAL,MRQ,2020-09-30,2020-09-30,2020-09-30,2021-10-22,-340000000.0,20874000000.0,,9023000000.0,11851000000.0,,5.896,-78000000.0,2115000000.0,2115000000.0,2659000000.0,-19000000.0,2.3,3.014,10821000000.0,435000000.0,10386000000.0,10821000000.0,0.0,230000000.0,0.0,0.037,0.045,123000000.0,353000000.0,0.119,353000000.0,123000000.0,1000000.0,-0.02,-0.02,-0.02,5200000000.0,,5200000000.0,19591568332.0,-5.0,-6.342,342000000.0,0.388,1.0,316000000.0,0.106,2804000000.0,122000000.0,22853000000.0,,2580000000.0,0.0,0.0,0.0,15671000000.0,3923000000.0,11748000000.0,10585568332.0,304000000.0,0.0,0.0,0.0,-40000000.0,-35000000.0,-63000000.0,0.0,420000000.0,-18000000.0,-17000000.0,-17000000.0,-17000000.0,0.0,-2000000.0,-0.006,174000000.0,142000000.0,1548000000.0,-2.25,2.036,-2.426,-2.42,5794000000.0,0.0,12.05,0.646,0.648,3145000000.0,8987000000.0,2975000000.0,2975000000.0,0.0,,,,,0.0,41000000.0,1.0,878470401.0,882000000,882000000.0,3.373,18070000000.0,2056000000.0,18000000.0,0.0,20.488,5100000000.0
5,HAL,MRQ,2020-06-30,2020-06-30,2020-06-30,2021-10-22,-342000000.0,21104000000.0,,9099000000.0,12005000000.0,,5.917,-89000000.0,1811000000.0,1811000000.0,2917000000.0,-1681000000.0,2.223,3.066,10817000000.0,400000000.0,10417000000.0,10817000000.0,0.0,251000000.0,0.0,0.045,0.045,-1954000000.0,-1703000000.0,-0.533,-1703000000.0,-1954000000.0,-2078000000.0,-1.91,-1.91,-1.91,5189000000.0,,5189000000.0,20853064157.0,-5.0,-8.298,509000000.0,0.58,1.0,279000000.0,0.087,2801000000.0,124000000.0,23215000000.0,,2745000000.0,0.0,0.0,0.0,15908000000.0,4094000000.0,11814000000.0,11387064157.0,426000000.0,0.0,0.0,-2000000.0,-40000000.0,-34000000.0,-116000000.0,0.0,598000000.0,-22000000.0,-1676000000.0,-1676000000.0,-1676000000.0,0.0,-5000000.0,-0.524,2190000000.0,-1911000000.0,1708000000.0,-0.024,2.194,-2.811,-2.81,5906000000.0,0.0,12.98,0.6,0.6,3345000000.0,9098000000.0,3196000000.0,3196000000.0,0.0,,,,,0.0,43000000.0,1.0,877277670.0,877000000,877000000.0,3.644,18303000000.0,2034000000.0,-402000000.0,0.0,20.87,5005000000.0
6,HAL,MRQ,2020-03-31,2020-03-31,2020-03-31,2021-10-22,-351000000.0,23622000000.0,,10655000000.0,12967000000.0,,7.779,-144000000.0,1385000000.0,1385000000.0,4481000000.0,-1015000000.0,2.109,2.457,10851000000.0,415000000.0,10436000000.0,10851000000.0,0.0,348000000.0,0.0,0.105,0.18,-764000000.0,-416000000.0,-0.083,-416000000.0,-764000000.0,-898000000.0,-1.16,-1.16,-1.16,6830000000.0,,6830000000.0,15108393412.0,-9.0,-155.757,81000000.0,0.092,1.0,556000000.0,0.11,2812000000.0,134000000.0,25223000000.0,,3220000000.0,0.0,0.0,0.0,16779000000.0,5053000000.0,11726000000.0,6027393412.0,-883000000.0,0.0,-100000000.0,-657000000.0,-158000000.0,-903000000.0,-165000000.0,0.0,225000000.0,-40000000.0,-1017000000.0,-1017000000.0,-1017000000.0,0.0,2000000.0,-0.202,1127000000.0,-571000000.0,2640000000.0,-0.155,0.882,-2.621,-2.615,7120000000.0,0.0,6.85,0.278,0.277,4850000000.0,10814000000.0,5037000000.0,5037000000.0,0.0,,,,,0.0,54000000.0,1.0,879911447.0,878000000,878000000.0,5.737,20810000000.0,1595000000.0,119000000.0,0.0,23.702,5602000000.0
7,HAL,MRQ,2019-12-31,2019-12-31,2019-12-31,2021-10-22,-362000000.0,25377000000.0,,11212000000.0,14165000000.0,,9.125,-293000000.0,2268000000.0,2268000000.0,4586000000.0,-1654000000.0,2.298,2.166,11360000000.0,219000000.0,11141000000.0,11360000000.0,0.0,372000000.0,0.0,0.029,0.18,-1695000000.0,-1323000000.0,-0.255,-1323000000.0,-1695000000.0,-1836000000.0,-1.89,-1.89,-1.89,8012000000.0,,8012000000.0,31191873595.0,-56.0,29.151,874000000.0,0.995,1.0,605000000.0,0.117,2812000000.0,141000000.0,26779000000.0,,3139000000.0,0.0,0.0,0.0,17352000000.0,4878000000.0,12474000000.0,21479873595.0,697000000.0,0.0,118000000.0,-2000000.0,-158000000.0,-145000000.0,-315000000.0,0.0,1167000000.0,-10000000.0,-1653000000.0,-1653000000.0,-1653000000.0,0.0,-1000000.0,-0.318,2257000000.0,-1652000000.0,2432000000.0,-0.095,2.681,-18.992,-18.969,8241000000.0,0.0,24.47,0.959,0.956,4577000000.0,11989000000.0,5191000000.0,5191000000.0,0.0,,,,,0.0,59000000.0,1.0,877804397.0,878000000,875000000.0,5.912,22565000000.0,1683000000.0,-183000000.0,310000000.0,25.7,6334000000.0
8,HAL,MRQ,2019-09-30,2019-09-30,2019-09-30,2021-10-22,-353000000.0,26789000000.0,,11220000000.0,15569000000.0,,11.124,-289000000.0,1571000000.0,1571000000.0,4961000000.0,296000000.0,2.391,1.747,11283000000.0,208000000.0,11075000000.0,11283000000.0,0.0,417000000.0,0.0,0.038,0.18,512000000.0,929000000.0,0.167,929000000.0,512000000.0,371000000.0,0.34,0.34,0.34,9745000000.0,,9745000000.0,26618323120.0,15.0,7.815,582000000.0,0.664,1.0,589000000.0,0.106,2832000000.0,141000000.0,28977000000.0,,3380000000.0,0.0,0.0,0.0,17027000000.0,4692000000.0,12335000000.0,16511323120.0,395000000.0,0.0,0.0,1000000.0,-158000000.0,-142000000.0,-319000000.0,0.0,871000000.0,-15000000.0,295000000.0,295000000.0,295000000.0,0.0,1000000.0,0.053,53000000.0,536000000.0,2733000000.0,0.529,1.694,13.922,13.86,9706000000.0,0.0,18.85,0.713,0.713,5290000000.0,13800000000.0,5550000000.0,5550000000.0,0.0,,,,,0.0,53000000.0,1.0,875932261.0,876000000,876000000.0,6.336,23957000000.0,1344000000.0,76000000.0,0.0,27.348,6528000000.0
9,HAL,MRQ,2019-06-30,2019-06-30,2019-06-30,2021-10-22,-352000000.0,26880000000.0,,11220000000.0,15660000000.0,,10.879,-364000000.0,1176000000.0,1176000000.0,5324000000.0,77000000.0,2.264,1.825,11283000000.0,215000000.0,11068000000.0,11283000000.0,0.0,420000000.0,0.0,0.032,0.18,293000000.0,713000000.0,0.12,713000000.0,293000000.0,149000000.0,0.09,0.09,0.09,9508000000.0,,9508000000.0,29814270749.0,16.0,8.394,87000000.0,0.1,1.0,606000000.0,0.102,2825000000.0,144000000.0,29207000000.0,,3347000000.0,0.0,0.0,0.0,17356000000.0,4955000000.0,12401000000.0,19874270749.0,-204000000.0,0.0,-100000000.0,-4000000.0,-157000000.0,-253000000.0,-400000000.0,0.0,451000000.0,-2000000.0,75000000.0,75000000.0,75000000.0,0.0,2000000.0,0.013,303000000.0,303000000.0,3017000000.0,2.0,2.09,14.988,14.961,9756000000.0,0.0,22.74,0.836,0.836,5700000000.0,13652000000.0,5930000000.0,5930000000.0,0.0,,,,,0.0,56000000.0,1.0,873978485.0,874000000,875000000.0,6.785,24055000000.0,1408000000.0,74000000.0,0.0,27.523,6265000000.0
10,HAL,MRQ,2019-03-31,2019-03-31,2019-03-31,2021-10-22,-354000000.0,26989000000.0,,11188000000.0,15801000000.0,,11.002,-394000000.0,1380000000.0,1380000000.0,5252000000.0,152000000.0,2.217,1.808,11320000000.0,255000000.0,11065000000.0,11320000000.0,0.0,416000000.0,0.0,0.025,0.18,335000000.0,751000000.0,0.131,751000000.0,335000000.0,192000000.0,0.17,0.17,0.17,9605000000.0,,9605000000.0,34014505271.0,14.0,8.499,-438000000.0,-0.502,1.0,485000000.0,0.085,2824000000.0,143000000.0,29058000000.0,,3264000000.0,0.0,0.0,0.0,17364000000.0,5047000000.0,12317000000.0,25565505271.0,-628000000.0,0.0,0.0,-8000000.0,-157000000.0,-155000000.0,-411000000.0,0.0,-44000000.0,-18000000.0,152000000.0,152000000.0,152000000.0,0.0,0.0,0.026,120000000.0,365000000.0,3080000000.0,1.059,2.662,14.509,14.577,9872000000.0,0.0,29.3,1.066,1.066,5622000000.0,13734000000.0,5737000000.0,5737000000.0,0.0,,,,,0.0,59000000.0,1.0,872542842.0,873000000,873000000.0,6.572,24165000000.0,1348000000.0,40000000.0,0.0,27.68,6141000000.0
11,HAL,MRQ,2018-12-31,2018-12-31,2018-12-31,2021-10-22,-355000000.0,25982000000.0,,11151000000.0,14831000000.0,,10.92,-491000000.0,2008000000.0,2008000000.0,5269000000.0,668000000.0,2.322,1.726,10312000000.0,0.0,10312000000.0,10312000000.0,0.0,422000000.0,0.0,0.027,0.18,591000000.0,1013000000.0,0.171,1013000000.0,591000000.0,454000000.0,0.76,0.76,0.76,9522000000.0,,9522000000.0,31687309883.0,13.0,7.976,361000000.0,0.414,1.0,667000000.0,0.112,2825000000.0,137000000.0,26659000000.0,,3028000000.0,0.0,0.0,0.0,16438000000.0,4802000000.0,11636000000.0,23285309883.0,-49000000.0,-21000000.0,-5000000.0,-9000000.0,-157000000.0,-338000000.0,-554000000.0,0.0,852000000.0,-9000000.0,664000000.0,664000000.0,664000000.0,0.0,4000000.0,0.112,59000000.0,608000000.0,3018000000.0,0.237,2.445,14.061,14.063,8873000000.0,0.0,26.58,0.97,0.969,5234000000.0,13739000000.0,5936000000.0,5936000000.0,0.0,,,,,0.0,59000000.0,1.0,876046271.0,872000000,871000000.0,6.807,23157000000.0,1384000000.0,-210000000.0,248000000.0,26.556,6349000000.0
12,HAL,MRQ,2018-09-30,2018-09-30,2018-09-30,2021-10-22,-463000000.0,25751000000.0,,11436000000.0,14315000000.0,,10.26,-372000000.0,2057000000.0,2057000000.0,5384000000.0,434000000.0,2.309,1.86,10459000000.0,35000000.0,10424000000.0,10459000000.0,0.0,400000000.0,0.0,0.018,0.18,675000000.0,1075000000.0,0.174,1075000000.0,675000000.0,535000000.0,0.5,0.5,0.5,8998000000.0,,8998000000.0,44475169114.0,21.0,12.04,405000000.0,0.462,1.0,788000000.0,0.128,2800000000.0,140000000.0,26400000000.0,,2887000000.0,0.0,0.0,0.0,16734000000.0,4953000000.0,11781000000.0,35662169114.0,-1000000.0,-18000000.0,-200000000.0,-436000000.0,-157000000.0,-751000000.0,-2000000.0,0.0,777000000.0,-25000000.0,435000000.0,435000000.0,435000000.0,0.0,-1000000.0,0.07,72000000.0,716000000.0,3142000000.0,0.36,3.963,212.275,225.167,8821000000.0,0.0,40.53,1.486,1.481,5526000000.0,13216000000.0,6172000000.0,6172000000.0,0.0,,,,,0.0,72000000.0,1.0,879895611.0,877000000,878000000.0,7.038,22951000000.0,1128000000.0,100000000.0,0.0,26.17,6483000000.0
13,HAL,MRQ,2018-06-30,2018-06-30,2018-06-30,2021-10-22,-470000000.0,25765000000.0,,11436000000.0,14329000000.0,,10.06,-491000000.0,2058000000.0,2058000000.0,5293000000.0,508000000.0,2.239,1.918,10871000000.0,444000000.0,10427000000.0,10871000000.0,0.0,390000000.0,0.0,0.02,0.18,773000000.0,1163000000.0,0.189,1163000000.0,773000000.0,636000000.0,0.58,0.58,0.58,8823000000.0,,8823000000.0,48033496178.0,23.0,13.24,465000000.0,0.53,1.0,854000000.0,0.139,2824000000.0,137000000.0,26647000000.0,,2637000000.0,414000000.0,414000000.0,0.0,16922000000.0,5107000000.0,11815000000.0,39471496178.0,-274000000.0,-148000000.0,0.0,0.0,-158000000.0,-151000000.0,-1063000000.0,0.0,956000000.0,-16000000.0,511000000.0,511000000.0,511000000.0,0.0,-3000000.0,0.083,65000000.0,789000000.0,3029000000.0,0.31,4.474,402.77,450.6,8825000000.0,0.0,45.06,1.696,1.698,5403000000.0,12939000000.0,6147000000.0,6147000000.0,0.0,,,,,0.0,65000000.0,1.0,875976391.0,877000000,880000000.0,7.009,22941000000.0,1117000000.0,125000000.0,0.0,26.158,6329000000.0
14,HAL,MRQ,2018-03-31,2018-03-31,2018-03-31,2021-10-22,-471000000.0,25191000000.0,,11035000000.0,14156000000.0,,9.56,-454000000.0,2332000000.0,2332000000.0,5063000000.0,47000000.0,2.221,2.008,10894000000.0,466000000.0,10428000000.0,10894000000.0,0.0,394000000.0,0.0,0.019,0.18,328000000.0,722000000.0,0.126,722000000.0,328000000.0,188000000.0,0.05,0.05,0.05,8365000000.0,,8365000000.0,49673267608.0,35.0,16.719,118000000.0,0.135,1.0,677000000.0,0.118,2707000000.0,140000000.0,26077000000.0,,2458000000.0,0.0,0.0,0.0,16800000000.0,4969000000.0,11831000000.0,41068267608.0,-5000000.0,0.0,0.0,0.0,-158000000.0,-179000000.0,-374000000.0,0.0,572000000.0,-24000000.0,46000000.0,46000000.0,46000000.0,0.0,1000000.0,0.008,323000000.0,354000000.0,2830000000.0,3.6,4.91,-106.671,-104.311,8596000000.0,0.0,46.94,1.86,1.86,5255000000.0,12586000000.0,5740000000.0,5740000000.0,0.0,,,,,0.0,58000000.0,1.0,874909834.0,875000000,878000000.0,6.56,22484000000.0,1227000000.0,142000000.0,0.0,25.696,6066000000.0
15,HAL,MRQ,2017-12-31,2017-12-31,2017-12-31,2021-10-22,-469000000.0,25085000000.0,,10777000000.0,14308000000.0,,9.533,-392000000.0,2337000000.0,2337000000.0,5101000000.0,-825000000.0,2.217,2.011,10942000000.0,512000000.0,10430000000.0,10942000000.0,0.0,393000000.0,0.0,0.018,0.18,341000000.0,734000000.0,0.124,734000000.0,341000000.0,226000000.0,-0.95,-0.94,-0.95,8322000000.0,,8322000000.0,51681073930.0,41.0,18.346,619000000.0,0.709,1.0,839000000.0,0.141,2693000000.0,115000000.0,26135000000.0,,2396000000.0,0.0,0.0,0.0,16736000000.0,4862000000.0,11874000000.0,42641073930.0,439000000.0,0.0,158000000.0,-8000000.0,-157000000.0,-151000000.0,-420000000.0,10000000.0,1011000000.0,-1000000.0,-824000000.0,-824000000.0,-824000000.0,19000000.0,-1000000.0,-0.139,456000000.0,383000000.0,2554000000.0,-0.189,5.124,-92.097,-92.208,8521000000.0,0.0,48.87,2.068,2.062,5036000000.0,12668000000.0,5940000000.0,5940000000.0,0.0,,,,,0.0,71000000.0,1.0,872540903.0,873000000,864000000.0,6.804,22392000000.0,1230000000.0,1050000000.0,231000000.0,25.649,5915000000.0
16,HAL,MRQ,2017-09-30,2017-09-30,2017-09-30,2021-10-22,-448000000.0,25790000000.0,,10144000000.0,15646000000.0,,10.57,-307000000.0,1898000000.0,1898000000.0,4747000000.0,361000000.0,2.205,1.795,10938000000.0,515000000.0,10423000000.0,10938000000.0,0.0,394000000.0,0.0,0.02,0.36,615000000.0,1009000000.0,0.185,1009000000.0,615000000.0,500000000.0,0.42,0.42,0.42,9217000000.0,,9217000000.0,49132536722.0,55.0,20.178,799000000.0,0.916,1.0,697000000.0,0.128,2685000000.0,115000000.0,27544000000.0,,2444000000.0,0.0,0.0,0.0,16544000000.0,4601000000.0,11943000000.0,40119536722.0,-241000000.0,-628000000.0,0.0,-10000000.0,-157000000.0,-369000000.0,-962000000.0,0.0,1106000000.0,-16000000.0,365000000.0,365000000.0,365000000.0,0.0,-4000000.0,0.067,55000000.0,642000000.0,2416000000.0,0.857,4.353,189.243,184.12,8432000000.0,0.0,46.03,2.145,2.146,4852000000.0,13649000000.0,5444000000.0,5444000000.0,0.0,,,,,0.0,55000000.0,1.0,871595410.0,872000000,873000000.0,6.243,23105000000.0,2244000000.0,135000000.0,0.0,26.497,5543000000.0
17,HAL,MRQ,2017-06-30,2017-06-30,2017-06-30,2021-10-22,-450000000.0,25325000000.0,,10260000000.0,15065000000.0,,10.261,-292000000.0,2139000000.0,2139000000.0,4474000000.0,28000000.0,2.522,1.836,11152000000.0,336000000.0,10816000000.0,11152000000.0,0.0,386000000.0,0.0,0.017,0.18,120000000.0,506000000.0,0.102,506000000.0,120000000.0,-1000000.0,0.03,0.03,0.03,8917000000.0,,8917000000.0,45868660432.0,128.0,24.282,54000000.0,0.062,1.0,483000000.0,0.097,2407000000.0,121000000.0,27863000000.0,,2283000000.0,0.0,0.0,0.0,16372000000.0,4068000000.0,12304000000.0,37066660432.0,32000000.0,0.0,0.0,-57000000.0,-156000000.0,18000000.0,-308000000.0,-10000000.0,346000000.0,-24000000.0,28000000.0,28000000.0,28000000.0,0.0,0.0,0.006,337000000.0,146000000.0,2166000000.0,6.0,4.157,-252.154,-266.938,8374000000.0,0.0,42.71,2.169,2.172,4385000000.0,13441000000.0,4957000000.0,4957000000.0,0.0,,,,,0.0,75000000.0,1.0,867868425.0,869000000,871000000.0,5.704,22918000000.0,2789000000.0,-29000000.0,0.0,26.373,6192000000.0
18,HAL,MRQ,2017-03-31,2017-03-31,2017-03-31,2021-10-22,-452000000.0,24885000000.0,,9828000000.0,15057000000.0,,10.324,-224000000.0,2107000000.0,2107000000.0,4021000000.0,-32000000.0,2.558,1.776,10909000000.0,97000000.0,10812000000.0,10909000000.0,0.0,383000000.0,0.0,0.015,0.18,185000000.0,568000000.0,0.133,568000000.0,185000000.0,-57000000.0,-0.04,-0.04,-0.04,8951000000.0,,8951000000.0,51029783363.0,-14.0,-23.902,-219000000.0,-0.253,1.0,258000000.0,0.06,2419000000.0,242000000.0,27426000000.0,,2295000000.0,0.0,0.0,0.0,15896000000.0,3842000000.0,12054000000.0,42661783363.0,-1902000000.0,0.0,0.0,-1566000000.0,-156000000.0,-1659000000.0,-237000000.0,0.0,5000000.0,-11000000.0,-32000000.0,-32000000.0,-32000000.0,0.0,0.0,-0.007,55000000.0,203000000.0,2006000000.0,-4.5,4.766,-12.611,-12.554,8415000000.0,0.0,49.21,2.672,2.672,4008000000.0,13569000000.0,4279000000.0,4279000000.0,0.0,,,,,0.0,55000000.0,1.0,866933212.0,867000000,867000000.0,4.935,22466000000.0,2696000000.0,-25000000.0,0.0,25.912,5986000000.0
19,HAL,MRQ,2016-12-31,2016-12-31,2016-12-31,2021-10-22,-454000000.0,27000000000.0,,11677000000.0,15323000000.0,,10.89,-127000000.0,4009000000.0,4009000000.0,3698000000.0,-153000000.0,2.903,1.865,12384000000.0,170000000.0,12214000000.0,12384000000.0,261000000.0,386000000.0,0.0,0.013,0.18,-34000000.0,352000000.0,0.088,352000000.0,-34000000.0,-171000000.0,-0.16,-0.16,-0.16,9409000000.0,,9409000000.0,55784220309.0,-8.0,-10.181,932000000.0,1.079,1.0,323000000.0,0.08,2414000000.0,137000000.0,28938000000.0,,2275000000.0,0.0,0.0,0.0,17552000000.0,4023000000.0,13529000000.0,46758220309.0,720000000.0,-31000000.0,186000000.0,-22000000.0,-155000000.0,-89000000.0,-188000000.0,4000000.0,1059000000.0,-62000000.0,-149000000.0,-149000000.0,-149000000.0,-2000000.0,-4000000.0,-0.037,262000000.0,61000000.0,1764000000.0,-1.125,4.97,-8.114,-8.085,8532000000.0,0.0,54.09,2.943,2.931,3922000000.0,14141000000.0,4021000000.0,4021000000.0,0.0,,,,,0.0,94000000.0,1.0,864452215.0,864000000,864000000.0,4.654,24586000000.0,2545000000.0,-22000000.0,218000000.0,28.456,7654000000.0
20,HAL,MRQ,2016-09-30,2016-09-30,2016-09-30,2021-10-22,-360000000.0,26755000000.0,,11760000000.0,14995000000.0,,11.232,-116000000.0,3289000000.0,3289000000.0,3662000000.0,7000000.0,3.239,1.759,12315000000.0,152000000.0,12163000000.0,12315000000.0,0.0,375000000.0,0.0,0.016,0.18,88000000.0,463000000.0,0.121,463000000.0,88000000.0,-53000000.0,0.01,0.01,0.01,9682000000.0,,9682000000.0,48459280604.0,-7.0,-8.994,925000000.0,1.073,1.0,171000000.0,0.045,2383000000.0,141000000.0,29767000000.0,,2475000000.0,0.0,0.0,0.0,17029000000.0,3631000000.0,13398000000.0,38646280604.0,181000000.0,0.0,0.0,-637000000.0,-156000000.0,-719000000.0,-129000000.0,0.0,1041000000.0,-12000000.0,6000000.0,6000000.0,6000000.0,0.0,1000000.0,0.002,43000000.0,128000000.0,1543000000.0,18.0,3.992,-6.85,-6.841,8741000000.0,0.0,44.88,2.28,2.283,4360000000.0,14445000000.0,3833000000.0,3833000000.0,0.0,,,,,0.0,43000000.0,1.0,861102509.0,862000000,864000000.0,4.447,24372000000.0,2647000000.0,-59000000.0,0.0,28.274,8129000000.0
21,HAL,MRQ,2016-06-30,2016-06-30,2016-06-30,2021-10-22,-361000000.0,27737000000.0,,12580000000.0,15157000000.0,,11.319,-149000000.0,3108000000.0,3108000000.0,3732000000.0,-3205000000.0,2.809,1.845,12921000000.0,763000000.0,12158000000.0,12921000000.0,0.0,396000000.0,0.0,0.016,0.18,-3914000000.0,-3518000000.0,-0.917,-3518000000.0,-3914000000.0,-4110000000.0,-3.73,-3.73,-3.73,9734000000.0,,9734000000.0,44716112258.0,-6.0,-8.241,-3781000000.0,-4.397,1.0,103000000.0,0.027,2383000000.0,196000000.0,30689000000.0,,2650000000.0,0.0,0.0,0.0,17960000000.0,4478000000.0,13482000000.0,38916112258.0,-6485000000.0,0.0,0.0,-2512000000.0,-155000000.0,-2655000000.0,-185000000.0,0.0,-3632000000.0,-13000000.0,-3208000000.0,-3208000000.0,-3208000000.0,0.0,3000000.0,-0.837,3983000000.0,-3880000000.0,1490000000.0,-0.048,3.998,-6.825,-6.831,8961000000.0,0.0,45.29,2.081,2.083,4725000000.0,14595000000.0,3835000000.0,3835000000.0,0.0,,,,,0.0,41000000.0,1.0,859265009.0,860000000,860000000.0,4.459,25354000000.0,2955000000.0,-902000000.0,0.0,29.481,8102000000.0
22,HAL,MRQ,2016-03-31,2016-03-31,2016-03-31,2021-10-22,-364000000.0,33932000000.0,,19105000000.0,14827000000.0,,15.169,-184000000.0,9593000000.0,9593000000.0,3925000000.0,-2418000000.0,2.578,1.604,15393000000.0,3186000000.0,12207000000.0,15393000000.0,0.0,346000000.0,0.0,0.02,0.18,-3122000000.0,-2776000000.0,-0.661,-2776000000.0,-3122000000.0,-3287000000.0,-2.81,-2.81,-2.81,13015000000.0,,13015000000.0,35928976847.0,-13.0,-29.426,-355000000.0,-0.414,1.0,273000000.0,0.065,2383000000.0,165000000.0,29937000000.0,,2893000000.0,0.0,0.0,0.0,20872000000.0,7412000000.0,13460000000.0,30659976847.0,-484000000.0,0.0,0.0,0.0,-154000000.0,-77000000.0,-208000000.0,0.0,-171000000.0,-28000000.0,-2412000000.0,-2412000000.0,-2412000000.0,0.0,-6000000.0,-0.575,3352000000.0,-3079000000.0,1844000000.0,-0.064,2.356,-12.566,-12.577,9252000000.0,0.0,35.72,1.475,1.475,4983000000.0,17958000000.0,4198000000.0,4198000000.0,0.0,,,,,0.0,48000000.0,1.0,858342017.0,858000000,858000000.0,4.893,31549000000.0,0.0,-875000000.0,0.0,36.77,11693000000.0
23,HAL,MRQ,2015-12-31,2015-12-31,2015-12-31,2021-10-22,-363000000.0,36942000000.0,,20070000000.0,16872000000.0,,18.063,-401000000.0,10077000000.0,10077000000.0,4556000000.0,-26000000.0,3.761,1.387,15346000000.0,659000000.0,14687000000.0,15346000000.0,298000000.0,402000000.0,0.0,0.021,0.18,41000000.0,443000000.0,0.087,443000000.0,41000000.0,-95000000.0,-0.03,-0.03,-0.03,15462000000.0,,15462000000.0,34773886366.0,-70.0,26.009,484000000.0,0.565,1.0,526000000.0,0.104,2385000000.0,136000000.0,34489000000.0,,2993000000.0,0.0,0.0,0.0,21447000000.0,5337000000.0,16110000000.0,29131886366.0,7828000000.0,-39000000.0,167000000.0,7440000000.0,-154000000.0,7403000000.0,-468000000.0,0.0,885000000.0,8000000.0,-28000000.0,-28000000.0,-28000000.0,-5000000.0,2000000.0,-0.006,440000000.0,86000000.0,2019000000.0,-6.0,1.884,-43.416,-43.089,12117000000.0,0.0,34.04,1.233,1.229,5317000000.0,20524000000.0,5082000000.0,5082000000.0,0.0,,,,,0.0,53000000.0,1.0,855813348.0,856000000,856000000.0,5.937,34557000000.0,1079000000.0,-67000000.0,293000000.0,40.37,14733000000.0
24,HAL,MRQ,2015-09-30,2015-09-30,2015-09-30,2021-10-22,-451000000.0,30248000000.0,,14919000000.0,15329000000.0,,18.068,-475000000.0,2249000000.0,2249000000.0,5039000000.0,-53000000.0,2.616,0.956,7891000000.0,648000000.0,7243000000.0,7891000000.0,0.0,417000000.0,0.0,0.02,0.18,8000000.0,425000000.0,0.076,425000000.0,8000000.0,-91000000.0,-0.06,-0.06,-0.06,15448000000.0,,15448000000.0,35293381816.0,44.0,12.659,-449000000.0,-0.525,1.0,543000000.0,0.097,2124000000.0,99000000.0,28063000000.0,,2692000000.0,0.0,0.0,0.0,14768000000.0,5703000000.0,9065000000.0,30215381816.0,-511000000.0,0.0,0.0,0.0,-154000000.0,-79000000.0,-489000000.0,0.0,26000000.0,31000000.0,-54000000.0,-54000000.0,-54000000.0,0.0,1000000.0,-0.01,500000000.0,43000000.0,2193000000.0,-3.0,1.956,117.114,114.032,11018000000.0,0.0,35.35,1.106,1.106,5791000000.0,20706000000.0,5582000000.0,5582000000.0,0.0,,,,,0.0,37000000.0,1.0,854749132.0,855000000,855000000.0,6.529,28124000000.0,0.0,-37000000.0,0.0,32.894,9216000000.0
25,HAL,MRQ,2015-06-30,2015-06-30,2015-06-30,2021-10-22,-298000000.0,30606000000.0,,15224000000.0,15382000000.0,,18.41,-490000000.0,2760000000.0,2760000000.0,5233000000.0,53000000.0,3.042,0.949,7838000000.0,0.0,7838000000.0,7838000000.0,0.0,456000000.0,0.0,0.016,0.18,231000000.0,687000000.0,0.116,687000000.0,231000000.0,125000000.0,0.06,0.06,0.06,15685000000.0,,15685000000.0,42194163035.0,17.0,9.157,693000000.0,0.813,1.0,686000000.0,0.116,1983000000.0,106000000.0,28696000000.0,,2831000000.0,0.0,0.0,0.0,14891000000.0,5005000000.0,9886000000.0,36647163035.0,466000000.0,0.0,0.0,-8000000.0,-153000000.0,-141000000.0,-553000000.0,0.0,1183000000.0,-23000000.0,54000000.0,54000000.0,54000000.0,1000000.0,-1000000.0,0.009,432000000.0,254000000.0,2181000000.0,3.0,2.336,24.19,24.061,11153000000.0,0.0,43.07,1.204,1.206,5633000000.0,20914000000.0,5919000000.0,5919000000.0,0.0,,,,,0.0,43000000.0,1.0,850874461.0,852000000,854000000.0,6.947,28623000000.0,0.0,71000000.0,0.0,33.595,10219000000.0
26,HAL,MRQ,2015-03-31,2015-03-31,2015-03-31,2021-10-22,-402000000.0,30587000000.0,,13825000000.0,16762000000.0,,18.342,-650000000.0,2294000000.0,2294000000.0,6285000000.0,-641000000.0,2.755,0.96,7841000000.0,0.0,7841000000.0,7841000000.0,0.0,560000000.0,0.0,0.015,0.18,-778000000.0,-218000000.0,-0.031,-218000000.0,-778000000.0,-884000000.0,-0.76,-0.76,-0.76,15591000000.0,,15591000000.0,42832599900.0,12.0,7.632,162000000.0,0.191,1.0,765000000.0,0.109,2332000000.0,106000000.0,28784000000.0,,3467000000.0,0.0,0.0,0.0,14964000000.0,5018000000.0,9946000000.0,37283599900.0,3000000.0,0.0,0.0,0.0,-153000000.0,-102000000.0,-682000000.0,0.0,812000000.0,-25000000.0,-643000000.0,-643000000.0,-643000000.0,0.0,2000000.0,-0.091,1313000000.0,-548000000.0,2424000000.0,-0.237,2.391,16.682,16.558,12299000000.0,0.0,43.88,1.145,1.145,6419000000.0,21013000000.0,7050000000.0,7050000000.0,0.0,,,,,0.0,66000000.0,1.0,849671830.0,850000000,850000000.0,8.294,28255000000.0,0.0,-241000000.0,0.0,33.241,8807000000.0
27,HAL,MRQ,2014-12-31,2014-12-31,2014-12-31,2021-10-22,-399000000.0,32165000000.0,,14647000000.0,17518000000.0,,19.183,-661000000.0,2291000000.0,2291000000.0,7270000000.0,905000000.0,2.497,0.975,7779000000.0,14000000.0,7765000000.0,7779000000.0,349000000.0,557000000.0,0.0,0.016,0.18,1337000000.0,1894000000.0,0.216,1894000000.0,1337000000.0,1237000000.0,1.07,1.06,1.07,16267000000.0,,16267000000.0,39117613324.0,8.0,5.37,488000000.0,0.575,1.0,1500000000.0,0.171,2330000000.0,100000000.0,29457000000.0,,3571000000.0,0.0,0.0,0.0,15867000000.0,5866000000.0,10001000000.0,33330613324.0,262000000.0,-1000000.0,332000000.0,-4000000.0,-152000000.0,-160000000.0,-806000000.0,-90000000.0,1149000000.0,79000000.0,901000000.0,901000000.0,901000000.0,0.0,4000000.0,0.103,201000000.0,1299000000.0,2814000000.0,0.168,2.049,9.523,9.523,12475000000.0,0.0,39.33,1.014,1.015,7564000000.0,21809000000.0,8770000000.0,8770000000.0,0.0,,,,,0.0,55000000.0,1.0,847460293.0,848000000,849000000.0,10.342,29835000000.0,0.0,336000000.0,407000000.0,35.183,8781000000.0
28,HAL,MRQ,2014-09-30,2014-09-30,2014-09-30,2021-10-22,-307000000.0,31583000000.0,,14847000000.0,16736000000.0,,18.268,-909000000.0,2029000000.0,2029000000.0,6993000000.0,1205000000.0,2.521,1.037,7816000000.0,0.0,7816000000.0,7816000000.0,0.0,535000000.0,0.0,0.009,0.15,1710000000.0,2245000000.0,0.258,2245000000.0,1710000000.0,1614000000.0,1.42,1.41,1.42,15491000000.0,,15491000000.0,60323539347.0,12.0,8.561,-71000000.0,-0.084,1.0,1708000000.0,0.196,2312000000.0,96000000.0,29169000000.0,,3650000000.0,0.0,0.0,0.0,16065000000.0,5889000000.0,10176000000.0,54867539347.0,-331000000.0,-230000000.0,-300000000.0,0.0,-127000000.0,-346000000.0,-812000000.0,1000000.0,838000000.0,-11000000.0,1203000000.0,1203000000.0,1203000000.0,0.0,2000000.0,0.138,74000000.0,1634000000.0,3005000000.0,0.106,3.542,16.176,16.209,12050000000.0,0.0,64.51,1.729,1.724,7555000000.0,21060000000.0,8701000000.0,8701000000.0,0.0,,,,,0.0,74000000.0,1.0,850527660.0,848000000,854000000.0,10.261,29271000000.0,0.0,411000000.0,0.0,34.518,8958000000.0
29,HAL,MRQ,2014-06-30,2014-06-30,2014-06-30,2021-10-22,-303000000.0,30484000000.0,,14165000000.0,16319000000.0,,17.213,-732000000.0,2360000000.0,2360000000.0,6768000000.0,775000000.0,2.638,1.092,7816000000.0,0.0,7816000000.0,7816000000.0,0.0,524000000.0,0.0,0.008,0.15,1167000000.0,1691000000.0,0.21,1691000000.0,1167000000.0,1073000000.0,0.92,0.91,0.92,14562000000.0,,14562000000.0,65662373437.0,15.0,10.3,389000000.0,0.46,1.0,1283000000.0,0.159,2267000000.0,94000000.0,28304000000.0,,3529000000.0,0.0,0.0,0.0,15897000000.0,5369000000.0,10528000000.0,59969373437.0,237000000.0,0.0,0.0,0.0,-127000000.0,-10000000.0,-846000000.0,94000000.0,1121000000.0,-28000000.0,774000000.0,774000000.0,774000000.0,0.0,1000000.0,0.096,89000000.0,1194000000.0,2727000000.0,0.163,4.118,20.715,21.197,11677000000.0,0.0,71.01,1.966,1.969,6781000000.0,19984000000.0,8051000000.0,8051000000.0,0.0,,,,,0.0,89000000.0,1.0,844520116.0,846000000,852000000.0,9.517,28217000000.0,0.0,299000000.0,0.0,33.353,8796000000.0
30,HAL,MRQ,2014-03-31,2014-03-31,2014-03-31,2021-10-22,-303000000.0,29256000000.0,,13486000000.0,15770000000.0,,16.166,-643000000.0,2123000000.0,2123000000.0,6303000000.0,616000000.0,2.734,1.13,7816000000.0,0.0,7816000000.0,7816000000.0,0.0,510000000.0,0.0,0.009,0.15,944000000.0,1454000000.0,0.198,1454000000.0,944000000.0,851000000.0,0.73,0.73,0.73,13725000000.0,,13725000000.0,55567549385.0,13.0,9.066,311000000.0,0.366,1.0,1045000000.0,0.142,2193000000.0,93000000.0,27824000000.0,,3415000000.0,0.0,0.0,0.0,15504000000.0,4932000000.0,10572000000.0,50107549385.0,-233000000.0,0.0,-500000000.0,0.0,-127000000.0,-514000000.0,-674000000.0,-5000000.0,954000000.0,1000000.0,622000000.0,622000000.0,622000000.0,0.0,-6000000.0,0.085,75000000.0,970000000.0,2525000000.0,0.205,3.651,18.122,18.815,11463000000.0,0.0,58.89,1.683,1.679,6314000000.0,19337000000.0,7348000000.0,7348000000.0,0.0,,,,,0.0,75000000.0,1.0,850866860.0,849000000,853000000.0,8.655,27063000000.0,0.0,229000000.0,0.0,31.876,8554000000.0
31,HAL,MRQ,2013-12-31,2013-12-31,2013-12-31,2021-10-22,-307000000.0,29223000000.0,,13704000000.0,15519000000.0,,16.034,-618000000.0,2356000000.0,2356000000.0,6401000000.0,795000000.0,2.727,1.149,7816000000.0,0.0,7816000000.0,7816000000.0,350000000.0,497000000.0,0.0,0.01,0.15,1159000000.0,1656000000.0,0.217,1656000000.0,1159000000.0,1061000000.0,0.91,0.91,0.91,13581000000.0,,13581000000.0,49372491779.0,16.0,9.867,1280000000.0,1.511,1.0,1238000000.0,0.162,2168000000.0,98000000.0,27489000000.0,,3305000000.0,0.0,0.0,0.0,15608000000.0,5026000000.0,10582000000.0,43047491779.0,865000000.0,-82000000.0,277000000.0,0.0,-128000000.0,-87000000.0,-1003000000.0,-99000000.0,1898000000.0,57000000.0,793000000.0,793000000.0,793000000.0,0.0,2000000.0,0.104,94000000.0,1144000000.0,2365000000.0,0.165,3.17,20.258,21.414,11322000000.0,0.0,50.75,1.464,1.55,6181000000.0,18842000000.0,7639000000.0,7639000000.0,0.0,,,,,0.0,94000000.0,1.0,848226439.0,847000000,851000000.0,9.019,27055000000.0,388000000.0,268000000.0,357000000.0,31.942,8678000000.0
32,HAL,MRQ,2013-09-30,2013-09-30,2013-09-30,2021-10-22,-300000000.0,27948000000.0,,12890000000.0,15058000000.0,,14.369,-679000000.0,1491000000.0,1491000000.0,6284000000.0,708000000.0,2.707,1.183,7816000000.0,0.0,7816000000.0,7816000000.0,0.0,481000000.0,0.0,0.01,0.125,1093000000.0,1574000000.0,0.211,1574000000.0,1093000000.0,1002000000.0,0.79,0.79,0.79,12788000000.0,,12788000000.0,47396921491.0,16.0,9.817,399000000.0,0.448,1.0,1188000000.0,0.159,2125000000.0,91000000.0,27386000000.0,,3399000000.0,0.0,0.0,0.0,15130000000.0,4762000000.0,10368000000.0,43988921491.0,79000000.0,-12000000.0,-3341000000.0,2968000000.0,-106000000.0,-338000000.0,-676000000.0,4000000.0,1078000000.0,15000000.0,706000000.0,706000000.0,706000000.0,0.0,2000000.0,0.094,80000000.0,1108000000.0,2278000000.0,0.158,3.44,21.983,21.986,10949000000.0,0.0,48.15,1.514,1.475,6626000000.0,18177000000.0,7472000000.0,7472000000.0,0.0,,,,,0.0,80000000.0,1.0,913580924.0,890000000,894000000.0,8.396,25823000000.0,0.0,296000000.0,0.0,29.015,8128000000.0
33,HAL,MRQ,2013-06-30,2013-06-30,2013-06-30,2021-10-22,-302000000.0,27418000000.0,,12621000000.0,14797000000.0,,16.581,-711000000.0,1412000000.0,1412000000.0,6246000000.0,648000000.0,2.642,0.786,4820000000.0,0.0,4820000000.0,4820000000.0,0.0,474000000.0,0.0,0.01,0.125,971000000.0,1445000000.0,0.197,1445000000.0,971000000.0,900000000.0,0.7,0.69,0.7,15337000000.0,,15337000000.0,41675674464.0,15.0,9.06,411000000.0,0.444,1.0,1071000000.0,0.146,2116000000.0,71000000.0,23933000000.0,,3341000000.0,0.0,0.0,0.0,12053000000.0,4777000000.0,7276000000.0,38884674464.0,-617000000.0,0.0,-965000000.0,0.0,-115000000.0,-1184000000.0,-540000000.0,141000000.0,1122000000.0,-15000000.0,644000000.0,644000000.0,644000000.0,0.0,4000000.0,0.088,87000000.0,984000000.0,2251000000.0,0.179,2.535,20.498,20.351,10753000000.0,0.0,41.72,1.355,1.345,6359000000.0,17577000000.0,7317000000.0,7317000000.0,0.0,,,,,0.0,87000000.0,1.0,932039177.0,925000000,928000000.0,7.91,25302000000.0,0.0,256000000.0,0.0,27.354,7844000000.0
34,HAL,MRQ,2013-03-31,2013-03-31,2013-03-31,2021-10-22,-303000000.0,27684000000.0,,13152000000.0,14532000000.0,,16.874,-685000000.0,2029000000.0,2029000000.0,6000000000.0,-16000000.0,2.819,0.76,4820000000.0,0.0,4820000000.0,4820000000.0,0.0,448000000.0,0.0,0.01,0.125,-119000000.0,329000000.0,0.047,329000000.0,-119000000.0,-190000000.0,-0.02,-0.02,-0.02,15710000000.0,,15710000000.0,39990567856.0,13.0,8.446,-336000000.0,-0.361,1.0,974000000.0,0.14,2119000000.0,71000000.0,23690000000.0,,3257000000.0,0.0,0.0,0.0,11947000000.0,4666000000.0,7281000000.0,37654567856.0,-455000000.0,0.0,-50000000.0,0.0,-116000000.0,-145000000.0,-651000000.0,-19000000.0,349000000.0,-8000000.0,-18000000.0,-18000000.0,-18000000.0,0.0,2000000.0,-0.003,1072000000.0,-98000000.0,2197000000.0,-6.25,2.397,18.922,18.795,10509000000.0,0.0,40.41,1.316,1.315,6210000000.0,17048000000.0,6974000000.0,6974000000.0,0.0,,,,,0.0,72000000.0,1.0,931813112.0,931000000,931000000.0,7.491,25565000000.0,0.0,-172000000.0,0.0,27.46,8486000000.0
35,HAL,MRQ,2012-12-31,2012-12-31,2012-12-31,2021-10-22,-309000000.0,27410000000.0,,13086000000.0,14324000000.0,,16.97,-652000000.0,2484000000.0,2484000000.0,6236000000.0,672000000.0,2.754,0.737,4820000000.0,0.0,4820000000.0,4820000000.0,307000000.0,431000000.0,0.0,0.01,0.09,1049000000.0,1480000000.0,0.203,1480000000.0,1049000000.0,976000000.0,0.72,0.72,0.72,15765000000.0,,15765000000.0,34979863480.0,8.0,6.035,1089000000.0,1.172,1.0,1054000000.0,0.145,2135000000.0,73000000.0,22859000000.0,,3186000000.0,0.0,0.0,0.0,11620000000.0,4752000000.0,6868000000.0,32191863480.0,452000000.0,-214000000.0,107000000.0,0.0,-83000000.0,-54000000.0,-1230000000.0,-327000000.0,1741000000.0,-5000000.0,669000000.0,669000000.0,669000000.0,0.0,3000000.0,0.092,73000000.0,981000000.0,2041000000.0,0.125,2.042,12.217,12.172,10257000000.0,0.0,34.69,1.129,1.127,5787000000.0,17182000000.0,7290000000.0,7290000000.0,0.0,,,,,217000000.0,73000000.0,1.0,927986840.0,929000000,931000000.0,7.847,25275000000.0,351000000.0,307000000.0,0.0,27.207,8334000000.0
36,HAL,MRQ,2012-09-30,2012-09-30,2012-09-30,2021-10-22,-262000000.0,26312000000.0,,12766000000.0,13546000000.0,,16.345,-868000000.0,2032000000.0,2032000000.0,6090000000.0,604000000.0,2.776,0.733,4820000000.0,0.0,4820000000.0,4820000000.0,0.0,406000000.0,0.0,0.011,0.09,940000000.0,1346000000.0,0.189,1346000000.0,940000000.0,869000000.0,0.65,0.65,0.65,15168000000.0,,15168000000.0,33903906967.0,7.0,5.553,-90000000.0,-0.097,1.0,1021000000.0,0.144,2075000000.0,71000000.0,22427000000.0,,3539000000.0,0.0,0.0,0.0,11121000000.0,4598000000.0,6523000000.0,31255906967.0,-140000000.0,0.0,0.0,0.0,-83000000.0,24000000.0,-941000000.0,-21000000.0,778000000.0,-1000000.0,602000000.0,602000000.0,602000000.0,0.0,2000000.0,0.085,67000000.0,954000000.0,2136000000.0,0.138,2.061,10.883,10.833,9678000000.0,0.0,33.69,1.105,1.106,5870000000.0,16596000000.0,7111000000.0,7111000000.0,0.0,,,,,0.0,67000000.0,1.0,927750281.0,928000000,930000000.0,7.663,24237000000.0,0.0,267000000.0,0.0,26.117,8168000000.0
37,HAL,MRQ,2012-06-30,2012-06-30,2012-06-30,2021-10-22,-261000000.0,25571000000.0,,12534000000.0,13037000000.0,,15.736,-869000000.0,2172000000.0,2172000000.0,5966000000.0,739000000.0,2.823,0.757,4820000000.0,0.0,4820000000.0,4820000000.0,0.0,406000000.0,0.0,0.013,0.09,1174000000.0,1580000000.0,0.218,1580000000.0,1174000000.0,1094000000.0,0.8,0.79,0.8,14540000000.0,,14540000000.0,28369150475.0,6.0,4.535,-468000000.0,-0.506,1.0,1268000000.0,0.175,1986000000.0,80000000.0,21793000000.0,,3297000000.0,0.0,0.0,0.0,11010000000.0,4440000000.0,6570000000.0,26204150475.0,-483000000.0,0.0,0.0,0.0,-84000000.0,-93000000.0,-790000000.0,50000000.0,401000000.0,-1000000.0,737000000.0,737000000.0,737000000.0,0.0,2000000.0,0.102,67000000.0,1201000000.0,2113000000.0,0.113,1.802,8.874,8.872,9363000000.0,0.0,28.39,0.946,0.947,5674000000.0,16077000000.0,7234000000.0,7234000000.0,0.0,,,,,0.0,67000000.0,1.0,923006357.0,924000000,926000000.0,7.829,23585000000.0,0.0,357000000.0,0.0,25.525,8094000000.0
38,HAL,MRQ,2012-03-31,2012-03-31,2012-03-31,2021-10-22,-266000000.0,24668000000.0,,12018000000.0,12650000000.0,,14.999,-782000000.0,2655000000.0,2655000000.0,5477000000.0,630000000.0,2.788,0.78,4820000000.0,0.0,4820000000.0,4820000000.0,318000000.0,385000000.0,0.0,0.011,0.09,1005000000.0,1390000000.0,0.202,1390000000.0,1005000000.0,931000000.0,0.68,0.68,0.68,13844000000.0,,13844000000.0,32755813072.0,7.0,5.317,-48000000.0,-0.052,1.0,1391000000.0,0.203,1966000000.0,74000000.0,20557000000.0,,2916000000.0,0.0,0.0,0.0,10804000000.0,4310000000.0,6494000000.0,30633813072.0,-43000000.0,0.0,0.0,0.0,-83000000.0,-49000000.0,-727000000.0,50000000.0,734000000.0,-1000000.0,627000000.0,627000000.0,627000000.0,0.0,3000000.0,0.091,368000000.0,1023000000.0,1941000000.0,0.132,2.213,10.367,10.34,8897000000.0,0.0,33.19,1.16,1.16,5336000000.0,15424000000.0,6868000000.0,6868000000.0,0.0,,,,,0.0,68000000.0,1.0,922983220.0,923000000,926000000.0,7.441,22702000000.0,317000000.0,304000000.0,0.0,24.596,7708000000.0
39,HAL,MRQ,2011-12-31,2011-12-31,2011-12-31,2021-10-22,-273000000.0,23677000000.0,,11577000000.0,12100000000.0,,14.33,-629000000.0,2698000000.0,2698000000.0,5567000000.0,907000000.0,2.809,0.793,4820000000.0,0.0,4820000000.0,4820000000.0,309000000.0,368000000.0,0.0,0.01,0.09,1422000000.0,1790000000.0,0.253,1790000000.0,1422000000.0,1353000000.0,0.98,0.98,0.98,13198000000.0,,13198000000.0,33803903226.0,7.0,5.729,689000000.0,0.748,1.0,1497000000.0,0.212,1776000000.0,69000000.0,19902000000.0,,2570000000.0,0.0,0.0,0.0,10461000000.0,4121000000.0,6340000000.0,31754903226.0,923000000.0,-880000000.0,160000000.0,978000000.0,-83000000.0,921000000.0,-1312000000.0,250000000.0,1318000000.0,-4000000.0,906000000.0,906000000.0,906000000.0,0.0,1000000.0,0.128,67000000.0,1430000000.0,1826000000.0,0.092,2.406,11.185,11.168,8492000000.0,0.0,34.51,1.279,1.276,5084000000.0,14880000000.0,7064000000.0,7064000000.0,0.0,,,,,0.0,67000000.0,1.0,920165263.0,921000000,922000000.0,7.67,21901000000.0,321000000.0,447000000.0,0.0,23.78,7456000000.0
40,HAL,MRQ,2011-09-30,2011-09-30,2011-09-30,2021-10-22,-240000000.0,21204000000.0,,10306000000.0,10898000000.0,,13.433,-741000000.0,1775000000.0,1775000000.0,5137000000.0,685000000.0,2.819,0.714,3824000000.0,0.0,3824000000.0,3824000000.0,269000000.0,340000000.0,0.0,0.012,0.09,1156000000.0,1496000000.0,0.228,1496000000.0,1156000000.0,1094000000.0,0.74,0.74,0.74,12358000000.0,,12358000000.0,30453310405.0,7.0,5.672,237000000.0,0.258,1.0,1411000000.0,0.215,1373000000.0,62000000.0,18224000000.0,,2412000000.0,400000000.0,400000000.0,0.0,8828000000.0,3656000000.0,5172000000.0,28067310405.0,337000000.0,0.0,0.0,0.0,-82000000.0,-3000000.0,-635000000.0,50000000.0,978000000.0,-3000000.0,683000000.0,683000000.0,683000000.0,0.0,2000000.0,0.104,79000000.0,1332000000.0,1733000000.0,0.122,2.271,11.059,11.018,7993000000.0,0.0,30.52,1.224,1.225,4769000000.0,14057000000.0,6548000000.0,6548000000.0,0.0,,,,,0.0,79000000.0,1.0,919636645.0,920000000,925000000.0,7.117,19831000000.0,238000000.0,411000000.0,0.0,21.555,6650000000.0
41,HAL,MRQ,2011-06-30,2011-06-30,2011-06-30,2021-10-22,-237000000.0,19956000000.0,,9540000000.0,10416000000.0,,12.71,-719000000.0,1438000000.0,1438000000.0,4709000000.0,741000000.0,3.013,0.713,3824000000.0,0.0,3824000000.0,3824000000.0,260000000.0,331000000.0,0.0,0.007,0.09,1154000000.0,1485000000.0,0.25,1485000000.0,1154000000.0,1091000000.0,0.81,0.8,0.81,11642000000.0,,11642000000.0,49459671619.0,13.0,9.841,104000000.0,0.114,1.0,1226000000.0,0.207,1369000000.0,63000000.0,17807000000.0,,2235000000.0,451000000.0,451000000.0,0.0,8298000000.0,3166000000.0,5132000000.0,46665671619.0,408000000.0,0.0,-66000000.0,0.0,-83000000.0,-76000000.0,-326000000.0,401000000.0,823000000.0,-13000000.0,739000000.0,739000000.0,739000000.0,0.0,2000000.0,0.125,65000000.0,1161000000.0,1554000000.0,0.111,4.008,19.452,19.392,7626000000.0,0.0,51.0,2.218,2.22,4448000000.0,13456000000.0,5935000000.0,5935000000.0,0.0,,,,,0.0,65000000.0,1.0,915013169.0,916000000,921000000.0,6.479,18587000000.0,258000000.0,352000000.0,0.0,20.291,6374000000.0
42,HAL,MRQ,2011-03-31,2011-03-31,2011-03-31,2021-10-22,-238000000.0,18990000000.0,,9028000000.0,9962000000.0,,11.952,-704000000.0,1030000000.0,1030000000.0,4398000000.0,511000000.0,3.093,0.737,3824000000.0,0.0,3824000000.0,3824000000.0,280000000.0,320000000.0,0.0,0.007,0.09,809000000.0,1129000000.0,0.214,1129000000.0,809000000.0,740000000.0,0.56,0.56,0.56,10924000000.0,,10924000000.0,47947682328.0,14.0,10.494,-139000000.0,-0.152,1.0,884000000.0,0.167,1323000000.0,69000000.0,17542000000.0,,2099000000.0,852000000.0,852000000.0,0.0,8050000000.0,2919000000.0,5131000000.0,45521682328.0,-368000000.0,0.0,66000000.0,0.0,-82000000.0,-9000000.0,-917000000.0,-201000000.0,565000000.0,-7000000.0,511000000.0,511000000.0,511000000.0,0.0,0.0,0.097,70000000.0,814000000.0,1372000000.0,0.161,4.167,21.272,21.209,7248000000.0,0.0,49.84,2.335,2.337,4132000000.0,12800000000.0,5282000000.0,5282000000.0,0.0,,,,,0.0,70000000.0,1.0,913356387.0,914000000,919000000.0,5.779,17667000000.0,240000000.0,229000000.0,0.0,19.329,6109000000.0
43,HAL,MRQ,2010-12-31,2010-12-31,2010-12-31,2021-10-22,-240000000.0,18297000000.0,,8886000000.0,9411000000.0,,11.386,-430000000.0,1398000000.0,1398000000.0,4118000000.0,607000000.0,3.223,0.763,3824000000.0,0.0,3824000000.0,3824000000.0,266000000.0,302000000.0,0.0,0.009,0.09,957000000.0,1259000000.0,0.244,1259000000.0,957000000.0,888000000.0,0.66,0.66,0.66,10373000000.0,,10373000000.0,39835306782.0,13.0,9.706,420000000.0,0.461,1.0,1042000000.0,0.202,1315000000.0,69000000.0,16651000000.0,,1940000000.0,653000000.0,653000000.0,0.0,7910000000.0,2757000000.0,5153000000.0,37136306782.0,-477000000.0,-140000000.0,-117000000.0,-790000000.0,-82000000.0,-818000000.0,-500000000.0,225000000.0,850000000.0,-9000000.0,605000000.0,605000000.0,605000000.0,0.0,2000000.0,0.117,62000000.0,980000000.0,1139000000.0,0.136,3.58,20.238,20.213,6842000000.0,0.0,40.83,2.066,2.063,3924000000.0,12371000000.0,5160000000.0,5160000000.0,0.0,,,,,0.0,62000000.0,1.0,909534822.0,911000000,914000000.0,5.664,16982000000.0,257000000.0,283000000.0,0.0,18.641,6129000000.0
44,HAL,MRQ,2010-09-30,2010-09-30,2010-09-30,2021-10-22,-209000000.0,18198000000.0,,9216000000.0,8982000000.0,,10.813,-557000000.0,1875000000.0,1875000000.0,3785000000.0,545000000.0,2.765,0.848,4574000000.0,750000000.0,3824000000.0,4574000000.0,219000000.0,284000000.0,0.0,0.011,0.09,869000000.0,1153000000.0,0.247,1153000000.0,869000000.0,793000000.0,0.6,0.6,0.6,9840000000.0,,9840000000.0,33423537908.0,14.0,9.501,-3000000.0,-0.003,1.0,880000000.0,0.189,1254000000.0,76000000.0,16310000000.0,,1889000000.0,880000000.0,880000000.0,0.0,8345000000.0,3333000000.0,5012000000.0,30009537908.0,715000000.0,-193000000.0,38000000.0,0.0,-82000000.0,-178000000.0,340000000.0,1050000000.0,554000000.0,-1000000.0,544000000.0,544000000.0,544000000.0,0.0,1000000.0,0.117,62000000.0,818000000.0,1095000000.0,0.15,3.05,20.373,20.288,6486000000.0,0.0,33.07,1.819,1.824,3723000000.0,11848000000.0,4665000000.0,4665000000.0,0.0,,,,,0.0,62000000.0,1.0,907455032.0,910000000,912000000.0,5.126,16944000000.0,244000000.0,249000000.0,0.0,18.62,5883000000.0
45,HAL,MRQ,2010-06-30,2010-06-30,2010-06-30,2021-10-22,-209000000.0,17540000000.0,,9203000000.0,8337000000.0,,10.323,-451000000.0,1160000000.0,1160000000.0,3578000000.0,483000000.0,2.776,0.872,4574000000.0,750000000.0,3824000000.0,4574000000.0,257000000.0,272000000.0,0.0,0.015,0.09,756000000.0,1028000000.0,0.234,1028000000.0,756000000.0,680000000.0,0.53,0.53,0.53,9353000000.0,,9353000000.0,25415508443.0,12.0,8.289,40000000.0,0.044,1.0,809000000.0,0.184,1132000000.0,76000000.0,16507000000.0,,1767000000.0,1935000000.0,1935000000.0,0.0,8156000000.0,3315000000.0,4841000000.0,22224508443.0,-223000000.0,-77000000.0,6000000.0,0.0,-82000000.0,-81000000.0,-625000000.0,-132000000.0,491000000.0,-8000000.0,480000000.0,480000000.0,480000000.0,-6000000.0,3000000.0,0.109,47000000.0,762000000.0,1069000000.0,0.17,2.376,18.66,18.598,6175000000.0,0.0,24.55,1.441,1.442,3453000000.0,11386000000.0,4387000000.0,4387000000.0,0.0,,,,,0.0,47000000.0,1.0,905275293.0,906000000,909000000.0,4.842,16408000000.0,274000000.0,200000000.0,0.0,18.11,5888000000.0
46,HAL,MRQ,2010-03-31,2010-03-31,2010-03-31,2021-10-22,-206000000.0,16980000000.0,,8814000000.0,8166000000.0,,9.869,-404000000.0,1383000000.0,1383000000.0,3259000000.0,207000000.0,2.803,0.898,4574000000.0,750000000.0,3824000000.0,4574000000.0,282000000.0,261000000.0,0.0,0.012,0.09,403000000.0,664000000.0,0.177,664000000.0,403000000.0,327000000.0,0.23,0.23,0.23,8931000000.0,,8931000000.0,29762368690.0,17.0,10.942,-87000000.0,-0.096,1.0,502000000.0,0.133,1138000000.0,76000000.0,15888000000.0,,1658000000.0,1808000000.0,1808000000.0,0.0,8020000000.0,3145000000.0,4875000000.0,27270368690.0,-699000000.0,-113000000.0,34000000.0,0.0,-81000000.0,-37000000.0,-970000000.0,-500000000.0,317000000.0,-9000000.0,206000000.0,206000000.0,206000000.0,0.0,1000000.0,0.055,53000000.0,449000000.0,964000000.0,0.391,3.053,28.027,27.898,5980000000.0,0.0,30.13,1.877,1.877,3176000000.0,10988000000.0,3761000000.0,3761000000.0,0.0,,,,,0.0,58000000.0,1.0,905090232.0,905000000,908000000.0,4.156,15842000000.0,248000000.0,121000000.0,0.0,17.505,5669000000.0
47,HAL,MRQ,2009-12-31,2009-12-31,2009-12-31,2021-10-22,-213000000.0,16538000000.0,,8638000000.0,7900000000.0,,9.666,-474000000.0,2082000000.0,2082000000.0,3200000000.0,244000000.0,2.99,0.891,4574000000.0,750000000.0,3824000000.0,4574000000.0,215000000.0,254000000.0,0.0,0.012,0.09,419000000.0,673000000.0,0.183,673000000.0,419000000.0,341000000.0,0.27,0.27,0.27,8728000000.0,,8728000000.0,30037024533.0,15.0,10.433,302000000.0,0.334,1.0,486000000.0,0.132,1100000000.0,78000000.0,15041000000.0,,1598000000.0,1312000000.0,1312000000.0,0.0,7781000000.0,2889000000.0,4892000000.0,27139024533.0,407000000.0,-18000000.0,57000000.0,-31000000.0,-81000000.0,-120000000.0,-233000000.0,198000000.0,776000000.0,-16000000.0,243000000.0,243000000.0,243000000.0,0.0,1000000.0,0.066,58000000.0,428000000.0,787000000.0,0.333,3.109,23.702,23.693,5759000000.0,0.0,30.09,1.849,1.845,2964000000.0,10863000000.0,3686000000.0,3686000000.0,0.0,,,,,0.0,58000000.0,1.0,901928366.0,903000000,905000000.0,4.082,15438000000.0,210000000.0,98000000.0,0.0,17.096,5749000000.0
48,HAL,MRQ,2009-09-30,2009-09-30,2009-09-30,2021-10-22,-202000000.0,16337000000.0,,8699000000.0,7638000000.0,,9.478,-440000000.0,1675000000.0,1675000000.0,3065000000.0,266000000.0,3.983,0.908,4573000000.0,0.0,4573000000.0,4573000000.0,194000000.0,238000000.0,0.0,0.013,0.09,463000000.0,701000000.0,0.195,701000000.0,463000000.0,386000000.0,0.29,0.29,0.29,8549000000.0,,8549000000.0,27486506461.0,12.0,8.51,172000000.0,0.191,1.0,523000000.0,0.146,1093000000.0,77000000.0,15958000000.0,,1716000000.0,1515000000.0,1515000000.0,0.0,7761000000.0,2184000000.0,5577000000.0,24454506461.0,107000000.0,-23000000.0,0.0,0.0,-81000000.0,-70000000.0,-432000000.0,0.0,612000000.0,-3000000.0,262000000.0,262000000.0,262000000.0,0.0,4000000.0,0.073,49000000.0,474000000.0,800000000.0,0.31,2.861,17.85,17.842,5564000000.0,0.0,27.12,1.538,1.539,3098000000.0,10702000000.0,3588000000.0,3588000000.0,0.0,,,,,0.0,49000000.0,1.0,901714840.0,902000000,904000000.0,3.978,15244000000.0,198000000.0,124000000.0,0.0,16.9,6515000000.0
49,HAL,MRQ,2009-06-30,2009-06-30,2009-06-30,2021-10-22,-198000000.0,16215000000.0,,8008000000.0,8207000000.0,,9.244,-432000000.0,1568000000.0,1568000000.0,2970000000.0,265000000.0,3.607,0.951,4600000000.0,27000000.0,4573000000.0,4600000000.0,226000000.0,224000000.0,0.0,0.017,0.09,458000000.0,682000000.0,0.195,682000000.0,458000000.0,379000000.0,0.29,0.29,0.29,8301000000.0,,8301000000.0,20210243944.0,7.0,5.358,205000000.0,0.228,1.0,524000000.0,0.15,1068000000.0,79000000.0,15959000000.0,,1832000000.0,1516000000.0,753000000.0,763000000.0,7891000000.0,2220000000.0,5671000000.0,18570243944.0,-1399000000.0,-14000000.0,0.0,-1000000.0,-81000000.0,-77000000.0,-1955000000.0,-1518000000.0,637000000.0,-4000000.0,262000000.0,262000000.0,262000000.0,1000000.0,3000000.0,0.075,48000000.0,476000000.0,755000000.0,0.31,2.237,10.433,10.402,5357000000.0,0.0,20.7,1.082,1.083,3152000000.0,10521000000.0,3494000000.0,3494000000.0,0.0,,,,,0.0,48000000.0,1.0,897113234.0,898000000,900000000.0,3.891,15147000000.0,179000000.0,117000000.0,0.0,16.867,5788000000.0
50,HAL,MRQ,2009-03-31,2009-03-31,2009-03-31,2021-10-22,-224000000.0,16224000000.0,,8909000000.0,7315000000.0,,9.001,-518000000.0,2967000000.0,2967000000.0,3239000000.0,380000000.0,3.822,1.007,4607000000.0,29000000.0,4578000000.0,4607000000.0,237000000.0,215000000.0,0.0,0.023,0.09,610000000.0,825000000.0,0.211,825000000.0,610000000.0,557000000.0,0.42,0.42,0.42,8074000000.0,,8074000000.0,15367284889.0,5.0,3.746,-137000000.0,-0.153,1.0,668000000.0,0.171,1076000000.0,53000000.0,14457000000.0,,1895000000.0,0.0,0.0,0.0,8129000000.0,2331000000.0,5798000000.0,13879284889.0,1843000000.0,0.0,0.0,1976000000.0,-81000000.0,1937000000.0,-465000000.0,0.0,381000000.0,-10000000.0,378000000.0,378000000.0,378000000.0,0.0,2000000.0,0.097,52000000.0,616000000.0,874000000.0,0.214,1.719,6.864,6.785,5157000000.0,0.0,15.47,0.764,0.764,3395000000.0,10340000000.0,3907000000.0,3907000000.0,0.0,,,,,0.0,52000000.0,1.0,897174201.0,897000000,899000000.0,4.356,15148000000.0,342000000.0,179000000.0,48000000.0,16.887,6578000000.0
51,HAL,MRQ,2008-12-31,2008-12-31,2008-12-31,2021-10-22,-215000000.0,14385000000.0,,7411000000.0,6974000000.0,,8.631,-519000000.0,1124000000.0,1124000000.0,3686000000.0,443000000.0,2.665,0.86,2612000000.0,26000000.0,2586000000.0,2612000000.0,231000000.0,203000000.0,0.0,0.02,0.09,819000000.0,1022000000.0,0.208,1022000000.0,819000000.0,810000000.0,0.52,0.53,0.52,7725000000.0,,7725000000.0,18046462537.0,5.0,4.196,508000000.0,0.568,1.0,1224000000.0,0.249,1072000000.0,9000000.0,12020000000.0,,1828000000.0,0.0,0.0,0.0,6641000000.0,2781000000.0,3860000000.0,16248462537.0,151000000.0,-244000000.0,-3000000.0,-154000000.0,-80000000.0,-238000000.0,-627000000.0,0.0,1027000000.0,-11000000.0,468000000.0,468000000.0,468000000.0,0.0,-25000000.0,0.095,61000000.0,1163000000.0,898000000.0,0.173,2.103,7.306,7.214,4782000000.0,0.0,18.18,0.889,0.878,3795000000.0,10041000000.0,4910000000.0,4910000000.0,0.0,,,,,0.0,61000000.0,1.0,893754815.0,895000000,897000000.0,5.486,13313000000.0,246000000.0,342000000.0,0.0,14.875,4630000000.0
52,HAL,MRQ,2008-09-30,2008-09-30,2008-09-30,2021-10-22,-100000000.0,13846000000.0,,7367000000.0,6479000000.0,,8.421,-468000000.0,973000000.0,973000000.0,3725000000.0,675000000.0,2.911,0.856,2771000000.0,183000000.0,2588000000.0,2771000000.0,202000000.0,193000000.0,0.0,0.011,0.09,1050000000.0,1243000000.0,0.256,1243000000.0,1050000000.0,1015000000.0,0.76,0.74,0.76,7427000000.0,,7427000000.0,29316997704.0,8.0,6.687,194000000.0,0.22,1.0,1128000000.0,0.232,1004000000.0,35000000.0,12109000000.0,,1824000000.0,0.0,0.0,0.0,6359000000.0,2531000000.0,3828000000.0,28401997704.0,-907000000.0,-258000000.0,-123000000.0,-707000000.0,-81000000.0,-870000000.0,-688000000.0,0.0,662000000.0,-11000000.0,672000000.0,672000000.0,672000000.0,0.0,3000000.0,0.138,77000000.0,1051000000.0,964000000.0,0.118,3.824,11.674,11.778,4438000000.0,0.0,32.39,1.619,1.628,3858000000.0,9025000000.0,4853000000.0,4853000000.0,0.0,,,,,0.0,78000000.0,1.0,876875508.0,882000000,908000000.0,5.502,12842000000.0,335000000.0,343000000.0,52000000.0,14.56,4836000000.0
53,HAL,MRQ,2008-06-30,2008-06-30,2008-06-30,2021-10-22,-101000000.0,14048000000.0,,7945000000.0,6103000000.0,,8.669,-488000000.0,1880000000.0,1880000000.0,3492000000.0,510000000.0,3.049,0.839,2795000000.0,230000000.0,2565000000.0,2795000000.0,232000000.0,178000000.0,0.0,0.007,0.09,834000000.0,1012000000.0,0.226,1012000000.0,834000000.0,792000000.0,0.58,0.55,0.58,7585000000.0,,7585000000.0,47098863449.0,13.0,11.201,-28000000.0,-0.032,1.0,995000000.0,0.222,838000000.0,42000000.0,11519000000.0,,1736000000.0,0.0,0.0,0.0,6363000000.0,2606000000.0,3757000000.0,46296863449.0,-114000000.0,-150000000.0,-48000000.0,0.0,-78000000.0,-10000000.0,-564000000.0,0.0,460000000.0,0.0,504000000.0,504000000.0,504000000.0,0.0,6000000.0,0.112,46000000.0,949000000.0,954000000.0,0.155,6.104,18.608,18.819,4146000000.0,0.0,53.07,2.785,2.793,3581000000.0,9127000000.0,4487000000.0,4487000000.0,0.0,,,,,0.0,71000000.0,1.0,872373534.0,875000000,918000000.0,5.128,13210000000.0,466000000.0,288000000.0,97000000.0,15.097,5339000000.0
54,HAL,MRQ,2008-03-31,2008-03-31,2008-03-31,2021-10-22,-102000000.0,13328000000.0,,7696000000.0,5632000000.0,,8.034,-349000000.0,1994000000.0,1994000000.0,3146000000.0,587000000.0,3.101,0.873,2796000000.0,172000000.0,2624000000.0,2796000000.0,240000000.0,164000000.0,0.0,0.009,0.09,860000000.0,1024000000.0,0.254,1024000000.0,860000000.0,818000000.0,0.66,0.63,0.66,7062000000.0,,7062000000.0,35555586609.0,8.0,6.853,176000000.0,0.2,1.0,883000000.0,0.219,803000000.0,42000000.0,10845000000.0,,1655000000.0,0.0,0.0,0.0,6166000000.0,2482000000.0,3684000000.0,34616586609.0,147000000.0,0.0,-333000000.0,0.0,-80000000.0,-405000000.0,23000000.0,388000000.0,525000000.0,4000000.0,580000000.0,580000000.0,580000000.0,-1000000.0,7000000.0,0.144,72000000.0,811000000.0,907000000.0,0.136,4.902,9.851,10.008,3851000000.0,0.0,39.33,2.181,2.178,3301000000.0,8699000000.0,4029000000.0,4029000000.0,0.0,,,,,0.0,72000000.0,1.0,880157300.0,879000000,914000000.0,4.584,12525000000.0,468000000.0,238000000.0,209000000.0,14.249,5214000000.0
55,HAL,MRQ,2007-12-31,2007-12-31,2007-12-31,2021-10-22,-104000000.0,13135000000.0,,7573000000.0,5562000000.0,,7.62,-440000000.0,1847000000.0,1847000000.0,3194000000.0,727000000.0,3.141,0.899,2786000000.0,159000000.0,2627000000.0,2786000000.0,209000000.0,166000000.0,0.0,0.009,0.09,939000000.0,1105000000.0,0.264,1105000000.0,939000000.0,889000000.0,0.75,0.73,0.75,6866000000.0,,6866000000.0,35475511671.0,8.0,6.896,522000000.0,0.579,1.0,985000000.0,0.236,790000000.0,50000000.0,10873000000.0,,1459000000.0,388000000.0,388000000.0,0.0,6175000000.0,2411000000.0,3764000000.0,33404511671.0,1112000000.0,-1577000000.0,-163000000.0,-4000000.0,-79000000.0,-119000000.0,279000000.0,781000000.0,962000000.0,-10000000.0,677000000.0,677000000.0,677000000.0,959000000.0,50000000.0,0.162,78000000.0,907000000.0,768000000.0,0.12,4.865,9.582,10.003,3630000000.0,0.0,37.91,2.188,2.282,3093000000.0,8202000000.0,4179000000.0,4179000000.0,0.0,,,,,0.0,79000000.0,1.0,881153038.0,901000000,937000000.0,4.638,12345000000.0,724000000.0,212000000.0,209000000.0,13.701,5162000000.0
56,HAL,MRQ,2007-09-30,2007-09-30,2007-09-30,2021-10-22,-178000000.0,12469000000.0,,7221000000.0,5248000000.0,,7.042,-342000000.0,735000000.0,735000000.0,2956000000.0,727000000.0,3.296,0.998,2806000000.0,10000000.0,2796000000.0,2806000000.0,188000000.0,146000000.0,0.0,0.009,0.09,918000000.0,1064000000.0,0.271,1064000000.0,918000000.0,879000000.0,0.83,0.79,0.83,6197000000.0,,6197000000.0,35629334310.0,8.0,6.932,397000000.0,0.451,1.0,972000000.0,0.247,731000000.0,39000000.0,11618000000.0,,1560000000.0,1156000000.0,1156000000.0,0.0,6182000000.0,2191000000.0,3991000000.0,34182334310.0,-613000000.0,-322000000.0,-338000000.0,-3000000.0,-78000000.0,-414000000.0,-937000000.0,-271000000.0,739000000.0,-1000000.0,727000000.0,727000000.0,727000000.0,-1000000.0,0.0,0.185,62000000.0,910000000.0,798000000.0,0.108,5.516,9.859,10.295,3337000000.0,0.0,38.4,2.342,2.315,3109000000.0,7591000000.0,3928000000.0,3928000000.0,0.0,,,,,0.0,63000000.0,1.0,890164956.0,880000000,917000000.0,4.464,11738000000.0,714000000.0,152000000.0,216000000.0,13.339,5030000000.0
57,HAL,MRQ,2007-06-30,2007-06-30,2007-06-30,2021-10-22,-178000000.0,11989000000.0,,7272000000.0,4717000000.0,,6.473,-334000000.0,1348000000.0,1348000000.0,2809000000.0,1530000000.0,3.357,1.034,2795000000.0,11000000.0,2784000000.0,2795000000.0,198000000.0,140000000.0,0.0,0.009,0.09,1855000000.0,1995000000.0,0.534,1995000000.0,1855000000.0,1814000000.0,1.69,1.62,1.69,5858000000.0,,5858000000.0,32144743940.0,7.0,6.295,250000000.0,0.276,1.0,926000000.0,0.248,594000000.0,41000000.0,10676000000.0,,1500000000.0,875000000.0,875000000.0,0.0,6060000000.0,2166000000.0,3894000000.0,31534743940.0,-2125000000.0,55000000.0,-903000000.0,0.0,-82000000.0,-989000000.0,-1709000000.0,-8000000.0,584000000.0,-11000000.0,1530000000.0,1530000000.0,1530000000.0,-935000000.0,0.0,0.41,33000000.0,893000000.0,856000000.0,0.053,5.383,9.411,9.829,2988000000.0,0.0,34.5,2.243,2.221,2948000000.0,6942000000.0,3735000000.0,3735000000.0,0.0,,,,,0.0,82000000.0,1.0,914050549.0,905000000,942000000.0,4.127,11395000000.0,647000000.0,284000000.0,215000000.0,12.591,5106000000.0
58,HAL,MRQ,2007-03-31,2007-03-31,2007-03-31,2021-10-22,-426000000.0,17638000000.0,,11715000000.0,5923000000.0,,7.956,-264000000.0,2186000000.0,2186000000.0,2566000000.0,552000000.0,2.307,1.227,2796000000.0,11000000.0,2785000000.0,2796000000.0,0.0,131000000.0,0.0,0.009,0.075,849000000.0,980000000.0,0.286,980000000.0,849000000.0,811000000.0,0.55,0.54,0.55,7892000000.0,,7892000000.0,30165723882.0,8.0,7.347,177000000.0,0.178,1.0,856000000.0,0.25,593000000.0,38000000.0,12576000000.0,,1430000000.0,857000000.0,857000000.0,0.0,9681000000.0,5079000000.0,4602000000.0,31713723882.0,-906000000.0,-180000000.0,30000000.0,0.0,-75000000.0,-48000000.0,-1294000000.0,-834000000.0,441000000.0,-5000000.0,552000000.0,552000000.0,552000000.0,-23000000.0,0.0,0.161,68000000.0,788000000.0,739000000.0,0.136,4.018,13.148,13.225,2758000000.0,0.0,31.74,2.36,2.343,2700000000.0,5494000000.0,3422000000.0,3422000000.0,0.0,,,,,0.0,69000000.0,1.0,999172145.0,992000000,1025000000.0,3.45,17045000000.0,618000000.0,259000000.0,387000000.0,17.182,6636000000.0
59,HAL,MRQ,2006-12-31,2006-12-31,2006-12-31,2021-10-22,-437000000.0,16860000000.0,,11190000000.0,5670000000.0,,7.428,-221000000.0,2918000000.0,2918000000.0,2533000000.0,658000000.0,2.364,1.276,2809000000.0,26000000.0,2783000000.0,2809000000.0,171000000.0,124000000.0,0.0,0.01,0.075,977000000.0,1101000000.0,0.314,1101000000.0,977000000.0,936000000.0,0.66,0.64,0.66,7376000000.0,,7376000000.0,30505057959.0,9.0,7.634,1166000000.0,1.174,1.0,976000000.0,0.278,486000000.0,41000000.0,11531000000.0,,1235000000.0,20000000.0,20000000.0,0.0,9415000000.0,4734000000.0,4681000000.0,31221057959.0,1461000000.0,64000000.0,-270000000.0,13000000.0,-75000000.0,219000000.0,-195000000.0,-20000000.0,1387000000.0,50000000.0,658000000.0,658000000.0,658000000.0,-31000000.0,0.0,0.188,99000000.0,877000000.0,655000000.0,0.114,4.233,13.297,13.442,2557000000.0,0.0,31.05,2.41,2.43,2629000000.0,5051000000.0,3509000000.0,3509000000.0,0.0,,,,,0.0,99000000.0,1.0,1005509113.0,993000000,1030000000.0,3.534,16374000000.0,653000000.0,278000000.0,146000000.0,16.489,6456000000.0
60,HAL,MRQ,2006-09-30,2006-09-30,2006-09-30,2021-10-22,-219000000.0,15984000000.0,,10215000000.0,5769000000.0,,7.012,-186000000.0,3549000000.0,3549000000.0,2439000000.0,611000000.0,2.172,1.234,2833000000.0,88000000.0,2745000000.0,2833000000.0,1059000000.0,122000000.0,0.0,0.01,0.075,908000000.0,1030000000.0,0.304,1030000000.0,908000000.0,868000000.0,0.61,0.58,0.61,7089000000.0,,7089000000.0,28801276164.0,9.0,8.136,1018000000.0,1.007,1.0,953000000.0,0.281,775000000.0,40000000.0,9791000000.0,,1213000000.0,388000000.0,0.0,388000000.0,8749000000.0,4702000000.0,4047000000.0,29336276164.0,-215000000.0,0.0,-837000000.0,-279000000.0,-76000000.0,-1220000000.0,-195000000.0,0.0,1204000000.0,-4000000.0,611000000.0,611000000.0,611000000.0,-8000000.0,0.0,0.18,84000000.0,869000000.0,1871000000.0,0.123,4.138,10.507,10.308,2884000000.0,0.0,28.45,6.014,5.896,4617000000.0,4468000000.0,3392000000.0,3392000000.0,0.0,,,,,0.0,84000000.0,1.0,1031152062.0,1011000000,1048000000.0,3.355,15209000000.0,884000000.0,257000000.0,0.0,15.044,5513000000.0
61,HAL,MRQ,2006-06-30,2006-06-30,2006-06-30,2021-10-22,-224000000.0,16174000000.0,,10651000000.0,5523000000.0,,7.142,-168000000.0,3673000000.0,3673000000.0,2284000000.0,591000000.0,2.236,1.194,3138000000.0,366000000.0,2772000000.0,3138000000.0,1123000000.0,117000000.0,0.0,0.007,0.075,878000000.0,995000000.0,0.319,995000000.0,878000000.0,836000000.0,0.58,0.55,0.58,7328000000.0,,7328000000.0,39190326248.0,14.0,11.826,818000000.0,0.797,1.0,832000000.0,0.267,774000000.0,42000000.0,10102000000.0,,1128000000.0,383000000.0,0.0,383000000.0,8753000000.0,4763000000.0,3990000000.0,38306326248.0,835000000.0,-6000000.0,-116000000.0,-44000000.0,-78000000.0,-226000000.0,80000000.0,0.0,986000000.0,-5000000.0,591000000.0,591000000.0,591000000.0,-93000000.0,0.0,0.19,73000000.0,759000000.0,1817000000.0,0.129,5.227,14.293,14.002,2774000000.0,0.0,37.105,5.987,5.95,4806000000.0,3899000000.0,3116000000.0,3116000000.0,0.0,,,,,0.0,73000000.0,1.0,1032376398.0,1026000000,1070000000.0,3.037,15400000000.0,1058000000.0,245000000.0,0.0,15.01,5888000000.0
62,HAL,MRQ,2006-03-31,2006-03-31,2006-03-31,2021-10-22,-261000000.0,15170000000.0,,9739000000.0,5431000000.0,,6.711,-107000000.0,2278000000.0,2278000000.0,2170000000.0,488000000.0,2.34,1.186,3162000000.0,369000000.0,2793000000.0,3162000000.0,739000000.0,117000000.0,0.0,0.007,0.075,753000000.0,870000000.0,0.296,870000000.0,753000000.0,711000000.0,0.48,0.46,0.48,6872000000.0,,6872000000.0,38500892336.0,15.0,12.669,-27000000.0,-0.026,1.0,768000000.0,0.261,771000000.0,42000000.0,11121000000.0,,1086000000.0,388000000.0,0.0,388000000.0,8147000000.0,4162000000.0,3985000000.0,37695892336.0,-93000000.0,13000000.0,43000000.0,-14000000.0,-77000000.0,-53000000.0,-116000000.0,0.0,80000000.0,-4000000.0,488000000.0,488000000.0,488000000.0,-39000000.0,0.0,0.166,86000000.0,682000000.0,1688000000.0,0.156,5.485,15.194,14.841,2675000000.0,0.0,36.51,4.566,4.529,4952000000.0,3386000000.0,2938000000.0,2938000000.0,0.0,,,,,0.0,86000000.0,1.0,1032481302.0,1024000000,1068000000.0,2.869,14399000000.0,1251000000.0,223000000.0,0.0,14.062,5577000000.0
63,HAL,MRQ,2005-12-31,2005-12-31,2005-12-31,2021-10-22,-266000000.0,15048000000.0,,9386000000.0,5662000000.0,,6.235,-86000000.0,2391000000.0,2391000000.0,-4985000000.0,1102000000.0,2.12,1.339,3174000000.0,361000000.0,2813000000.0,3174000000.0,661000000.0,71000000.0,0.0,0.008,0.062,574000000.0,645000000.0,-0.141,645000000.0,574000000.0,532000000.0,1.09,1.05,1.09,6372000000.0,,6372000000.0,33158579969.0,14.0,11.525,726000000.0,0.71,1.0,417000000.0,-0.091,765000000.0,42000000.0,10639000000.0,,953000000.0,382000000.0,0.0,382000000.0,8531000000.0,4427000000.0,4104000000.0,31775579969.0,267000000.0,-171000000.0,37000000.0,-228000000.0,-64000000.0,-275000000.0,-262000000.0,-15000000.0,812000000.0,-8000000.0,1102000000.0,1102000000.0,1102000000.0,-230000000.0,0.0,-0.241,8000000.0,409000000.0,1967000000.0,0.057,4.987,13.476,13.239,2648000000.0,0.0,30.98,3.146,3.098,4801000000.0,2975000000.0,-4568000000.0,-4568000000.0,0.0,,,,,0.0,8000000.0,1.0,1025680438.0,1022000000,1056000000.0,-4.47,14283000000.0,1467000000.0,-570000000.0,0.0,13.976,4959000000.0
64,HAL,MRQ,2005-09-30,2005-09-30,2005-09-30,2021-10-22,-194000000.0,13695000000.0,,8491000000.0,5204000000.0,,5.284,-153000000.0,2124000000.0,2124000000.0,4228000000.0,499000000.0,2.006,1.536,3507000000.0,686000000.0,2821000000.0,3507000000.0,603000000.0,125000000.0,0.0,0.007,0.062,679000000.0,804000000.0,0.164,804000000.0,679000000.0,628000000.0,0.5,0.48,0.5,5347000000.0,,5347000000.0,36804179332.0,20.0,15.748,399000000.0,0.394,1.0,684000000.0,0.139,739000000.0,51000000.0,10107000000.0,,962000000.0,358000000.0,0.0,358000000.0,8215000000.0,4232000000.0,3983000000.0,34829179332.0,549000000.0,74000000.0,176000000.0,-43000000.0,-64000000.0,69000000.0,-71000000.0,15000000.0,552000000.0,-1000000.0,499000000.0,499000000.0,499000000.0,-7000000.0,0.0,0.102,89000000.0,595000000.0,1714000000.0,0.124,6.514,33.076,33.424,2602000000.0,0.0,34.26,1.806,1.798,4366000000.0,1937000000.0,4912000000.0,4912000000.0,0.0,,,,,0.0,89000000.0,1.0,1016613524.0,1012000000,1050000000.0,4.854,12956000000.0,940000000.0,129000000.0,0.0,12.802,4259000000.0
65,HAL,MRQ,2005-06-30,2005-06-30,2005-06-30,2021-10-22,-186000000.0,13216000000.0,,7967000000.0,5249000000.0,,4.667,-108000000.0,1575000000.0,1575000000.0,4284000000.0,392000000.0,1.91,1.791,3550000000.0,447000000.0,3103000000.0,3550000000.0,471000000.0,127000000.0,0.0,0.01,0.062,593000000.0,720000000.0,0.145,720000000.0,593000000.0,542000000.0,0.39,0.38,0.39,4695000000.0,,4695000000.0,26343690657.0,21.0,14.892,270000000.0,0.268,1.0,689000000.0,0.139,744000000.0,51000000.0,10275000000.0,,931000000.0,391000000.0,0.0,391000000.0,8408000000.0,4172000000.0,4236000000.0,24184690657.0,-237000000.0,-2000000.0,34000000.0,-460000000.0,-63000000.0,-491000000.0,-121000000.0,0.0,378000000.0,-3000000.0,392000000.0,392000000.0,392000000.0,0.0,0.0,0.079,96000000.0,593000000.0,1871000000.0,0.159,5.151,47.421,50.872,2550000000.0,0.0,23.91,1.262,1.255,4371000000.0,1502000000.0,4973000000.0,4973000000.0,0.0,,,,,0.0,96000000.0,1.0,1011488526.0,1006000000,1026000000.0,4.943,12472000000.0,984000000.0,150000000.0,0.0,12.398,3795000000.0
66,HAL,MRQ,2005-03-31,2005-03-31,2005-03-31,2021-10-22,-166000000.0,13806000000.0,,8208000000.0,5598000000.0,,4.329,-122000000.0,1812000000.0,1812000000.0,4216000000.0,365000000.0,1.585,2.156,3971000000.0,862000000.0,3109000000.0,3971000000.0,499000000.0,125000000.0,0.0,0.012,0.062,583000000.0,708000000.0,0.148,708000000.0,583000000.0,531000000.0,0.365,0.36,0.365,4338000000.0,,4338000000.0,22949706733.0,820.0,43.301,-1163000000.0,-1.161,1.0,567000000.0,0.119,794000000.0,52000000.0,9992000000.0,,880000000.0,427000000.0,0.0,427000000.0,9354000000.0,5179000000.0,4175000000.0,21817706733.0,-105000000.0,203000000.0,83000000.0,-40000000.0,-63000000.0,-23000000.0,964000000.0,891000000.0,-1041000000.0,-5000000.0,365000000.0,365000000.0,365000000.0,0.0,0.0,0.076,101000000.0,466000000.0,2357000000.0,0.17,5.029,-39.741,-31.801,2556000000.0,0.0,21.625,1.14,1.132,4874000000.0,1173000000.0,4783000000.0,4783000000.0,0.0,,,,,0.0,101000000.0,1.0,1008911294.0,1002000000,1020000000.0,4.773,13012000000.0,727000000.0,166000000.0,0.0,12.986,3029000000.0
67,HAL,MRQ,2004-12-31,2004-12-31,2004-12-31,2021-10-22,-146000000.0,15864000000.0,,10030000000.0,5834000000.0,,4.499,-88000000.0,1917000000.0,1917000000.0,4209000000.0,-203000000.0,1.406,3.007,3955000000.0,362000000.0,3593000000.0,3955000000.0,553000000.0,135000000.0,0.0,0.013,0.062,-30000000.0,105000000.0,0.023,105000000.0,-30000000.0,-99000000.0,-0.23,-0.23,-0.23,3932000000.0,,3932000000.0,18291099471.0,-36.0,-3048.517,-137000000.0,-0.157,1.0,404000000.0,0.088,795000000.0,69000000.0,9975000000.0,,791000000.0,1432000000.0,891000000.0,541000000.0,11824000000.0,7132000000.0,4692000000.0,17343099471.0,1094000000.0,0.0,14000000.0,-4000000.0,-56000000.0,-63000000.0,1190000000.0,1283000000.0,-49000000.0,16000000.0,-203000000.0,-203000000.0,-203000000.0,373000000.0,0.0,-0.044,90000000.0,314000000.0,2339000000.0,-0.27,4.411,-17.715,-17.518,2553000000.0,0.0,19.62,0.872,0.863,5751000000.0,871000000.0,4613000000.0,4613000000.0,0.0,,,,,0.0,90000000.0,1.0,883950024.0,874000000,882000000.0,5.278,15069000000.0,1081000000.0,104000000.0,0.0,17.241,2898000000.0
68,HAL,MRQ,2004-09-30,2004-09-30,2004-09-30,2021-10-22,-296000000.0,15958000000.0,,9823000000.0,6135000000.0,,1.917,-94000000.0,2996000000.0,2996000000.0,4391000000.0,-44000000.0,1.392,8.437,3944000000.0,50000000.0,3894000000.0,3944000000.0,723000000.0,118000000.0,0.0,0.015,0.062,118000000.0,236000000.0,0.049,236000000.0,118000000.0,67000000.0,-0.055,-0.045,-0.055,1679000000.0,,1679000000.0,16595116962.0,-13.0,-21.33,703000000.0,0.803,1.0,399000000.0,0.083,793000000.0,51000000.0,9058000000.0,,741000000.0,527000000.0,0.0,527000000.0,14166000000.0,7055000000.0,7111000000.0,14875116962.0,-266000000.0,124000000.0,24000000.0,-5000000.0,-55000000.0,-39000000.0,-1015000000.0,-1031000000.0,797000000.0,-9000000.0,-44000000.0,-44000000.0,-44000000.0,230000000.0,0.0,-0.009,97000000.0,302000000.0,2362000000.0,-1.127,8.86,-8.633,-8.508,2540000000.0,0.0,16.845,0.718,0.712,5419000000.0,1130000000.0,4790000000.0,4790000000.0,0.0,,,,,0.0,97000000.0,1.0,883058294.0,876000000,884000000.0,5.468,15165000000.0,971000000.0,111000000.0,0.0,17.312,2768000000.0
69,HAL,MRQ,2004-06-30,2004-06-30,2004-06-30,2021-10-22,-307000000.0,15519000000.0,,9531000000.0,5988000000.0,,1.986,-129000000.0,2230000000.0,2230000000.0,4904000000.0,-667000000.0,1.395,7.873,3950000000.0,50000000.0,3900000000.0,3950000000.0,848000000.0,124000000.0,0.0,0.017,0.062,-643000000.0,-519000000.0,-0.105,-519000000.0,-643000000.0,-696000000.0,-0.76,-0.76,-0.76,1736000000.0,,1736000000.0,15342669111.0,-12.0,-21.075,227000000.0,0.26,1.0,52000000.0,0.01,793000000.0,53000000.0,9613000000.0,,741000000.0,476000000.0,0.0,476000000.0,13667000000.0,6833000000.0,6834000000.0,13318669111.0,248000000.0,0.0,2000000.0,-3000000.0,-55000000.0,-57000000.0,-52000000.0,-49000000.0,356000000.0,1000000.0,-667000000.0,-667000000.0,-667000000.0,0.0,0.0,-0.135,78000000.0,-26000000.0,2087000000.0,-0.082,7.672,-8.216,-8.134,2564000000.0,0.0,15.13,0.663,0.658,5776000000.0,1229000000.0,4956000000.0,4956000000.0,0.0,,,,,0.0,78000000.0,1.0,880282162.0,874000000,874000000.0,5.67,14726000000.0,1047000000.0,-29000000.0,116000000.0,16.849,2698000000.0
70,HAL,MRQ,2004-03-31,2004-03-31,2004-03-31,2021-10-22,-283000000.0,16407000000.0,,9263000000.0,7144000000.0,,2.835,-98000000.0,1933000000.0,1933000000.0,5248000000.0,-65000000.0,1.338,5.593,3957000000.0,23000000.0,3934000000.0,3957000000.0,887000000.0,132000000.0,0.0,0.016,0.062,40000000.0,172000000.0,0.031,172000000.0,40000000.0,-16000000.0,-0.075,-0.075,-0.075,2472000000.0,,2472000000.0,15002885242.0,-28.0,-3750.721,-274000000.0,-0.314,1.0,271000000.0,0.049,793000000.0,56000000.0,10715000000.0,,743000000.0,495000000.0,0.0,495000000.0,13825000000.0,6923000000.0,6902000000.0,13362885242.0,-263000000.0,-22000000.0,16000000.0,481000000.0,-55000000.0,442000000.0,-529000000.0,-361000000.0,-176000000.0,0.0,-65000000.0,-65000000.0,-65000000.0,141000000.0,0.0,-0.012,96000000.0,175000000.0,2102000000.0,-0.827,5.406,-14.4,-14.201,2537000000.0,0.0,15.195,0.713,0.707,5720000000.0,1951000000.0,5519000000.0,5519000000.0,0.0,,,,,0.0,96000000.0,1.0,879426472.0,872000000,880000000.0,6.329,15614000000.0,1005000000.0,49000000.0,256000000.0,17.906,2340000000.0
71,HAL,MRQ,2003-12-31,2003-12-31,2003-12-31,2021-10-22,-298000000.0,15499000000.0,,7919000000.0,7580000000.0,,2.934,-119000000.0,1815000000.0,1815000000.0,5070000000.0,-947000000.0,1.206,5.046,3437000000.0,22000000.0,3415000000.0,3437000000.0,741000000.0,134000000.0,0.0,0.019,0.062,-801000000.0,-667000000.0,-0.122,-667000000.0,-801000000.0,-855000000.0,-1.09,-1.085,-1.09,2547000000.0,,2547000000.0,12579663922.0,-28.0,177.178,-359000000.0,-0.414,1.0,394000000.0,0.072,670000000.0,54000000.0,9887000000.0,,695000000.0,579000000.0,0.0,579000000.0,12852000000.0,6564000000.0,6288000000.0,11389663922.0,17000000.0,2000000.0,3000000.0,1004000000.0,-55000000.0,934000000.0,-707000000.0,-576000000.0,-240000000.0,30000000.0,-947000000.0,-947000000.0,-947000000.0,1093000000.0,0.0,-0.173,89000000.0,305000000.0,1776000000.0,-0.057,4.472,-13.89,-13.757,2526000000.0,0.0,13.0,0.7,0.694,4765000000.0,2071000000.0,5464000000.0,5464000000.0,0.0,,,,,0.0,89000000.0,1.0,876127994.0,868000000,880000000.0,6.295,14829000000.0,774000000.0,92000000.0,0.0,17.084,1355000000.0
72,HAL,MRQ,2003-09-30,2003-09-30,2003-09-30,2021-10-22,-258000000.0,13776000000.0,,6619000000.0,7157000000.0,,4.111,-109000000.0,1222000000.0,1222000000.0,3865000000.0,58000000.0,2.139,2.851,2412000000.0,44000000.0,2368000000.0,2412000000.0,803000000.0,132000000.0,0.0,0.021,0.062,154000000.0,286000000.0,0.069,286000000.0,154000000.0,121000000.0,0.065,0.065,0.065,3577000000.0,,3577000000.0,11316743742.0,-59.0,38.232,-431000000.0,-0.495,1.0,283000000.0,0.068,669000000.0,33000000.0,11203000000.0,,731000000.0,446000000.0,0.0,446000000.0,10199000000.0,3094000000.0,7105000000.0,10619743742.0,-637000000.0,-2000000.0,8000000.0,-144000000.0,-55000000.0,-191000000.0,-115000000.0,0.0,-322000000.0,-9000000.0,58000000.0,58000000.0,58000000.0,34000000.0,0.0,0.014,80000000.0,203000000.0,979000000.0,0.954,2.969,-21.717,-21.272,2504000000.0,0.0,12.125,0.75,0.745,4000000000.0,3073000000.0,4148000000.0,4148000000.0,0.0,,,,,0.0,80000000.0,1.0,875855154.0,870000000,874000000.0,4.768,13107000000.0,880000000.0,63000000.0,146000000.0,15.066,3525000000.0
73,HAL,MRQ,2003-06-30,2003-06-30,2003-06-30,2021-10-22,-260000000.0,14022000000.0,,6775000000.0,7247000000.0,,4.1,-110000000.0,1859000000.0,1859000000.0,3475000000.0,26000000.0,2.043,2.94,2556000000.0,182000000.0,2374000000.0,2556000000.0,801000000.0,125000000.0,0.0,0.022,0.062,80000000.0,205000000.0,0.057,205000000.0,80000000.0,55000000.0,0.03,0.03,0.03,3559000000.0,,3559000000.0,10609527947.0,-71.0,31.113,-112000000.0,-0.129,1.0,124000000.0,0.034,669000000.0,25000000.0,10733000000.0,,747000000.0,412000000.0,0.0,412000000.0,10463000000.0,3317000000.0,7146000000.0,10054527947.0,931000000.0,69000000.0,1000000.0,1009000000.0,-54000000.0,987000000.0,-83000000.0,5000000.0,-2000000.0,29000000.0,26000000.0,26000000.0,26000000.0,16000000.0,0.0,0.007,80000000.0,44000000.0,1056000000.0,2.067,2.825,-22.195,-21.905,2498000000.0,0.0,11.5,0.774,0.768,3666000000.0,3070000000.0,3599000000.0,3599000000.0,0.0,,,,,0.0,80000000.0,1.0,874306778.0,868000000,872000000.0,4.146,13353000000.0,882000000.0,29000000.0,129000000.0,15.384,3458000000.0
74,HAL,MRQ,2003-03-31,2003-03-31,2003-03-31,2021-10-22,-281000000.0,12584000000.0,,5438000000.0,7146000000.0,,4.104,-70000000.0,928000000.0,928000000.0,2858000000.0,43000000.0,1.786,2.533,1483000000.0,308000000.0,1175000000.0,1483000000.0,760000000.0,127000000.0,0.0,0.024,0.062,120000000.0,247000000.0,0.081,247000000.0,120000000.0,93000000.0,0.05,0.05,0.05,3562000000.0,,3562000000.0,9480337372.0,-12.0,-34.474,-281000000.0,-0.324,1.0,202000000.0,0.066,682000000.0,27000000.0,9412000000.0,,757000000.0,433000000.0,0.0,433000000.0,9022000000.0,3045000000.0,5977000000.0,9062337372.0,-179000000.0,155000000.0,3000000.0,-5000000.0,-55000000.0,-94000000.0,133000000.0,52000000.0,-211000000.0,-7000000.0,43000000.0,43000000.0,43000000.0,8000000.0,0.0,0.014,81000000.0,121000000.0,949000000.0,1.24,2.544,-9.276,-9.173,2492000000.0,0.0,10.365,0.718,0.713,3293000000.0,3098000000.0,3060000000.0,3060000000.0,0.0,,,,,0.0,81000000.0,1.0,874321020.0,868000000,872000000.0,3.525,11902000000.0,811000000.0,50000000.0,144000000.0,13.712,2393000000.0
75,HAL,MRQ,2002-12-31,2002-12-31,2002-12-31,2021-10-22,-281000000.0,12844000000.0,,5560000000.0,7284000000.0,,4.118,-151000000.0,1107000000.0,1107000000.0,3273000000.0,-616000000.0,1.699,2.59,1525000000.0,344000000.0,1181000000.0,1525000000.0,741000000.0,103000000.0,0.0,0.027,0.062,-545000000.0,-442000000.0,-0.132,-442000000.0,-545000000.0,-567000000.0,-0.715,-0.715,-0.715,3558000000.0,,3558000000.0,9018050305.0,-11.0,-30.06,411000000.0,0.476,1.0,75000000.0,0.022,723000000.0,22000000.0,9267000000.0,,734000000.0,413000000.0,0.0,413000000.0,9215000000.0,3272000000.0,5943000000.0,8165050305.0,521000000.0,38000000.0,-4000000.0,84000000.0,-55000000.0,24000000.0,-56000000.0,62000000.0,562000000.0,-9000000.0,-616000000.0,-616000000.0,-616000000.0,484000000.0,0.0,-0.184,126000000.0,-51000000.0,1077000000.0,-0.087,2.295,-8.181,-8.1,2629000000.0,0.0,9.355,0.649,0.643,3257000000.0,3110000000.0,3348000000.0,3348000000.0,0.0,,,,,0.0,96000000.0,1.0,872800674.0,864000000,864000000.0,3.875,12121000000.0,807000000.0,49000000.0,148000000.0,14.029,2288000000.0
76,HAL,MRQ,2002-09-30,2002-09-30,2002-09-30,2021-10-22,-179000000.0,11711000000.0,,5180000000.0,6531000000.0,,5.001,3000000.0,586000000.0,586000000.0,2685000000.0,94000000.0,1.816,1.71,1439000000.0,319000000.0,1120000000.0,1439000000.0,648000000.0,136000000.0,0.0,0.039,0.062,195000000.0,331000000.0,0.111,331000000.0,195000000.0,166000000.0,0.11,0.11,0.11,4321000000.0,,4321000000.0,6795303520.0,680.0,12.288,383000000.0,0.443,1.0,297000000.0,0.1,719000000.0,29000000.0,8992000000.0,,769000000.0,416000000.0,0.0,416000000.0,7390000000.0,2853000000.0,4537000000.0,5633303520.0,203000000.0,-2000000.0,0.0,-111000000.0,-55000000.0,-171000000.0,-3000000.0,0.0,380000000.0,-3000000.0,94000000.0,94000000.0,94000000.0,0.0,0.0,0.032,106000000.0,191000000.0,1046000000.0,0.564,1.304,-23.182,-23.054,2591000000.0,0.0,6.455,0.454,0.45,3399000000.0,3781000000.0,2982000000.0,2982000000.0,0.0,,,,,0.0,89000000.0,1.0,872703876.0,864000000,868000000.0,3.451,10992000000.0,561000000.0,72000000.0,0.0,12.722,2327000000.0
77,HAL,MRQ,2002-06-30,2002-06-30,2002-06-30,2021-10-22,-201000000.0,11987000000.0,,5176000000.0,6811000000.0,,4.925,-143000000.0,383000000.0,383000000.0,3482000000.0,-498000000.0,1.733,1.817,1545000000.0,281000000.0,1264000000.0,1545000000.0,580000000.0,134000000.0,0.0,0.031,0.062,-545000000.0,-411000000.0,-0.127,-411000000.0,-545000000.0,-575000000.0,-0.575,-0.575,-0.575,4255000000.0,,4255000000.0,8167040295.0,53.0,11.785,322000000.0,0.373,1.0,-247000000.0,-0.076,725000000.0,30000000.0,9437000000.0,,808000000.0,568000000.0,0.0,568000000.0,7732000000.0,2987000000.0,4745000000.0,6944040295.0,117000000.0,0.0,1000000.0,49000000.0,-55000000.0,-8000000.0,-337000000.0,0.0,465000000.0,-3000000.0,-498000000.0,-498000000.0,-498000000.0,140000000.0,0.0,-0.154,158000000.0,-405000000.0,1140000000.0,-0.108,1.632,-43.95,-44.278,2692000000.0,0.0,7.97,0.542,0.538,3606000000.0,3742000000.0,3235000000.0,3235000000.0,0.0,,,,,0.0,97000000.0,1.0,871272308.0,864000000,864000000.0,3.744,11262000000.0,638000000.0,-77000000.0,78000000.0,13.035,2189000000.0
78,HAL,MRQ,2002-03-31,2002-03-31,2002-03-31,2021-10-22,-233000000.0,10880000000.0,,5438000000.0,5442000000.0,,5.517,-207000000.0,266000000.0,266000000.0,2939000000.0,22000000.0,2.007,1.282,1489000000.0,87000000.0,1402000000.0,1489000000.0,629000000.0,132000000.0,0.0,0.029,0.062,90000000.0,222000000.0,0.074,222000000.0,90000000.0,58000000.0,0.025,0.025,0.025,4767000000.0,,4767000000.0,8673918195.0,7.0,4.979,-52000000.0,-0.06,1.0,68000000.0,0.023,720000000.0,32000000.0,8673000000.0,,814000000.0,524000000.0,0.0,524000000.0,6113000000.0,2710000000.0,3403000000.0,7435918195.0,-24000000.0,134000000.0,-1000000.0,-39000000.0,-54000000.0,-93000000.0,-77000000.0,0.0,155000000.0,-9000000.0,22000000.0,22000000.0,22000000.0,28000000.0,0.0,0.007,53000000.0,15000000.0,1026000000.0,2.48,1.56,10.299,10.101,2757000000.0,0.0,8.535,0.576,0.571,3947000000.0,4294000000.0,3007000000.0,3007000000.0,0.0,,,,,0.0,53000000.0,1.0,871226502.0,864000000,866000000.0,3.48,10160000000.0,558000000.0,36000000.0,149000000.0,11.759,2728000000.0
79,HAL,MRQ,2001-12-31,2001-12-31,2001-12-31,2021-10-22,-236000000.0,10966000000.0,,5573000000.0,5393000000.0,,5.513,-186000000.0,290000000.0,290000000.0,2799000000.0,139000000.0,1.916,1.308,1528000000.0,125000000.0,1403000000.0,1528000000.0,710000000.0,141000000.0,0.0,0.038,0.062,270000000.0,411000000.0,0.13,411000000.0,270000000.0,238000000.0,0.16,0.16,0.16,4752000000.0,,4752000000.0,7084632388.0,5.0,3.787,287000000.0,0.333,1.0,373000000.0,0.118,720000000.0,32000000.0,8576000000.0,,787000000.0,551000000.0,0.0,551000000.0,6214000000.0,2908000000.0,3306000000.0,5624632388.0,63000000.0,-44000000.0,8000000.0,-169000000.0,-54000000.0,-233000000.0,-238000000.0,0.0,473000000.0,-1000000.0,139000000.0,139000000.0,139000000.0,2000000.0,0.0,0.044,101000000.0,272000000.0,917000000.0,0.388,1.184,6.953,6.931,2669000000.0,0.0,6.55,0.431,0.43,4095000000.0,4327000000.0,3172000000.0,3172000000.0,0.0,,,,,0.0,101000000.0,1.0,858722502.0,862000000,860000000.0,3.68,10246000000.0,564000000.0,99000000.0,194000000.0,11.886,2665000000.0
80,HAL,MRQ,2001-09-30,2001-09-30,2001-09-30,2021-10-22,-200000000.0,10692000000.0,,5787000000.0,4905000000.0,,5.37,-186000000.0,227000000.0,227000000.0,2955000000.0,179000000.0,2.084,1.326,1687000000.0,217000000.0,1470000000.0,1687000000.0,512000000.0,132000000.0,0.0,0.022,0.062,339000000.0,471000000.0,0.139,471000000.0,339000000.0,305000000.0,0.21,0.21,0.21,4597000000.0,,4597000000.0,11126795935.0,10.0,6.907,26000000.0,0.03,1.0,436000000.0,0.129,592000000.0,34000000.0,8783000000.0,,831000000.0,476000000.0,0.0,476000000.0,6095000000.0,2777000000.0,3318000000.0,9691795935.0,-101000000.0,24000000.0,-24000000.0,-84000000.0,-54000000.0,-165000000.0,-168000000.0,0.0,212000000.0,-7000000.0,179000000.0,179000000.0,179000000.0,2000000.0,0.0,0.053,94000000.0,342000000.0,899000000.0,0.295,2.108,14.358,14.272,2569000000.0,0.0,11.275,0.742,0.739,4215000000.0,4242000000.0,3391000000.0,3391000000.0,0.0,,,,,0.0,94000000.0,1.0,859582788.0,856000000,858000000.0,3.961,10100000000.0,553000000.0,126000000.0,223000000.0,11.799,3010000000.0
81,HAL,MRQ,2001-06-30,2001-06-30,2001-06-30,2021-10-22,-218000000.0,10661000000.0,,5860000000.0,4801000000.0,,5.246,-181000000.0,328000000.0,328000000.0,2966000000.0,382000000.0,1.746,1.38,1763000000.0,724000000.0,1039000000.0,1763000000.0,580000000.0,124000000.0,0.0,0.014,0.062,514000000.0,638000000.0,0.191,638000000.0,514000000.0,480000000.0,0.45,0.445,0.45,4480000000.0,,4480000000.0,17884322400.0,17.0,11.479,-3000000.0,-0.004,1.0,373000000.0,0.112,608000000.0,34000000.0,8131000000.0,,855000000.0,500000000.0,0.0,500000000.0,6181000000.0,3357000000.0,2824000000.0,15274322400.0,50000000.0,35000000.0,1000000.0,-1123000000.0,-53000000.0,-1176000000.0,-152000000.0,0.0,178000000.0,2000000.0,382000000.0,382000000.0,382000000.0,-239000000.0,0.0,0.114,101000000.0,272000000.0,832000000.0,0.138,3.409,23.391,23.576,2483000000.0,0.0,17.8,1.203,1.197,4210000000.0,4117000000.0,3339000000.0,3339000000.0,0.0,,,,,0.0,101000000.0,1.0,858108000.0,854000000,860000000.0,3.91,10053000000.0,525000000.0,98000000.0,239000000.0,11.772,2503000000.0
82,HAL,MRQ,2001-03-31,2001-03-31,2001-03-31,2021-10-22,-332000000.0,10418000000.0,,5720000000.0,4698000000.0,,4.702,-124000000.0,278000000.0,278000000.0,2855000000.0,109000000.0,1.414,1.601,2888000000.0,1848000000.0,1040000000.0,2888000000.0,492000000.0,134000000.0,0.0,0.014,0.062,217000000.0,351000000.0,0.112,351000000.0,217000000.0,170000000.0,0.125,0.125,0.125,4006000000.0,,4006000000.0,18142203042.0,27.0,15.233,42000000.0,0.049,1.0,289000000.0,0.092,740000000.0,47000000.0,8243000000.0,,821000000.0,417000000.0,0.0,417000000.0,6412000000.0,4045000000.0,2367000000.0,15746203042.0,47000000.0,-174000000.0,15000000.0,260000000.0,-54000000.0,219000000.0,-300000000.0,0.0,166000000.0,-14000000.0,109000000.0,109000000.0,109000000.0,-22000000.0,0.0,0.035,91000000.0,198000000.0,737000000.0,0.496,3.931,45.509,47.115,2415000000.0,0.0,18.375,1.288,1.28,3823000000.0,3788000000.0,3144000000.0,3144000000.0,0.0,,,,,0.0,91000000.0,1.0,856936220.0,852000000,860000000.0,3.69,9678000000.0,562000000.0,61000000.0,110000000.0,11.359,1675000000.0
83,HAL,MRQ,2000-12-31,2000-12-31,2000-12-31,2021-10-22,-288000000.0,10192000000.0,,5657000000.0,4535000000.0,,4.505,-183000000.0,231000000.0,231000000.0,3086000000.0,5000000.0,1.445,1.595,2627000000.0,1578000000.0,1049000000.0,2627000000.0,475000000.0,115000000.0,0.0,0.014,0.062,36000000.0,151000000.0,0.047,151000000.0,36000000.0,-6000000.0,0.005,0.005,0.005,3928000000.0,,3928000000.0,17553145000.0,23.0,13.724,-51000000.0,-0.058,1.0,107000000.0,0.034,597000000.0,42000000.0,8076000000.0,,723000000.0,400000000.0,0.0,400000000.0,6264000000.0,3915000000.0,2349000000.0,16037145000.0,-79000000.0,3000000.0,-742000000.0,799000000.0,-54000000.0,-12000000.0,-204000000.0,0.0,132000000.0,5000000.0,5000000.0,5000000.0,5000000.0,-26000000.0,0.0,0.002,100000000.0,7000000.0,782000000.0,12.4,4.083,32.01,32.08,2410000000.0,0.0,18.125,1.343,1.341,3934000000.0,3733000000.0,3193000000.0,3193000000.0,0.0,,,,,0.0,100000000.0,1.0,884808000.0,872000000,880000000.0,3.662,9595000000.0,575000000.0,-11000000.0,113000000.0,11.003,1742000000.0
84,HAL,MRQ,2000-09-30,2000-09-30,2000-09-30,2021-10-22,-324000000.0,9897000000.0,,5377000000.0,4520000000.0,,5.253,-32000000.0,310000000.0,310000000.0,2772000000.0,157000000.0,1.918,1.117,1826000000.0,777000000.0,1049000000.0,1826000000.0,283000000.0,139000000.0,0.0,0.01,0.062,279000000.0,418000000.0,0.138,418000000.0,279000000.0,241000000.0,0.175,0.175,0.175,4675000000.0,,4675000000.0,23375287140.0,23.0,15.208,54000000.0,0.061,1.0,252000000.0,0.083,610000000.0,38000000.0,8000000000.0,,774000000.0,364000000.0,0.0,364000000.0,5222000000.0,2803000000.0,2419000000.0,21804287140.0,-53000000.0,18000000.0,27000000.0,-107000000.0,-56000000.0,-141000000.0,-20000000.0,0.0,86000000.0,0.0,157000000.0,157000000.0,157000000.0,-27000000.0,0.0,0.052,4000000.0,248000000.0,655000000.0,0.354,4.664,29.828,29.482,2327000000.0,0.0,24.47,1.851,1.849,3594000000.0,3782000000.0,3024000000.0,3024000000.0,0.0,,,,,0.0,92000000.0,1.0,891062000.0,890000000,902000000.0,3.398,9287000000.0,604000000.0,84000000.0,236000000.0,10.435,2574000000.0
85,HAL,MRQ,2000-06-30,2000-06-30,2000-06-30,2021-10-22,-247000000.0,9806000000.0,,5367000000.0,4439000000.0,,5.175,-100000000.0,363000000.0,363000000.0,2665000000.0,75000000.0,1.909,1.134,1934000000.0,882000000.0,1052000000.0,1934000000.0,239000000.0,127000000.0,0.0,0.011,0.062,144000000.0,271000000.0,0.094,271000000.0,144000000.0,111000000.0,0.085,0.085,0.085,4595000000.0,,4595000000.0,22175200394.0,25.0,16.104,-272000000.0,-0.306,1.0,203000000.0,0.071,627000000.0,33000000.0,7938000000.0,,770000000.0,353000000.0,0.0,353000000.0,5211000000.0,2812000000.0,2399000000.0,20949200394.0,-6000000.0,2000000.0,37000000.0,337000000.0,-56000000.0,318000000.0,-120000000.0,0.0,-172000000.0,-12000000.0,75000000.0,75000000.0,75000000.0,-23000000.0,0.0,0.026,77000000.0,126000000.0,720000000.0,0.729,4.559,33.147,32.771,2353000000.0,0.0,23.595,1.787,1.787,3584000000.0,3681000000.0,2868000000.0,2868000000.0,0.0,,,,,0.0,77000000.0,1.0,887866090.0,888000000,898000000.0,3.23,9179000000.0,542000000.0,36000000.0,170000000.0,10.337,2555000000.0
86,HAL,MRQ,2000-03-31,2000-03-31,2000-03-31,2021-10-22,-206000000.0,9480000000.0,,5002000000.0,4478000000.0,,5.161,-54000000.0,369000000.0,369000000.0,2695000000.0,264000000.0,1.938,1.078,1595000000.0,539000000.0,1056000000.0,1595000000.0,227000000.0,122000000.0,0.0,0.012,0.062,317000000.0,439000000.0,0.154,439000000.0,317000000.0,284000000.0,0.3,0.295,0.3,4562000000.0,,4562000000.0,20091564842.0,23.0,14.57,-157000000.0,-0.178,1.0,164000000.0,0.057,638000000.0,33000000.0,7487000000.0,,762000000.0,402000000.0,0.0,402000000.0,4918000000.0,2581000000.0,2337000000.0,18244564842.0,-97000000.0,-14000000.0,14000000.0,-708000000.0,-55000000.0,-749000000.0,-67000000.0,0.0,-103000000.0,-2000000.0,264000000.0,264000000.0,264000000.0,-237000000.0,0.0,0.092,83000000.0,81000000.0,736000000.0,0.207,3.999,28.507,28.171,2357000000.0,0.0,20.565,1.532,1.526,3300000000.0,3662000000.0,2859000000.0,2859000000.0,0.0,,,,,0.0,83000000.0,1.0,887165808.0,884000000,888000000.0,3.234,8842000000.0,533000000.0,20000000.0,268000000.0,10.002,2421000000.0
87,HAL,MRQ,1999-12-31,1999-12-31,1999-12-31,2021-10-22,-204000000.0,9639000000.0,,5362000000.0,4277000000.0,,4.872,-461000000.0,466000000.0,466000000.0,2852000000.0,235000000.0,1.768,1.248,2303000000.0,1247000000.0,1056000000.0,2303000000.0,330000000.0,121000000.0,0.0,0.012,0.062,288000000.0,409000000.0,0.135,409000000.0,288000000.0,253000000.0,0.27,0.265,0.27,4287000000.0,,4287000000.0,19794598500.0,28.0,16.565,-8000000.0,-0.009,1.0,174000000.0,0.058,505000000.0,35000000.0,7938000000.0,,723000000.0,384000000.0,0.0,384000000.0,5352000000.0,3033000000.0,2319000000.0,17780598500.0,-235000000.0,-317000000.0,-11000000.0,142000000.0,-88000000.0,34000000.0,-781000000.0,0.0,453000000.0,-14000000.0,235000000.0,235000000.0,235000000.0,-207000000.0,0.0,0.078,95000000.0,79000000.0,665000000.0,0.23,4.148,40.595,40.25,2390000000.0,0.0,20.125,1.444,1.438,2974000000.0,3453000000.0,3026000000.0,3026000000.0,0.0,,,,,0.0,95000000.0,1.0,883508000.0,880000000,886000000.0,3.439,9134000000.0,569000000.0,18000000.0,120000000.0,10.38,2329000000.0
88,HAL,MRQ,1999-09-30,1999-09-30,1999-09-30,2021-10-22,-182000000.0,10585000000.0,,5761000000.0,4824000000.0,,4.673,-131000000.0,295000000.0,295000000.0,2803000000.0,58000000.0,1.548,1.568,2309000000.0,1250000000.0,1059000000.0,2309000000.0,263000000.0,135000000.0,0.0,0.012,0.062,123000000.0,258000000.0,0.087,258000000.0,123000000.0,85000000.0,0.065,0.065,0.065,4122000000.0,,4122000000.0,19807020000.0,41.0,19.689,-291000000.0,-0.33,1.0,170000000.0,0.057,778000000.0,38000000.0,8099000000.0,,1251000000.0,520000000.0,0.0,520000000.0,6463000000.0,3722000000.0,2741000000.0,18090020000.0,-41000000.0,11000000.0,10000000.0,259000000.0,-56000000.0,206000000.0,-113000000.0,0.0,-160000000.0,3000000.0,58000000.0,58000000.0,58000000.0,-20000000.0,0.0,0.02,89000000.0,81000000.0,1039000000.0,0.954,4.389,67.249,67.213,2818000000.0,0.0,20.5,1.686,1.686,3706000000.0,3273000000.0,2973000000.0,2973000000.0,0.0,,,,,0.0,89000000.0,1.0,882440000.0,882000000,890000000.0,3.371,9807000000.0,665000000.0,27000000.0,110000000.0,11.119,2039000000.0
89,HAL,MRQ,1999-06-30,1999-06-30,1999-06-30,2021-10-22,-195000000.0,10483000000.0,,5592000000.0,4891000000.0,,4.648,-57000000.0,336000000.0,336000000.0,2862000000.0,83000000.0,1.523,1.563,2053000000.0,989000000.0,1064000000.0,2053000000.0,292000000.0,124000000.0,0.0,0.011,0.062,149000000.0,273000000.0,0.089,273000000.0,149000000.0,116000000.0,0.095,0.095,0.095,4090000000.0,,4090000000.0,21651059500.0,-94.0,69.842,-311000000.0,-0.353,1.0,191000000.0,0.063,760000000.0,33000000.0,7768000000.0,,1224000000.0,552000000.0,0.0,552000000.0,6393000000.0,3672000000.0,2721000000.0,19937059500.0,-83000000.0,235000000.0,19000000.0,-79000000.0,-55000000.0,-116000000.0,177000000.0,0.0,-254000000.0,24000000.0,83000000.0,83000000.0,83000000.0,-28000000.0,0.0,0.027,48000000.0,143000000.0,1179000000.0,0.653,4.875,-63.092,-62.847,2828000000.0,0.0,22.625,1.664,1.662,3477000000.0,3271000000.0,3053000000.0,3053000000.0,0.0,,,,,0.0,95000000.0,1.0,881196000.0,880000000,888000000.0,3.469,9723000000.0,687000000.0,33000000.0,167000000.0,11.049,1920000000.0
90,HAL,MRQ,1999-03-31,1999-03-31,1999-03-31,2021-10-22,-180000000.0,10820000000.0,,5953000000.0,4867000000.0,,4.607,-109000000.0,419000000.0,419000000.0,3091000000.0,62000000.0,1.607,1.669,2133000000.0,768000000.0,1365000000.0,2133000000.0,472000000.0,120000000.0,0.0,0.013,0.062,135000000.0,255000000.0,0.078,255000000.0,135000000.0,100000000.0,0.07,0.07,0.07,4054000000.0,,4054000000.0,18688353207.0,389.0,30.788,2000000.0,0.002,1.0,170000000.0,0.052,762000000.0,35000000.0,8068000000.0,,1274000000.0,568000000.0,0.0,568000000.0,6766000000.0,3704000000.0,3062000000.0,16947753207.0,216000000.0,38000000.0,11000000.0,186000000.0,-55000000.0,143000000.0,-73000000.0,0.0,111000000.0,-18000000.0,62000000.0,62000000.0,62000000.0,-28000000.0,0.0,0.019,72000000.0,98000000.0,1070000000.0,0.886,4.181,-108.639,-106.944,2891000000.0,0.0,19.25,1.254,1.254,3643000000.0,3243000000.0,3261000000.0,3261000000.0,0.0,,,,,0.0,72000000.0,1.0,880402764.0,880000000,884000000.0,3.706,10058000000.0,680000000.0,38000000.0,186000000.0,11.43,2249000000.0
91,HAL,MRQ,1998-12-31,1998-12-31,1998-12-31,2021-10-22,-149000000.0,11066000000.0,,6066000000.0,5000000000.0,,4.625,-188000000.0,203000000.0,203000000.0,1465000000.0,66000000.0,1.541,1.725,1944000000.0,574000000.0,1370000000.0,1944000000.0,513000000.0,145000000.0,0.0,0.017,0.062,75000000.0,220000000.0,0.153,220000000.0,75000000.0,37000000.0,0.075,0.075,0.075,4061000000.0,,4061000000.0,14664033175.0,54.0,17.031,-48000000.0,-0.055,1.0,-25000000.0,-0.017,765000000.0,38000000.0,8105000000.0,,1285000000.0,587000000.0,0.0,587000000.0,7005000000.0,3937000000.0,3068000000.0,13026933175.0,-26000000.0,-1000000.0,3000000.0,78000000.0,-55000000.0,18000000.0,-185000000.0,0.0,140000000.0,1000000.0,66000000.0,66000000.0,66000000.0,-105000000.0,0.0,0.046,25000000.0,-50000000.0,1009000000.0,0.827,3.208,-868.462,-987.667,2896000000.0,0.0,14.815,0.898,0.897,3860000000.0,3236000000.0,1440000000.0,1440000000.0,0.0,,,,,0.0,2000000.0,1.0,879306998.0,878000000,878000000.0,1.64,10301000000.0,769000000.0,-29000000.0,246000000.0,11.732,2129000000.0
92,HAL,MRQ,1998-09-30,1998-09-30,1998-09-30,2021-10-22,-146100000.0,11642000000.0,,6297000000.0,5345000000.0,,4.611,-210000000.0,228500000.0,228500000.0,3839000000.0,-527000000.0,1.34,1.876,1865600000.0,580700000.0,1284900000.0,1865600000.0,559300000.0,151000000.0,0.0,0.017,0.062,-589000000.0,-438000000.0,-0.104,-438000000.0,-589000000.0,-624000000.0,-0.6,-0.6,-0.6,4048100000.0,,4048100000.0,8274049522.0,13.0,6.667,-40000000.0,-0.046,1.0,385000000.0,0.091,1131200000.0,35000000.0,7448200000.0,,1437100000.0,521600000.0,0.0,521600000.0,7593900000.0,4699700000.0,2894200000.0,7566849522.0,-52000000.0,4000000.0,3000000.0,56000000.0,-66000000.0,-8000000.0,-208000000.0,0.0,170000000.0,-6000000.0,-527000000.0,-527000000.0,-527000000.0,0.0,0.0,-0.125,962000000.0,-577000000.0,1122600000.0,-0.103,1.869,42.847,71.875,2971600000.0,0.0,14.375,0.431,0.719,3995100000.0,3183600000.0,4224000000.0,4224000000.0,0.0,,,,,0.0,110000000.0,1.0,526389532.0,878000000,878000000.0,4.811,10510800000.0,685300000.0,-97000000.0,264500000.0,11.971,1597300000.0
93,HAL,MRQ,1998-06-30,1998-06-30,1998-06-30,2021-10-22,-17200000.0,6186000000.0,,3333300000.0,2852700000.0,,3.192,-203000000.0,145400000.0,145400000.0,3984000000.0,243000000.0,1.554,1.212,852600000.0,327200000.0,525400000.0,852600000.0,343000000.0,143000000.0,0.0,0.014,0.062,427000000.0,570000000.0,0.124,570000000.0,427000000.0,396000000.0,0.275,0.275,0.275,2796100000.0,,2796100000.0,12216097133.0,8.0,5.281,-136000000.0,-0.155,1.0,601000000.0,0.131,312200000.0,31000000.0,4435700000.0,,394100000.0,415900000.0,0.0,415900000.0,3389900000.0,2145300000.0,1244600000.0,11687497133.0,11000000.0,-36000000.0,10000000.0,238000000.0,-66000000.0,182000000.0,-236000000.0,0.0,67000000.0,-2000000.0,243000000.0,243000000.0,243000000.0,0.0,0.0,0.053,165000000.0,436000000.0,694800000.0,0.225,4.18,12.897,21.469,1814200000.0,0.0,22.22,0.668,1.112,2542900000.0,2135800000.0,4585000000.0,4585000000.0,0.0,,,,,0.0,165000000.0,1.0,525989970.0,876000000,886000000.0,5.234,5873800000.0,206100000.0,153000000.0,198200000.0,6.705,1188000000.0
94,HAL,MRQ,1998-03-31,1998-03-31,1998-03-31,2021-10-22,-12300000.0,5804500000.0,,3060800000.0,2743700000.0,,3.07,-213000000.0,93400000.0,93400000.0,3734000000.0,203000000.0,1.635,1.159,622000000.0,83700000.0,538300000.0,622000000.0,353300000.0,148000000.0,0.0,0.012,0.062,361000000.0,509000000.0,0.12,509000000.0,361000000.0,331000000.0,0.23,0.23,0.23,2688900000.0,,2688900000.0,13486168325.0,10.0,6.738,-136000000.0,-0.155,1.0,521000000.0,0.122,318100000.0,30000000.0,4143400000.0,,375700000.0,364300000.0,0.0,364300000.0,3115600000.0,1871600000.0,1244000000.0,13158768325.0,-76000000.0,0.0,13000000.0,121000000.0,-67000000.0,62000000.0,-217000000.0,0.0,77000000.0,2000000.0,203000000.0,203000000.0,203000000.0,0.0,0.0,0.048,160000000.0,361000000.0,676800000.0,0.27,4.894,17.199,26.109,1735700000.0,0.0,25.065,0.868,1.449,2365900000.0,2032200000.0,4255000000.0,4255000000.0,0.0,,,,,0.0,160000000.0,1.0,524985770.0,876000000,886000000.0,4.857,5486400000.0,201900000.0,128000000.0,214200000.0,6.263,1189200000.0
95,HAL,MRQ,1997-12-31,1997-12-31,1997-12-31,2021-10-22,-131100000.0,10704300000.0,,5438100000.0,5266200000.0,,4.939,-274600000.0,384100000.0,384100000.0,3809300000.0,257600000.0,1.575,1.48,1354800000.0,57900000.0,1296900000.0,1354800000.0,638300000.0,144700000.0,0.0,0.012,0.062,455400000.0,600100000.0,0.134,600100000.0,455400000.0,424600000.0,0.295,0.29,0.295,4316900000.0,,4316900000.0,14070631978.0,10.0,7.257,239900000.0,0.274,1.0,681300000.0,0.152,1024600000.0,30800000.0,7197100000.0,,1294100000.0,761200000.0,0.0,761200000.0,6387400000.0,3453300000.0,2934100000.0,13591031978.0,167200000.0,26600000.0,8100000.0,-19500000.0,-65600000.0,-76500000.0,-267100000.0,0.0,514500000.0,-3700000.0,257600000.0,257600000.0,257600000.0,0.0,0.0,0.057,218600000.0,462700000.0,1132400000.0,0.21,3.148,17.605,28.983,2766400000.0,0.0,25.94,0.835,1.374,3387600000.0,3563400000.0,4490600000.0,4490600000.0,0.0,,,,,0.0,230900000.0,1.0,523941094.0,874000000,890600000.0,5.138,9679700000.0,475600000.0,167000000.0,335200000.0,11.075,1984800000.0
96,HAL,MRQ,1997-09-30,1997-09-30,1997-09-30,2021-10-22,-31700000.0,5482100000.0,,2930900000.0,2551200000.0,,2.845,-193000000.0,85700000.0,85700000.0,3660700000.0,202600000.0,1.582,1.246,565300000.0,24900000.0,540400000.0,565300000.0,397300000.0,271200000.0,0.0,0.012,0.125,362700000.0,633900000.0,0.152,633900000.0,362700000.0,332600000.0,0.235,0.235,0.235,2440300000.0,,2440300000.0,13723891340.0,10.0,6.723,149300000.0,0.174,1.0,516300000.0,0.124,324100000.0,30100000.0,3784800000.0,,345500000.0,347100000.0,0.0,347100000.0,3041800000.0,1852800000.0,1189000000.0,13182691340.0,-66000000.0,-25900000.0,-19200000.0,-57500000.0,-121100000.0,-198800000.0,-213900000.0,0.0,342300000.0,4400000.0,202600000.0,202600000.0,202600000.0,0.0,0.0,0.049,144100000.0,372200000.0,610600000.0,0.532,5.402,17.516,30.058,1566400000.0,0.0,26.0,0.782,1.323,2269500000.0,1831700000.0,4177000000.0,4177000000.0,0.0,,,,,0.0,125800000.0,1.0,507026590.0,857800000,867000000.0,4.869,5158000000.0,218100000.0,130000000.0,205700000.0,6.013,1078100000.0
97,HAL,MRQ,1997-06-30,1997-06-30,1997-06-30,2021-10-22,-10700000.0,5162900000.0,,2736400000.0,2426500000.0,,4.569,-131100000.0,50400000.0,50400000.0,2041000000.0,101900000.0,1.54,1.207,591600000.0,166600000.0,425000000.0,591600000.0,357600000.0,78500000.0,0.0,0.013,0.062,180100000.0,258600000.0,0.116,258600000.0,180100000.0,170400000.0,0.2,0.2,0.2,2339500000.0,,2339500000.0,10332383070.0,10.0,6.717,-66900000.0,-0.131,1.0,190100000.0,0.085,303600000.0,9700000.0,3623700000.0,,350200000.0,305200000.0,0.0,305200000.0,2823400000.0,1776800000.0,1046600000.0,10022683070.0,-35000000.0,-122600000.0,4200000.0,185100000.0,-31800000.0,157400000.0,-256800000.0,0.0,64200000.0,200000.0,101900000.0,101900000.0,101900000.0,0.0,0.0,0.046,8100000.0,182000000.0,533000000.0,0.31,4.284,16.023,25.401,1487700000.0,0.0,19.812,0.689,0.698,2119900000.0,1777900000.0,2231100000.0,2231100000.0,0.0,,,,,0.0,8100000.0,1.0,505876748.0,512000000,,4.358,4859300000.0,217000000.0,68500000.0,169500000.0,9.491,959600000.0
98,HAL,MRQ,1997-03-31,1997-03-31,1997-03-31,2021-10-22,-23600000.0,4480700000.0,,2286400000.0,2194300000.0,,4.402,-100300000.0,85400000.0,85400000.0,1750900000.0,83000000.0,1.808,0.993,395100000.0,21800000.0,373300000.0,395100000.0,301200000.0,69600000.0,0.0,0.015,0.062,141800000.0,211400000.0,0.111,211400000.0,141800000.0,135700000.0,0.165,0.16,0.165,2248700000.0,,2248700000.0,8656814649.0,9.0,5.936,-188300000.0,-0.369,1.0,146600000.0,0.077,232000000.0,6100000.0,3294000000.0,,320600000.0,258000000.0,0.0,258000000.0,2232000000.0,1264400000.0,967600000.0,8624014649.0,-128200000.0,-2100000.0,33900000.0,90900000.0,-31500000.0,96900000.0,-135200000.0,0.0,-88000000.0,-1900000.0,83000000.0,83000000.0,83000000.0,0.0,0.0,0.044,7900000.0,138700000.0,323200000.0,0.376,3.835,14.484,23.534,1387900000.0,0.0,17.062,0.61,0.616,1698000000.0,1707800000.0,1897500000.0,1897500000.0,0.0,,,,,0.0,7900000.0,1.0,505436756.0,510800000,510800000.0,3.715,4248700000.0,218500000.0,52700000.0,151500000.0,8.318,1022000000.0
99,HAL,MRQ,1996-12-31,1996-12-31,1996-12-31,2021-10-22,-12400000.0,4436600000.0,,2398000000.0,2038600000.0,,2.515,-444200000.0,213600000.0,213600000.0,7297700000.0,365100000.0,1.594,1.055,246400000.0,46400000.0,200000000.0,246400000.0,355200000.0,300400000.0,0.0,0.017,0.062,636900000.0,937300000.0,0.11,937300000.0,636900000.0,570000000.0,0.265,0.26,0.265,2159200000.0,,2159200000.0,,,,243100000.0,0.283,1.0,1253500000.0,0.147,233900000.0,66900000.0,2730800000.0,,292200000.0,234900000.0,0.0,234900000.0,2277400000.0,1504700000.0,772700000.0,7613141137.0,102300000.0,-15800000.0,-214200000.0,232700000.0,-153500000.0,-124400000.0,-463200000.0,0.0,687300000.0,2600000.0,365100000.0,365100000.0,365100000.0,0.0,0.0,0.043,594900000.0,658600000.0,452100000.0,0.234,3.526,13.646,23.173,1291600000.0,0.0,15.062,0.546,0.927,1702300000.0,1656300000.0,8551200000.0,8551200000.0,0.0,,,,,0.0,594900000.0,1.0,505436756.0,858400000,864200000.0,9.962,4202700000.0,207300000.0,204900000.0,135800000.0,4.896,893300000.0
100,HAL,MRQ,1996-09-30,1996-09-30,1996-09-30,2021-10-22,,,,,,,,-102300000.0,,,1719800000.0,75500000.0,,,,,,,,69400000.0,,0.019,0.062,61600000.0,131000000.0,0.07,131000000.0,61600000.0,54700000.0,0.15,0.15,0.15,,,,,,,49800000.0,0.099,1.0,140100000.0,0.075,,6900000.0,,,,,,,,,,,22500000.0,-7300000.0,6300000.0,7800000.0,-28700000.0,-15100000.0,-114100000.0,0.0,152100000.0,-400000.0,75500000.0,75500000.0,75500000.0,0.0,0.0,0.041,82800000.0,57300000.0,,0.413,,,,,0.0,12.905,,,,,1859900000.0,1859900000.0,0.0,,,,,0.0,9200000.0,1.0,,504400000,504400000.0,3.687,,,-20800000.0,,,
101,HAL,MRQ,1996-06-30,1996-06-30,1996-06-30,2021-10-22,,,,,,,,-86300000.0,,,1706700000.0,71800000.0,,,,,,,,63400000.0,,0.018,0.062,115300000.0,178700000.0,0.098,178700000.0,115300000.0,109500000.0,0.145,,0.145,,,,,,,87000000.0,0.173,1.0,124100000.0,0.068,,5800000.0,,,,,,,,,,,-81500000.0,-300000.0,6700000.0,-95800000.0,-28700000.0,-124200000.0,-130400000.0,0.0,173300000.0,-200000.0,71800000.0,71800000.0,71800000.0,0.0,0.0,0.039,8400000.0,115700000.0,,0.428,,,,,0.0,13.75,,,,,1830800000.0,1830800000.0,0.0,,,,,0.0,8400000.0,1.0,,502600000,,3.643,,,37700000.0,,,
102,HAL,MRQ,1996-03-31,1996-03-31,1996-03-31,2021-10-22,,,,,,,,-33900000.0,,,1612100000.0,45500000.0,,,,,,,,64500000.0,,0.017,0.062,77100000.0,141600000.0,0.083,141600000.0,77100000.0,72100000.0,0.09,0.09,0.09,,,,,,,-182400000.0,-0.364,1.0,92600000.0,0.054,,5000000.0,,,,,,,,,,,-85600000.0,-15500000.0,8600000.0,135400000.0,-28700000.0,115300000.0,-51400000.0,0.0,-148500000.0,-1000000.0,45500000.0,45500000.0,45500000.0,0.0,0.0,0.027,21000000.0,71600000.0,,0.689,,,,,0.0,14.312,,,,,1704700000.0,1704700000.0,0.0,,,,,0.0,8800000.0,1.0,,501600000,501600000.0,3.399,,,26600000.0,,,
103,HAL,MRQ,1995-12-31,1995-12-31,1995-12-31,2021-10-22,-28000000.0,3862000000.0,,2186000000.0,1676000000.0,,3.85,,239600000.0,239600000.0,,,1.825,1.011,210000000.0,10000000.0,200000000.0,210000000.0,313900000.0,,0.0,0.02,0.062,,,,,,,,,,1920200000.0,,1920200000.0,,,,,,1.0,,,225600000.0,,2408700000.0,,256300000.0,115400000.0,0.0,115400000.0,1941800000.0,1198100000.0,743700000.0,,,,,,,,,,,,,,,,,,,,373000000.0,,,,34.209,1157900000.0,,12.658,,1.073,1449100000.0,1473400000.0,,,,,,,,,,1.0,,498800000,,,3636400000.0,144400000.0,,97300000.0,7.29,987900000.0
0,HAL,MRT,2021-09-30,2021-09-30,2021-09-30,2021-10-22,-360000000.0,21025000000.0,20799250000.0,9431000000.0,11594000000.0,0.685,6.355,-382000000.0,2632000000.0,2632000000.0,12454000000.0,414000000.0,2.39,2.699,10301000000.0,269000000.0,10032000000.0,10301000000.0,0.0,902000000.0,0.0,0.008,0.18,1064000000.0,1966000000.0,0.138,1966000000.0,1064000000.0,578000000.0,0.45,0.45,0.45,5681000000.0,5311250000.0,5681000000.0,27168596206.0,26.0,13.819,1485000000.0,1.661,1.0,1801000000.0,0.126,2841000000.0,486000000.0,21907000000.0,21760000000.0,2354000000.0,0.0,0.0,0.0,15332000000.0,3946000000.0,11386000000.0,19252596206.0,517000000.0,0.0,87000000.0,-697000000.0,-161000000.0,-845000000.0,-450000000.0,0.0,1867000000.0,-55000000.0,398000000.0,398000000.0,398000000.0,0.0,16000000.0,0.028,647000000.0,1154000000.0,2011000000.0,0.4,3.389,48.373,48.044,5219000000.0,0.0,21.62,1.351,1.356,3525000000.0,8927000000.0,14255000000.0,14255000000.0,0.0,0.019,0.075,0.049,0.075,0.0,189000000.0,1.0,890499362.0,894000000,894000000.0,15.945,18184000000.0,2149000000.0,180000000.0,0.0,20.34,5485000000.0
1,HAL,MRT,2021-06-30,2021-06-30,2021-06-30,2021-10-22,-360000000.0,20917000000.0,20761500000.0,9927000000.0,10990000000.0,0.644,6.09,-399000000.0,2658000000.0,2658000000.0,11757000000.0,155000000.0,2.29,2.858,10574000000.0,762000000.0,9812000000.0,10574000000.0,0.0,908000000.0,0.0,0.008,0.18,759000000.0,1667000000.0,0.125,1667000000.0,759000000.0,267000000.0,0.17,0.17,0.17,5420000000.0,5191000000.0,5420000000.0,28734301107.0,38.0,17.237,1271000000.0,1.428,1.0,1613000000.0,0.121,2804000000.0,492000000.0,21695000000.0,21996500000.0,2355000000.0,0.0,0.0,0.0,15488000000.0,4334000000.0,11154000000.0,20570301107.0,847000000.0,0.0,87000000.0,-193000000.0,-160000000.0,-338000000.0,-426000000.0,0.0,1670000000.0,-59000000.0,145000000.0,145000000.0,145000000.0,0.0,10000000.0,0.011,763000000.0,850000000.0,1891000000.0,1.059,3.795,141.864,136.0,4949000000.0,0.0,23.12,1.539,1.539,3459000000.0,8896000000.0,13370000000.0,13370000000.0,0.0,0.007,0.028,0.035,0.057,0.0,184000000.0,1.0,889718906.0,890000000,890000000.0,15.022,18113000000.0,2174000000.0,122000000.0,0.0,20.352,5593000000.0
2,HAL,MRT,2021-03-31,2021-03-31,2021-03-31,2021-10-22,-362000000.0,20575000000.0,20808250000.0,9520000000.0,11055000000.0,0.618,5.816,-344000000.0,2446000000.0,2446000000.0,11452000000.0,-1756000000.0,2.253,2.978,10610000000.0,765000000.0,9845000000.0,10610000000.0,0.0,936000000.0,0.0,0.008,0.18,-1607000000.0,-671000000.0,-0.052,-671000000.0,-1607000000.0,-2103000000.0,-2.0,-2.0,-2.0,5170000000.0,5133250000.0,5170000000.0,27343059352.0,-17.0,-40.75,1515000000.0,1.704,1.0,1407000000.0,0.109,2804000000.0,496000000.0,21710000000.0,22376500000.0,2349000000.0,0.0,0.0,0.0,15396000000.0,4225000000.0,11171000000.0,19070059352.0,1061000000.0,0.0,87000000.0,-191000000.0,-160000000.0,-327000000.0,-383000000.0,0.0,1859000000.0,-88000000.0,-1758000000.0,-1758000000.0,-1758000000.0,0.0,2000000.0,-0.137,2902000000.0,-1495000000.0,1769000000.0,-0.09,3.689,-10.848,-10.73,4991000000.0,0.0,21.46,1.483,1.484,3250000000.0,8709000000.0,12859000000.0,12859000000.0,0.0,-0.084,-0.342,-0.072,-0.125,0.0,176000000.0,1.0,888632775.0,889000000,889000000.0,14.465,17771000000.0,2165000000.0,-345000000.0,0.0,19.99,5295000000.0
3,HAL,MRT,2020-12-31,2020-12-31,2020-12-31,2021-10-22,-362000000.0,20680000000.0,21570000000.0,9475000000.0,11205000000.0,0.67,5.646,-442000000.0,2563000000.0,2563000000.0,12900000000.0,-2942000000.0,2.143,3.156,10836000000.0,946000000.0,9890000000.0,10836000000.0,0.0,1058000000.0,0.0,0.017,0.315,-2718000000.0,-1660000000.0,-0.115,-1660000000.0,-2718000000.0,-3223000000.0,-3.34,-3.34,-3.34,4974000000.0,5548250000.0,4974000000.0,25413736212.0,-9.0,-15.309,1439000000.0,1.633,1.0,1545000000.0,0.107,2804000000.0,505000000.0,21728000000.0,23254750000.0,2349000000.0,0.0,0.0,0.0,15697000000.0,4421000000.0,11276000000.0,16707736212.0,295000000.0,0.0,-13000000.0,-660000000.0,-278000000.0,-1007000000.0,-486000000.0,0.0,1881000000.0,-93000000.0,-2945000000.0,-2945000000.0,-2945000000.0,0.0,3000000.0,-0.204,3981000000.0,-2436000000.0,1573000000.0,-0.094,3.359,-5.673,-5.659,5111000000.0,0.0,18.9,1.157,1.153,3071000000.0,8691000000.0,14445000000.0,14445000000.0,0.0,-0.137,-0.531,-0.117,-0.188,0.0,182000000.0,1.0,884007207.0,881000000,881000000.0,16.396,17876000000.0,2166000000.0,-278000000.0,0.0,20.291,5054000000.0
4,HAL,MRT,2020-09-30,2020-09-30,2020-09-30,2021-10-22,-340000000.0,20874000000.0,22744250000.0,9023000000.0,11851000000.0,0.721,5.896,-604000000.0,2115000000.0,2115000000.0,14643000000.0,-4369000000.0,2.3,3.014,10821000000.0,435000000.0,10386000000.0,10821000000.0,0.0,1201000000.0,0.0,0.037,0.45,-4290000000.0,-3089000000.0,-0.188,-3089000000.0,-4290000000.0,-4811000000.0,-4.98,-4.98,-4.98,5200000000.0,6307750000.0,5200000000.0,19591568332.0,-5.0,-6.342,1806000000.0,2.048,1.0,1756000000.0,0.107,2804000000.0,521000000.0,22853000000.0,24517500000.0,2580000000.0,0.0,0.0,0.0,15671000000.0,3923000000.0,11748000000.0,10585568332.0,544000000.0,0.0,18000000.0,-661000000.0,-396000000.0,-1117000000.0,-659000000.0,0.0,2410000000.0,-90000000.0,-4363000000.0,-4363000000.0,-4363000000.0,0.0,-6000000.0,-0.266,5748000000.0,-3992000000.0,1548000000.0,-0.09,2.036,-2.426,-2.42,5794000000.0,0.0,12.05,0.646,0.648,3145000000.0,8987000000.0,16399000000.0,16399000000.0,0.0,-0.192,-0.692,-0.175,-0.262,0.0,197000000.0,1.0,878470401.0,882000000,882000000.0,18.593,18070000000.0,2056000000.0,-448000000.0,0.0,20.488,5100000000.0
5,HAL,MRT,2020-06-30,2020-06-30,2020-06-30,2021-10-22,-342000000.0,21104000000.0,24223000000.0,9099000000.0,12005000000.0,0.783,5.917,-815000000.0,1811000000.0,1811000000.0,16945000000.0,-4054000000.0,2.223,3.066,10817000000.0,400000000.0,10417000000.0,10817000000.0,0.0,1388000000.0,0.0,0.045,0.585,-3901000000.0,-2513000000.0,-0.132,-2513000000.0,-3901000000.0,-4441000000.0,-4.62,-4.62,-4.62,5189000000.0,7444000000.0,5189000000.0,20853064157.0,-5.0,-8.298,2046000000.0,2.333,1.0,2029000000.0,0.107,2801000000.0,540000000.0,23215000000.0,26048500000.0,2745000000.0,0.0,0.0,0.0,15908000000.0,4094000000.0,11814000000.0,11387064157.0,635000000.0,0.0,18000000.0,-660000000.0,-514000000.0,-1224000000.0,-915000000.0,0.0,2861000000.0,-87000000.0,-4051000000.0,-4051000000.0,-4051000000.0,0.0,-3000000.0,-0.214,5627000000.0,-3598000000.0,1708000000.0,-0.127,2.194,-2.811,-2.81,5906000000.0,0.0,12.98,0.6,0.6,3345000000.0,9098000000.0,18974000000.0,18974000000.0,0.0,-0.167,-0.544,-0.15,-0.206,0.0,209000000.0,1.0,877277670.0,877000000,877000000.0,21.635,18303000000.0,2034000000.0,-390000000.0,0.0,20.87,5005000000.0
6,HAL,MRT,2020-03-31,2020-03-31,2020-03-31,2021-10-22,-351000000.0,23622000000.0,25667000000.0,10655000000.0,12967000000.0,0.846,7.779,-1090000000.0,1385000000.0,1385000000.0,19352000000.0,-2296000000.0,2.109,2.457,10851000000.0,415000000.0,10436000000.0,10851000000.0,0.0,1557000000.0,0.0,0.105,0.72,-1654000000.0,-97000000.0,-0.004,-97000000.0,-1654000000.0,-2214000000.0,-2.62,-2.62,-2.62,6830000000.0,8523750000.0,6830000000.0,15108393412.0,-9.0,-155.757,1624000000.0,1.85,1.0,2356000000.0,0.109,2812000000.0,560000000.0,25223000000.0,27546500000.0,3220000000.0,0.0,0.0,0.0,16779000000.0,5053000000.0,11726000000.0,6027393412.0,5000000.0,0.0,-82000000.0,-662000000.0,-631000000.0,-1443000000.0,-1199000000.0,0.0,2714000000.0,-67000000.0,-2300000000.0,-2300000000.0,-2300000000.0,0.0,4000000.0,-0.106,3740000000.0,-1384000000.0,2640000000.0,-0.275,0.882,-2.621,-2.615,7120000000.0,0.0,6.85,0.278,0.277,4850000000.0,10814000000.0,21708000000.0,21708000000.0,0.0,-0.09,-0.27,-0.06,-0.076,0.0,222000000.0,1.0,879911447.0,878000000,878000000.0,24.724,20810000000.0,1595000000.0,86000000.0,0.0,23.702,5602000000.0
7,HAL,MRT,2019-12-31,2019-12-31,2019-12-31,2021-10-22,-362000000.0,25377000000.0,26508750000.0,11212000000.0,14165000000.0,0.845,9.157,-1340000000.0,2268000000.0,2268000000.0,20123000000.0,-1129000000.0,2.298,2.166,11360000000.0,219000000.0,11141000000.0,11360000000.0,0.0,1625000000.0,0.0,0.029,0.72,-555000000.0,1070000000.0,0.048,1070000000.0,-555000000.0,-1124000000.0,-1.29,-1.29,-1.29,8012000000.0,9217500000.0,8012000000.0,31191873595.0,-56.0,29.151,1105000000.0,1.263,1.0,2285000000.0,0.102,2812000000.0,569000000.0,26779000000.0,28505250000.0,3139000000.0,0.0,0.0,0.0,17352000000.0,4878000000.0,12474000000.0,21479873595.0,260000000.0,0.0,18000000.0,-13000000.0,-630000000.0,-695000000.0,-1445000000.0,0.0,2445000000.0,-45000000.0,-1131000000.0,-1131000000.0,-1131000000.0,0.0,2000000.0,-0.05,2733000000.0,-448000000.0,2432000000.0,-0.558,2.681,-18.992,-18.969,8241000000.0,0.0,24.47,0.959,0.956,4577000000.0,11989000000.0,22408000000.0,22408000000.0,0.0,-0.043,-0.123,-0.019,-0.025,0.0,227000000.0,1.0,877804397.0,875000000,875000000.0,25.609,22565000000.0,1683000000.0,7000000.0,310000000.0,25.789,6334000000.0
8,HAL,MRT,2019-09-30,2019-09-30,2019-09-30,2021-10-22,-353000000.0,26789000000.0,26660000000.0,11220000000.0,15569000000.0,0.868,11.124,-1538000000.0,1571000000.0,1571000000.0,20806000000.0,1193000000.0,2.391,1.747,11283000000.0,208000000.0,11075000000.0,11283000000.0,0.0,1675000000.0,0.0,0.038,0.72,1731000000.0,3406000000.0,0.147,3406000000.0,1731000000.0,1166000000.0,1.36,1.36,1.36,9745000000.0,9595000000.0,9745000000.0,26618323120.0,15.0,7.815,592000000.0,0.676,1.0,2347000000.0,0.101,2832000000.0,565000000.0,28977000000.0,28475250000.0,3380000000.0,0.0,0.0,0.0,17027000000.0,4692000000.0,12335000000.0,16511323120.0,-486000000.0,-21000000.0,-105000000.0,-20000000.0,-629000000.0,-888000000.0,-1684000000.0,0.0,2130000000.0,-44000000.0,1186000000.0,1186000000.0,1186000000.0,0.0,7000000.0,0.051,535000000.0,1812000000.0,2733000000.0,0.529,1.694,13.922,13.86,9706000000.0,0.0,18.85,0.713,0.713,5290000000.0,13800000000.0,23153000000.0,23153000000.0,0.0,0.044,0.124,0.061,0.075,0.0,227000000.0,1.0,875932261.0,876000000,876000000.0,26.43,23957000000.0,1344000000.0,-20000000.0,0.0,27.348,6528000000.0
9,HAL,MRT,2019-06-30,2019-06-30,2019-06-30,2021-10-22,-352000000.0,26880000000.0,26400500000.0,11220000000.0,15660000000.0,0.901,10.879,-1621000000.0,1176000000.0,1176000000.0,21229000000.0,1331000000.0,2.264,1.825,11283000000.0,215000000.0,11068000000.0,11283000000.0,0.0,1658000000.0,0.0,0.032,0.72,1894000000.0,3552000000.0,0.149,3552000000.0,1894000000.0,1330000000.0,1.52,1.52,1.52,9508000000.0,9408250000.0,9508000000.0,29814270749.0,16.0,8.394,415000000.0,0.475,1.0,2546000000.0,0.107,2825000000.0,564000000.0,29207000000.0,27831000000.0,3347000000.0,0.0,0.0,0.0,17356000000.0,4955000000.0,12401000000.0,19874270749.0,-882000000.0,-39000000.0,-305000000.0,-457000000.0,-628000000.0,-1497000000.0,-1367000000.0,0.0,2036000000.0,-54000000.0,1326000000.0,1326000000.0,1326000000.0,0.0,5000000.0,0.056,554000000.0,1992000000.0,3017000000.0,0.474,2.09,14.988,14.961,9756000000.0,0.0,22.74,0.836,0.836,5700000000.0,13652000000.0,23775000000.0,23775000000.0,0.0,0.05,0.141,0.068,0.08,0.0,246000000.0,1.0,873978485.0,874000000,875000000.0,27.203,24055000000.0,1408000000.0,4000000.0,0.0,27.523,6265000000.0
10,HAL,MRT,2019-03-31,2019-03-31,2019-03-31,2021-10-22,-354000000.0,26989000000.0,26121750000.0,11188000000.0,15801000000.0,0.918,11.002,-1748000000.0,1380000000.0,1380000000.0,21198000000.0,1762000000.0,2.217,1.808,11320000000.0,255000000.0,11065000000.0,11320000000.0,0.0,1628000000.0,0.0,0.025,0.72,2374000000.0,4002000000.0,0.167,4002000000.0,2374000000.0,1817000000.0,2.01,2.01,2.01,9605000000.0,9237000000.0,9605000000.0,34014505271.0,14.0,8.499,793000000.0,0.908,1.0,2794000000.0,0.116,2824000000.0,557000000.0,29058000000.0,27191000000.0,3264000000.0,0.0,0.0,0.0,17364000000.0,5047000000.0,12317000000.0,25565505271.0,-952000000.0,-187000000.0,-205000000.0,-453000000.0,-629000000.0,-1395000000.0,-2030000000.0,0.0,2541000000.0,-68000000.0,1762000000.0,1762000000.0,1762000000.0,0.0,0.0,0.073,316000000.0,2478000000.0,3080000000.0,0.358,2.662,14.509,14.577,9872000000.0,0.0,29.3,1.066,1.066,5622000000.0,13734000000.0,23992000000.0,23992000000.0,0.0,0.067,0.191,0.087,0.099,0.0,255000000.0,1.0,872542842.0,873000000,873000000.0,27.482,24165000000.0,1348000000.0,55000000.0,0.0,27.68,6141000000.0
11,HAL,MRT,2018-12-31,2018-12-31,2018-12-31,2021-10-22,-355000000.0,25982000000.0,25672250000.0,11151000000.0,14831000000.0,0.935,10.882,-1808000000.0,2008000000.0,2008000000.0,21009000000.0,1657000000.0,2.322,1.726,10312000000.0,0.0,10312000000.0,10312000000.0,0.0,1606000000.0,0.0,0.027,0.72,2367000000.0,3973000000.0,0.166,3973000000.0,2367000000.0,1813000000.0,1.89,1.89,1.89,9522000000.0,8927000000.0,9522000000.0,31687309883.0,13.0,7.976,1349000000.0,1.542,1.0,2986000000.0,0.124,2825000000.0,554000000.0,26659000000.0,26445750000.0,3028000000.0,0.0,0.0,0.0,16438000000.0,4802000000.0,11636000000.0,23285309883.0,-329000000.0,-187000000.0,-205000000.0,-445000000.0,-630000000.0,-1419000000.0,-1993000000.0,0.0,3157000000.0,-74000000.0,1656000000.0,1656000000.0,1656000000.0,0.0,1000000.0,0.069,519000000.0,2467000000.0,3018000000.0,0.381,2.445,14.061,14.063,8873000000.0,0.0,26.58,0.97,0.969,5234000000.0,13739000000.0,23995000000.0,23995000000.0,0.0,0.065,0.186,0.09,0.099,0.0,254000000.0,1.0,876046271.0,875000000,877000000.0,27.423,23157000000.0,1384000000.0,157000000.0,248000000.0,26.465,6349000000.0
12,HAL,MRT,2018-09-30,2018-09-30,2018-09-30,2021-10-22,-463000000.0,25751000000.0,25448000000.0,11436000000.0,14315000000.0,0.943,10.26,-1709000000.0,2057000000.0,2057000000.0,20841000000.0,164000000.0,2.309,1.86,10459000000.0,35000000.0,10424000000.0,10459000000.0,0.0,1577000000.0,0.0,0.018,0.72,2117000000.0,3694000000.0,0.154,3694000000.0,2117000000.0,1585000000.0,0.18,0.19,0.18,8998000000.0,8627000000.0,8998000000.0,44475169114.0,21.0,12.04,1607000000.0,1.832,1.0,3158000000.0,0.132,2800000000.0,532000000.0,26400000000.0,26314750000.0,2887000000.0,0.0,0.0,0.0,16734000000.0,4953000000.0,11781000000.0,35662169114.0,159000000.0,-166000000.0,-42000000.0,-444000000.0,-630000000.0,-1232000000.0,-1859000000.0,10000000.0,3316000000.0,-66000000.0,168000000.0,168000000.0,168000000.0,19000000.0,-4000000.0,0.007,916000000.0,2242000000.0,3142000000.0,4.0,3.963,212.275,225.167,8821000000.0,0.0,40.53,1.486,1.481,5526000000.0,13216000000.0,23999000000.0,23999000000.0,0.0,0.007,0.019,0.08,0.088,0.0,266000000.0,1.0,879895611.0,877000000,878000000.0,27.365,22951000000.0,1128000000.0,1417000000.0,0.0,26.17,6483000000.0
13,HAL,MRT,2018-06-30,2018-06-30,2018-06-30,2021-10-22,-470000000.0,25765000000.0,25457750000.0,11436000000.0,14329000000.0,0.914,10.06,-1644000000.0,2058000000.0,2058000000.0,20204000000.0,91000000.0,2.239,1.918,10871000000.0,444000000.0,10427000000.0,10871000000.0,0.0,1571000000.0,0.0,0.02,0.9,2057000000.0,3628000000.0,0.156,3628000000.0,2057000000.0,1550000000.0,0.1,0.11,0.1,8823000000.0,8681750000.0,8823000000.0,48033496178.0,23.0,13.24,2001000000.0,2.282,1.0,3067000000.0,0.132,2824000000.0,507000000.0,26647000000.0,26600750000.0,2637000000.0,414000000.0,414000000.0,0.0,16922000000.0,5107000000.0,11815000000.0,39471496178.0,-81000000.0,-776000000.0,158000000.0,-18000000.0,-630000000.0,-850000000.0,-2819000000.0,10000000.0,3645000000.0,-57000000.0,98000000.0,98000000.0,98000000.0,19000000.0,-7000000.0,0.004,899000000.0,2168000000.0,3029000000.0,9.0,4.474,402.77,450.6,8825000000.0,0.0,45.06,1.696,1.698,5403000000.0,12939000000.0,23271000000.0,23271000000.0,0.0,0.004,0.011,0.077,0.088,0.0,249000000.0,1.0,875976391.0,877000000,880000000.0,26.535,22941000000.0,1117000000.0,1452000000.0,0.0,26.158,6329000000.0
14,HAL,MRT,2018-03-31,2018-03-31,2018-03-31,2021-10-22,-471000000.0,25191000000.0,25347750000.0,11035000000.0,14156000000.0,0.871,9.56,-1445000000.0,2332000000.0,2332000000.0,19385000000.0,-389000000.0,2.221,2.008,10894000000.0,466000000.0,10428000000.0,10894000000.0,0.0,1567000000.0,0.0,0.019,0.9,1404000000.0,2971000000.0,0.135,2971000000.0,1404000000.0,913000000.0,-0.45,-0.44,-0.45,8365000000.0,8705250000.0,8365000000.0,49673267608.0,35.0,16.719,1590000000.0,1.817,1.0,2696000000.0,0.122,2707000000.0,491000000.0,26077000000.0,26904750000.0,2458000000.0,0.0,0.0,0.0,16800000000.0,4969000000.0,11831000000.0,41068267608.0,225000000.0,-628000000.0,158000000.0,-75000000.0,-628000000.0,-681000000.0,-2064000000.0,0.0,3035000000.0,-65000000.0,-385000000.0,-385000000.0,-385000000.0,19000000.0,-4000000.0,-0.017,1171000000.0,1525000000.0,2830000000.0,-2.0,4.91,-106.671,-104.311,8596000000.0,0.0,46.94,1.86,1.86,5255000000.0,12586000000.0,22081000000.0,22081000000.0,0.0,-0.015,-0.044,0.052,0.064,0.0,259000000.0,1.0,874909834.0,875000000,878000000.0,25.235,22484000000.0,1227000000.0,1298000000.0,0.0,25.696,6066000000.0
15,HAL,MRT,2017-12-31,2017-12-31,2017-12-31,2021-10-22,-469000000.0,25085000000.0,25271250000.0,10777000000.0,14308000000.0,0.816,9.566,-1215000000.0,2337000000.0,2337000000.0,18343000000.0,-468000000.0,2.217,2.011,10942000000.0,512000000.0,10430000000.0,10942000000.0,0.0,1556000000.0,0.0,0.018,0.9,1261000000.0,2817000000.0,0.137,2817000000.0,1261000000.0,668000000.0,-0.53,-0.53,-0.53,8322000000.0,8851750000.0,8322000000.0,51681073930.0,41.0,18.346,1253000000.0,1.44,1.0,2277000000.0,0.11,2693000000.0,593000000.0,26135000000.0,27242000000.0,2396000000.0,0.0,0.0,0.0,16736000000.0,4862000000.0,11874000000.0,42641073930.0,-1672000000.0,-628000000.0,158000000.0,-1641000000.0,-626000000.0,-2161000000.0,-1927000000.0,0.0,2468000000.0,-52000000.0,-463000000.0,-463000000.0,-463000000.0,19000000.0,-5000000.0,-0.022,903000000.0,1374000000.0,2554000000.0,-1.698,5.124,-92.097,-92.208,8521000000.0,0.0,48.87,2.068,2.062,5036000000.0,12668000000.0,20620000000.0,20620000000.0,0.0,-0.018,-0.052,0.046,0.061,0.0,256000000.0,1.0,872540903.0,870000000,870000000.0,23.701,22392000000.0,1230000000.0,1131000000.0,231000000.0,25.738,5915000000.0
16,HAL,MRT,2017-09-30,2017-09-30,2017-09-30,2021-10-22,-448000000.0,25790000000.0,25750000000.0,10144000000.0,15646000000.0,0.726,10.57,-950000000.0,1898000000.0,1898000000.0,16940000000.0,204000000.0,2.205,1.795,10938000000.0,515000000.0,10423000000.0,10938000000.0,0.0,1549000000.0,0.0,0.02,0.9,886000000.0,2435000000.0,0.13,2435000000.0,886000000.0,271000000.0,0.25,0.25,0.25,9217000000.0,9123500000.0,9217000000.0,49132536722.0,55.0,20.178,1566000000.0,1.796,1.0,1761000000.0,0.094,2685000000.0,615000000.0,27544000000.0,27942750000.0,2444000000.0,0.0,0.0,0.0,16544000000.0,4601000000.0,11943000000.0,40119536722.0,-1391000000.0,-659000000.0,186000000.0,-1655000000.0,-624000000.0,-2099000000.0,-1695000000.0,-6000000.0,2516000000.0,-113000000.0,212000000.0,212000000.0,212000000.0,-2000000.0,-8000000.0,0.011,709000000.0,1052000000.0,2416000000.0,3.6,4.353,189.243,184.12,8432000000.0,0.0,46.03,2.145,2.146,4852000000.0,13649000000.0,18701000000.0,18701000000.0,0.0,0.008,0.023,0.032,0.047,0.0,279000000.0,1.0,871595410.0,872000000,873000000.0,21.446,23105000000.0,2244000000.0,59000000.0,0.0,26.497,5543000000.0
17,HAL,MRT,2017-06-30,2017-06-30,2017-06-30,2021-10-22,-450000000.0,25325000000.0,25991250000.0,10260000000.0,15065000000.0,0.658,10.261,-759000000.0,2139000000.0,2139000000.0,15855000000.0,-150000000.0,2.522,1.836,11152000000.0,336000000.0,10816000000.0,11152000000.0,0.0,1530000000.0,0.0,0.017,0.72,359000000.0,1889000000.0,0.111,1889000000.0,359000000.0,-282000000.0,-0.16,-0.16,-0.16,8917000000.0,9239750000.0,8917000000.0,45868660432.0,128.0,24.282,1692000000.0,1.947,1.0,1235000000.0,0.072,2407000000.0,641000000.0,27863000000.0,28498500000.0,2283000000.0,0.0,0.0,0.0,16372000000.0,4068000000.0,12304000000.0,37066660432.0,-969000000.0,-31000000.0,186000000.0,-2282000000.0,-623000000.0,-2449000000.0,-862000000.0,-6000000.0,2451000000.0,-109000000.0,-147000000.0,-147000000.0,-147000000.0,-2000000.0,-3000000.0,-0.009,697000000.0,538000000.0,2166000000.0,-4.5,4.157,-252.154,-266.938,8374000000.0,0.0,42.71,2.169,2.172,4385000000.0,13441000000.0,17090000000.0,17090000000.0,0.0,-0.006,-0.016,0.013,0.021,0.0,267000000.0,1.0,867868425.0,869000000,871000000.0,19.666,22918000000.0,2789000000.0,-135000000.0,0.0,26.373,6192000000.0
18,HAL,MRT,2017-03-31,2017-03-31,2017-03-31,2021-10-22,-452000000.0,24885000000.0,26594250000.0,9828000000.0,15057000000.0,0.6,10.324,-616000000.0,2107000000.0,2107000000.0,15113000000.0,-3383000000.0,2.558,1.776,10909000000.0,97000000.0,10812000000.0,10909000000.0,0.0,1540000000.0,0.0,0.015,0.72,-3675000000.0,-2135000000.0,-0.134,-2135000000.0,-3675000000.0,-4391000000.0,-3.92,-3.92,-3.92,8951000000.0,9444000000.0,8951000000.0,51029783363.0,-14.0,-23.902,-2143000000.0,-2.472,1.0,855000000.0,0.054,2419000000.0,716000000.0,27426000000.0,29205000000.0,2295000000.0,0.0,0.0,0.0,15896000000.0,3842000000.0,12054000000.0,42661783363.0,-7486000000.0,-31000000.0,186000000.0,-4737000000.0,-622000000.0,-5122000000.0,-739000000.0,4000000.0,-1527000000.0,-98000000.0,-3383000000.0,-3383000000.0,-3383000000.0,-2000000.0,0.0,-0.212,4343000000.0,-3488000000.0,2006000000.0,-0.184,4.766,-12.611,-12.554,8415000000.0,0.0,49.21,2.672,2.672,4008000000.0,13569000000.0,15968000000.0,15968000000.0,0.0,-0.127,-0.358,-0.126,-0.23,0.0,233000000.0,1.0,866933212.0,867000000,867000000.0,18.418,22466000000.0,2696000000.0,-1008000000.0,0.0,25.912,5986000000.0
19,HAL,MRT,2016-12-31,2016-12-31,2016-12-31,2021-10-22,-454000000.0,27000000000.0,28856000000.0,11677000000.0,15323000000.0,0.551,10.928,-576000000.0,4009000000.0,4009000000.0,15017000000.0,-5769000000.0,2.903,1.865,12384000000.0,170000000.0,12214000000.0,12384000000.0,261000000.0,1503000000.0,0.0,0.013,0.72,-6982000000.0,-5479000000.0,-0.345,-5479000000.0,-6982000000.0,-7621000000.0,-6.69,-6.69,-6.69,9409000000.0,10460000000.0,9409000000.0,55784220309.0,-8.0,-10.181,-2279000000.0,-2.647,1.0,870000000.0,0.055,2414000000.0,639000000.0,28938000000.0,29832750000.0,2275000000.0,0.0,0.0,0.0,17552000000.0,4023000000.0,13529000000.0,46758220309.0,-6068000000.0,-31000000.0,186000000.0,-3171000000.0,-620000000.0,-3540000000.0,-710000000.0,4000000.0,-1703000000.0,-115000000.0,-5763000000.0,-5763000000.0,-5763000000.0,0.0,-6000000.0,-0.363,7640000000.0,-6770000000.0,1764000000.0,-0.108,4.97,-8.114,-8.085,8532000000.0,0.0,54.09,2.943,2.931,3922000000.0,14141000000.0,15887000000.0,15887000000.0,0.0,-0.2,-0.551,-0.234,-0.439,0.0,226000000.0,1.0,864452215.0,861000000,861000000.0,18.452,24586000000.0,2545000000.0,-1858000000.0,218000000.0,28.555,7654000000.0
20,HAL,MRT,2016-09-30,2016-09-30,2016-09-30,2021-10-22,-360000000.0,26755000000.0,31341500000.0,11760000000.0,14995000000.0,0.541,11.232,-850000000.0,3289000000.0,3289000000.0,15875000000.0,-5642000000.0,3.239,1.759,12315000000.0,152000000.0,12163000000.0,12315000000.0,0.0,1519000000.0,0.0,0.016,0.72,-6907000000.0,-5388000000.0,-0.318,-5388000000.0,-6907000000.0,-7545000000.0,-6.56,-6.56,-6.56,9682000000.0,11973250000.0,9682000000.0,48459280604.0,-7.0,-8.994,-2727000000.0,-3.164,1.0,1073000000.0,0.063,2383000000.0,638000000.0,29767000000.0,31220500000.0,2475000000.0,0.0,0.0,0.0,17029000000.0,3631000000.0,13398000000.0,38646280604.0,1040000000.0,-39000000.0,167000000.0,4291000000.0,-619000000.0,3952000000.0,-990000000.0,0.0,-1877000000.0,-45000000.0,-5642000000.0,-5642000000.0,-5642000000.0,-5000000.0,0.0,-0.333,7818000000.0,-6745000000.0,1543000000.0,-0.11,3.992,-6.85,-6.841,8741000000.0,0.0,44.88,2.28,2.283,4360000000.0,14445000000.0,16948000000.0,16948000000.0,0.0,-0.18,-0.471,-0.221,-0.408,0.0,185000000.0,1.0,861102509.0,862000000,864000000.0,19.661,24372000000.0,2647000000.0,-1903000000.0,0.0,28.274,8129000000.0
21,HAL,MRT,2016-06-30,2016-06-30,2016-06-30,2021-10-22,-361000000.0,27737000000.0,32214750000.0,12580000000.0,15157000000.0,0.58,11.319,-1209000000.0,3108000000.0,3108000000.0,17252000000.0,-5702000000.0,2.809,1.845,12921000000.0,763000000.0,12158000000.0,12921000000.0,0.0,1561000000.0,0.0,0.016,0.72,-6987000000.0,-5426000000.0,-0.29,-5426000000.0,-6987000000.0,-7583000000.0,-6.63,-6.63,-6.63,9734000000.0,13414750000.0,9734000000.0,44716112258.0,-6.0,-8.241,-4101000000.0,-4.769,1.0,1445000000.0,0.077,2383000000.0,596000000.0,30689000000.0,30794500000.0,2650000000.0,0.0,0.0,0.0,17960000000.0,4478000000.0,13482000000.0,38916112258.0,348000000.0,-39000000.0,167000000.0,4928000000.0,-617000000.0,4592000000.0,-1350000000.0,0.0,-2892000000.0,-2000000.0,-5702000000.0,-5702000000.0,-5702000000.0,-5000000.0,0.0,-0.305,8275000000.0,-6830000000.0,1490000000.0,-0.109,3.998,-6.825,-6.831,8961000000.0,0.0,45.29,2.081,2.083,4725000000.0,14595000000.0,18697000000.0,18697000000.0,0.0,-0.177,-0.425,-0.227,-0.374,0.0,179000000.0,1.0,859265009.0,860000000,860000000.0,21.741,25354000000.0,2955000000.0,-1881000000.0,0.0,29.481,8102000000.0
22,HAL,MRT,2016-03-31,2016-03-31,2016-03-31,2021-10-22,-364000000.0,33932000000.0,32932000000.0,19105000000.0,14827000000.0,0.631,15.169,-1550000000.0,9593000000.0,9593000000.0,18753000000.0,-2444000000.0,2.578,1.604,15393000000.0,3186000000.0,12207000000.0,15393000000.0,0.0,1621000000.0,0.0,0.02,0.72,-2842000000.0,-1221000000.0,-0.059,-1221000000.0,-2842000000.0,-3348000000.0,-2.84,-2.84,-2.84,13015000000.0,14902500000.0,13015000000.0,35928976847.0,-13.0,-29.426,373000000.0,0.435,1.0,2028000000.0,0.098,2383000000.0,506000000.0,29937000000.0,30296250000.0,2893000000.0,0.0,0.0,0.0,20872000000.0,7412000000.0,13460000000.0,30659976847.0,7299000000.0,-39000000.0,167000000.0,7432000000.0,-615000000.0,7106000000.0,-1718000000.0,0.0,1923000000.0,-12000000.0,-2440000000.0,-2440000000.0,-2440000000.0,-4000000.0,-4000000.0,-0.117,4724000000.0,-2696000000.0,1844000000.0,-0.254,2.356,-12.566,-12.577,9252000000.0,0.0,35.72,1.475,1.475,4983000000.0,17958000000.0,20781000000.0,20781000000.0,0.0,-0.074,-0.164,-0.094,-0.137,0.0,181000000.0,1.0,858342017.0,858000000,858000000.0,24.22,31549000000.0,0.0,-908000000.0,0.0,36.77,11693000000.0
23,HAL,MRT,2015-12-31,2015-12-31,2015-12-31,2021-10-22,-363000000.0,36942000000.0,32095750000.0,20070000000.0,16872000000.0,0.736,18.127,-2016000000.0,10077000000.0,10077000000.0,21113000000.0,-667000000.0,3.761,1.387,15346000000.0,659000000.0,14687000000.0,15346000000.0,298000000.0,1835000000.0,0.0,0.021,0.72,-498000000.0,1337000000.0,0.057,1337000000.0,-498000000.0,-945000000.0,-0.79,-0.79,-0.79,15462000000.0,15546500000.0,15462000000.0,34773886366.0,-70.0,26.009,890000000.0,1.043,1.0,2520000000.0,0.107,2385000000.0,447000000.0,34489000000.0,30008000000.0,2993000000.0,0.0,0.0,0.0,21447000000.0,5337000000.0,16110000000.0,29131886366.0,7786000000.0,-39000000.0,167000000.0,7432000000.0,-614000000.0,7081000000.0,-2192000000.0,0.0,2906000000.0,-9000000.0,-671000000.0,-671000000.0,-671000000.0,0.0,4000000.0,-0.028,2685000000.0,-165000000.0,2019000000.0,-0.911,1.884,-43.416,-43.089,12117000000.0,0.0,34.04,1.233,1.229,5317000000.0,20524000000.0,23633000000.0,23633000000.0,0.0,-0.021,-0.043,-0.017,-0.021,0.0,200000000.0,1.0,855813348.0,853000000,853000000.0,27.706,34557000000.0,1079000000.0,-274000000.0,293000000.0,40.512,14733000000.0
24,HAL,MRT,2015-09-30,2015-09-30,2015-09-30,2021-10-22,-451000000.0,30248000000.0,30901500000.0,14919000000.0,15329000000.0,0.884,18.068,-2276000000.0,2249000000.0,2249000000.0,23827000000.0,264000000.0,2.616,0.956,7891000000.0,648000000.0,7243000000.0,7891000000.0,0.0,1990000000.0,0.0,0.02,0.72,798000000.0,2788000000.0,0.102,2788000000.0,798000000.0,387000000.0,0.31,0.3,0.31,15448000000.0,15747750000.0,15448000000.0,35293381816.0,44.0,12.659,894000000.0,1.046,1.0,3494000000.0,0.128,2124000000.0,411000000.0,28063000000.0,28750000000.0,2692000000.0,0.0,0.0,0.0,14768000000.0,5703000000.0,9065000000.0,30215381816.0,220000000.0,-1000000.0,332000000.0,-12000000.0,-612000000.0,-482000000.0,-2530000000.0,-90000000.0,3170000000.0,62000000.0,258000000.0,258000000.0,258000000.0,1000000.0,6000000.0,0.009,2446000000.0,1048000000.0,2193000000.0,2.323,1.956,117.114,114.032,11018000000.0,0.0,35.35,1.106,1.106,5791000000.0,20706000000.0,27321000000.0,27321000000.0,0.0,0.008,0.016,0.028,0.029,0.0,201000000.0,1.0,854749132.0,855000000,855000000.0,31.954,28124000000.0,0.0,129000000.0,0.0,32.894,9216000000.0
25,HAL,MRT,2015-06-30,2015-06-30,2015-06-30,2021-10-22,-298000000.0,30606000000.0,31235250000.0,15224000000.0,15382000000.0,0.975,18.41,-2710000000.0,2760000000.0,2760000000.0,25781000000.0,1522000000.0,3.042,0.949,7838000000.0,0.0,7838000000.0,7838000000.0,0.0,2108000000.0,0.0,0.016,0.69,2500000000.0,4608000000.0,0.151,4608000000.0,2500000000.0,2092000000.0,1.79,1.77,1.79,15685000000.0,15758500000.0,15685000000.0,42194163035.0,17.0,9.157,1272000000.0,1.493,1.0,4659000000.0,0.153,1983000000.0,408000000.0,28696000000.0,29026500000.0,2831000000.0,0.0,0.0,0.0,14891000000.0,5005000000.0,9886000000.0,36647163035.0,400000000.0,-231000000.0,32000000.0,-12000000.0,-585000000.0,-749000000.0,-2853000000.0,-89000000.0,3982000000.0,20000000.0,1515000000.0,1515000000.0,1515000000.0,1000000.0,7000000.0,0.05,2020000000.0,2639000000.0,2181000000.0,0.385,2.336,24.19,24.061,11153000000.0,0.0,43.07,1.204,1.206,5633000000.0,20914000000.0,30440000000.0,30440000000.0,0.0,0.049,0.096,0.086,0.082,0.0,238000000.0,1.0,850874461.0,852000000,854000000.0,35.728,28623000000.0,0.0,577000000.0,0.0,33.595,10219000000.0
26,HAL,MRT,2015-03-31,2015-03-31,2015-03-31,2021-10-22,-402000000.0,30587000000.0,31204750000.0,13825000000.0,16762000000.0,1.044,18.342,-2952000000.0,2294000000.0,2294000000.0,27316000000.0,2244000000.0,2.755,0.96,7841000000.0,0.0,7841000000.0,7841000000.0,0.0,2176000000.0,0.0,0.015,0.66,3436000000.0,5612000000.0,0.172,5612000000.0,3436000000.0,3040000000.0,2.65,2.62,2.65,15591000000.0,15477750000.0,15591000000.0,42832599900.0,12.0,7.632,968000000.0,1.139,1.0,5256000000.0,0.161,2332000000.0,396000000.0,28784000000.0,28928500000.0,3467000000.0,0.0,0.0,0.0,14964000000.0,5018000000.0,9946000000.0,37283599900.0,171000000.0,-231000000.0,32000000.0,-4000000.0,-559000000.0,-618000000.0,-3146000000.0,5000000.0,3920000000.0,15000000.0,2235000000.0,2235000000.0,2235000000.0,0.0,9000000.0,0.069,1677000000.0,3579000000.0,2424000000.0,0.249,2.391,16.682,16.558,12299000000.0,0.0,43.88,1.145,1.145,6419000000.0,21013000000.0,32572000000.0,32572000000.0,0.0,0.072,0.144,0.119,0.105,0.0,284000000.0,1.0,849671830.0,850000000,850000000.0,38.32,28255000000.0,0.0,805000000.0,0.0,33.241,8807000000.0
27,HAL,MRT,2014-12-31,2014-12-31,2014-12-31,2021-10-22,-399000000.0,32165000000.0,30872000000.0,14647000000.0,17518000000.0,1.065,19.183,-2945000000.0,2291000000.0,2291000000.0,27334000000.0,3501000000.0,2.497,0.975,7779000000.0,14000000.0,7765000000.0,7779000000.0,349000000.0,2126000000.0,0.0,0.016,0.63,5158000000.0,7284000000.0,0.222,7284000000.0,5158000000.0,4775000000.0,4.13,4.11,4.13,16267000000.0,15011250000.0,16267000000.0,39117613324.0,8.0,5.37,1117000000.0,1.317,1.0,5536000000.0,0.168,2330000000.0,383000000.0,29457000000.0,28688500000.0,3571000000.0,0.0,0.0,0.0,15867000000.0,5866000000.0,10001000000.0,33330613324.0,-65000000.0,-231000000.0,-468000000.0,-4000000.0,-533000000.0,-1030000000.0,-3138000000.0,0.0,4062000000.0,41000000.0,3500000000.0,3500000000.0,3500000000.0,0.0,1000000.0,0.106,439000000.0,5097000000.0,2814000000.0,0.153,2.049,9.523,9.523,12475000000.0,0.0,39.33,1.014,1.015,7564000000.0,21809000000.0,32870000000.0,32870000000.0,0.0,0.113,0.233,0.18,0.157,0.0,293000000.0,1.0,847460293.0,848000000,852000000.0,38.762,29835000000.0,0.0,1275000000.0,407000000.0,35.183,8781000000.0
28,HAL,MRT,2014-09-30,2014-09-30,2014-09-30,2021-10-22,-307000000.0,31583000000.0,30136500000.0,14847000000.0,16736000000.0,1.053,18.268,-2902000000.0,2029000000.0,2029000000.0,26465000000.0,3391000000.0,2.521,1.037,7816000000.0,0.0,7816000000.0,7816000000.0,0.0,2066000000.0,0.0,0.009,0.6,4980000000.0,7046000000.0,0.222,7046000000.0,4980000000.0,4599000000.0,3.98,3.96,3.98,15491000000.0,14339750000.0,15491000000.0,60323539347.0,12.0,8.561,1909000000.0,2.251,1.0,5274000000.0,0.166,2312000000.0,381000000.0,29169000000.0,28196500000.0,3650000000.0,0.0,0.0,0.0,16065000000.0,5889000000.0,10176000000.0,54867539347.0,538000000.0,-312000000.0,-523000000.0,0.0,-509000000.0,-957000000.0,-3335000000.0,-9000000.0,4811000000.0,19000000.0,3392000000.0,3392000000.0,3392000000.0,0.0,-1000000.0,0.107,332000000.0,4942000000.0,3005000000.0,0.151,3.542,16.176,16.209,12050000000.0,0.0,64.51,1.729,1.724,7555000000.0,21060000000.0,31739000000.0,31739000000.0,0.0,0.113,0.237,0.177,0.157,0.0,332000000.0,1.0,850527660.0,848000000,854000000.0,37.428,29271000000.0,0.0,1207000000.0,0.0,34.518,8958000000.0
29,HAL,MRT,2014-06-30,2014-06-30,2014-06-30,2021-10-22,-303000000.0,30484000000.0,29227750000.0,14165000000.0,16319000000.0,1.044,17.213,-2672000000.0,2360000000.0,2360000000.0,25756000000.0,2894000000.0,2.638,1.092,7816000000.0,0.0,7816000000.0,7816000000.0,0.0,2012000000.0,0.0,0.008,0.575,4363000000.0,6375000000.0,0.209,6375000000.0,4363000000.0,3987000000.0,3.35,3.34,3.35,14562000000.0,13664000000.0,14562000000.0,65662373437.0,15.0,10.3,2379000000.0,2.812,1.0,4754000000.0,0.156,2267000000.0,376000000.0,28304000000.0,27750750000.0,3529000000.0,0.0,0.0,0.0,15897000000.0,5369000000.0,10528000000.0,59969373437.0,948000000.0,-94000000.0,-3564000000.0,2968000000.0,-488000000.0,-949000000.0,-3199000000.0,-6000000.0,5051000000.0,45000000.0,2895000000.0,2895000000.0,2895000000.0,0.0,-1000000.0,0.095,338000000.0,4416000000.0,2727000000.0,0.172,4.118,20.715,21.197,11677000000.0,0.0,71.01,1.966,1.969,6781000000.0,19984000000.0,30510000000.0,30510000000.0,0.0,0.099,0.212,0.157,0.143,0.0,338000000.0,1.0,844520116.0,846000000,852000000.0,36.064,28217000000.0,0.0,1092000000.0,0.0,33.353,8796000000.0
30,HAL,MRT,2014-03-31,2014-03-31,2014-03-31,2021-10-22,-303000000.0,29256000000.0,28461250000.0,13486000000.0,15770000000.0,1.046,16.166,-2651000000.0,2123000000.0,2123000000.0,25234000000.0,2767000000.0,2.734,1.13,7816000000.0,0.0,7816000000.0,7816000000.0,0.0,1962000000.0,0.0,0.009,0.55,4167000000.0,6129000000.0,0.206,6129000000.0,4167000000.0,3814000000.0,3.13,3.12,3.13,13725000000.0,13857750000.0,13725000000.0,55567549385.0,13.0,9.066,2401000000.0,2.828,1.0,4542000000.0,0.153,2193000000.0,353000000.0,27824000000.0,26658000000.0,3415000000.0,0.0,0.0,0.0,15504000000.0,4932000000.0,10572000000.0,50107549385.0,94000000.0,-94000000.0,-4529000000.0,2968000000.0,-476000000.0,-2123000000.0,-2893000000.0,41000000.0,5052000000.0,58000000.0,2765000000.0,2765000000.0,2765000000.0,0.0,2000000.0,0.093,336000000.0,4206000000.0,2525000000.0,0.176,3.651,18.122,18.815,11463000000.0,0.0,58.89,1.683,1.679,6314000000.0,19337000000.0,29776000000.0,29776000000.0,0.0,0.097,0.2,0.156,0.14,0.0,336000000.0,1.0,850866860.0,849000000,853000000.0,35.072,27063000000.0,0.0,1049000000.0,0.0,31.876,8554000000.0
31,HAL,MRT,2013-12-31,2013-12-31,2013-12-31,2021-10-22,-307000000.0,29223000000.0,28068250000.0,13704000000.0,15519000000.0,1.048,15.124,-2693000000.0,2356000000.0,2356000000.0,24931000000.0,2135000000.0,2.727,1.149,7816000000.0,0.0,7816000000.0,7816000000.0,350000000.0,1900000000.0,0.0,0.01,0.525,3104000000.0,5004000000.0,0.17,5004000000.0,3104000000.0,2773000000.0,2.37,2.36,2.37,13581000000.0,14354000000.0,13581000000.0,49372491779.0,16.0,9.867,1754000000.0,1.953,1.0,4471000000.0,0.152,2168000000.0,331000000.0,27489000000.0,25624500000.0,3305000000.0,0.0,0.0,0.0,15608000000.0,5026000000.0,10582000000.0,43047491779.0,-128000000.0,-94000000.0,-4079000000.0,2968000000.0,-465000000.0,-1754000000.0,-2870000000.0,27000000.0,4447000000.0,49000000.0,2125000000.0,2125000000.0,2125000000.0,0.0,10000000.0,0.072,1333000000.0,3138000000.0,2365000000.0,0.222,3.17,20.258,21.414,11322000000.0,0.0,50.75,1.464,1.55,6181000000.0,18842000000.0,29402000000.0,29402000000.0,0.0,0.076,0.148,0.121,0.106,0.0,333000000.0,1.0,848226439.0,898000000,902000000.0,32.742,27055000000.0,388000000.0,648000000.0,357000000.0,30.128,8678000000.0
32,HAL,MRT,2013-09-30,2013-09-30,2013-09-30,2021-10-22,-300000000.0,27948000000.0,27615000000.0,12890000000.0,15058000000.0,1.052,14.369,-2727000000.0,1491000000.0,1491000000.0,24766000000.0,2012000000.0,2.707,1.183,7816000000.0,0.0,7816000000.0,7816000000.0,0.0,1834000000.0,0.0,0.01,0.465,2994000000.0,4828000000.0,0.166,4828000000.0,2994000000.0,2688000000.0,2.19,2.18,2.19,12788000000.0,14900000000.0,12788000000.0,47396921491.0,16.0,9.817,1563000000.0,1.756,1.0,4287000000.0,0.148,2125000000.0,306000000.0,27386000000.0,24467000000.0,3399000000.0,0.0,0.0,0.0,15130000000.0,4762000000.0,10368000000.0,43988921491.0,-541000000.0,-226000000.0,-4249000000.0,2968000000.0,-420000000.0,-1721000000.0,-3097000000.0,-201000000.0,4290000000.0,-13000000.0,2001000000.0,2001000000.0,2001000000.0,0.0,11000000.0,0.069,1312000000.0,2975000000.0,2278000000.0,0.212,3.44,21.983,21.986,10949000000.0,0.0,48.15,1.514,1.475,6626000000.0,18177000000.0,29053000000.0,29053000000.0,0.0,0.072,0.134,0.122,0.103,217000000.0,312000000.0,1.0,913580924.0,890000000,894000000.0,32.644,25823000000.0,0.0,687000000.0,0.0,29.015,8128000000.0
33,HAL,MRT,2013-06-30,2013-06-30,2013-06-30,2021-10-22,-302000000.0,27418000000.0,27206000000.0,12621000000.0,14797000000.0,1.055,16.581,-2916000000.0,1412000000.0,1412000000.0,24572000000.0,1908000000.0,2.642,0.786,4820000000.0,0.0,4820000000.0,4820000000.0,0.0,1759000000.0,0.0,0.01,0.43,2841000000.0,4600000000.0,0.16,4600000000.0,2841000000.0,2555000000.0,2.05,2.04,2.05,15337000000.0,15495000000.0,15337000000.0,41675674464.0,15.0,9.06,1074000000.0,1.161,1.0,4120000000.0,0.144,2116000000.0,286000000.0,23933000000.0,23227250000.0,3341000000.0,0.0,0.0,0.0,12053000000.0,4777000000.0,7276000000.0,38884674464.0,-760000000.0,-214000000.0,-908000000.0,0.0,-397000000.0,-1359000000.0,-3362000000.0,-226000000.0,3990000000.0,-29000000.0,1897000000.0,1897000000.0,1897000000.0,0.0,11000000.0,0.066,1299000000.0,2821000000.0,2251000000.0,0.21,2.535,20.498,20.351,10753000000.0,0.0,41.72,1.355,1.345,6359000000.0,17577000000.0,28692000000.0,28692000000.0,0.0,0.07,0.122,0.122,0.099,217000000.0,299000000.0,1.0,932039177.0,925000000,928000000.0,31.018,25302000000.0,0.0,658000000.0,0.0,27.354,7844000000.0
34,HAL,MRT,2013-03-31,2013-03-31,2013-03-31,2021-10-22,-303000000.0,27684000000.0,26744250000.0,13152000000.0,14532000000.0,1.07,16.874,-3074000000.0,2029000000.0,2029000000.0,24292000000.0,1999000000.0,2.819,0.76,4820000000.0,0.0,4820000000.0,4820000000.0,0.0,1691000000.0,0.0,0.01,0.395,3044000000.0,4735000000.0,0.166,4735000000.0,3044000000.0,2749000000.0,2.15,2.14,2.15,15710000000.0,15295750000.0,15710000000.0,39990567856.0,13.0,8.446,195000000.0,0.209,1.0,4317000000.0,0.151,2119000000.0,295000000.0,23690000000.0,22692250000.0,3257000000.0,0.0,0.0,0.0,11947000000.0,4666000000.0,7281000000.0,37654567856.0,-626000000.0,-214000000.0,57000000.0,0.0,-366000000.0,-268000000.0,-3612000000.0,-317000000.0,3269000000.0,-15000000.0,1990000000.0,1990000000.0,1990000000.0,0.0,9000000.0,0.07,1279000000.0,3038000000.0,2197000000.0,0.184,2.397,18.922,18.795,10509000000.0,0.0,40.41,1.316,1.315,6210000000.0,17048000000.0,28609000000.0,28609000000.0,0.0,0.074,0.13,0.134,0.106,217000000.0,279000000.0,1.0,931813112.0,931000000,931000000.0,30.729,25565000000.0,0.0,759000000.0,0.0,27.46,8486000000.0
35,HAL,MRT,2012-12-31,2012-12-31,2012-12-31,2021-10-22,-309000000.0,27410000000.0,25990250000.0,13086000000.0,14324000000.0,1.097,17.025,-3171000000.0,2484000000.0,2484000000.0,23769000000.0,2645000000.0,2.754,0.737,4820000000.0,0.0,4820000000.0,4820000000.0,307000000.0,1628000000.0,0.0,0.01,0.36,4168000000.0,5796000000.0,0.203,5796000000.0,4168000000.0,3870000000.0,2.85,2.84,2.85,15765000000.0,14829250000.0,15765000000.0,34979863480.0,8.0,6.035,483000000.0,0.522,1.0,4734000000.0,0.166,2135000000.0,298000000.0,22859000000.0,21909000000.0,3186000000.0,0.0,0.0,0.0,11620000000.0,4752000000.0,6868000000.0,32191863480.0,-214000000.0,-214000000.0,107000000.0,0.0,-333000000.0,-172000000.0,-3688000000.0,-248000000.0,3654000000.0,-8000000.0,2635000000.0,2635000000.0,2635000000.0,0.0,10000000.0,0.092,575000000.0,4159000000.0,2041000000.0,0.126,2.042,12.217,12.172,10257000000.0,0.0,34.69,1.129,1.127,5787000000.0,17182000000.0,28503000000.0,28503000000.0,0.0,0.101,0.178,0.19,0.146,217000000.0,275000000.0,1.0,927986840.0,926000000,928000000.0,30.781,25275000000.0,351000000.0,1235000000.0,0.0,27.295,8334000000.0
36,HAL,MRT,2012-09-30,2012-09-30,2012-09-30,2021-10-22,-262000000.0,26312000000.0,25057000000.0,12766000000.0,13546000000.0,1.129,16.345,-3148000000.0,2032000000.0,2032000000.0,23100000000.0,2880000000.0,2.776,0.733,4820000000.0,0.0,4820000000.0,4820000000.0,0.0,1565000000.0,0.0,0.011,0.36,4541000000.0,6106000000.0,0.216,6106000000.0,4541000000.0,4247000000.0,3.11,3.1,3.11,15168000000.0,14187500000.0,15168000000.0,33903906967.0,7.0,5.553,83000000.0,0.089,1.0,5177000000.0,0.183,2075000000.0,294000000.0,22427000000.0,21169750000.0,3539000000.0,0.0,0.0,0.0,11121000000.0,4598000000.0,6523000000.0,31255906967.0,257000000.0,-880000000.0,160000000.0,978000000.0,-333000000.0,803000000.0,-3770000000.0,329000000.0,3231000000.0,-7000000.0,2872000000.0,2872000000.0,2872000000.0,0.0,8000000.0,0.102,569000000.0,4608000000.0,2136000000.0,0.116,2.061,10.883,10.833,9678000000.0,0.0,33.69,1.105,1.106,5870000000.0,16596000000.0,28277000000.0,28277000000.0,0.0,0.115,0.202,0.215,0.161,0.0,269000000.0,1.0,927750281.0,928000000,930000000.0,30.471,24237000000.0,0.0,1375000000.0,0.0,26.117,8168000000.0
37,HAL,MRT,2012-06-30,2012-06-30,2012-06-30,2021-10-22,-261000000.0,25571000000.0,23780000000.0,12534000000.0,13037000000.0,1.165,15.736,-3021000000.0,2172000000.0,2172000000.0,22147000000.0,2961000000.0,2.823,0.757,4820000000.0,0.0,4820000000.0,4820000000.0,0.0,1499000000.0,0.0,0.013,0.36,4757000000.0,6256000000.0,0.226,6256000000.0,4757000000.0,4472000000.0,3.2,3.19,3.2,14540000000.0,13485000000.0,14540000000.0,28369150475.0,6.0,4.535,410000000.0,0.444,1.0,5567000000.0,0.201,1986000000.0,285000000.0,21793000000.0,20119000000.0,3297000000.0,0.0,0.0,0.0,11010000000.0,4440000000.0,6570000000.0,26204150475.0,734000000.0,-880000000.0,160000000.0,978000000.0,-332000000.0,776000000.0,-3464000000.0,400000000.0,3431000000.0,-9000000.0,2953000000.0,2953000000.0,2953000000.0,0.0,8000000.0,0.107,581000000.0,4986000000.0,2113000000.0,0.113,1.802,8.874,8.872,9363000000.0,0.0,28.39,0.946,0.947,5674000000.0,16077000000.0,27714000000.0,27714000000.0,0.0,0.124,0.219,0.236,0.172,0.0,281000000.0,1.0,923006357.0,924000000,926000000.0,29.994,23585000000.0,0.0,1519000000.0,0.0,25.525,8094000000.0
38,HAL,MRT,2012-03-31,2012-03-31,2012-03-31,2021-10-22,-266000000.0,24668000000.0,22376250000.0,12018000000.0,12650000000.0,1.18,14.999,-2871000000.0,2655000000.0,2655000000.0,20890000000.0,2963000000.0,2.788,0.78,4820000000.0,0.0,4820000000.0,4820000000.0,318000000.0,1424000000.0,0.0,0.011,0.36,4737000000.0,6161000000.0,0.233,6161000000.0,4737000000.0,4469000000.0,3.21,3.2,3.21,13844000000.0,12760500000.0,13844000000.0,32755813072.0,7.0,5.317,982000000.0,1.064,1.0,5525000000.0,0.209,1966000000.0,268000000.0,20557000000.0,19122500000.0,2916000000.0,0.0,0.0,0.0,10804000000.0,4310000000.0,6494000000.0,30633813072.0,1625000000.0,-880000000.0,94000000.0,978000000.0,-331000000.0,793000000.0,-3000000000.0,751000000.0,3853000000.0,-21000000.0,2955000000.0,2955000000.0,2955000000.0,0.0,8000000.0,0.112,579000000.0,4946000000.0,1941000000.0,0.112,2.213,10.367,10.34,8897000000.0,0.0,33.19,1.16,1.16,5336000000.0,15424000000.0,26415000000.0,26415000000.0,0.0,0.132,0.232,0.248,0.179,0.0,279000000.0,1.0,922983220.0,923000000,926000000.0,28.619,22702000000.0,317000000.0,1514000000.0,0.0,24.596,7708000000.0
39,HAL,MRT,2011-12-31,2011-12-31,2011-12-31,2021-10-22,-273000000.0,23677000000.0,20956750000.0,11577000000.0,12100000000.0,1.185,14.377,-2793000000.0,2698000000.0,2698000000.0,19811000000.0,2844000000.0,2.809,0.793,4820000000.0,0.0,4820000000.0,4820000000.0,309000000.0,1359000000.0,0.0,0.01,0.36,4541000000.0,5900000000.0,0.238,5900000000.0,4541000000.0,4278000000.0,3.09,3.08,3.09,13198000000.0,12030500000.0,13198000000.0,33803903226.0,7.0,5.729,891000000.0,0.971,1.0,5018000000.0,0.202,1776000000.0,263000000.0,19902000000.0,18368750000.0,2570000000.0,0.0,0.0,0.0,10461000000.0,4121000000.0,6340000000.0,31754903226.0,1300000000.0,-880000000.0,160000000.0,978000000.0,-330000000.0,833000000.0,-3190000000.0,500000000.0,3684000000.0,-27000000.0,2839000000.0,2839000000.0,2839000000.0,0.0,5000000.0,0.114,281000000.0,4737000000.0,1826000000.0,0.117,2.406,11.185,11.168,8492000000.0,0.0,34.51,1.279,1.276,5084000000.0,14880000000.0,24829000000.0,24829000000.0,0.0,0.135,0.236,0.247,0.183,0.0,281000000.0,1.0,920165263.0,918000000,922000000.0,27.047,21901000000.0,321000000.0,1439000000.0,0.0,23.857,7456000000.0
40,HAL,MRT,2011-09-30,2011-09-30,2011-09-30,2021-10-22,-240000000.0,21204000000.0,19611750000.0,10306000000.0,10898000000.0,1.169,13.433,-2594000000.0,1775000000.0,1775000000.0,18362000000.0,2544000000.0,2.819,0.714,3824000000.0,0.0,3824000000.0,3824000000.0,269000000.0,1293000000.0,0.0,0.012,0.36,4076000000.0,5369000000.0,0.234,5369000000.0,4076000000.0,3813000000.0,2.77,2.76,2.77,12358000000.0,11324250000.0,12358000000.0,30453310405.0,7.0,5.672,622000000.0,0.676,1.0,4563000000.0,0.199,1373000000.0,263000000.0,18224000000.0,17556000000.0,2412000000.0,400000000.0,400000000.0,0.0,8828000000.0,3656000000.0,5172000000.0,28067310405.0,-100000000.0,-140000000.0,-117000000.0,-790000000.0,-329000000.0,-906000000.0,-2378000000.0,475000000.0,3216000000.0,-32000000.0,2538000000.0,2538000000.0,2538000000.0,0.0,6000000.0,0.111,276000000.0,4287000000.0,1733000000.0,0.13,2.271,11.059,11.018,7993000000.0,0.0,30.52,1.224,1.225,4769000000.0,14057000000.0,22925000000.0,22925000000.0,0.0,0.129,0.224,0.232,0.178,0.0,276000000.0,1.0,919636645.0,920000000,925000000.0,24.918,19831000000.0,238000000.0,1275000000.0,0.0,21.555,6650000000.0
41,HAL,MRT,2011-06-30,2011-06-30,2011-06-30,2021-10-22,-237000000.0,19956000000.0,18860250000.0,9540000000.0,10416000000.0,1.116,12.71,-2410000000.0,1438000000.0,1438000000.0,17010000000.0,2404000000.0,3.013,0.713,3824000000.0,0.0,3824000000.0,3824000000.0,260000000.0,1237000000.0,0.0,0.007,0.36,3789000000.0,5026000000.0,0.239,5026000000.0,3789000000.0,3512000000.0,2.63,2.62,2.63,11642000000.0,10694750000.0,11642000000.0,49459671619.0,13.0,9.841,382000000.0,0.417,1.0,4032000000.0,0.192,1369000000.0,277000000.0,17807000000.0,17077500000.0,2235000000.0,451000000.0,451000000.0,0.0,8298000000.0,3166000000.0,5132000000.0,46665671619.0,278000000.0,-333000000.0,-79000000.0,-790000000.0,-329000000.0,-1081000000.0,-1403000000.0,1475000000.0,2792000000.0,-30000000.0,2399000000.0,2399000000.0,2399000000.0,0.0,5000000.0,0.114,259000000.0,3773000000.0,1554000000.0,0.137,4.008,19.452,19.392,7626000000.0,0.0,51.0,2.218,2.22,4448000000.0,13456000000.0,21042000000.0,21042000000.0,0.0,0.127,0.224,0.222,0.18,0.0,259000000.0,1.0,915013169.0,916000000,921000000.0,22.972,18587000000.0,258000000.0,1113000000.0,0.0,20.291,6374000000.0
42,HAL,MRT,2011-03-31,2011-03-31,2011-03-31,2021-10-22,-238000000.0,18990000000.0,18256250000.0,9028000000.0,9962000000.0,1.068,11.952,-2142000000.0,1030000000.0,1030000000.0,15879000000.0,2146000000.0,3.093,0.737,3824000000.0,0.0,3824000000.0,3824000000.0,280000000.0,1178000000.0,0.0,0.007,0.36,3391000000.0,4569000000.0,0.234,4569000000.0,3391000000.0,3101000000.0,2.35,2.35,2.35,10924000000.0,10122500000.0,10924000000.0,47947682328.0,14.0,10.494,318000000.0,0.348,1.0,3615000000.0,0.185,1323000000.0,290000000.0,17542000000.0,16752500000.0,2099000000.0,852000000.0,852000000.0,0.0,8050000000.0,2919000000.0,5131000000.0,45521682328.0,-353000000.0,-410000000.0,-7000000.0,-790000000.0,-328000000.0,-1086000000.0,-1702000000.0,942000000.0,2460000000.0,-25000000.0,2140000000.0,2140000000.0,2140000000.0,-6000000.0,6000000.0,0.11,241000000.0,3374000000.0,1372000000.0,0.153,4.167,21.272,21.209,7248000000.0,0.0,49.84,2.335,2.337,4132000000.0,12800000000.0,19494000000.0,19494000000.0,0.0,0.117,0.211,0.202,0.174,0.0,241000000.0,1.0,913356387.0,914000000,919000000.0,21.328,17667000000.0,240000000.0,961000000.0,0.0,19.329,6109000000.0
43,HAL,MRT,2010-12-31,2010-12-31,2010-12-31,2021-10-22,-240000000.0,18297000000.0,17753750000.0,8886000000.0,9411000000.0,1.012,11.424,-1842000000.0,1398000000.0,1398000000.0,14735000000.0,1842000000.0,3.223,0.763,3824000000.0,0.0,3824000000.0,3824000000.0,266000000.0,1119000000.0,0.0,0.009,0.36,2985000000.0,4104000000.0,0.228,4104000000.0,2985000000.0,2688000000.0,2.02,2.01,2.02,10373000000.0,9624250000.0,10373000000.0,39835306782.0,13.0,9.706,370000000.0,0.407,1.0,3238000000.0,0.18,1315000000.0,297000000.0,16651000000.0,16339000000.0,1940000000.0,653000000.0,653000000.0,0.0,7910000000.0,2757000000.0,5153000000.0,37136306782.0,-684000000.0,-523000000.0,-39000000.0,-790000000.0,-327000000.0,-1114000000.0,-1755000000.0,643000000.0,2212000000.0,-27000000.0,1835000000.0,1835000000.0,1835000000.0,0.0,7000000.0,0.102,229000000.0,3009000000.0,1139000000.0,0.178,3.58,20.238,20.213,6842000000.0,0.0,40.83,2.066,2.063,3924000000.0,12371000000.0,17973000000.0,17973000000.0,0.0,0.103,0.191,0.183,0.166,0.0,229000000.0,1.0,909534822.0,908000000,911000000.0,19.794,16982000000.0,257000000.0,853000000.0,0.0,18.703,6129000000.0
44,HAL,MRT,2010-09-30,2010-09-30,2010-09-30,2021-10-22,-209000000.0,18198000000.0,17314000000.0,9216000000.0,8982000000.0,0.953,10.813,-1886000000.0,1875000000.0,1875000000.0,13822000000.0,1479000000.0,2.765,0.848,4574000000.0,750000000.0,3824000000.0,4574000000.0,219000000.0,1071000000.0,0.0,0.011,0.36,2447000000.0,3518000000.0,0.213,3518000000.0,2447000000.0,2141000000.0,1.63,1.63,1.63,9840000000.0,9213000000.0,9840000000.0,33423537908.0,14.0,9.501,252000000.0,0.277,1.0,2677000000.0,0.162,1254000000.0,306000000.0,16310000000.0,15936500000.0,1889000000.0,880000000.0,880000000.0,0.0,8345000000.0,3333000000.0,5012000000.0,30009537908.0,200000000.0,-401000000.0,135000000.0,-31000000.0,-326000000.0,-416000000.0,-1488000000.0,616000000.0,2138000000.0,-34000000.0,1473000000.0,1473000000.0,1473000000.0,-6000000.0,6000000.0,0.089,220000000.0,2457000000.0,1095000000.0,0.221,3.05,20.373,20.288,6486000000.0,0.0,33.07,1.819,1.824,3723000000.0,11848000000.0,16499000000.0,16499000000.0,0.0,0.085,0.16,0.154,0.148,0.0,225000000.0,1.0,907455032.0,910000000,912000000.0,18.131,16944000000.0,244000000.0,668000000.0,0.0,18.62,5883000000.0
45,HAL,MRT,2010-06-30,2010-06-30,2010-06-30,2021-10-22,-209000000.0,17540000000.0,16848750000.0,9203000000.0,8337000000.0,0.915,10.323,-1769000000.0,1160000000.0,1160000000.0,13102000000.0,1200000000.0,2.776,0.872,4574000000.0,750000000.0,3824000000.0,4574000000.0,257000000.0,1025000000.0,0.0,0.015,0.36,2041000000.0,3066000000.0,0.199,3066000000.0,2041000000.0,1734000000.0,1.32,1.32,1.32,9353000000.0,8890250000.0,9353000000.0,25415508443.0,12.0,8.289,427000000.0,0.471,1.0,2320000000.0,0.15,1132000000.0,307000000.0,16507000000.0,15848500000.0,1767000000.0,1935000000.0,1935000000.0,0.0,8156000000.0,3315000000.0,4841000000.0,22224508443.0,-408000000.0,-231000000.0,97000000.0,-31000000.0,-325000000.0,-308000000.0,-2260000000.0,-434000000.0,2196000000.0,-36000000.0,1191000000.0,1191000000.0,1191000000.0,-6000000.0,9000000.0,0.077,207000000.0,2113000000.0,1069000000.0,0.273,2.376,18.66,18.598,6175000000.0,0.0,24.55,1.441,1.442,3453000000.0,11386000000.0,15422000000.0,15422000000.0,0.0,0.071,0.134,0.129,0.132,0.0,212000000.0,1.0,905275293.0,906000000,909000000.0,17.022,16408000000.0,274000000.0,543000000.0,0.0,18.11,5888000000.0
46,HAL,MRT,2010-03-31,2010-03-31,2010-03-31,2021-10-22,-206000000.0,16980000000.0,16517500000.0,8814000000.0,8166000000.0,0.88,9.869,-1750000000.0,1383000000.0,1383000000.0,12494000000.0,982000000.0,2.803,0.898,4574000000.0,750000000.0,3824000000.0,4574000000.0,282000000.0,977000000.0,0.0,0.012,0.36,1743000000.0,2720000000.0,0.187,2720000000.0,1743000000.0,1433000000.0,1.08,1.08,1.08,8931000000.0,8627250000.0,8931000000.0,29762368690.0,17.0,10.942,592000000.0,0.654,1.0,2035000000.0,0.14,1138000000.0,310000000.0,15888000000.0,15711500000.0,1658000000.0,1808000000.0,1808000000.0,0.0,8020000000.0,3145000000.0,4875000000.0,27270368690.0,-1584000000.0,-168000000.0,91000000.0,-32000000.0,-324000000.0,-304000000.0,-3590000000.0,-1820000000.0,2342000000.0,-32000000.0,973000000.0,973000000.0,973000000.0,1000000.0,9000000.0,0.067,208000000.0,1827000000.0,964000000.0,0.333,3.053,28.027,27.898,5980000000.0,0.0,30.13,1.877,1.877,3176000000.0,10988000000.0,14529000000.0,14529000000.0,0.0,0.059,0.113,0.111,0.12,0.0,213000000.0,1.0,905090232.0,905000000,908000000.0,16.054,15842000000.0,248000000.0,460000000.0,0.0,17.505,5669000000.0
47,HAL,MRT,2009-12-31,2009-12-31,2009-12-31,2021-10-22,-213000000.0,16538000000.0,16328500000.0,8638000000.0,7900000000.0,0.899,9.698,-1864000000.0,2082000000.0,2082000000.0,12474000000.0,1155000000.0,2.99,0.891,4574000000.0,750000000.0,3824000000.0,4574000000.0,215000000.0,931000000.0,0.0,0.012,0.36,1948000000.0,2879000000.0,0.196,2879000000.0,1948000000.0,1663000000.0,1.27,1.27,1.27,8728000000.0,8413000000.0,8728000000.0,30037024533.0,15.0,10.433,542000000.0,0.602,1.0,2201000000.0,0.15,1100000000.0,285000000.0,15041000000.0,15353750000.0,1598000000.0,1312000000.0,1312000000.0,0.0,7781000000.0,2889000000.0,4892000000.0,27139024533.0,958000000.0,-55000000.0,57000000.0,1944000000.0,-324000000.0,1670000000.0,-3085000000.0,-1320000000.0,2406000000.0,-33000000.0,1145000000.0,1145000000.0,1145000000.0,0.0,10000000.0,0.078,207000000.0,1994000000.0,787000000.0,0.283,3.109,23.702,23.693,5759000000.0,0.0,30.09,1.849,1.845,2964000000.0,10863000000.0,14675000000.0,14675000000.0,0.0,0.07,0.136,0.127,0.133,0.0,207000000.0,1.0,901928366.0,900000000,902000000.0,16.306,15438000000.0,210000000.0,518000000.0,0.0,17.153,5749000000.0
48,HAL,MRT,2009-09-30,2009-09-30,2009-09-30,2021-10-22,-202000000.0,16337000000.0,15790250000.0,8699000000.0,7638000000.0,1.007,9.478,-1909000000.0,1675000000.0,1675000000.0,12960000000.0,1354000000.0,3.983,0.908,4573000000.0,0.0,4573000000.0,4573000000.0,194000000.0,880000000.0,0.0,0.013,0.36,2350000000.0,3230000000.0,0.203,3230000000.0,2350000000.0,2132000000.0,1.52,1.53,1.52,8549000000.0,8162250000.0,8549000000.0,27486506461.0,12.0,8.51,748000000.0,0.829,1.0,2939000000.0,0.185,1093000000.0,218000000.0,15958000000.0,14598500000.0,1716000000.0,1515000000.0,1515000000.0,0.0,7761000000.0,2184000000.0,5577000000.0,24454506461.0,702000000.0,-281000000.0,-3000000.0,1821000000.0,-323000000.0,1552000000.0,-3479000000.0,-1518000000.0,2657000000.0,-28000000.0,1370000000.0,1370000000.0,1370000000.0,1000000.0,-16000000.0,0.086,210000000.0,2729000000.0,800000000.0,0.237,2.861,17.85,17.842,5564000000.0,0.0,27.12,1.538,1.539,3098000000.0,10702000000.0,15899000000.0,15899000000.0,0.0,0.087,0.168,0.161,0.148,0.0,210000000.0,1.0,901714840.0,902000000,904000000.0,17.626,15244000000.0,198000000.0,762000000.0,0.0,16.9,6515000000.0
49,HAL,MRT,2009-06-30,2009-06-30,2009-06-30,2021-10-22,-198000000.0,16215000000.0,15167500000.0,8008000000.0,8207000000.0,1.132,9.244,-1937000000.0,1568000000.0,1568000000.0,13620000000.0,1763000000.0,3.607,0.951,4600000000.0,27000000.0,4573000000.0,4600000000.0,226000000.0,835000000.0,0.0,0.017,0.36,2937000000.0,3772000000.0,0.22,3772000000.0,2937000000.0,2761000000.0,1.99,1.98,1.99,8301000000.0,7881750000.0,8301000000.0,20210243944.0,7.0,5.358,770000000.0,0.857,1.0,3544000000.0,0.206,1068000000.0,176000000.0,15959000000.0,13636250000.0,1832000000.0,1516000000.0,753000000.0,763000000.0,7891000000.0,2220000000.0,5671000000.0,18570243944.0,-312000000.0,-516000000.0,-126000000.0,1114000000.0,-323000000.0,752000000.0,-3735000000.0,-1518000000.0,2707000000.0,-36000000.0,1780000000.0,1780000000.0,1780000000.0,1000000.0,-17000000.0,0.104,238000000.0,3306000000.0,755000000.0,0.181,2.237,10.433,10.402,5357000000.0,0.0,20.7,1.082,1.083,3152000000.0,10521000000.0,17164000000.0,17164000000.0,0.0,0.117,0.226,0.215,0.171,0.0,239000000.0,1.0,897113234.0,898000000,900000000.0,19.114,15147000000.0,179000000.0,981000000.0,0.0,16.867,5788000000.0
50,HAL,MRT,2009-03-31,2009-03-31,2009-03-31,2021-10-22,-224000000.0,16224000000.0,14625750000.0,8909000000.0,7315000000.0,1.241,9.001,-1993000000.0,2967000000.0,2967000000.0,14142000000.0,2008000000.0,3.822,1.007,4607000000.0,29000000.0,4578000000.0,4607000000.0,237000000.0,789000000.0,0.0,0.023,0.36,3313000000.0,4102000000.0,0.226,4102000000.0,3313000000.0,3174000000.0,2.28,2.24,2.28,8074000000.0,7702750000.0,8074000000.0,15367284889.0,5.0,3.746,537000000.0,0.599,1.0,4015000000.0,0.221,1076000000.0,139000000.0,14457000000.0,12526250000.0,1895000000.0,0.0,0.0,0.0,8129000000.0,2331000000.0,5798000000.0,13879284889.0,973000000.0,-652000000.0,-174000000.0,1115000000.0,-320000000.0,819000000.0,-2344000000.0,0.0,2530000000.0,-32000000.0,2022000000.0,2022000000.0,2022000000.0,0.0,-14000000.0,0.111,236000000.0,3779000000.0,874000000.0,0.158,1.719,6.864,6.785,5157000000.0,0.0,15.47,0.764,0.764,3395000000.0,10340000000.0,18157000000.0,18157000000.0,0.0,0.138,0.263,0.264,0.182,0.0,262000000.0,1.0,897174201.0,897000000,899000000.0,20.242,15148000000.0,342000000.0,1152000000.0,48000000.0,16.887,6578000000.0
51,HAL,MRT,2008-12-31,2008-12-31,2008-12-31,2021-10-22,-215000000.0,14385000000.0,13901750000.0,7411000000.0,6974000000.0,1.315,8.749,-1824000000.0,1124000000.0,1124000000.0,14049000000.0,2215000000.0,2.665,0.86,2612000000.0,26000000.0,2586000000.0,2612000000.0,231000000.0,738000000.0,0.0,0.02,0.36,3563000000.0,4301000000.0,0.235,4301000000.0,3563000000.0,3435000000.0,2.52,2.45,2.52,7725000000.0,7449750000.0,7725000000.0,18046462537.0,5.0,4.196,850000000.0,0.963,1.0,4230000000.0,0.231,1072000000.0,128000000.0,12020000000.0,11623250000.0,1828000000.0,0.0,0.0,0.0,6641000000.0,2781000000.0,3860000000.0,16248462537.0,-723000000.0,-652000000.0,-507000000.0,-861000000.0,-319000000.0,-1523000000.0,-1856000000.0,388000000.0,2674000000.0,-18000000.0,2224000000.0,2224000000.0,2224000000.0,0.0,-9000000.0,0.122,220000000.0,4010000000.0,898000000.0,0.143,2.103,7.306,7.214,4782000000.0,0.0,18.18,0.889,0.878,3795000000.0,10041000000.0,18279000000.0,18279000000.0,0.0,0.16,0.299,0.307,0.195,0.0,282000000.0,1.0,893754815.0,883000000,909000000.0,20.701,13313000000.0,246000000.0,1211000000.0,0.0,15.077,4630000000.0
52,HAL,MRT,2008-09-30,2008-09-30,2008-09-30,2021-10-22,-100000000.0,13846000000.0,13589250000.0,7367000000.0,6479000000.0,1.291,8.421,-1745000000.0,973000000.0,973000000.0,13557000000.0,2499000000.0,2.911,0.856,2771000000.0,183000000.0,2588000000.0,2771000000.0,202000000.0,701000000.0,0.0,0.011,0.36,3683000000.0,4384000000.0,0.25,4384000000.0,3683000000.0,3514000000.0,2.75,2.65,2.75,7427000000.0,7235000000.0,7427000000.0,29316997704.0,8.0,6.687,864000000.0,0.98,1.0,3991000000.0,0.227,1004000000.0,169000000.0,12109000000.0,11336500000.0,1824000000.0,0.0,0.0,0.0,6359000000.0,2531000000.0,3828000000.0,28401997704.0,238000000.0,-1985000000.0,-667000000.0,-711000000.0,-318000000.0,-1404000000.0,-950000000.0,1169000000.0,2609000000.0,-17000000.0,2433000000.0,2433000000.0,2433000000.0,958000000.0,66000000.0,0.139,273000000.0,3718000000.0,964000000.0,0.131,3.824,11.674,11.778,4438000000.0,0.0,32.39,1.619,1.628,3858000000.0,9025000000.0,17548000000.0,17548000000.0,0.0,0.179,0.336,0.325,0.21,0.0,300000000.0,1.0,876875508.0,882000000,908000000.0,19.896,12842000000.0,335000000.0,1081000000.0,52000000.0,14.56,4836000000.0
53,HAL,MRT,2008-06-30,2008-06-30,2008-06-30,2021-10-22,-101000000.0,14048000000.0,13245000000.0,7945000000.0,6103000000.0,1.255,8.669,-1619000000.0,1880000000.0,1880000000.0,12788000000.0,2551000000.0,3.049,0.839,2795000000.0,230000000.0,2565000000.0,2795000000.0,232000000.0,654000000.0,0.0,0.007,0.36,3551000000.0,4205000000.0,0.253,4205000000.0,3551000000.0,3378000000.0,2.82,2.7,2.82,7585000000.0,6927500000.0,7585000000.0,47098863449.0,13.0,11.201,1067000000.0,1.219,1.0,3835000000.0,0.231,838000000.0,173000000.0,11519000000.0,11213750000.0,1736000000.0,0.0,0.0,0.0,6363000000.0,2606000000.0,3757000000.0,46296863449.0,532000000.0,-2049000000.0,-882000000.0,-7000000.0,-315000000.0,-948000000.0,-1199000000.0,898000000.0,2686000000.0,-7000000.0,2488000000.0,2488000000.0,2488000000.0,957000000.0,63000000.0,0.15,258000000.0,3577000000.0,954000000.0,0.128,6.104,18.608,18.819,4146000000.0,0.0,53.07,2.785,2.793,3581000000.0,9127000000.0,16623000000.0,16623000000.0,0.0,0.188,0.359,0.317,0.214,0.0,285000000.0,1.0,872373534.0,875000000,918000000.0,18.998,13210000000.0,466000000.0,890000000.0,97000000.0,15.097,5339000000.0
54,HAL,MRT,2008-03-31,2008-03-31,2008-03-31,2021-10-22,-102000000.0,13328000000.0,12730250000.0,7696000000.0,5632000000.0,1.247,8.034,-1465000000.0,1994000000.0,1994000000.0,12105000000.0,3571000000.0,3.101,0.873,2796000000.0,172000000.0,2624000000.0,2796000000.0,240000000.0,616000000.0,0.0,0.009,0.36,4572000000.0,5188000000.0,0.327,5188000000.0,4572000000.0,4400000000.0,3.93,3.77,3.93,7062000000.0,6495750000.0,7062000000.0,35555586609.0,8.0,6.853,1345000000.0,1.53,1.0,3766000000.0,0.237,803000000.0,172000000.0,10845000000.0,11003000000.0,1655000000.0,0.0,0.0,0.0,6166000000.0,2482000000.0,3684000000.0,34616586609.0,-1479000000.0,-1844000000.0,-1737000000.0,-7000000.0,-319000000.0,-1927000000.0,-2344000000.0,890000000.0,2810000000.0,-18000000.0,3514000000.0,3514000000.0,3514000000.0,22000000.0,57000000.0,0.221,245000000.0,3521000000.0,907000000.0,0.092,4.902,9.851,10.008,3851000000.0,0.0,39.33,2.181,2.178,3301000000.0,8699000000.0,15871000000.0,15871000000.0,0.0,0.276,0.541,0.416,0.288,0.0,296000000.0,1.0,880157300.0,879000000,914000000.0,18.056,12525000000.0,468000000.0,886000000.0,209000000.0,14.249,5214000000.0
55,HAL,MRT,2007-12-31,2007-12-31,2007-12-31,2021-10-22,-104000000.0,13135000000.0,13807750000.0,7573000000.0,5562000000.0,1.105,7.471,-1380000000.0,1847000000.0,1847000000.0,11525000000.0,3536000000.0,3.141,0.899,2786000000.0,159000000.0,2627000000.0,2786000000.0,209000000.0,583000000.0,0.0,0.009,0.345,4561000000.0,5144000000.0,0.337,5144000000.0,4561000000.0,4393000000.0,3.79,3.65,3.79,6866000000.0,6703250000.0,6866000000.0,35475511671.0,8.0,6.896,1346000000.0,1.465,1.0,3739000000.0,0.245,790000000.0,168000000.0,10873000000.0,11435750000.0,1459000000.0,388000000.0,388000000.0,0.0,6175000000.0,2411000000.0,3764000000.0,33404511671.0,-2532000000.0,-2024000000.0,-1374000000.0,-7000000.0,-314000000.0,-1570000000.0,-3661000000.0,-332000000.0,2726000000.0,-27000000.0,3486000000.0,3486000000.0,3486000000.0,0.0,50000000.0,0.228,241000000.0,3498000000.0,768000000.0,0.091,4.865,9.582,10.003,3630000000.0,0.0,37.91,2.188,2.282,3093000000.0,8202000000.0,15264000000.0,15264000000.0,0.0,0.252,0.52,0.399,0.299,0.0,293000000.0,1.0,881153038.0,919000000,955000000.0,16.609,12345000000.0,724000000.0,907000000.0,209000000.0,13.433,5162000000.0
56,HAL,MRT,2007-09-30,2007-09-30,2007-09-30,2021-10-22,-178000000.0,12469000000.0,14739000000.0,7221000000.0,5248000000.0,0.99,7.042,-1161000000.0,735000000.0,735000000.0,10864000000.0,3467000000.0,3.296,0.998,2806000000.0,10000000.0,2796000000.0,2806000000.0,188000000.0,541000000.0,0.0,0.009,0.33,4599000000.0,5140000000.0,0.352,5140000000.0,4599000000.0,4440000000.0,3.73,3.59,3.73,6197000000.0,6830750000.0,6197000000.0,35629334310.0,8.0,6.932,1990000000.0,2.261,1.0,3730000000.0,0.256,731000000.0,159000000.0,11618000000.0,11600250000.0,1560000000.0,1156000000.0,1156000000.0,0.0,6182000000.0,2191000000.0,3991000000.0,34182334310.0,-2183000000.0,-383000000.0,-1481000000.0,10000000.0,-310000000.0,-1232000000.0,-4135000000.0,-1133000000.0,3151000000.0,33000000.0,3467000000.0,3467000000.0,3467000000.0,-990000000.0,0.0,0.238,262000000.0,3468000000.0,798000000.0,0.088,5.516,9.859,10.295,3337000000.0,0.0,38.4,2.342,2.315,3109000000.0,7591000000.0,14594000000.0,14594000000.0,0.0,0.235,0.508,0.396,0.315,0.0,313000000.0,1.0,890164956.0,880000000,917000000.0,16.584,11738000000.0,714000000.0,973000000.0,216000000.0,13.339,5030000000.0
57,HAL,MRT,2007-06-30,2007-06-30,2007-06-30,2021-10-22,-178000000.0,11989000000.0,15617750000.0,7272000000.0,4717000000.0,0.9,6.473,-1005000000.0,1348000000.0,1348000000.0,10347000000.0,3351000000.0,3.357,1.034,2795000000.0,11000000.0,2784000000.0,2795000000.0,198000000.0,517000000.0,0.0,0.009,0.315,4589000000.0,5106000000.0,0.363,5106000000.0,4589000000.0,4429000000.0,3.51,3.38,3.51,5858000000.0,7053750000.0,5858000000.0,32144743940.0,7.0,6.295,2611000000.0,2.885,1.0,3711000000.0,0.264,594000000.0,160000000.0,10676000000.0,11143500000.0,1500000000.0,875000000.0,875000000.0,0.0,6060000000.0,2166000000.0,3894000000.0,31534743940.0,-1785000000.0,-61000000.0,-1980000000.0,-266000000.0,-308000000.0,-2038000000.0,-3393000000.0,-862000000.0,3616000000.0,30000000.0,3351000000.0,3351000000.0,3351000000.0,-997000000.0,0.0,0.238,284000000.0,3427000000.0,856000000.0,0.09,5.383,9.411,9.829,2988000000.0,0.0,34.5,2.243,2.221,2948000000.0,6942000000.0,14058000000.0,14058000000.0,0.0,0.215,0.475,0.412,0.326,0.0,334000000.0,1.0,914050549.0,905000000,942000000.0,15.534,11395000000.0,647000000.0,1078000000.0,215000000.0,12.591,5106000000.0
58,HAL,MRT,2007-03-31,2007-03-31,2007-03-31,2021-10-22,-426000000.0,17638000000.0,16664000000.0,11715000000.0,5923000000.0,0.806,7.956,-839000000.0,2186000000.0,2186000000.0,9822000000.0,2412000000.0,2.307,1.227,2796000000.0,11000000.0,2785000000.0,2796000000.0,0.0,494000000.0,0.0,0.009,0.3,3612000000.0,4106000000.0,0.306,4106000000.0,3612000000.0,3451000000.0,2.4,2.31,2.4,7892000000.0,7421250000.0,7892000000.0,30165723882.0,8.0,7.347,3179000000.0,3.205,1.0,3617000000.0,0.269,593000000.0,161000000.0,12576000000.0,11000000000.0,1430000000.0,857000000.0,857000000.0,0.0,9681000000.0,5079000000.0,4602000000.0,31713723882.0,1175000000.0,-122000000.0,-1193000000.0,-310000000.0,-304000000.0,-1275000000.0,-1604000000.0,-854000000.0,4018000000.0,36000000.0,2412000000.0,2412000000.0,2412000000.0,-155000000.0,0.0,0.179,324000000.0,3293000000.0,739000000.0,0.125,4.018,13.148,13.225,2758000000.0,0.0,31.74,2.36,2.343,2700000000.0,5494000000.0,13439000000.0,13439000000.0,0.0,0.145,0.325,0.328,0.269,0.0,325000000.0,1.0,999172145.0,992000000,1025000000.0,13.547,17045000000.0,618000000.0,1039000000.0,387000000.0,17.182,6636000000.0
59,HAL,MRT,2006-12-31,2006-12-31,2006-12-31,2021-10-22,-437000000.0,16860000000.0,16047000000.0,11190000000.0,5670000000.0,0.807,7.274,-682000000.0,2918000000.0,2918000000.0,9426000000.0,2348000000.0,2.364,1.276,2809000000.0,26000000.0,2783000000.0,2809000000.0,171000000.0,480000000.0,0.0,0.01,0.3,3516000000.0,3996000000.0,0.308,3996000000.0,3516000000.0,3351000000.0,2.31,2.23,2.31,7376000000.0,7166250000.0,7376000000.0,30505057959.0,9.0,7.634,2975000000.0,2.934,1.0,3529000000.0,0.272,486000000.0,165000000.0,11531000000.0,10636250000.0,1235000000.0,20000000.0,20000000.0,0.0,9415000000.0,4734000000.0,4681000000.0,31221057959.0,1988000000.0,71000000.0,-1180000000.0,-324000000.0,-306000000.0,-1280000000.0,-426000000.0,-20000000.0,3657000000.0,37000000.0,2348000000.0,2348000000.0,2348000000.0,-171000000.0,0.0,0.181,342000000.0,3187000000.0,655000000.0,0.13,4.233,13.297,13.442,2557000000.0,0.0,31.05,2.41,2.43,2629000000.0,5051000000.0,12955000000.0,12955000000.0,0.0,0.146,0.328,0.331,0.271,0.0,342000000.0,1.0,1005509113.0,1014000000,1054000000.0,12.776,16374000000.0,653000000.0,1003000000.0,146000000.0,16.148,6456000000.0
60,HAL,MRT,2006-09-30,2006-09-30,2006-09-30,2021-10-22,-219000000.0,15984000000.0,15594000000.0,10215000000.0,5769000000.0,0.313,7.012,-547000000.0,3549000000.0,3549000000.0,1908000000.0,2792000000.0,2.172,1.234,2833000000.0,88000000.0,2745000000.0,2833000000.0,1059000000.0,427000000.0,0.0,0.01,0.287,3113000000.0,3540000000.0,0.726,3540000000.0,3113000000.0,2947000000.0,2.76,2.64,2.76,7089000000.0,6915250000.0,7089000000.0,28801276164.0,9.0,8.136,2535000000.0,2.507,1.0,2970000000.0,0.609,775000000.0,166000000.0,9791000000.0,10413250000.0,1213000000.0,388000000.0,0.0,388000000.0,8749000000.0,4702000000.0,4047000000.0,29336276164.0,794000000.0,-164000000.0,-873000000.0,-565000000.0,-295000000.0,-1774000000.0,-493000000.0,-15000000.0,3082000000.0,-21000000.0,2792000000.0,2792000000.0,2792000000.0,-370000000.0,0.0,0.572,251000000.0,2719000000.0,1871000000.0,0.104,4.138,10.507,10.308,2884000000.0,0.0,28.45,6.014,5.896,4617000000.0,4468000000.0,4878000000.0,4878000000.0,0.0,0.179,0.404,0.299,0.638,0.0,251000000.0,1.0,1031152062.0,1011000000,1048000000.0,4.825,15209000000.0,884000000.0,155000000.0,0.0,15.044,5513000000.0
61,HAL,MRT,2006-06-30,2006-06-30,2006-06-30,2021-10-22,-224000000.0,16174000000.0,15021750000.0,10651000000.0,5523000000.0,0.426,7.142,-514000000.0,3673000000.0,3673000000.0,3697000000.0,2680000000.0,2.236,1.194,3138000000.0,366000000.0,2772000000.0,3138000000.0,1123000000.0,430000000.0,0.0,0.007,0.275,2884000000.0,3314000000.0,0.518,3314000000.0,2884000000.0,2707000000.0,2.65,2.54,2.65,7328000000.0,6479750000.0,7328000000.0,39190326248.0,14.0,11.826,1916000000.0,1.867,1.0,2701000000.0,0.422,774000000.0,177000000.0,10102000000.0,10492250000.0,1128000000.0,383000000.0,0.0,383000000.0,8753000000.0,4763000000.0,3990000000.0,38306326248.0,1558000000.0,-90000000.0,140000000.0,-329000000.0,-283000000.0,-485000000.0,-369000000.0,0.0,2430000000.0,-18000000.0,2680000000.0,2680000000.0,2680000000.0,-369000000.0,0.0,0.419,256000000.0,2445000000.0,1817000000.0,0.104,5.227,14.293,14.002,2774000000.0,0.0,37.105,5.987,5.95,4806000000.0,3899000000.0,6398000000.0,6398000000.0,0.0,0.178,0.414,0.275,0.451,0.0,256000000.0,1.0,1032376398.0,1026000000,1070000000.0,6.236,15400000000.0,1058000000.0,27000000.0,0.0,15.01,5888000000.0
62,HAL,MRT,2006-03-31,2006-03-31,2006-03-31,2021-10-22,-261000000.0,15170000000.0,14282250000.0,9739000000.0,5431000000.0,0.578,6.711,-454000000.0,2278000000.0,2278000000.0,5697000000.0,2481000000.0,2.34,1.186,3162000000.0,369000000.0,2793000000.0,3162000000.0,739000000.0,440000000.0,0.0,0.007,0.263,2599000000.0,3039000000.0,0.368,3039000000.0,2599000000.0,2413000000.0,2.46,2.37,2.46,6872000000.0,5821500000.0,6872000000.0,38500892336.0,15.0,12.669,1368000000.0,1.336,1.0,2558000000.0,0.31,771000000.0,186000000.0,11121000000.0,10535500000.0,1086000000.0,388000000.0,0.0,388000000.0,8147000000.0,4162000000.0,3985000000.0,37695892336.0,486000000.0,-86000000.0,290000000.0,-745000000.0,-268000000.0,-750000000.0,-570000000.0,0.0,1822000000.0,-16000000.0,2481000000.0,2481000000.0,2481000000.0,-276000000.0,0.0,0.301,279000000.0,2279000000.0,1688000000.0,0.107,5.485,15.194,14.841,2675000000.0,0.0,36.51,4.566,4.529,4952000000.0,3386000000.0,8255000000.0,8255000000.0,0.0,0.174,0.426,0.247,0.315,0.0,279000000.0,1.0,1032481302.0,1024000000,1068000000.0,8.062,14399000000.0,1251000000.0,-68000000.0,0.0,14.062,5577000000.0
63,HAL,MRT,2005-12-31,2005-12-31,2005-12-31,2021-10-22,-266000000.0,15048000000.0,13941250000.0,9386000000.0,5662000000.0,0.724,6.309,-469000000.0,2391000000.0,2391000000.0,7743000000.0,2358000000.0,2.12,1.339,3174000000.0,361000000.0,2813000000.0,3174000000.0,661000000.0,448000000.0,0.0,0.008,0.25,2429000000.0,2877000000.0,0.285,2877000000.0,2429000000.0,2233000000.0,2.34,2.27,2.34,6372000000.0,5188000000.0,6372000000.0,33158579969.0,14.0,11.525,232000000.0,0.23,1.0,2357000000.0,0.233,765000000.0,196000000.0,10639000000.0,10253250000.0,953000000.0,382000000.0,0.0,382000000.0,8531000000.0,4427000000.0,4104000000.0,31775579969.0,474000000.0,104000000.0,330000000.0,-771000000.0,-254000000.0,-720000000.0,510000000.0,891000000.0,701000000.0,-17000000.0,2358000000.0,2358000000.0,2358000000.0,-251000000.0,0.0,0.233,294000000.0,2063000000.0,1967000000.0,0.107,4.987,13.476,13.239,2648000000.0,0.0,30.98,3.146,3.098,4801000000.0,2975000000.0,10100000000.0,10100000000.0,0.0,0.169,0.455,0.237,0.24,0.0,294000000.0,1.0,1025680438.0,1010000000,1038000000.0,10.0,14283000000.0,1467000000.0,-125000000.0,0.0,14.142,4959000000.0
64,HAL,MRT,2005-09-30,2005-09-30,2005-09-30,2021-10-22,-194000000.0,13695000000.0,14145250000.0,8491000000.0,5204000000.0,1.363,5.284,-471000000.0,2124000000.0,2124000000.0,16937000000.0,1053000000.0,2.006,1.536,3507000000.0,686000000.0,2821000000.0,3507000000.0,603000000.0,512000000.0,0.0,0.007,0.25,1825000000.0,2337000000.0,0.121,2337000000.0,1825000000.0,1602000000.0,1.025,0.99,1.025,5347000000.0,4578000000.0,5347000000.0,36804179332.0,20.0,15.748,-631000000.0,-0.624,1.0,2344000000.0,0.122,739000000.0,223000000.0,10107000000.0,10087250000.0,962000000.0,358000000.0,0.0,358000000.0,8215000000.0,4232000000.0,3983000000.0,34829179332.0,1301000000.0,275000000.0,307000000.0,-547000000.0,-246000000.0,-508000000.0,1962000000.0,2189000000.0,-160000000.0,7000000.0,1053000000.0,1053000000.0,1053000000.0,366000000.0,0.0,0.055,376000000.0,1968000000.0,1714000000.0,0.244,6.514,33.076,33.424,2602000000.0,0.0,34.26,1.806,1.798,4366000000.0,1937000000.0,19281000000.0,19281000000.0,0.0,0.074,0.23,0.181,0.095,0.0,376000000.0,1.0,1016613524.0,1012000000,1050000000.0,19.052,12956000000.0,940000000.0,549000000.0,0.0,12.802,4259000000.0
65,HAL,MRT,2005-06-30,2005-06-30,2005-06-30,2021-10-22,-186000000.0,13216000000.0,14711000000.0,7967000000.0,5249000000.0,1.302,4.667,-412000000.0,1575000000.0,1575000000.0,17100000000.0,510000000.0,1.91,1.791,3550000000.0,447000000.0,3103000000.0,3550000000.0,471000000.0,505000000.0,0.0,0.01,0.25,1264000000.0,1769000000.0,0.092,1769000000.0,1264000000.0,1041000000.0,0.47,0.465,0.47,4695000000.0,3661000000.0,4695000000.0,26343690657.0,21.0,14.892,-327000000.0,-0.325,1.0,2059000000.0,0.107,744000000.0,223000000.0,10275000000.0,9825000000.0,931000000.0,391000000.0,0.0,391000000.0,8408000000.0,4172000000.0,4236000000.0,24184690657.0,486000000.0,325000000.0,155000000.0,-509000000.0,-237000000.0,-616000000.0,1018000000.0,1143000000.0,85000000.0,-1000000.0,510000000.0,510000000.0,510000000.0,603000000.0,0.0,0.027,384000000.0,1675000000.0,1871000000.0,0.532,5.151,47.421,50.872,2550000000.0,0.0,23.91,1.262,1.255,4371000000.0,1502000000.0,19159000000.0,19159000000.0,0.0,0.035,0.139,0.129,0.066,0.0,384000000.0,1.0,1011488526.0,1006000000,1026000000.0,19.045,12472000000.0,984000000.0,531000000.0,0.0,12.398,3795000000.0
66,HAL,MRT,2005-03-31,2005-03-31,2005-03-31,2021-10-22,-166000000.0,13806000000.0,15286750000.0,8208000000.0,5598000000.0,1.252,4.329,-433000000.0,1812000000.0,1812000000.0,17720000000.0,-549000000.0,1.585,2.156,3971000000.0,862000000.0,3109000000.0,3971000000.0,499000000.0,502000000.0,0.0,0.012,0.25,28000000.0,530000000.0,0.028,530000000.0,28000000.0,-197000000.0,-0.68,-0.675,-0.68,4338000000.0,2921250000.0,4338000000.0,22949706733.0,820.0,43.301,-370000000.0,-0.369,1.0,1422000000.0,0.074,794000000.0,225000000.0,9992000000.0,9659500000.0,880000000.0,427000000.0,0.0,427000000.0,9354000000.0,5179000000.0,4175000000.0,21817706733.0,971000000.0,327000000.0,123000000.0,-52000000.0,-229000000.0,-182000000.0,1087000000.0,1094000000.0,63000000.0,3000000.0,-549000000.0,-549000000.0,-549000000.0,603000000.0,0.0,-0.029,366000000.0,1056000000.0,2357000000.0,-0.368,5.029,-39.741,-31.801,2556000000.0,0.0,21.625,1.14,1.132,4874000000.0,1173000000.0,19142000000.0,19142000000.0,0.0,-0.036,-0.188,0.003,0.001,0.0,366000000.0,1.0,1008911294.0,1002000000,1020000000.0,19.104,13012000000.0,727000000.0,352000000.0,0.0,12.986,3029000000.0
67,HAL,MRT,2004-12-31,2004-12-31,2004-12-31,2021-10-22,-146000000.0,15864000000.0,15937000000.0,10030000000.0,5834000000.0,1.247,4.499,-409000000.0,1917000000.0,1917000000.0,18752000000.0,-979000000.0,1.406,3.007,3955000000.0,362000000.0,3593000000.0,3955000000.0,553000000.0,509000000.0,0.0,0.013,0.25,-515000000.0,-6000000.0,0.0,-6000000.0,-515000000.0,-744000000.0,-1.12,-1.11,-1.12,3932000000.0,2454750000.0,3932000000.0,18291099471.0,-36.0,-3048.517,519000000.0,0.594,1.0,1126000000.0,0.057,795000000.0,229000000.0,9975000000.0,9840250000.0,791000000.0,1432000000.0,891000000.0,541000000.0,11824000000.0,7132000000.0,4692000000.0,17343099471.0,813000000.0,102000000.0,56000000.0,469000000.0,-221000000.0,283000000.0,-406000000.0,-158000000.0,928000000.0,8000000.0,-979000000.0,-979000000.0,-979000000.0,1353000000.0,0.0,-0.049,361000000.0,765000000.0,2339000000.0,-0.223,4.411,-17.715,-17.518,2553000000.0,0.0,19.62,0.872,0.863,5751000000.0,871000000.0,19878000000.0,19878000000.0,0.0,-0.061,-0.399,-0.052,-0.026,0.0,361000000.0,1.0,883950024.0,874000000,882000000.0,22.744,15069000000.0,1081000000.0,235000000.0,0.0,17.241,2898000000.0
68,HAL,MRT,2004-09-30,2004-09-30,2004-09-30,2021-10-22,-296000000.0,15958000000.0,15845750000.0,9823000000.0,6135000000.0,1.308,1.917,-440000000.0,2996000000.0,2996000000.0,19613000000.0,-1723000000.0,1.392,8.437,3944000000.0,50000000.0,3894000000.0,3944000000.0,723000000.0,508000000.0,0.0,0.015,0.25,-1286000000.0,-778000000.0,-0.038,-778000000.0,-1286000000.0,-1500000000.0,-1.98,-1.965,-1.98,1679000000.0,2108500000.0,1679000000.0,16595116962.0,-13.0,-21.33,297000000.0,0.339,1.0,1116000000.0,0.054,793000000.0,214000000.0,9058000000.0,9818250000.0,741000000.0,527000000.0,0.0,527000000.0,14166000000.0,7055000000.0,7111000000.0,14875116962.0,-264000000.0,104000000.0,45000000.0,1477000000.0,-220000000.0,1280000000.0,-2303000000.0,-2017000000.0,737000000.0,22000000.0,-1723000000.0,-1723000000.0,-1723000000.0,1464000000.0,0.0,-0.083,360000000.0,756000000.0,2362000000.0,-0.126,8.86,-8.633,-8.508,2540000000.0,0.0,16.845,0.718,0.712,5419000000.0,1130000000.0,20729000000.0,20729000000.0,0.0,-0.109,-0.817,-0.131,-0.062,0.0,360000000.0,1.0,883058294.0,876000000,884000000.0,23.663,15165000000.0,971000000.0,223000000.0,0.0,17.312,2768000000.0
69,HAL,MRT,2004-06-30,2004-06-30,2004-06-30,2021-10-22,-307000000.0,15519000000.0,15300250000.0,9531000000.0,5988000000.0,1.313,1.986,-455000000.0,2230000000.0,2230000000.0,19087000000.0,-1621000000.0,1.395,7.873,3950000000.0,50000000.0,3900000000.0,3950000000.0,848000000.0,522000000.0,0.0,0.017,0.25,-1250000000.0,-728000000.0,-0.036,-728000000.0,-1250000000.0,-1446000000.0,-1.86,-1.855,-1.86,1736000000.0,2583000000.0,1736000000.0,15342669111.0,-12.0,-21.075,-837000000.0,-0.958,1.0,1000000000.0,0.05,793000000.0,196000000.0,9613000000.0,10354500000.0,741000000.0,476000000.0,0.0,476000000.0,13667000000.0,6833000000.0,6834000000.0,13318669111.0,-635000000.0,-22000000.0,29000000.0,1338000000.0,-220000000.0,1128000000.0,-1403000000.0,-986000000.0,-382000000.0,22000000.0,-1621000000.0,-1621000000.0,-1621000000.0,1268000000.0,0.0,-0.081,343000000.0,657000000.0,2087000000.0,-0.134,7.672,-8.216,-8.134,2564000000.0,0.0,15.13,0.663,0.658,5776000000.0,1229000000.0,20087000000.0,20087000000.0,0.0,-0.106,-0.628,-0.121,-0.062,0.0,343000000.0,1.0,880282162.0,874000000,874000000.0,22.983,14726000000.0,1047000000.0,175000000.0,116000000.0,16.849,2698000000.0
70,HAL,MRT,2004-03-31,2004-03-31,2004-03-31,2021-10-22,-283000000.0,16407000000.0,14926000000.0,9263000000.0,7144000000.0,1.255,2.835,-436000000.0,1933000000.0,1933000000.0,17658000000.0,-928000000.0,1.338,5.593,3957000000.0,23000000.0,3934000000.0,3957000000.0,887000000.0,523000000.0,0.0,0.016,0.25,-527000000.0,-4000000.0,0.0,-4000000.0,-527000000.0,-695000000.0,-1.07,-1.065,-1.07,2472000000.0,3038750000.0,2472000000.0,15002885242.0,-28.0,-3750.721,-1176000000.0,-1.349,1.0,1072000000.0,0.057,793000000.0,168000000.0,10715000000.0,10634500000.0,743000000.0,495000000.0,0.0,495000000.0,13825000000.0,6923000000.0,6902000000.0,13362885242.0,48000000.0,47000000.0,28000000.0,2350000000.0,-219000000.0,2172000000.0,-1434000000.0,-932000000.0,-740000000.0,50000000.0,-928000000.0,-928000000.0,-928000000.0,1284000000.0,0.0,-0.05,345000000.0,727000000.0,2102000000.0,-0.234,5.406,-14.4,-14.201,2537000000.0,0.0,15.195,0.713,0.707,5720000000.0,1951000000.0,18730000000.0,18730000000.0,0.0,-0.062,-0.305,-0.05,-0.028,0.0,345000000.0,1.0,879426472.0,872000000,880000000.0,21.479,15614000000.0,1005000000.0,233000000.0,256000000.0,17.906,2340000000.0
71,HAL,MRT,2003-12-31,2003-12-31,2003-12-31,2021-10-22,-298000000.0,15499000000.0,13970250000.0,7919000000.0,7580000000.0,1.165,2.934,-408000000.0,1815000000.0,1815000000.0,15268000000.0,-820000000.0,1.206,5.046,3437000000.0,22000000.0,3415000000.0,3437000000.0,741000000.0,518000000.0,0.0,0.019,0.25,-447000000.0,71000000.0,0.004,71000000.0,-447000000.0,-586000000.0,-0.945,-0.94,-0.945,2547000000.0,3311250000.0,2547000000.0,12579663922.0,-28.0,177.178,-1183000000.0,-1.363,1.0,1003000000.0,0.062,670000000.0,139000000.0,9887000000.0,10308750000.0,695000000.0,579000000.0,0.0,579000000.0,12852000000.0,6564000000.0,6288000000.0,11389663922.0,132000000.0,224000000.0,15000000.0,1864000000.0,-219000000.0,1636000000.0,-772000000.0,-519000000.0,-775000000.0,43000000.0,-820000000.0,-820000000.0,-820000000.0,1151000000.0,0.0,-0.05,330000000.0,673000000.0,1776000000.0,-0.265,4.472,-13.89,-13.757,2526000000.0,0.0,13.0,0.7,0.694,4765000000.0,2071000000.0,16271000000.0,16271000000.0,0.0,-0.059,-0.248,-0.043,-0.027,0.0,330000000.0,1.0,876127994.0,868000000,874000000.0,18.745,14829000000.0,774000000.0,234000000.0,0.0,17.084,1355000000.0
72,HAL,MRT,2003-09-30,2003-09-30,2003-09-30,2021-10-22,-258000000.0,13776000000.0,13306500000.0,6619000000.0,7157000000.0,1.064,4.111,-440000000.0,1222000000.0,1222000000.0,13471000000.0,-489000000.0,2.139,2.851,2412000000.0,44000000.0,2368000000.0,2412000000.0,803000000.0,487000000.0,0.0,0.021,0.25,-191000000.0,296000000.0,0.021,296000000.0,-191000000.0,-298000000.0,-0.57,-0.57,-0.57,3577000000.0,3564000000.0,3577000000.0,11316743742.0,-59.0,38.232,-413000000.0,-0.475,1.0,684000000.0,0.048,669000000.0,107000000.0,11203000000.0,10153750000.0,731000000.0,446000000.0,0.0,446000000.0,10199000000.0,3094000000.0,7105000000.0,10619743742.0,636000000.0,260000000.0,8000000.0,944000000.0,-219000000.0,726000000.0,-121000000.0,119000000.0,27000000.0,4000000.0,-489000000.0,-489000000.0,-489000000.0,542000000.0,0.0,-0.035,367000000.0,317000000.0,979000000.0,-0.439,2.969,-21.717,-21.272,2504000000.0,0.0,12.125,0.75,0.745,4000000000.0,3073000000.0,14155000000.0,14155000000.0,0.0,-0.037,-0.137,-0.019,-0.013,0.0,337000000.0,1.0,875855154.0,870000000,874000000.0,16.27,13107000000.0,880000000.0,191000000.0,146000000.0,15.066,3525000000.0
73,HAL,MRT,2003-06-30,2003-06-30,2003-06-30,2021-10-22,-260000000.0,14022000000.0,12790250000.0,6775000000.0,7247000000.0,1.016,4.1,-328000000.0,1859000000.0,1859000000.0,12291000000.0,-453000000.0,2.043,2.94,2556000000.0,182000000.0,2374000000.0,2556000000.0,801000000.0,491000000.0,0.0,0.022,0.25,-150000000.0,341000000.0,0.026,341000000.0,-150000000.0,-253000000.0,-0.525,-0.525,-0.525,3559000000.0,3750000000.0,3559000000.0,10609527947.0,-71.0,31.113,401000000.0,0.462,1.0,698000000.0,0.054,669000000.0,103000000.0,10733000000.0,9601000000.0,747000000.0,412000000.0,0.0,412000000.0,10463000000.0,3317000000.0,7146000000.0,10054527947.0,1476000000.0,260000000.0,0.0,977000000.0,-219000000.0,746000000.0,-9000000.0,119000000.0,729000000.0,10000000.0,-453000000.0,-453000000.0,-453000000.0,508000000.0,0.0,-0.035,393000000.0,305000000.0,1056000000.0,-0.476,2.825,-22.195,-21.905,2498000000.0,0.0,11.5,0.774,0.768,3666000000.0,3070000000.0,12989000000.0,12989000000.0,0.0,-0.035,-0.121,-0.016,-0.012,0.0,346000000.0,1.0,874306778.0,868000000,872000000.0,14.964,13353000000.0,882000000.0,200000000.0,129000000.0,15.384,3458000000.0
74,HAL,MRT,2003-03-31,2003-03-31,2003-03-31,2021-10-22,-281000000.0,12584000000.0,12281500000.0,5438000000.0,7146000000.0,1.028,4.104,-361000000.0,928000000.0,928000000.0,12298000000.0,-977000000.0,1.786,2.533,1483000000.0,308000000.0,1175000000.0,1483000000.0,760000000.0,500000000.0,0.0,0.024,0.25,-775000000.0,-275000000.0,-0.022,-275000000.0,-775000000.0,-883000000.0,-1.13,-1.13,-1.13,3562000000.0,3924000000.0,3562000000.0,9480337372.0,-12.0,-34.474,835000000.0,0.962,1.0,327000000.0,0.026,682000000.0,108000000.0,9412000000.0,9277000000.0,757000000.0,433000000.0,0.0,433000000.0,9022000000.0,3045000000.0,5977000000.0,9062337372.0,662000000.0,191000000.0,0.0,17000000.0,-220000000.0,-249000000.0,-263000000.0,114000000.0,1196000000.0,-22000000.0,-977000000.0,-977000000.0,-977000000.0,632000000.0,0.0,-0.077,471000000.0,-144000000.0,949000000.0,-0.221,2.544,-9.276,-9.173,2492000000.0,0.0,10.365,0.718,0.713,3293000000.0,3098000000.0,12625000000.0,12625000000.0,0.0,-0.08,-0.249,-0.084,-0.061,0.0,363000000.0,1.0,874321020.0,868000000,872000000.0,14.545,11902000000.0,811000000.0,94000000.0,144000000.0,13.712,2393000000.0
75,HAL,MRT,2002-12-31,2002-12-31,2002-12-31,2021-10-22,-281000000.0,12844000000.0,11855500000.0,5560000000.0,7284000000.0,1.06,4.118,-498000000.0,1107000000.0,1107000000.0,12379000000.0,-998000000.0,1.699,2.59,1525000000.0,344000000.0,1181000000.0,1525000000.0,741000000.0,505000000.0,0.0,0.027,0.25,-805000000.0,-300000000.0,-0.024,-300000000.0,-805000000.0,-918000000.0,-1.155,-1.155,-1.155,3558000000.0,4225250000.0,3558000000.0,9018050305.0,-11.0,-30.06,1064000000.0,1.231,1.0,193000000.0,0.015,723000000.0,113000000.0,9267000000.0,9092250000.0,734000000.0,413000000.0,0.0,413000000.0,9215000000.0,3272000000.0,5943000000.0,8165050305.0,817000000.0,170000000.0,-4000000.0,-17000000.0,-219000000.0,-248000000.0,-473000000.0,62000000.0,1562000000.0,-24000000.0,-998000000.0,-998000000.0,-998000000.0,652000000.0,0.0,-0.079,335000000.0,-142000000.0,1077000000.0,-0.216,2.295,-8.181,-8.1,2629000000.0,0.0,9.355,0.649,0.643,3257000000.0,3110000000.0,12572000000.0,12572000000.0,0.0,-0.084,-0.236,-0.089,-0.064,0.0,335000000.0,1.0,872800674.0,864000000,864000000.0,14.551,12121000000.0,807000000.0,80000000.0,148000000.0,14.029,2288000000.0
76,HAL,MRT,2002-09-30,2002-09-30,2002-09-30,2021-10-22,-179000000.0,11711000000.0,11386000000.0,5180000000.0,6531000000.0,1.089,5.001,-533000000.0,586000000.0,586000000.0,11905000000.0,-243000000.0,1.816,1.71,1439000000.0,319000000.0,1120000000.0,1439000000.0,648000000.0,543000000.0,0.0,0.039,0.25,10000000.0,553000000.0,0.045,553000000.0,10000000.0,-113000000.0,-0.28,-0.28,-0.28,4321000000.0,4523750000.0,4321000000.0,6795303520.0,680.0,12.288,940000000.0,1.088,1.0,491000000.0,0.04,719000000.0,123000000.0,8992000000.0,8919500000.0,769000000.0,416000000.0,0.0,416000000.0,7390000000.0,2853000000.0,4537000000.0,5633303520.0,359000000.0,88000000.0,8000000.0,-270000000.0,-218000000.0,-505000000.0,-655000000.0,0.0,1473000000.0,-16000000.0,-243000000.0,-243000000.0,-243000000.0,170000000.0,0.0,-0.02,418000000.0,73000000.0,1046000000.0,-0.893,1.304,-23.182,-23.054,2591000000.0,0.0,6.455,0.454,0.45,3399000000.0,3781000000.0,12396000000.0,12396000000.0,0.0,-0.021,-0.054,0.001,0.001,0.0,340000000.0,1.0,872703876.0,864000000,868000000.0,14.347,10992000000.0,561000000.0,130000000.0,0.0,12.722,2327000000.0
77,HAL,MRT,2002-06-30,2002-06-30,2002-06-30,2021-10-22,-201000000.0,11987000000.0,11131250000.0,5176000000.0,6811000000.0,1.15,4.925,-722000000.0,383000000.0,383000000.0,12175000000.0,-158000000.0,1.733,1.817,1545000000.0,281000000.0,1264000000.0,1545000000.0,580000000.0,539000000.0,0.0,0.031,0.25,154000000.0,693000000.0,0.054,693000000.0,154000000.0,26000000.0,-0.18,-0.18,-0.18,4255000000.0,4592750000.0,4255000000.0,8167040295.0,53.0,11.785,583000000.0,0.675,1.0,630000000.0,0.049,725000000.0,128000000.0,9437000000.0,8867250000.0,808000000.0,568000000.0,0.0,568000000.0,7732000000.0,2987000000.0,4745000000.0,6944040295.0,55000000.0,114000000.0,-16000000.0,-243000000.0,-217000000.0,-499000000.0,-820000000.0,0.0,1305000000.0,-20000000.0,-158000000.0,-158000000.0,-158000000.0,172000000.0,0.0,-0.012,406000000.0,224000000.0,1140000000.0,-1.389,1.632,-43.95,-44.278,2692000000.0,0.0,7.97,0.542,0.538,3606000000.0,3742000000.0,12805000000.0,12805000000.0,0.0,-0.014,-0.034,0.017,0.012,0.0,345000000.0,1.0,871272308.0,864000000,864000000.0,14.821,11262000000.0,638000000.0,184000000.0,78000000.0,13.035,2189000000.0
78,HAL,MRT,2002-03-31,2002-03-31,2002-03-31,2021-10-22,-233000000.0,10880000000.0,10799750000.0,5438000000.0,5442000000.0,1.195,5.517,-760000000.0,266000000.0,266000000.0,11659000000.0,722000000.0,2.007,1.282,1489000000.0,87000000.0,1402000000.0,1489000000.0,629000000.0,529000000.0,0.0,0.029,0.25,1213000000.0,1742000000.0,0.135,1742000000.0,1213000000.0,1081000000.0,0.845,0.84,0.845,4767000000.0,4649000000.0,4767000000.0,8673918195.0,7.0,4.979,258000000.0,0.299,1.0,1250000000.0,0.097,720000000.0,132000000.0,8673000000.0,8540750000.0,814000000.0,524000000.0,0.0,524000000.0,6113000000.0,2710000000.0,3403000000.0,7435918195.0,-12000000.0,149000000.0,-16000000.0,-1415000000.0,-215000000.0,-1667000000.0,-635000000.0,0.0,1018000000.0,-15000000.0,722000000.0,722000000.0,722000000.0,-207000000.0,0.0,0.056,349000000.0,901000000.0,1026000000.0,0.296,1.56,10.299,10.101,2757000000.0,0.0,8.535,0.576,0.571,3947000000.0,4294000000.0,12909000000.0,12909000000.0,0.0,0.067,0.155,0.142,0.094,0.0,349000000.0,1.0,871226502.0,864000000,866000000.0,14.941,10160000000.0,558000000.0,359000000.0,149000000.0,11.759,2728000000.0
79,HAL,MRT,2001-12-31,2001-12-31,2001-12-31,2021-10-22,-236000000.0,10966000000.0,10684250000.0,5573000000.0,5393000000.0,1.221,5.551,-677000000.0,290000000.0,290000000.0,11575000000.0,809000000.0,1.916,1.308,1528000000.0,125000000.0,1403000000.0,1528000000.0,710000000.0,531000000.0,0.0,0.038,0.25,1340000000.0,1871000000.0,0.143,1871000000.0,1340000000.0,1193000000.0,0.945,0.94,0.945,4752000000.0,4458750000.0,4752000000.0,7084632388.0,5.0,3.787,352000000.0,0.411,1.0,1471000000.0,0.113,720000000.0,147000000.0,8576000000.0,8433250000.0,787000000.0,551000000.0,0.0,551000000.0,6214000000.0,2908000000.0,3306000000.0,5624632388.0,59000000.0,-159000000.0,0.0,-1116000000.0,-215000000.0,-1355000000.0,-858000000.0,0.0,1029000000.0,-20000000.0,809000000.0,809000000.0,809000000.0,-257000000.0,0.0,0.062,387000000.0,1084000000.0,917000000.0,0.265,1.184,6.953,6.931,2669000000.0,0.0,6.55,0.431,0.43,4095000000.0,4327000000.0,13046000000.0,13046000000.0,0.0,0.076,0.181,0.159,0.103,0.0,387000000.0,1.0,858722502.0,856000000,860000000.0,15.241,10246000000.0,564000000.0,384000000.0,194000000.0,11.97,2665000000.0
80,HAL,MRT,2001-09-30,2001-09-30,2001-09-30,2021-10-22,-200000000.0,10692000000.0,10490750000.0,5787000000.0,4905000000.0,1.246,5.37,-674000000.0,227000000.0,227000000.0,11862000000.0,675000000.0,2.084,1.326,1687000000.0,217000000.0,1470000000.0,1687000000.0,512000000.0,505000000.0,0.0,0.022,0.25,1106000000.0,1611000000.0,0.123,1611000000.0,1106000000.0,949000000.0,0.79,0.785,0.79,4597000000.0,4252750000.0,4597000000.0,11126795935.0,10.0,6.907,14000000.0,0.016,1.0,1205000000.0,0.092,592000000.0,157000000.0,8783000000.0,8308250000.0,831000000.0,476000000.0,0.0,476000000.0,6095000000.0,2777000000.0,3318000000.0,9691795935.0,-83000000.0,-112000000.0,-750000000.0,-148000000.0,-215000000.0,-1134000000.0,-824000000.0,0.0,688000000.0,-14000000.0,675000000.0,675000000.0,675000000.0,-285000000.0,0.0,0.052,386000000.0,819000000.0,899000000.0,0.316,2.108,14.358,14.272,2569000000.0,0.0,11.275,0.742,0.739,4215000000.0,4242000000.0,13067000000.0,13067000000.0,0.0,0.064,0.159,0.133,0.085,0.0,386000000.0,1.0,859582788.0,856000000,858000000.0,15.265,10100000000.0,553000000.0,274000000.0,223000000.0,11.799,3010000000.0
81,HAL,MRT,2001-06-30,2001-06-30,2001-06-30,2021-10-22,-218000000.0,10661000000.0,10292000000.0,5860000000.0,4801000000.0,1.234,5.246,-520000000.0,328000000.0,328000000.0,11679000000.0,653000000.0,1.746,1.38,1763000000.0,724000000.0,1039000000.0,1763000000.0,580000000.0,512000000.0,0.0,0.014,0.25,1046000000.0,1558000000.0,0.123,1558000000.0,1046000000.0,885000000.0,0.755,0.75,0.755,4480000000.0,4272250000.0,4480000000.0,17884322400.0,17.0,11.479,42000000.0,0.049,1.0,1021000000.0,0.08,608000000.0,161000000.0,8131000000.0,8112500000.0,855000000.0,500000000.0,0.0,500000000.0,6181000000.0,3357000000.0,2824000000.0,15274322400.0,-35000000.0,-118000000.0,-699000000.0,-171000000.0,-217000000.0,-1110000000.0,-676000000.0,0.0,562000000.0,-7000000.0,653000000.0,653000000.0,653000000.0,-314000000.0,0.0,0.051,296000000.0,725000000.0,832000000.0,0.331,3.409,23.391,23.576,2483000000.0,0.0,17.8,1.203,1.197,4210000000.0,4117000000.0,12700000000.0,12700000000.0,0.0,0.063,0.153,0.129,0.082,0.0,384000000.0,1.0,858108000.0,854000000,860000000.0,14.871,10053000000.0,525000000.0,232000000.0,239000000.0,11.772,2503000000.0
82,HAL,MRT,2001-03-31,2001-03-31,2001-03-31,2021-10-22,-332000000.0,10418000000.0,10078250000.0,5720000000.0,4698000000.0,1.213,4.702,-439000000.0,278000000.0,278000000.0,11378000000.0,346000000.0,1.414,1.601,2888000000.0,1848000000.0,1040000000.0,2888000000.0,492000000.0,515000000.0,0.0,0.014,0.25,676000000.0,1191000000.0,0.097,1191000000.0,676000000.0,516000000.0,0.39,0.39,0.39,4006000000.0,4301000000.0,4006000000.0,18142203042.0,27.0,15.233,-227000000.0,-0.266,1.0,851000000.0,0.07,740000000.0,160000000.0,8243000000.0,8064250000.0,821000000.0,417000000.0,0.0,417000000.0,6412000000.0,4045000000.0,2367000000.0,15746203042.0,-91000000.0,-151000000.0,-663000000.0,1289000000.0,-220000000.0,384000000.0,-644000000.0,0.0,212000000.0,-21000000.0,346000000.0,346000000.0,346000000.0,-98000000.0,0.0,0.028,272000000.0,579000000.0,737000000.0,0.641,3.931,45.509,47.115,2415000000.0,0.0,18.375,1.288,1.28,3823000000.0,3788000000.0,12229000000.0,12229000000.0,0.0,0.034,0.08,0.084,0.055,0.0,360000000.0,1.0,856936220.0,852000000,860000000.0,14.353,9678000000.0,562000000.0,170000000.0,110000000.0,11.359,1675000000.0
83,HAL,MRT,2000-12-31,2000-12-31,2000-12-31,2021-10-22,-288000000.0,10192000000.0,9843750000.0,5657000000.0,4535000000.0,1.213,4.443,-369000000.0,231000000.0,231000000.0,11218000000.0,501000000.0,1.445,1.595,2627000000.0,1578000000.0,1049000000.0,2627000000.0,475000000.0,503000000.0,0.0,0.014,0.25,776000000.0,1279000000.0,0.107,1279000000.0,776000000.0,630000000.0,0.565,0.56,0.565,3928000000.0,4440000000.0,3928000000.0,17553145000.0,23.0,13.724,-426000000.0,-0.482,1.0,726000000.0,0.061,597000000.0,146000000.0,8076000000.0,7875250000.0,723000000.0,400000000.0,0.0,400000000.0,6264000000.0,3915000000.0,2349000000.0,16037145000.0,-235000000.0,9000000.0,-664000000.0,321000000.0,-221000000.0,-584000000.0,-411000000.0,0.0,-57000000.0,-9000000.0,501000000.0,501000000.0,501000000.0,-313000000.0,0.0,0.042,264000000.0,462000000.0,782000000.0,0.442,4.083,32.01,32.08,2410000000.0,0.0,18.125,1.343,1.341,3934000000.0,3733000000.0,11944000000.0,11944000000.0,0.0,0.051,0.113,0.099,0.065,0.0,352000000.0,1.0,884808000.0,884000000,892000000.0,13.511,9595000000.0,575000000.0,129000000.0,113000000.0,10.854,1742000000.0
84,HAL,MRT,2000-09-30,2000-09-30,2000-09-30,2021-10-22,-324000000.0,9897000000.0,9705500000.0,5377000000.0,4520000000.0,1.213,5.253,-647000000.0,310000000.0,310000000.0,10984000000.0,731000000.0,1.918,1.117,1826000000.0,777000000.0,1049000000.0,1826000000.0,283000000.0,509000000.0,0.0,0.01,0.25,1028000000.0,1537000000.0,0.131,1537000000.0,1028000000.0,889000000.0,0.83,0.82,0.83,4675000000.0,4529750000.0,4675000000.0,23375287140.0,23.0,15.208,-383000000.0,-0.43,1.0,793000000.0,0.067,610000000.0,139000000.0,8000000000.0,7840750000.0,774000000.0,364000000.0,0.0,364000000.0,5222000000.0,2803000000.0,2419000000.0,21804287140.0,-391000000.0,-311000000.0,67000000.0,-336000000.0,-255000000.0,-538000000.0,-988000000.0,0.0,264000000.0,-28000000.0,731000000.0,731000000.0,731000000.0,-494000000.0,0.0,0.062,259000000.0,534000000.0,655000000.0,0.301,4.664,29.828,29.482,2327000000.0,0.0,24.47,1.851,1.849,3594000000.0,3782000000.0,11777000000.0,11777000000.0,0.0,0.075,0.161,0.131,0.087,0.0,347000000.0,1.0,891062000.0,890000000,902000000.0,13.233,9287000000.0,604000000.0,158000000.0,236000000.0,10.435,2574000000.0
85,HAL,MRT,2000-06-30,2000-06-30,2000-06-30,2021-10-22,-247000000.0,9806000000.0,9877500000.0,5367000000.0,4439000000.0,1.187,5.175,-746000000.0,363000000.0,363000000.0,11015000000.0,632000000.0,1.909,1.134,1934000000.0,882000000.0,1052000000.0,1934000000.0,239000000.0,505000000.0,0.0,0.011,0.25,872000000.0,1377000000.0,0.117,1377000000.0,872000000.0,733000000.0,0.72,0.71,0.72,4595000000.0,4391500000.0,4595000000.0,22175200394.0,25.0,16.104,-728000000.0,-0.82,1.0,711000000.0,0.061,627000000.0,139000000.0,7938000000.0,7865500000.0,770000000.0,353000000.0,0.0,353000000.0,5211000000.0,2812000000.0,2399000000.0,20949200394.0,-379000000.0,-318000000.0,50000000.0,30000000.0,-255000000.0,-191000000.0,-1081000000.0,0.0,18000000.0,-25000000.0,632000000.0,632000000.0,632000000.0,-487000000.0,0.0,0.054,344000000.0,367000000.0,720000000.0,0.347,4.559,33.147,32.771,2353000000.0,0.0,23.595,1.787,1.787,3584000000.0,3681000000.0,11726000000.0,11726000000.0,0.0,0.064,0.144,0.111,0.074,0.0,344000000.0,1.0,887866090.0,888000000,898000000.0,13.205,9179000000.0,542000000.0,101000000.0,170000000.0,10.337,2555000000.0
86,HAL,MRT,2000-03-31,2000-03-31,2000-03-31,2021-10-22,-206000000.0,9480000000.0,10046750000.0,5002000000.0,4478000000.0,1.186,5.161,-703000000.0,369000000.0,369000000.0,11212000000.0,640000000.0,1.938,1.078,1595000000.0,539000000.0,1056000000.0,1595000000.0,227000000.0,502000000.0,0.0,0.012,0.25,877000000.0,1379000000.0,0.116,1379000000.0,877000000.0,738000000.0,0.73,0.72,0.73,4562000000.0,4265250000.0,4562000000.0,20091564842.0,23.0,14.57,-767000000.0,-0.868,1.0,699000000.0,0.059,638000000.0,139000000.0,7487000000.0,7823000000.0,762000000.0,402000000.0,0.0,402000000.0,4918000000.0,2581000000.0,2337000000.0,18244564842.0,-456000000.0,-85000000.0,32000000.0,-386000000.0,-254000000.0,-625000000.0,-784000000.0,0.0,-64000000.0,11000000.0,640000000.0,640000000.0,640000000.0,-492000000.0,0.0,0.054,315000000.0,384000000.0,736000000.0,0.342,3.999,28.507,28.171,2357000000.0,0.0,20.565,1.532,1.526,3300000000.0,3662000000.0,11911000000.0,11911000000.0,0.0,0.064,0.15,0.112,0.074,0.0,362000000.0,1.0,887165808.0,884000000,888000000.0,13.474,8842000000.0,533000000.0,98000000.0,268000000.0,10.002,2421000000.0
87,HAL,MRT,1999-12-31,1999-12-31,1999-12-31,2021-10-22,-204000000.0,9639000000.0,10381750000.0,5362000000.0,4277000000.0,1.186,4.872,-758000000.0,466000000.0,466000000.0,11608000000.0,438000000.0,1.768,1.248,2303000000.0,1247000000.0,1056000000.0,2303000000.0,330000000.0,500000000.0,0.0,0.012,0.25,695000000.0,1195000000.0,0.097,1195000000.0,695000000.0,554000000.0,0.5,0.495,0.5,4287000000.0,4138250000.0,4287000000.0,19794598500.0,28.0,16.565,-608000000.0,-0.691,1.0,705000000.0,0.057,505000000.0,141000000.0,7938000000.0,7968250000.0,723000000.0,384000000.0,0.0,384000000.0,5352000000.0,3033000000.0,2319000000.0,17780598500.0,-143000000.0,-33000000.0,29000000.0,508000000.0,-254000000.0,267000000.0,-790000000.0,0.0,150000000.0,-5000000.0,438000000.0,438000000.0,438000000.0,-283000000.0,0.0,0.036,304000000.0,401000000.0,665000000.0,0.5,4.148,40.595,40.25,2390000000.0,0.0,20.125,1.444,1.438,2974000000.0,3453000000.0,12313000000.0,12313000000.0,0.0,0.042,0.106,0.087,0.056,0.0,351000000.0,1.0,883508000.0,880000000,886000000.0,13.992,9134000000.0,569000000.0,116000000.0,120000000.0,10.38,2329000000.0
88,HAL,MRT,1999-09-30,1999-09-30,1999-09-30,2021-10-22,-182000000.0,10585000000.0,10738500000.0,5761000000.0,4824000000.0,0.999,4.673,-485000000.0,295000000.0,295000000.0,10221000000.0,269000000.0,1.548,1.568,2309000000.0,1250000000.0,1059000000.0,2309000000.0,263000000.0,524000000.0,0.0,0.012,0.25,482000000.0,1006000000.0,0.094,1006000000.0,482000000.0,338000000.0,0.305,0.305,0.305,4122000000.0,4081750000.0,4122000000.0,19807020000.0,41.0,19.689,-648000000.0,-0.735,1.0,506000000.0,0.047,778000000.0,144000000.0,8099000000.0,8010000000.0,1251000000.0,520000000.0,0.0,520000000.0,6463000000.0,3722000000.0,2741000000.0,18090020000.0,66000000.0,283000000.0,43000000.0,444000000.0,-221000000.0,251000000.0,-194000000.0,0.0,-163000000.0,10000000.0,269000000.0,269000000.0,269000000.0,-181000000.0,0.0,0.025,234000000.0,272000000.0,1039000000.0,0.82,4.389,67.249,67.213,2818000000.0,0.0,20.5,1.686,1.686,3706000000.0,3273000000.0,10727000000.0,10727000000.0,0.0,0.025,0.066,0.06,0.045,0.0,258000000.0,1.0,882440000.0,882000000,890000000.0,12.162,9807000000.0,665000000.0,69000000.0,110000000.0,11.119,2039000000.0
89,HAL,MRT,1999-06-30,1999-06-30,1999-06-30,2021-10-22,-195000000.0,10483000000.0,11002750000.0,5592000000.0,4891000000.0,1.089,4.648,-564000000.0,336000000.0,336000000.0,11257000000.0,-316000000.0,1.523,1.563,2053000000.0,989000000.0,1064000000.0,2053000000.0,292000000.0,540000000.0,0.0,0.011,0.25,-230000000.0,310000000.0,0.026,310000000.0,-230000000.0,-371000000.0,-0.36,-0.36,-0.36,4090000000.0,4063275000.0,4090000000.0,21651059500.0,-94.0,69.842,-397000000.0,-0.451,1.0,721000000.0,0.06,760000000.0,141000000.0,7768000000.0,7847300000.0,1224000000.0,552000000.0,0.0,552000000.0,6393000000.0,3672000000.0,2721000000.0,19937059500.0,55000000.0,276000000.0,36000000.0,241000000.0,-231000000.0,37000000.0,-289000000.0,0.0,167000000.0,1000000.0,-316000000.0,-316000000.0,-316000000.0,-161000000.0,0.0,-0.026,1107000000.0,-386000000.0,1179000000.0,-0.694,4.875,-63.092,-62.847,2828000000.0,0.0,22.625,1.664,1.662,3477000000.0,3271000000.0,11978000000.0,11978000000.0,0.0,-0.029,-0.078,-0.029,-0.019,0.0,279000000.0,1.0,881196000.0,880000000,888000000.0,13.611,9723000000.0,687000000.0,-55000000.0,167000000.0,11.049,1920000000.0
90,HAL,MRT,1999-03-31,1999-03-31,1999-03-31,2021-10-22,-180000000.0,10820000000.0,9928500000.0,5953000000.0,4867000000.0,1.361,4.607,-710000000.0,419000000.0,419000000.0,12379000000.0,-156000000.0,1.607,1.669,2133000000.0,768000000.0,1365000000.0,2133000000.0,472000000.0,559000000.0,0.0,0.013,0.25,48000000.0,607000000.0,0.045,607000000.0,48000000.0,-91000000.0,-0.18,-0.18,-0.18,4054000000.0,3739800000.0,4054000000.0,18688353207.0,389.0,30.788,-222000000.0,-0.252,1.0,1131000000.0,0.084,762000000.0,139000000.0,8068000000.0,7014225000.0,1274000000.0,568000000.0,0.0,568000000.0,6766000000.0,3704000000.0,3062000000.0,16947753207.0,149000000.0,5000000.0,27000000.0,558000000.0,-242000000.0,335000000.0,-702000000.0,0.0,488000000.0,-25000000.0,-156000000.0,-156000000.0,-156000000.0,-133000000.0,0.0,-0.012,1224000000.0,-93000000.0,1070000000.0,-1.389,4.181,-108.639,-106.944,2891000000.0,0.0,19.25,1.254,1.254,3643000000.0,3243000000.0,13510000000.0,13510000000.0,0.0,-0.016,-0.042,0.007,0.004,0.0,349000000.0,1.0,880402764.0,880000000,884000000.0,15.352,10058000000.0,680000000.0,65000000.0,186000000.0,11.43,2249000000.0
91,HAL,MRT,1998-12-31,1998-12-31,1998-12-31,2021-10-22,-149000000.0,11066000000.0,8674625000.0,6066000000.0,5000000000.0,1.672,4.625,-814000000.0,203000000.0,203000000.0,13022000000.0,-15000000.0,1.541,1.725,1944000000.0,574000000.0,1370000000.0,1944000000.0,513000000.0,587000000.0,0.0,0.017,0.25,274000000.0,861000000.0,0.059,861000000.0,274000000.0,140000000.0,-0.015,-0.015,-0.015,4061000000.0,3398525000.0,4061000000.0,14664033175.0,54.0,17.031,-360000000.0,-0.41,1.0,1482000000.0,0.102,765000000.0,134000000.0,8105000000.0,6033075000.0,1285000000.0,587000000.0,0.0,587000000.0,7005000000.0,3937000000.0,3068000000.0,13026933175.0,-143000000.0,-33000000.0,29000000.0,493000000.0,-254000000.0,254000000.0,-846000000.0,0.0,454000000.0,-5000000.0,-15000000.0,-15000000.0,-15000000.0,-105000000.0,0.0,-0.001,1312000000.0,170000000.0,1009000000.0,-16.667,3.208,-868.462,-987.667,2896000000.0,0.0,14.815,0.898,0.897,3860000000.0,3236000000.0,14504000000.0,14504000000.0,0.0,-0.002,-0.004,0.045,0.019,0.0,437000000.0,1.0,879306998.0,878000000,878000000.0,16.519,10301000000.0,769000000.0,155000000.0,246000000.0,11.732,2129000000.0
92,HAL,MRT,1998-09-30,1998-09-30,1998-09-30,2021-10-22,-146100000.0,11642000000.0,8584200000.0,6297000000.0,5345000000.0,2.045,4.611,-900600000.0,228500000.0,228500000.0,15366300000.0,176600000.0,1.34,1.876,1865600000.0,580700000.0,1284900000.0,1865600000.0,559300000.0,586700000.0,0.0,0.017,0.25,654400000.0,1241100000.0,0.071,1241100000.0,654400000.0,527600000.0,0.2,0.195,0.2,4048100000.0,3462500000.0,4048100000.0,8274049522.0,13.0,6.667,-72100000.0,-0.082,1.0,2188300000.0,0.125,1131200000.0,126800000.0,7448200000.0,5806100000.0,1437100000.0,521600000.0,0.0,521600000.0,7593900000.0,4699700000.0,2894200000.0,7566849522.0,50200000.0,-5400000.0,34100000.0,395500000.0,-264600000.0,159500000.0,-928100000.0,0.0,828500000.0,-9700000.0,176600000.0,176600000.0,176600000.0,0.0,0.0,0.01,1505600000.0,682700000.0,1122600000.0,1.25,1.869,42.847,71.875,2971600000.0,0.0,14.375,0.431,0.719,3995100000.0,3183600000.0,17554600000.0,17554600000.0,0.0,0.021,0.051,0.113,0.037,0.0,665900000.0,1.0,526389532.0,878000000,878000000.0,19.994,10510800000.0,685300000.0,351000000.0,264500000.0,11.971,1597300000.0
93,HAL,MRT,1998-06-30,1998-06-30,1998-06-30,2021-10-22,-17200000.0,6186000000.0,7044225000.0,3333300000.0,2852700000.0,2.485,3.192,-883600000.0,145400000.0,145400000.0,15188000000.0,906200000.0,1.554,1.212,852600000.0,327200000.0,525400000.0,852600000.0,343000000.0,706900000.0,0.0,0.014,0.312,1606100000.0,2313000000.0,0.132,2313000000.0,1606100000.0,1484200000.0,1.035,1.03,1.035,2796100000.0,3060550000.0,2796100000.0,12216097133.0,8.0,5.281,117200000.0,0.134,1.0,2319600000.0,0.132,312200000.0,121900000.0,4435700000.0,4890250000.0,394100000.0,415900000.0,0.0,415900000.0,3389900000.0,2145300000.0,1244600000.0,11687497133.0,36200000.0,-35300000.0,11900000.0,282000000.0,-319700000.0,-31300000.0,-934000000.0,0.0,1000800000.0,700000.0,906200000.0,906200000.0,906200000.0,0.0,0.0,0.052,687700000.0,1631900000.0,694800000.0,0.301,4.18,12.897,21.469,1814200000.0,0.0,22.22,0.668,1.112,2542900000.0,2135800000.0,17507600000.0,17507600000.0,0.0,0.129,0.296,0.328,0.092,0.0,681700000.0,1.0,525989970.0,876000000,886000000.0,19.986,5873800000.0,206100000.0,578000000.0,198200000.0,6.705,1188000000.0
94,HAL,MRT,1998-03-31,1998-03-31,1998-03-31,2021-10-22,-12300000.0,5804500000.0,6788450000.0,3060800000.0,2743700000.0,2.232,3.07,-811700000.0,93400000.0,93400000.0,13245000000.0,765100000.0,1.635,1.159,622000000.0,83700000.0,538300000.0,622000000.0,353300000.0,642400000.0,0.0,0.012,0.312,1359200000.0,2001600000.0,0.132,2001600000.0,1359200000.0,1258600000.0,0.96,0.955,0.96,2688900000.0,2946400000.0,2688900000.0,13486168325.0,10.0,6.738,186300000.0,0.213,1.0,1908700000.0,0.126,318100000.0,100600000.0,4143400000.0,4687250000.0,375700000.0,364300000.0,0.0,364300000.0,3115600000.0,1871600000.0,1244000000.0,13158768325.0,-9800000.0,-121900000.0,6100000.0,229100000.0,-285500000.0,-55900000.0,-954800000.0,0.0,998000000.0,2900000.0,765100000.0,765100000.0,765100000.0,0.0,0.0,0.05,530800000.0,1377900000.0,676800000.0,0.325,4.894,17.199,26.109,1735700000.0,0.0,25.065,0.868,1.449,2365900000.0,2032200000.0,15153700000.0,15153700000.0,0.0,0.113,0.26,0.29,0.09,0.0,524800000.0,1.0,524985770.0,876000000,,17.299,5486400000.0,201900000.0,493500000.0,214200000.0,6.263,1189200000.0
95,HAL,MRT,1997-12-31,1997-12-31,1997-12-31,2021-10-22,-131100000.0,10704300000.0,6457500000.0,5438100000.0,5266200000.0,2.52,5.008,-699000000.0,384100000.0,384100000.0,14202000000.0,772000000.0,1.575,1.48,1354800000.0,57900000.0,1296900000.0,1354800000.0,638300000.0,564000000.0,0.0,0.012,0.312,1375000000.0,1939000000.0,0.119,1939000000.0,1375000000.0,1264000000.0,0.895,0.885,0.895,4316900000.0,2836350000.0,4316900000.0,14070631978.0,10.0,7.257,134000000.0,0.155,1.0,2070000000.0,0.127,1024600000.0,111000000.0,7197100000.0,4474900000.0,1294100000.0,761200000.0,0.0,761200000.0,6387400000.0,3453300000.0,2934100000.0,13591031978.0,-62000000.0,-124000000.0,27000000.0,199000000.0,-250000000.0,-21000000.0,-873000000.0,0.0,833000000.0,-1000000.0,772000000.0,772000000.0,772000000.0,0.0,0.0,0.047,671000000.0,1399000000.0,1132400000.0,0.349,3.148,17.605,28.983,2766400000.0,0.0,25.94,0.835,1.374,3387600000.0,3563400000.0,16272000000.0,16272000000.0,0.0,0.12,0.272,0.307,0.085,0.0,665000000.0,1.0,523941094.0,862000000,872000000.0,18.877,9679700000.0,475600000.0,492000000.0,335200000.0,11.229,1984800000.0
96,HAL,MRT,1997-09-30,1997-09-30,1997-09-30,2021-10-22,-31700000.0,5482100000.0,4890575000.0,2930900000.0,2551200000.0,3.447,2.845,-868600000.0,85700000.0,85700000.0,14750300000.0,752600000.0,1.582,1.246,565300000.0,24900000.0,540400000.0,565300000.0,397300000.0,719700000.0,0.0,0.012,0.312,1321500000.0,2041200000.0,0.121,2041200000.0,1321500000.0,1208700000.0,0.865,0.855,0.865,2440300000.0,2296925000.0,2440300000.0,13723891340.0,10.0,6.723,137200000.0,0.16,1.0,2106500000.0,0.125,324100000.0,112800000.0,3784800000.0,3358325000.0,345500000.0,347100000.0,0.0,347100000.0,3041800000.0,1852800000.0,1189000000.0,13182691340.0,-126900000.0,-166400000.0,-195300000.0,451200000.0,-337900000.0,-68900000.0,-1069100000.0,0.0,1005800000.0,5300000.0,752600000.0,752600000.0,752600000.0,0.0,0.0,0.045,755000000.0,1351500000.0,610600000.0,0.361,5.402,17.516,30.058,1566400000.0,0.0,26.0,0.782,1.323,2269500000.0,1831700000.0,16856800000.0,16856800000.0,0.0,0.154,0.328,0.393,0.078,0.0,736700000.0,1.0,507026590.0,857800000,,19.651,5158000000.0,218100000.0,456100000.0,205700000.0,6.013,1078100000.0
97,HAL,MRT,1997-06-30,1997-06-30,1997-06-30,2021-10-22,-10700000.0,5162900000.0,,2736400000.0,2426500000.0,,4.569,-777900000.0,50400000.0,50400000.0,12809400000.0,625500000.0,1.54,1.207,591600000.0,166600000.0,425000000.0,591600000.0,357600000.0,517900000.0,0.0,0.013,0.25,1020400000.0,1538300000.0,0.106,1538300000.0,1020400000.0,930800000.0,0.78,0.77,0.78,2339500000.0,,2339500000.0,10332383070.0,10.0,6.717,37700000.0,0.074,1.0,1730300000.0,0.119,303600000.0,89600000.0,3623700000.0,,350200000.0,305200000.0,0.0,305200000.0,2823400000.0,1776800000.0,1046600000.0,10022683070.0,-38400000.0,-147800000.0,-169800000.0,516500000.0,-245500000.0,114800000.0,-969300000.0,0.0,815600000.0,500000.0,625500000.0,625500000.0,625500000.0,0.0,0.0,0.043,693700000.0,1036600000.0,533000000.0,0.321,4.284,16.023,25.401,1487700000.0,0.0,19.812,0.689,0.698,2119900000.0,1777900000.0,14539700000.0,14539700000.0,0.0,,,,0.07,0.0,620100000.0,1.0,505876748.0,512000000,,28.398,4859300000.0,217000000.0,305300000.0,169500000.0,9.491,959600000.0
98,HAL,MRT,1997-03-31,1997-03-31,1997-03-31,2021-10-22,-23600000.0,4480700000.0,,2286400000.0,2194300000.0,,4.402,-733100000.0,85400000.0,85400000.0,12475100000.0,595400000.0,1.808,0.993,395100000.0,21800000.0,373300000.0,395100000.0,301200000.0,502800000.0,0.0,0.015,0.25,955600000.0,1458400000.0,0.103,1458400000.0,955600000.0,869900000.0,0.725,,0.725,2248700000.0,,2248700000.0,8656814649.0,9.0,5.936,191600000.0,0.375,1.0,1664300000.0,0.118,232000000.0,85700000.0,3294000000.0,,320600000.0,258000000.0,0.0,258000000.0,2232000000.0,1264400000.0,967600000.0,8624014649.0,-84900000.0,-25500000.0,-167300000.0,235600000.0,-242400000.0,-166800000.0,-842900000.0,0.0,924700000.0,100000.0,595400000.0,595400000.0,595400000.0,0.0,0.0,0.042,694000000.0,970300000.0,323200000.0,0.345,3.835,14.484,23.534,1387900000.0,0.0,17.062,0.61,0.616,1698000000.0,1707800000.0,14139400000.0,14139400000.0,0.0,,,,0.068,0.0,620400000.0,1.0,505436756.0,510800000,,27.681,4248700000.0,218500000.0,274500000.0,151500000.0,8.318,1022000000.0
99,HAL,MRT,1996-12-31,1996-12-31,1996-12-31,2021-10-22,-12400000.0,4436600000.0,4149300000.0,2398000000.0,2038600000.0,3.361,2.515,-666700000.0,213600000.0,213600000.0,12336300000.0,557900000.0,1.594,1.055,246400000.0,46400000.0,200000000.0,246400000.0,355200000.0,497700000.0,0.0,0.017,0.25,890900000.0,1388600000.0,0.1,1388600000.0,890900000.0,806300000.0,0.65,0.645,0.65,2159200000.0,2039700000.0,2159200000.0,,,,197500000.0,0.23,1.0,1610300000.0,0.115,233900000.0,84600000.0,2730800000.0,2569750000.0,292200000.0,234900000.0,0.0,234900000.0,2277400000.0,1504700000.0,772700000.0,7613141137.0,-42300000.0,-38900000.0,-192600000.0,280100000.0,-239600000.0,-148400000.0,-759100000.0,0.0,864200000.0,1000000.0,557900000.0,557900000.0,557900000.0,0.0,0.0,0.04,707100000.0,903200000.0,452100000.0,0.385,3.526,13.646,23.173,1291600000.0,0.0,15.062,0.546,0.927,1702300000.0,1656300000.0,13946600000.0,13946600000.0,0.0,0.134,0.274,0.347,0.064,0.0,621300000.0,1.0,505436756.0,858400000,864200000.0,16.247,4202700000.0,207300000.0,248400000.0,135800000.0,4.896,893300000.0
100,HAL,MRT,1996-09-30,1996-09-30,1996-09-30,2021-10-22,,,,,,,,,,,,,,,,,,,,,,0.019,0.25,,,,,,,,,,,,,,,,,,1.0,,,,,,,,,,,,,,,,,,,,,,,,,,,,,,,,,,,,,,,,12.905,,,,,,,,,,,,,,1.0,,504400000,,,,,,,,
101,HAL,MRT,1996-06-30,1996-06-30,1996-06-30,2021-10-22,,,,,,,,,,,,,,,,,,,,,,0.018,0.25,,,,,,,,,,,,,,,,,,1.0,,,,,,,,,,,,,,,,,,,,,,,,,,,,,,,,,,,,,,,,13.75,,,,,,,,,,,,,,1.0,,502600000,,,,,,,,
102,HAL,MRT,1996-03-31,1996-03-31,1996-03-31,2021-10-22,,,,,,,,,,,,,,,,,,,,,,0.017,0.25,,,,,,,,,,,,,,,,,,1.0,,,,,,,,,,,,,,,,,,,,,,,,,,,,,,,,,,,,,,,,14.312,,,,,,,,,,,,,,1.0,,501600000,,,,,,,,
103,HAL,MRT,1995-12-31,1995-12-31,1995-12-31,2021-10-22,-28000000.0,3862000000.0,,2186000000.0,1676000000.0,,3.85,-267300000.0,239600000.0,239600000.0,5440100000.0,183700000.0,1.825,1.011,210000000.0,10000000.0,200000000.0,210000000.0,313900000.0,259800000.0,0.0,0.02,0.25,368500000.0,628300000.0,0.107,628300000.0,368500000.0,321400000.0,0.37,0.37,0.37,1920200000.0,,1920200000.0,,,,400100000.0,0.802,1.0,442800000.0,0.075,225600000.0,47100000.0,2408700000.0,,256300000.0,115400000.0,0.0,115400000.0,1941800000.0,1198100000.0,743700000.0,,-201700000.0,15600000.0,7500000.0,-492400000.0,-114300000.0,-599000000.0,-267300000.0,0.0,667400000.0,-2800000.0,183700000.0,183700000.0,183700000.0,65500000.0,0.0,0.031,41900000.0,400900000.0,373000000.0,0.676,,,34.209,1157900000.0,0.0,12.658,,1.073,1449100000.0,1473400000.0,5882900000.0,5882900000.0,0.0,,,,0.063,0.0,33500000.0,1.0,,498800000,,11.794,3636400000.0,144400000.0,137700000.0,97300000.0,7.29,987900000.0
104,HAL,MRT,1994-12-31,1994-12-31,1994-12-31,2021-10-22,,,,,,,,-179400000.0,,,5172600000.0,180900000.0,,,,,,,,271300000.0,,0.03,0.25,351200000.0,622500000.0,0.11,622500000.0,351200000.0,303100000.0,0.362,,0.362,,,,,,,259600000.0,0.523,1.0,488500000.0,0.086,,48100000.0,,,,,,,,,,,361900000.0,376700000.0,1800000.0,-139700000.0,-117800000.0,-254700000.0,183400000.0,0.0,439000000.0,-5800000.0,180900000.0,180900000.0,180900000.0,-5500000.0,0.0,0.032,248700000.0,239800000.0,,0.691,,,22.88,,0.0,8.283,,0.727,,,5661100000.0,5661100000.0,0.0,,,,0.062,0.0,232100000.0,1.0,,496800000,,11.395,,,122200000.0,,,
