None,ticker,dimension,calendardate,datekey,reportperiod,lastupdated,accoci,assets,assetsavg,assetsc,assetsnc,assetturnover,bvps,capex,cashneq,cashnequsd,cor,consolinc,currentratio,de,debt,debtc,debtnc,debtusd,deferredrev,depamor,deposits,divyield,dps,ebit,ebitda,ebitdamargin,ebitdausd,ebitusd,ebt,eps,epsdil,epsusd,equity,equityavg,equityusd,ev,evebit,evebitda,fcf,fcfps,fxusd,gp,grossmargin,intangibles,intexp,invcap,invcapavg,inventory,investments,investmentsc,investmentsnc,liabilities,liabilitiesc,liabilitiesnc,marketcap,ncf,ncfbus,ncfcommon,ncfdebt,ncfdiv,ncff,ncfi,ncfinv,ncfo,ncfx,netinc,netinccmn,netinccmnusd,netincdis,netincnci,netmargin,opex,opinc,payables,payoutratio,pb,pe,pe1,ppnenet,prefdivis,price,ps,ps1,receivables,retearn,revenue,revenueusd,rnd,roa,roe,roic,ros,sbcomp,sgna,sharefactor,sharesbas,shareswa,shareswadil,sps,tangibles,taxassets,taxexp,taxliabilities,tbvps,workingcapital
0,REG,MRY,2020-12-31,2020-12-31,2020-12-31,2021-08-06,-18625000.0,10936904000.0,11219540750.0,,,0.091,35.272,-8127000.0,378450000.0,378450000.0,313077000.0,47317000.0,,0.815,4143474000.0,,,4143474000.0,0.0,345900000.0,55210000.0,0.052,2.38,201567000.0,547467000.0,0.539,547467000.0,201567000.0,44889000.0,0.27,0.26,0.27,5984912000.0,6086477750.0,5984912000.0,11663451218.0,58.0,21.304,490991000.0,2.894,1.0,703098000.0,0.692,188799000.0,156678000.0,14513129000.0,14890786250.0,0.0,467155000.0,,,4878757000.0,,,7735717218.0,262888000.0,-19315000.0,120365000.0,11641000.0,-300537000.0,-210589000.0,-25641000.0,-6156000.0,499118000.0,0.0,44889000.0,44889000.0,44889000.0,0.0,2428000.0,0.044,433543000.0,269555000.0,302361000.0,8.815,1.293,172.33,168.852,9429511000.0,0.0,45.59,7.613,7.613,143633000.0,-1765806000.0,1016175000.0,1016175000.0,0.0,0.004,0.007,0.014,0.198,18249000.0,75001000.0,1.0,169680132.0,169680132.0,,5.989,10748105000.0,0.0,0.0,0.0,63.343,
1,REG,MRY,2019-12-31,2019-12-31,2019-12-31,2021-08-06,-11997000.0,11132253000.0,11067499000.0,,,0.102,37.08,-285009000.0,115562000.0,115562000.0,306145000.0,243258000.0,,0.779,4142462000.0,,,4142462000.0,0.0,374283000.0,58865000.0,0.037,2.34,390694000.0,764977000.0,0.675,764977000.0,390694000.0,239430000.0,1.43,1.43,1.43,6213348000.0,6281905750.0,6213348000.0,14634994640.0,37.0,19.131,336262000.0,2.007,1.0,826993000.0,0.73,242822000.0,151264000.0,14916331000.0,14760187750.0,0.0,469522000.0,,,4842292000.0,,,10571606640.0,70372000.0,-3228000.0,-38973000.0,192891000.0,-390598000.0,-268206000.0,-282693000.0,-3806000.0,621271000.0,0.0,239430000.0,239430000.0,239430000.0,0.0,3828000.0,0.211,457081000.0,369912000.0,213705000.0,1.636,1.701,44.153,44.119,9667483000.0,0.0,63.09,9.329,9.329,169337000.0,-1408062000.0,1133138000.0,1133138000.0,0.0,0.022,0.038,0.026,0.345,19508000.0,74984000.0,1.0,167563903.0,167563903.0,,6.762,10889431000.0,0.0,0.0,0.0,64.987,
2,REG,MRY,2018-12-31,2018-12-31,2018-12-31,2021-08-06,-927000.0,10944663000.0,11104319750.0,,,0.101,37.759,-61035000.0,45190000.0,45190000.0,305890000.0,252325000.0,,0.702,3715212000.0,,,3715212000.0,0.0,359688000.0,57750000.0,0.038,2.22,397583000.0,757271000.0,0.676,757271000.0,397583000.0,249127000.0,1.47,1.46,1.47,6397970000.0,6500616250.0,6397970000.0,13615644634.0,34.0,17.98,549292000.0,3.242,1.0,815085000.0,0.727,387069000.0,148456000.0,14227616000.0,14401663250.0,0.0,463001000.0,,,4494495000.0,,,9942922634.0,-4191000.0,-59591000.0,-220524000.0,123214000.0,-375978000.0,-508494000.0,-106024000.0,14602000.0,610327000.0,0.0,249127000.0,249127000.0,249127000.0,0.0,3198000.0,0.222,434916000.0,380169000.0,224807000.0,1.51,1.554,39.911,39.918,9388234000.0,0.0,58.68,8.87,8.87,172359000.0,-1255465000.0,1120975000.0,1120975000.0,0.0,0.022,0.038,0.028,0.355,12550000.0,65491000.0,1.0,169443126.0,169443126.0,,6.616,10557594000.0,0.0,0.0,0.0,62.308,
3,REG,MRY,2017-12-31,2017-12-31,2017-12-31,2021-08-06,-6289000.0,11145717000.0,11148194500.0,,,0.088,39.339,-366486000.0,49381000.0,49381000.0,253713000.0,178980000.0,,0.659,3594977000.0,,,3594977000.0,0.0,334201000.0,46013000.0,0.03,2.1,298969000.0,633170000.0,0.643,633170000.0,298969000.0,166340000.0,1.0,1.0,1.0,6692052000.0,6677787250.0,6692052000.0,15259730900.0,51.0,24.101,103298000.0,0.607,1.0,730613000.0,0.742,478826000.0,132629000.0,14212487000.0,14065263000.0,0.0,386304000.0,,,4412663000.0,,,11768241900.0,31502000.0,-633716000.0,69909000.0,1196345000.0,-322650000.0,568948000.0,-1007230000.0,-7028000.0,469784000.0,0.0,176077000.0,159949000.0,159949000.0,0.0,2903000.0,0.162,491050000.0,239563000.0,234272000.0,2.1,1.759,73.575,69.18,9553050000.0,16128000.0,69.18,11.956,11.956,170985000.0,-1158170000.0,984326000.0,984326000.0,0.0,0.014,0.024,0.021,0.304,24393000.0,67624000.0,1.0,170110464.0,170110464.0,,5.786,10666891000.0,0.0,-9737000.0,0.0,62.706,
4,REG,MRY,2016-12-31,2016-12-31,2016-12-31,2021-08-06,-18346000.0,4488906000.0,4382792250.0,,,0.14,24.799,-431510000.0,17879000.0,17879000.0,161417000.0,166992000.0,,0.719,1642420000.0,,,1642420000.0,0.0,162327000.0,28868000.0,0.029,2.0,255634000.0,417961000.0,0.68,417961000.0,255634000.0,164922000.0,1.43,1.42,1.43,2591301000.0,2342968250.0,2591301000.0,8787527518.0,34.0,21.025,-134333000.0,-1.286,1.0,452954000.0,0.737,118831000.0,90712000.0,5994616000.0,6005014750.0,0.0,0.0,,,1864404000.0,,,7204813518.0,-22744000.0,20181000.0,541864000.0,-204357000.0,-201029000.0,88711000.0,-408632000.0,2697000.0,297177000.0,0.0,164922000.0,143860000.0,143860000.0,0.0,2070000.0,0.234,241735000.0,211219000.0,138936000.0,1.399,2.78,50.082,48.217,4105807000.0,21062000.0,68.95,11.727,11.727,111722000.0,-994259000.0,614371000.0,614371000.0,0.0,0.033,0.061,0.043,0.416,12307000.0,65327000.0,1.0,104493307.0,104493307.0,,5.88,4370075000.0,0.0,0.0,0.0,41.822,
5,REG,MRY,2015-12-31,2015-12-31,2015-12-31,2021-08-06,-58693000.0,4182881000.0,4142608250.0,,,0.138,21.815,-141514000.0,40623000.0,40623000.0,144833000.0,152543000.0,,1.022,1864285000.0,,,1864285000.0,0.0,146829000.0,29427000.0,0.028,1.94,252678000.0,399507000.0,0.701,399507000.0,252678000.0,150056000.0,1.37,1.36,1.37,2054109000.0,1920881000.0,2054109000.0,8408961039.0,33.0,21.048,144029000.0,1.53,1.0,424930000.0,0.746,105380000.0,102622000.0,5901163000.0,5996338250.0,0.0,29093000.0,,,2100261000.0,,,6414331039.0,-76920000.0,3747000.0,188588000.0,-183692000.0,-181392000.0,-223117000.0,-139346000.0,-1579000.0,285543000.0,0.0,150056000.0,128994000.0,128994000.0,0.0,2487000.0,0.226,220265000.0,204665000.0,164515000.0,1.416,3.123,49.726,49.723,3808319000.0,21062000.0,68.12,11.258,11.258,106164000.0,-936020000.0,569763000.0,569763000.0,0.0,0.031,0.067,0.042,0.443,11288000.0,65600000.0,1.0,94162229.0,94162229.0,,6.051,4077501000.0,0.0,0.0,0.0,43.303,
6,REG,MRY,2014-12-31,2014-12-31,2014-12-31,2021-08-06,-57748000.0,4197170000.0,4101145000.0,,,0.131,20.447,-231570000.0,121789000.0,121789000.0,136819000.0,188847000.0,,1.186,2021357000.0,,,2021357000.0,0.0,147791000.0,25991000.0,0.029,1.88,296881000.0,444672000.0,0.827,444672000.0,296881000.0,187390000.0,1.8,1.8,1.8,1906592000.0,1836519000.0,1906592000.0,7860287541.0,26.0,17.677,46172000.0,0.495,1.0,401079000.0,0.746,52365000.0,109491000.0,6044373000.0,5985980500.0,0.0,40266000.0,,,2260688000.0,,,5947091541.0,33092000.0,13575000.0,102453000.0,72727000.0,-172900000.0,-34360000.0,-210290000.0,7705000.0,277742000.0,0.0,187390000.0,166328000.0,166328000.0,0.0,1457000.0,0.309,216529000.0,184550000.0,181197000.0,1.044,3.119,35.755,35.433,3809345000.0,21062000.0,63.78,11.056,11.056,86767000.0,-882372000.0,537898000.0,537898000.0,0.0,0.041,0.091,0.05,0.552,11048000.0,60242000.0,1.0,93243831.0,93243831.0,,5.769,4144805000.0,0.0,0.0,0.0,44.451,
7,REG,MRY,2013-12-31,2013-12-31,2013-12-31,2021-08-06,-17404000.0,3913516000.0,3892839750.0,,,0.126,19.965,-119323000.0,90204000.0,90204000.0,124744000.0,151285000.0,,1.113,1854697000.0,,,1854697000.0,0.0,134454000.0,23911000.0,0.04,1.85,258770000.0,393224000.0,0.804,393224000.0,258770000.0,149804000.0,1.4,1.4,1.4,1843354000.0,1813608000.0,1843354000.0,6071208213.0,23.0,15.44,131408000.0,1.423,1.0,364263000.0,0.745,44805000.0,108966000.0,5633204000.0,5674054000.0,0.0,38641000.0,,,2052382000.0,,,4274761213.0,58335000.0,87111000.0,99787000.0,-86610000.0,-167773000.0,-182579000.0,-9817000.0,22395000.0,250731000.0,0.0,149804000.0,128742000.0,128742000.0,-65285000.0,1481000.0,0.263,199943000.0,164320000.0,147045000.0,1.321,2.319,33.204,33.071,3540507000.0,21062000.0,46.3,8.742,8.742,76931000.0,-874916000.0,489007000.0,489007000.0,0.0,0.033,0.071,0.046,0.529,15485000.0,61234000.0,1.0,92327456.0,92327456.0,,5.296,3868711000.0,0.0,0.0,0.0,41.902,
8,REG,MRY,2012-12-31,2012-12-31,2012-12-31,2021-08-06,-57715000.0,3853458000.0,3920543500.0,,,0.121,19.148,-34570000.0,28821000.0,28821000.0,119598000.0,26209000.0,,1.218,1941891000.0,,,1941891000.0,0.0,127839000.0,18146000.0,0.039,1.85,151220000.0,279059000.0,0.589,279059000.0,151220000.0,39091000.0,-0.08,-0.08,-0.08,1730765000.0,1791257000.0,1730765000.0,6053108680.0,40.0,21.691,222645000.0,2.463,1.0,354331000.0,0.748,42459000.0,112129000.0,5724069000.0,5820652500.0,0.0,47180000.0,,,2107547000.0,,,4259093680.0,10947000.0,38353000.0,21876000.0,-63709000.0,-164423000.0,-249891000.0,3623000.0,-160000.0,257215000.0,0.0,25867000.0,-6664000.0,-6664000.0,21728000.0,342000.0,-0.014,187895000.0,166436000.0,127185000.0,-23.125,2.461,-639.12,-589.0,3570090000.0,32531000.0,47.12,8.987,8.987,76591000.0,-834810000.0,473929000.0,473929000.0,0.0,-0.002,-0.004,0.026,0.319,11875000.0,61700000.0,1.0,90388236.0,90388236.0,,5.243,3810999000.0,0.0,13224000.0,0.0,42.163,
9,REG,MRY,2011-12-31,2011-12-31,2011-12-31,2021-08-06,-71429000.0,3987071000.0,4023538500.0,,,0.117,20.112,-265153000.0,17452000.0,17452000.0,120540000.0,55788000.0,,1.171,1982440000.0,,,1982440000.0,0.0,133756000.0,20416000.0,0.049,1.85,178009000.0,311765000.0,0.663,311765000.0,178009000.0,54364000.0,0.35,0.35,0.35,1808355000.0,1840346000.0,1808355000.0,5411741243.0,30.0,17.358,-47520000.0,-0.529,1.0,349909000.0,0.744,27054000.0,123645000.0,5925005000.0,5951775250.0,0.0,57497000.0,,,2117417000.0,,,3382596243.0,-5659000.0,188514000.0,217484000.0,-166670000.0,-160155000.0,-145569000.0,-77723000.0,-1084000.0,217633000.0,0.0,51370000.0,31695000.0,31695000.0,-16579000.0,4418000.0,0.067,183436000.0,166473000.0,101899000.0,5.286,1.871,106.723,107.486,3697175000.0,19675000.0,37.62,7.19,7.19,85865000.0,-662735000.0,470449000.0,470449000.0,0.0,0.008,0.017,0.03,0.378,7688000.0,56117000.0,1.0,89914839.0,89914839.0,,5.232,3960017000.0,0.0,2994000.0,0.0,44.042,
10,REG,MRY,2010-12-31,2010-12-31,2010-12-31,2021-08-06,-80885000.0,3994539000.0,3986183750.0,,,0.117,20.584,-43125000.0,22460000.0,22460000.0,119900000.0,13001000.0,,1.335,2094469000.0,,,2094469000.0,0.0,123933000.0,10790000.0,0.044,1.85,132770000.0,256703000.0,0.548,256703000.0,132770000.0,7483000.0,-0.14,-0.14,-0.14,1685177000.0,1776706000.0,1685177000.0,5422166270.0,41.0,21.122,95334000.0,1.164,1.0,348291000.0,0.744,18219000.0,125287000.0,6048329000.0,5918275250.0,0.0,56822000.0,,,2250137000.0,,,3458085270.0,-78795000.0,-141755000.0,1431000.0,153101000.0,-148649000.0,-32797000.0,-184457000.0,423000.0,138459000.0,0.0,8816000.0,-10859000.0,-10859000.0,-8902000.0,4185000.0,-0.023,186200000.0,162091000.0,138196000.0,-13.214,2.052,-318.453,-301.714,3716868000.0,19675000.0,42.24,7.386,7.386,81841000.0,-533194000.0,468191000.0,468191000.0,0.0,-0.003,-0.006,0.022,0.284,11683000.0,61505000.0,1.0,81867549.0,81867549.0,,5.719,3976320000.0,0.0,-1333000.0,0.0,48.57,
11,REG,MRY,2009-12-31,2009-12-31,2009-12-31,2021-08-06,-49973000.0,3973806000.0,4152355750.0,,,0.115,23.347,37318000.0,99477000.0,99477000.0,116405000.0,-29036000.0,,1.083,1914743000.0,,,1914743000.0,0.0,117979000.0,10628000.0,0.06,2.113,76242000.0,194221000.0,0.406,194221000.0,76242000.0,-32997000.0,-0.7,-0.7,-0.7,1875167000.0,1839627750.0,1875167000.0,4789447831.0,63.0,24.66,233122000.0,2.903,1.0,362156000.0,0.757,10007000.0,109239000.0,5779065000.0,6155287250.0,0.0,37753000.0,,,2030412000.0,,,2815864831.0,83070000.0,-5161000.0,343168000.0,-314784000.0,-158690000.0,-164279000.0,51545000.0,19388000.0,195804000.0,0.0,-32997000.0,-52672000.0,-52672000.0,-9777000.0,3961000.0,-0.11,183867000.0,178289000.0,99145000.0,-3.019,1.502,-53.46,-50.086,3637827000.0,19675000.0,35.06,5.884,5.884,80163000.0,-373345000.0,478561000.0,478561000.0,0.0,-0.013,-0.029,0.012,0.159,4421000.0,53177000.0,1.0,80315597.0,80315597.0,,5.959,3963799000.0,0.0,0.0,0.0,49.353,
12,REG,MRY,2008-12-31,2008-12-31,2008-12-31,2021-08-06,-90689000.0,4142375000.0,4199130000.0,,,0.118,24.24,-114366000.0,21533000.0,21533000.0,107487000.0,141521000.0,,1.403,2219262000.0,,,2219262000.0,0.0,107846000.0,11571000.0,0.062,2.9,228972000.0,336818000.0,0.681,336818000.0,228972000.0,136188000.0,1.66,1.66,1.66,1696861000.0,1740727500.0,1696861000.0,5380330919.0,23.0,15.974,104803000.0,1.497,1.0,387447000.0,0.783,12903000.0,92784000.0,6327201000.0,6320003000.0,0.0,31438000.0,,,2380093000.0,,,3269100919.0,2865000.0,-19696000.0,1020000.0,132235000.0,-198165000.0,-110529000.0,-105775000.0,28287000.0,219169000.0,0.0,136188000.0,116513000.0,116513000.0,-22297000.0,5333000.0,0.235,169608000.0,217839000.0,141395000.0,1.747,1.927,28.058,28.133,3871300000.0,19675000.0,46.7,6.605,6.605,103796000.0,-155057000.0,494934000.0,494934000.0,0.0,0.028,0.067,0.036,0.463,5950000.0,49495000.0,1.0,70002161.0,70002161.0,,7.07,4129472000.0,0.0,0.0,0.0,58.991,
13,REG,MRY,2007-12-31,2007-12-31,2007-12-31,2021-08-06,-18916000.0,4114773000.0,3993651000.0,,,0.109,25.354,-411418000.0,18668000.0,18668000.0,97910000.0,210016000.0,,1.243,2007975000.0,,,2007975000.0,0.0,93508000.0,11436000.0,0.041,2.64,286040000.0,379548000.0,0.871,379548000.0,286040000.0,203651000.0,2.65,2.65,2.65,1765005000.0,1782896500.0,1765005000.0,6407900556.0,22.0,16.883,-193251000.0,-2.776,1.0,338096000.0,0.775,17228000.0,82389000.0,6086852000.0,5813021500.0,0.0,44543000.0,,,2194244000.0,,,4489441556.0,-15378000.0,-1288000.0,2383000.0,395389000.0,-179325000.0,178616000.0,-412161000.0,545000.0,218167000.0,0.0,203651000.0,183976000.0,183976000.0,-34003000.0,6365000.0,0.422,150002000.0,188094000.0,164479000.0,0.996,2.544,24.402,24.336,3869693000.0,19675000.0,64.49,10.297,10.297,75441000.0,-68935000.0,436006000.0,436006000.0,0.0,0.046,0.103,0.049,0.656,11572000.0,50580000.0,1.0,69614538.0,69614538.0,,6.263,4097545000.0,0.0,0.0,0.0,58.86,
14,REG,MRY,2006-12-31,2006-12-31,2006-12-31,2021-08-06,-13317000.0,3671785000.0,3651443250.0,,,0.111,25.678,36955000.0,34046000.0,34046000.0,89406000.0,218511000.0,,0.98,1575386000.0,,,1575386000.0,0.0,87413000.0,10517000.0,0.03,2.38,297859000.0,385272000.0,0.954,385272000.0,297859000.0,218511000.0,2.91,2.89,2.91,1769421000.0,1746216250.0,1769421000.0,6977189839.0,23.0,18.11,248614000.0,3.608,1.0,314628000.0,0.779,12315000.0,79348000.0,5200810000.0,5172587500.0,0.0,19988000.0,,,1734572000.0,,,5386582839.0,-8412000.0,-8338000.0,5994000.0,-77131000.0,-159507000.0,-263458000.0,43387000.0,14770000.0,211659000.0,0.0,218511000.0,198836000.0,198836000.0,-68070000.0,0.0,0.492,142451000.0,172177000.0,140940000.0,0.818,3.044,27.091,26.863,3474244000.0,19675000.0,78.17,13.332,13.332,67162000.0,-41897000.0,404034000.0,404034000.0,0.0,0.054,0.114,0.058,0.737,11096000.0,45495000.0,1.0,68908569.0,68908569.0,,5.863,3659470000.0,0.0,0.0,0.0,53.106,
15,REG,MRY,2005-12-31,2005-12-31,2005-12-31,2021-08-06,-11692000.0,3616215000.0,3473821000.0,,,0.11,25.056,-89527000.0,42458000.0,42458000.0,87987000.0,162647000.0,,1.023,1613942000.0,,,1613942000.0,0.0,84449000.0,10276000.0,0.037,2.2,249177000.0,333626000.0,0.87,333626000.0,249177000.0,162647000.0,2.25,2.23,2.25,1700660000.0,1534998000.0,1700660000.0,5554490982.0,22.0,16.649,115876000.0,1.707,1.0,295636000.0,0.771,10182000.0,86530000.0,5177517000.0,5030688000.0,0.0,46473000.0,,,1739225000.0,,,4001133982.0,-52862000.0,-386795000.0,205601000.0,178336000.0,-141003000.0,226513000.0,-484778000.0,-8456000.0,205403000.0,0.0,162647000.0,145903000.0,145903000.0,-65088000.0,0.0,0.38,117272000.0,178364000.0,110800000.0,0.978,2.353,27.423,26.2,3394820000.0,16744000.0,58.95,10.43,10.43,56878000.0,-77422000.0,383623000.0,383623000.0,0.0,0.042,0.095,0.05,0.65,18755000.0,37815000.0,1.0,67873350.0,67873350.0,,5.652,3606033000.0,0.0,0.0,0.0,53.129,
16,REG,MRY,2004-12-31,2004-12-31,2004-12-31,2021-08-06,-5291000.0,3243824000.0,3168045750.0,,,0.113,21.772,-83397000.0,95320000.0,95320000.0,84340000.0,136327000.0,,1.181,1493090000.0,,,1493090000.0,0.0,82890000.0,10049000.0,0.038,2.12,216066000.0,298956000.0,0.836,298956000.0,216066000.0,136327000.0,2.08,2.08,2.08,1364353000.0,1188406000.0,1364353000.0,4900542051.0,23.0,16.392,98125000.0,1.566,1.0,273301000.0,0.764,14172000.0,79739000.0,4627422000.0,4597766500.0,0.0,25646000.0,,,1610743000.0,,,3471702051.0,65451000.0,-18930000.0,81662000.0,29693000.0,-127091000.0,-77753000.0,-38318000.0,64009000.0,181522000.0,0.0,136327000.0,127694000.0,127694000.0,-36950000.0,0.0,0.357,111094000.0,162207000.0,102443000.0,1.019,2.545,27.188,26.635,2994062000.0,8633000.0,55.4,9.707,9.707,60911000.0,-79570000.0,357641000.0,357641000.0,0.0,0.04,0.107,0.047,0.604,14425000.0,30282000.0,1.0,62666102.0,62666102.0,,5.707,3229652000.0,0.0,0.0,0.0,51.537,
17,REG,MRY,2003-12-31,2003-12-31,2003-12-31,2021-08-06,175000.0,3098229000.0,3073073311.0,,,0.113,17.18,-178667000.0,29869000.0,29869000.0,83588000.0,130789000.0,,1.523,1452777000.0,,,1452777000.0,0.0,75023000.0,9358000.0,0.052,2.08,213051000.0,288074000.0,0.833,288074000.0,213051000.0,130789000.0,2.13,2.12,2.13,1026257000.0,912641252.0,1026257000.0,3812363313.0,18.0,13.234,1978000.0,0.033,1.0,262319000.0,0.758,10205000.0,82262000.0,4510932000.0,4494614521.0,0.0,70782000.0,,,1562530000.0,,,2380433454.0,-26578000.0,12021000.0,-23074000.0,122982000.0,-124878000.0,-158220000.0,-49003000.0,117643000.0,180645000.0,0.0,130789000.0,126614000.0,126614000.0,-32400000.0,0.0,0.366,97741000.0,164578000.0,94280000.0,0.977,2.32,18.801,18.709,2880681000.0,4175000.0,39.85,6.882,6.882,57041000.0,-77794000.0,345907000.0,345907000.0,0.0,0.041,0.139,0.047,0.616,11327000.0,24229000.0,1.0,59734842.0,59734842.0,,5.791,3088024000.0,0.0,0.0,0.0,51.696,
18,REG,MRY,2002-12-31,2002-12-31,2002-12-31,2021-08-06,0.0,3068927866.0,3096181115.0,,,0.11,13.674,125741000.0,56447329.0,56447329.0,82901000.0,110524000.0,,1.781,1333524045.0,,,1333524045.0,0.0,74417000.0,8847603.0,0.063,2.04,194996000.0,269413000.0,0.793,269413000.0,194996000.0,110524000.0,1.85,1.84,1.85,800861191.0,801272942.0,800861191.0,3246229745.0,17.0,12.049,280497000.0,4.789,1.0,256909000.0,0.756,2634511.0,84472000.0,4343370071.0,4435584293.0,0.0,56630876.0,,,1426348911.0,,,1897567722.0,28594000.0,-34235000.0,7207000.0,-95599000.0,-118970000.0,-255031000.0,128869000.0,37363000.0,154756000.0,0.0,110524000.0,107666000.0,107666000.0,-37768000.0,0.0,0.317,86212000.0,170697000.0,76908233.0,1.103,2.369,17.625,17.514,2849474883.0,2858000.0,32.4,5.584,5.584,47983160.0,-79529975.0,339810000.0,339810000.0,0.0,0.035,0.134,0.044,0.574,9517000.0,22757000.0,1.0,58566905.0,58566905.0,,5.802,3066293355.0,0.0,0.0,0.0,52.355,
19,REG,MRY,2001-12-31,2001-12-31,2001-12-31,2021-08-06,0.0,3109314236.0,3011637701.0,,,0.106,14.023,144984022.0,27853264.0,27853264.0,78883081.0,100664207.0,,1.831,1396720748.0,,,1396720748.0,0.0,67505587.0,8656456.0,0.072,2.0,168262236.0,235767823.0,0.74,235767823.0,168262236.0,100664207.0,1.7,1.69,1.7,807599002.0,808672083.0,807599002.0,2852358495.0,17.0,12.098,330842662.0,5.745,1.0,239917080.0,0.753,0.0,67598029.0,4478181720.0,4284856517.0,0.0,32504941.0,,,1478811526.0,,,1598148363.0,-73134631.0,-28135782.0,-90117.0,80308780.0,-114860514.0,-94884423.0,-164108848.0,67582696.0,185858640.0,0.0,100664207.0,97699108.0,97699108.0,-22738100.0,0.0,0.306,85388858.0,154528222.0,73434322.0,1.176,1.979,16.358,16.324,2954506077.0,2965099.0,27.75,5.013,5.013,47723145.0,-68226276.0,318800161.0,318800161.0,0.0,0.032,0.121,0.039,0.528,6217572.0,19785521.0,1.0,57590932.0,57590932.0,,5.536,3109314236.0,0.0,0.0,0.0,53.99,
20,REG,MRY,2000-12-31,2000-12-31,2000-12-31,2021-08-06,0.0,3035143740.0,2836994357.0,,,0.119,14.166,-19134500.0,100987895.0,100987895.0,75812256.0,87610832.0,,1.725,1307072156.0,,,1307072156.0,0.0,59430262.0,8262885.0,0.081,1.92,151477153.0,210907415.0,0.627,210907415.0,151477153.0,87610832.0,1.49,1.49,1.49,806481537.0,836101562.0,806481537.0,2511507561.0,17.0,11.908,159397391.0,2.8,1.0,260583136.0,0.775,0.0,63866321.0,4241228001.0,3942135954.0,0.0,66423893.0,,,1390795345.0,,,1348644930.0,46870452.0,-65183262.0,-12498837.0,284033004.0,-109078935.0,203602657.0,-335264096.0,15673125.0,178531891.0,0.0,87610832.0,84793604.0,84793604.0,-11198524.0,0.0,0.252,77405882.0,183177254.0,75460304.0,1.289,1.672,15.905,15.899,2796572736.0,2817228.0,23.69,4.009,4.009,39407777.0,-51064870.0,336395392.0,336395392.0,0.0,0.03,0.101,0.038,0.45,4719212.0,19932609.0,1.0,56928870.0,56928870.0,,5.909,3035143740.0,0.0,0.0,0.0,53.315,
21,REG,MRY,1999-12-31,1999-12-31,1999-12-31,2021-08-06,0.0,2654935978.0,2565960091.0,,,0.118,15.327,-21535961.0,54117443.0,54117443.0,67458070.0,89845964.0,,1.177,1011966517.0,,,1011966517.0,0.0,48611519.0,7952707.0,0.092,1.84,147716017.0,196327536.0,0.65,196327536.0,147716017.0,89845964.0,1.61,1.61,1.61,908367707.0,1053360173.0,908367707.0,2080694343.0,14.0,10.598,129766309.0,2.19,1.0,234428861.0,0.777,0.0,57870053.0,3612785052.0,3522186328.0,0.0,15673125.0,,,1068805335.0,,,1185279960.0,34197750.0,-39093775.0,-55934176.0,75703925.0,-94985165.0,99507475.0,-216611995.0,0.0,151302270.0,0.0,89845964.0,87601371.0,87601371.0,0.0,0.0,0.29,68358270.0,166070591.0,48886111.0,1.143,1.305,13.53,12.422,2531725805.0,2244593.0,20.0,3.926,3.926,33515040.0,-26779538.0,301886931.0,301886931.0,0.0,0.034,0.083,0.042,0.489,2411907.0,19274225.0,1.0,59263998.0,59263998.0,,5.094,2654935978.0,0.0,0.0,0.0,44.798,
22,REG,MRY,1998-12-31,1998-12-31,1998-12-31,2021-08-06,0.0,1240107300.0,1123056188.0,,,0.128,16.962,-207708310.0,19919693.0,19919693.0,30844193.0,50590074.0,,1.32,548126095.0,,,548126095.0,0.0,25046001.0,3110370.0,0.079,1.76,77418930.0,102464931.0,0.715,102464931.0,77418930.0,50590074.0,1.8,1.75,1.8,432548515.0,507159121.0,432548515.0,1027671874.0,13.0,10.029,-142706845.0,-5.596,1.0,112451808.0,0.785,0.0,26828856.0,1768313702.0,1563639770.0,0.0,0.0,,,571172889.0,,,567393846.0,3333599.0,-28684539.0,10225529.0,142614756.0,-49490925.0,174724983.0,-236392849.0,0.0,65001465.0,0.0,50590074.0,50590074.0,50590074.0,0.0,0.0,0.353,40110149.0,72341659.0,19936424.0,0.978,1.312,11.216,12.361,1191348389.0,0.0,22.25,3.96,3.96,16758917.0,-19395744.0,143296001.0,143296001.0,0.0,0.045,0.1,0.05,0.54,2422547.0,14564148.0,1.0,25500847.0,25500847.0,,5.619,1240107300.0,0.0,0.0,0.0,48.63,
23,REG,MRY,1997-12-31,1997-12-31,1997-12-31,2021-08-06,0.0,826848591.0,606686320.0,,,0.16,20.258,-26357862.0,16586094.0,16586094.0,22904131.0,27401655.0,,0.593,278050427.0,,,278050427.0,0.0,16303159.0,2319941.0,0.061,1.68,46068911.0,62372070.0,0.641,62372070.0,46068911.0,27401655.0,1.28,1.23,1.28,492372315.0,349549046.0,492372315.0,,,,16686358.0,0.687,1.0,74431864.0,0.765,0.0,18667256.0,1088312924.0,819075608.0,0.0,0.0,,,291967600.0,,,672993709.0,8292865.0,68688.0,225094980.0,-36006012.0,-33914778.0,153782026.0,-188533381.0,0.0,43044220.0,0.0,27401655.0,27401655.0,27401655.0,0.0,0.0,0.282,26267085.0,48164779.0,11597232.0,1.312,1.367,24.56,21.633,793605705.0,0.0,27.69,6.914,6.914,9546584.0,-20494893.0,97335995.0,97335995.0,0.0,0.045,0.078,0.056,0.473,2561139.0,9324926.0,1.0,24304576.0,24304576.0,,4.005,826848591.0,0.0,0.0,0.0,34.02,
24,REG,MRY,1996-12-31,1996-12-31,1996-12-31,2021-08-06,0.0,386524049.0,,,,,,-6258456.0,8293229.0,8293229.0,12065394.0,9964866.0,,0.867,171607473.0,,,171607473.0,0.0,8058643.0,1381673.0,0.062,1.62,20775390.0,28834033.0,0.614,28834033.0,20775390.0,9964866.0,0.82,0.82,0.82,206725777.0,,206725777.0,,,,9745463.0,,1.0,34882173.0,0.743,0.0,10810524.0,549838293.0,,0.0,0.0,,,179289786.0,,,,4891528.0,-649728.0,63617263.0,52071645.0,-16179518.0,98729773.0,-109842164.0,0.0,16003919.0,0.0,9964866.0,9907145.0,9907145.0,0.0,0.0,0.211,14106783.0,20775390.0,6300640.0,1.976,,,32.012,367189569.0,57721.0,26.25,,,5281419.0,-13981770.0,46947567.0,46947567.0,0.0,,,,0.443,2940414.0,6048140.0,1.0,,,,,386524049.0,0.0,0.0,0.0,,
25,REG,MRY,1995-12-31,1995-12-31,1995-12-31,2021-08-06,,,,,,,,-1978643.0,,,8683524.0,5584702.0,,,,,,,,5853730.0,,0.092,1.58,14553233.0,20406963.0,0.6,20406963.0,14553233.0,5584702.0,0.75,0.75,0.75,,,,,,,13913298.0,,1.0,25301395.0,0.744,,8968531.0,,,,,,,,,,,540864.0,12146.0,31265522.0,7619060.0,-10760237.0,46152637.0,-61503714.0,0.0,15891941.0,0.0,5584702.0,4993798.0,4993798.0,0.0,0.0,0.147,10748162.0,14553233.0,,2.107,,,23.0,,590904.0,17.25,,,,,33984919.0,33984919.0,0.0,,,,0.428,0.0,4894432.0,1.0,,,,,,,0.0,,,
0,REG,MRQ,2021-06-30,2021-06-30,2021-06-30,2021-08-06,-13658000.0,10640166000.0,,,,,35.129,12361000.0,286613000.0,286613000.0,82013000.0,96832000.0,,0.771,3868376000.0,,,3868376000.0,0.0,74217000.0,55904000.0,0.037,0.595,131302000.0,205519000.0,0.716,205519000.0,131302000.0,95490000.0,0.56,0.56,0.56,5967080000.0,,5967080000.0,14615097591.0,39.0,20.82,198286000.0,1.167,1.0,205146000.0,0.714,169119000.0,35812000.0,14052810000.0,,0.0,409627000.0,,,4600135000.0,,,10883068591.0,147293000.0,54257000.0,-21000.0,0.0,-100653000.0,-104896000.0,66264000.0,-354000.0,185925000.0,0.0,95490000.0,95490000.0,95490000.0,0.0,1342000.0,0.333,94581000.0,110565000.0,313896000.0,1.062,1.824,47.875,47.813,9300486000.0,0.0,64.07,10.236,10.236,131510000.0,-1791773000.0,287159000.0,287159000.0,0.0,,,,,5191000.0,19187000.0,1.0,169862160.0,169862160.0,,1.691,10471047000.0,0.0,0.0,0.0,61.644,
1,REG,MRQ,2021-03-31,2021-03-31,2021-03-31,2021-08-06,-12512000.0,10625988000.0,,,,,35.151,22981000.0,139320000.0,139320000.0,81748000.0,81625000.0,,0.768,3871349000.0,,,3871349000.0,0.0,77259000.0,56837000.0,0.042,0.595,117592000.0,194851000.0,0.709,194851000.0,117592000.0,80656000.0,0.48,0.47,0.48,5969631000.0,,5969631000.0,13396023925.0,44.0,20.901,162343000.0,0.956,1.0,192955000.0,0.702,178784000.0,36936000.0,14179233000.0,,0.0,484425000.0,,,4582944000.0,,,9630999925.0,-239130000.0,-16940000.0,-3900000.0,-268962000.0,-100580000.0,-385262000.0,6770000.0,729000.0,139362000.0,0.0,80656000.0,80656000.0,80656000.0,0.0,969000.0,0.294,99244000.0,93711000.0,285320000.0,1.24,1.613,63.833,63.719,9354045000.0,0.0,56.71,9.562,9.562,127455000.0,-1786196000.0,274703000.0,274703000.0,0.0,,,,,3559000.0,21287000.0,1.0,169828953.0,169828953.0,,1.618,10447204000.0,0.0,0.0,0.0,61.516,
2,REG,MRQ,2020-12-31,2020-12-31,2020-12-31,2021-08-06,-18625000.0,10936904000.0,,,,,35.272,32394000.0,378450000.0,378450000.0,80713000.0,39216000.0,,0.815,4143474000.0,,,4143474000.0,0.0,86739000.0,55210000.0,0.052,0.595,76560000.0,163299000.0,0.632,163299000.0,76560000.0,38487000.0,0.23,0.22,0.23,5984912000.0,,5984912000.0,11663451218.0,58.0,21.304,156923000.0,0.925,1.0,177747000.0,0.688,188799000.0,38073000.0,14513129000.0,,0.0,467155000.0,,,4878757000.0,,,7735717218.0,97574000.0,5407000.0,0.0,-63298000.0,1000.0,-66836000.0,39881000.0,-5877000.0,124529000.0,0.0,38487000.0,38487000.0,38487000.0,0.0,729000.0,0.149,114868000.0,62879000.0,302361000.0,2.587,1.293,172.33,168.852,9429511000.0,0.0,45.59,7.613,7.613,143633000.0,-1765806000.0,258460000.0,258460000.0,0.0,,,,,6214000.0,20512000.0,1.0,169680132.0,169680132.0,,1.523,10748105000.0,0.0,0.0,0.0,63.343,
3,REG,MRQ,2020-09-30,2020-09-30,2020-09-30,2021-08-06,-23220000.0,10986639000.0,,,,,35.597,-31516000.0,280876000.0,280876000.0,77283000.0,13310000.0,,0.807,4208610000.0,,,4208610000.0,0.0,84808000.0,52132000.0,0.062,0.595,53482000.0,138290000.0,0.569,138290000.0,53482000.0,12688000.0,0.07,0.07,0.07,6039594000.0,,6039594000.0,10377731677.0,51.0,18.726,125654000.0,0.741,1.0,165661000.0,0.682,201472000.0,40794000.0,14712901000.0,,0.0,474308000.0,,,4873516000.0,,,6450756677.0,-306482000.0,-5869000.0,92000.0,-300000000.0,-100567000.0,-426256000.0,-37396000.0,-11000.0,157170000.0,0.0,12688000.0,12688000.0,12688000.0,0.0,622000.0,0.052,105598000.0,60063000.0,222375000.0,8.5,1.068,138.153,140.815,9540089000.0,0.0,38.02,6.164,6.164,159137000.0,-1703338000.0,242944000.0,242944000.0,0.0,,,,,5259000.0,19582000.0,1.0,169667456.0,169667456.0,,1.432,10785167000.0,0.0,0.0,0.0,63.567,
4,REG,MRQ,2020-06-30,2020-06-30,2020-06-30,2021-08-06,-25135000.0,11386309000.0,,,,,36.09,-39451000.0,587358000.0,587358000.0,76825000.0,19574000.0,,0.848,4514333000.0,,,4514333000.0,0.0,85058000.0,50251000.0,0.051,0.595,59421000.0,144479000.0,0.625,144479000.0,59421000.0,19046000.0,0.11,0.11,0.11,6121983000.0,,6121983000.0,11683990865.0,48.0,19.377,52290000.0,0.308,1.0,154288000.0,0.668,215376000.0,40375000.0,15097908000.0,,0.0,474285000.0,,,5189107000.0,,,7784275865.0,-149487000.0,14119000.0,-251000.0,-106170000.0,-100562000.0,-215655000.0,-25573000.0,-241000.0,91741000.0,0.0,19046000.0,19046000.0,19046000.0,0.0,528000.0,0.082,108740000.0,45548000.0,223990000.0,5.409,1.272,85.57,84.981,9589868000.0,0.0,45.89,7.169,7.169,186232000.0,-1615077000.0,231113000.0,231113000.0,0.0,,,,,7784000.0,21202000.0,1.0,169629023.0,169629023.0,,1.362,11170933000.0,0.0,0.0,0.0,65.855,
5,REG,MRQ,2020-03-31,2020-03-31,2020-03-31,2021-08-06,-25531000.0,11568311000.0,,,,,36.964,30446000.0,736845000.0,736845000.0,78256000.0,-24783000.0,,0.854,4636560000.0,,,4636560000.0,0.0,89295000.0,48573000.0,0.061,0.595,12104000.0,101399000.0,0.357,101399000.0,12104000.0,-25332000.0,-0.15,-0.15,-0.15,6199422000.0,,6199422000.0,10472221345.0,38.0,16.338,156124000.0,0.931,1.0,205402000.0,0.724,228819000.0,37436000.0,15239207000.0,,0.0,489500000.0,,,5293076000.0,,,6445321345.0,621283000.0,-32972000.0,120524000.0,481109000.0,-99409000.0,498158000.0,-2553000.0,-27000.0,125678000.0,0.0,-25332000.0,-25332000.0,-25332000.0,0.0,549000.0,-0.089,104337000.0,101065000.0,194835000.0,-3.967,1.04,52.125,51.932,9627489000.0,0.0,38.43,5.701,5.701,148058000.0,-1533182000.0,283658000.0,283658000.0,0.0,,,,,-1008000.0,13705000.0,1.0,167715882.0,167715882.0,,1.691,11339492000.0,0.0,0.0,0.0,67.611,
6,REG,MRQ,2019-12-31,2019-12-31,2019-12-31,2021-08-06,-11997000.0,11132253000.0,,,,,37.08,-32100000.0,115562000.0,115562000.0,79790000.0,41131000.0,,0.779,4142462000.0,,,4142462000.0,0.0,91644000.0,58865000.0,0.037,0.585,78377000.0,170021000.0,0.589,170021000.0,78377000.0,40291000.0,0.24,0.24,0.24,6213348000.0,,6213348000.0,14634994640.0,37.0,19.131,119815000.0,0.715,1.0,208942000.0,0.724,242822000.0,38086000.0,14916331000.0,,0.0,469522000.0,,,4842292000.0,,,10571606640.0,68101000.0,7365000.0,-40000.0,34350000.0,-97677000.0,-67430000.0,-16384000.0,-999000.0,151915000.0,0.0,40291000.0,40291000.0,40291000.0,0.0,840000.0,0.14,113234000.0,95708000.0,213705000.0,2.438,1.701,44.153,44.119,9667483000.0,0.0,63.09,9.329,9.329,169337000.0,-1408062000.0,288732000.0,288732000.0,0.0,,,,,5241000.0,18262000.0,1.0,167563903.0,167563903.0,,1.723,10889431000.0,0.0,0.0,0.0,64.987,
7,REG,MRQ,2019-09-30,2019-09-30,2019-09-30,2021-08-06,-15804000.0,11172950000.0,,,,,37.377,-226035000.0,47461000.0,47461000.0,75296000.0,57944000.0,,0.772,4110849000.0,,,4110849000.0,0.0,91856000.0,53227000.0,0.033,0.585,95218000.0,187074000.0,0.663,187074000.0,95218000.0,56965000.0,0.34,0.34,0.34,6262739000.0,,6262739000.0,15508601906.0,36.0,19.296,-46002000.0,-0.275,1.0,206980000.0,0.733,264681000.0,38253000.0,14971657000.0,,0.0,472863000.0,,,4833103000.0,,,11643541906.0,10097000.0,-24363000.0,-16000.0,188088000.0,-97675000.0,82863000.0,-252799000.0,-2401000.0,180033000.0,0.0,56965000.0,56965000.0,56965000.0,0.0,979000.0,0.202,110380000.0,96600000.0,219529000.0,1.721,1.859,41.877,41.861,9747890000.0,0.0,69.49,10.313,10.313,161381000.0,-1350331000.0,282276000.0,282276000.0,0.0,,,,,3981000.0,16705000.0,1.0,167557086.0,167557086.0,,1.685,10908269000.0,0.0,0.0,0.0,65.102,
8,REG,MRQ,2019-06-30,2019-06-30,2019-06-30,2021-08-06,-14086000.0,10947189000.0,,,,,37.613,-52506000.0,37364000.0,37364000.0,76265000.0,52690000.0,,0.729,3902424000.0,,,3902424000.0,0.0,93589000.0,45527000.0,0.034,0.585,88901000.0,182490000.0,0.662,182490000.0,88901000.0,51728000.0,0.31,0.31,0.31,6300841000.0,,6300841000.0,15046273437.0,34.0,18.526,105453000.0,0.629,1.0,199607000.0,0.724,262553000.0,37173000.0,14549696000.0,,0.0,465495000.0,,,4594341000.0,,,11180197437.0,-5420000.0,-8230000.0,1000.0,-3215000.0,-97638000.0,-102868000.0,-60511000.0,225000.0,157959000.0,0.0,51728000.0,51728000.0,51728000.0,0.0,962000.0,0.188,113839000.0,85768000.0,188723000.0,1.887,1.774,38.446,38.578,9531966000.0,0.0,66.74,9.938,9.938,157883000.0,-1309278000.0,275872000.0,275872000.0,0.0,,,,,4497000.0,18717000.0,1.0,167518691.0,167518691.0,,1.647,10684636000.0,0.0,0.0,0.0,63.782,
9,REG,MRQ,2019-03-31,2019-03-31,2019-03-31,2021-08-06,-6096000.0,11017604000.0,,,,,37.913,25632000.0,42784000.0,42784000.0,74793000.0,91493000.0,,0.727,3908860000.0,,,3908860000.0,0.0,97194000.0,46923000.0,0.033,0.585,128198000.0,225392000.0,0.787,225392000.0,128198000.0,90446000.0,0.54,0.54,0.54,6350695000.0,,6350695000.0,14975011929.0,34.0,18.61,156996000.0,0.937,1.0,211464000.0,0.739,280613000.0,37752000.0,14603067000.0,,0.0,456733000.0,,,4614831000.0,,,11304989929.0,-2406000.0,22000000.0,-38918000.0,-26332000.0,-97608000.0,-180771000.0,47001000.0,-631000.0,131364000.0,0.0,90446000.0,90446000.0,90446000.0,0.0,1047000.0,0.316,119628000.0,91836000.0,183983000.0,1.083,1.78,39.402,39.7,9581511000.0,0.0,67.49,10.0,10.0,160635000.0,-1263011000.0,286257000.0,286257000.0,0.0,,,,,5789000.0,21300000.0,1.0,167506148.0,167506148.0,,1.709,10736991000.0,0.0,0.0,0.0,64.099,
10,REG,MRQ,2018-12-31,2018-12-31,2018-12-31,2021-08-06,-927000.0,10944663000.0,,,,,37.759,47734000.0,45190000.0,45190000.0,83870000.0,79737000.0,,0.702,3715212000.0,,,3715212000.0,0.0,92876000.0,57750000.0,0.038,0.555,115884000.0,208760000.0,0.734,208760000.0,115884000.0,78905000.0,0.47,0.46,0.47,6397970000.0,,6397970000.0,13615644634.0,34.0,17.98,193306000.0,1.141,1.0,200690000.0,0.705,387069000.0,36979000.0,14227616000.0,,0.0,463001000.0,,,4494495000.0,,,9942922634.0,704000.0,-6557000.0,-88862000.0,0.0,-93702000.0,-186025000.0,41157000.0,-20000.0,145572000.0,0.0,78905000.0,78905000.0,78905000.0,0.0,832000.0,0.277,109681000.0,91009000.0,224807000.0,1.181,1.554,39.911,39.918,9388234000.0,0.0,58.68,8.87,8.87,172359000.0,-1255465000.0,284560000.0,284560000.0,0.0,,,,,1063000.0,13544000.0,1.0,169443126.0,169443126.0,,1.679,10557594000.0,0.0,0.0,0.0,62.308,
11,REG,MRQ,2018-09-30,2018-09-30,2018-09-30,2021-08-06,14066000.0,11057030000.0,,,,,38.434,55068000.0,44486000.0,44486000.0,75686000.0,70534000.0,,0.692,3717208000.0,,,3717208000.0,0.0,89183000.0,43988000.0,0.034,0.555,106340000.0,195523000.0,0.703,195523000.0,106340000.0,69722000.0,0.41,0.41,0.41,6512094000.0,,6512094000.0,14745667107.0,38.0,19.669,218917000.0,1.292,1.0,202624000.0,0.728,412653000.0,36618000.0,14317099000.0,,0.0,0.0,,,4504787000.0,,,10957407107.0,1246000.0,-7886000.0,-17000.0,-111838000.0,-93717000.0,-209333000.0,46730000.0,-452000.0,163849000.0,0.0,69722000.0,69722000.0,69722000.0,0.0,812000.0,0.251,108792000.0,93832000.0,236250000.0,1.354,1.683,42.909,42.546,9926164000.0,0.0,64.67,9.951,9.951,160709000.0,-1240331000.0,278310000.0,278310000.0,0.0,,,,,4369000.0,17564000.0,1.0,169435706.0,169435706.0,,1.643,10644377000.0,0.0,0.0,0.0,62.823,
12,REG,MRQ,2018-06-30,2018-06-30,2018-06-30,2021-08-06,10317000.0,11181730000.0,,,,,38.534,-95025000.0,43240000.0,43240000.0,73392000.0,48589000.0,,0.707,3831500000.0,,,3831500000.0,0.0,89104000.0,49124000.0,0.035,0.555,85915000.0,175019000.0,0.622,175019000.0,85915000.0,47841000.0,0.28,0.28,0.28,6528100000.0,,6528100000.0,14263635281.0,37.0,19.194,56013000.0,0.331,1.0,208020000.0,0.739,432951000.0,38074000.0,14537039000.0,,0.0,0.0,,,4612942000.0,,,10517003281.0,-50396000.0,-8146000.0,0.0,-6199000.0,-93710000.0,-114729000.0,-86705000.0,16466000.0,151038000.0,0.0,47841000.0,47841000.0,47841000.0,0.0,748000.0,0.17,108680000.0,99340000.0,215300000.0,1.982,1.611,42.873,42.521,10036816000.0,0.0,62.08,9.693,9.693,155540000.0,-1216018000.0,281412000.0,281412000.0,0.0,,,,,3681000.0,16776000.0,1.0,169410491.0,169410491.0,,1.661,10748779000.0,0.0,0.0,0.0,63.448,
13,REG,MRQ,2018-03-31,2018-03-31,2018-03-31,2021-08-06,4764000.0,11233856000.0,,,,,38.434,-68812000.0,93636000.0,93636000.0,72941000.0,53465000.0,,0.705,3840268000.0,,,3840268000.0,0.0,88525000.0,48428000.0,0.036,0.555,89445000.0,177970000.0,0.643,177970000.0,89445000.0,52660000.0,0.31,0.31,0.31,6564301000.0,,6564301000.0,13619053605.0,36.0,18.274,81056000.0,0.475,1.0,203752000.0,0.736,455589000.0,36785000.0,14524899000.0,,0.0,0.0,,,4628475000.0,,,10073457605.0,44255000.0,-37002000.0,-131645000.0,241251000.0,-94849000.0,1593000.0,-107206000.0,-1392000.0,149868000.0,0.0,52660000.0,52660000.0,52660000.0,0.0,805000.0,0.19,107763000.0,95989000.0,212515000.0,1.79,1.535,40.977,40.397,10010225000.0,0.0,58.98,9.46,9.46,159587000.0,-1169828000.0,276693000.0,276693000.0,0.0,,,,,3437000.0,17606000.0,1.0,170794466.0,170794466.0,,1.62,10778267000.0,0.0,0.0,0.0,63.107,
14,REG,MRQ,2017-12-31,2017-12-31,2017-12-31,2021-08-06,-6289000.0,11145717000.0,,,,,39.339,-136873000.0,49381000.0,49381000.0,70189000.0,85941000.0,,0.659,3594977000.0,,,3594977000.0,0.0,90444000.0,46013000.0,0.03,0.53,110746000.0,201190000.0,0.76,201190000.0,110746000.0,75402000.0,0.52,0.52,0.52,6692052000.0,,6692052000.0,15259730900.0,51.0,24.101,-12515000.0,-0.074,1.0,194561000.0,0.735,478826000.0,35344000.0,14212487000.0,,0.0,386304000.0,,,4412663000.0,,,11768241900.0,18740000.0,-10883000.0,89060000.0,49070000.0,-89854000.0,43869000.0,-149487000.0,-1731000.0,124358000.0,0.0,85139000.0,85139000.0,85139000.0,0.0,802000.0,0.322,116054000.0,78507000.0,234272000.0,1.019,1.759,73.575,69.18,9553050000.0,0.0,69.18,11.956,11.956,170985000.0,-1158170000.0,264750000.0,264750000.0,0.0,,,,,4672000.0,18006000.0,1.0,170110464.0,170110464.0,,1.556,10666891000.0,0.0,-9737000.0,0.0,62.706,
15,REG,MRQ,2017-09-30,2017-09-30,2017-09-30,2021-08-06,-14141000.0,11118745000.0,,,,,38.773,-82649000.0,30641000.0,30641000.0,67335000.0,63582000.0,,0.68,3522130000.0,,,3522130000.0,0.0,91473000.0,46351000.0,0.033,0.53,97492000.0,188965000.0,0.721,188965000.0,97492000.0,62813000.0,0.35,0.35,0.35,6595462000.0,,6595462000.0,13956596827.0,52.0,25.102,85707000.0,0.504,1.0,194806000.0,0.743,508868000.0,34679000.0,14101366000.0,,0.0,0.0,,,4482061000.0,,,10553271827.0,-74060000.0,-3297000.0,-229000.0,17911000.0,-89852000.0,-152858000.0,-89558000.0,-3612000.0,168356000.0,0.0,62813000.0,59666000.0,59666000.0,0.0,769000.0,0.228,109868000.0,84938000.0,276363000.0,1.514,1.6,80.757,67.435,9973479000.0,3147000.0,62.04,12.004,12.004,143153000.0,-1153153000.0,262141000.0,262141000.0,0.0,,,,,3947000.0,15199000.0,1.0,170104317.0,170104317.0,,1.541,10609877000.0,0.0,0.0,0.0,62.373,
16,REG,MRQ,2017-06-30,2017-06-30,2017-06-30,2021-08-06,-16435000.0,11192344000.0,,,,,39.348,-85390000.0,104701000.0,104701000.0,64976000.0,50173000.0,,0.666,3508026000.0,,,3508026000.0,0.0,92231000.0,50126000.0,0.033,0.53,84900000.0,177131000.0,0.678,177131000.0,84900000.0,49493000.0,0.28,0.28,0.28,6692286000.0,,6692286000.0,14016043674.0,68.0,31.837,59024000.0,0.347,1.0,196329000.0,0.751,540119000.0,35407000.0,14055550000.0,,0.0,29839000.0,,,4458309000.0,,,10653659674.0,59859000.0,5431000.0,-723000.0,112785000.0,-89655000.0,-2885000.0,-81670000.0,-1711000.0,144414000.0,0.0,49493000.0,48368000.0,48368000.0,0.0,680000.0,0.185,115838000.0,80491000.0,246462000.0,1.893,1.592,139.596,101.032,10014231000.0,1125000.0,62.64,13.84,13.84,125372000.0,-1122666000.0,261305000.0,261305000.0,0.0,,,,,2581000.0,16746000.0,1.0,170077581.0,170077581.0,,1.536,10652225000.0,0.0,0.0,0.0,62.632,
17,REG,MRQ,2017-03-31,2017-03-31,2017-03-31,2021-08-06,-15791000.0,11135972000.0,,,,,64.289,-61574000.0,44842000.0,44842000.0,51213000.0,-20715000.0,,0.649,3407226000.0,,,3407226000.0,0.0,60053000.0,41136000.0,0.03,0.51,5882000.0,65935000.0,0.336,65935000.0,5882000.0,-21317000.0,-0.26,-0.26,-0.26,6731349000.0,,6731349000.0,8575882182.0,47.0,23.311,-28918000.0,-0.276,1.0,144918000.0,0.739,606707000.0,27199000.0,13891649000.0,,0.0,29025000.0,,,4371469000.0,,,6951341182.0,26963000.0,-624967000.0,-18199000.0,1016579000.0,-53289000.0,680822000.0,-686515000.0,26000.0,32656000.0,0.0,-21367000.0,-33223000.0,-33223000.0,0.0,652000.0,-0.169,149238000.0,-4320000.0,242638000.0,-1.962,1.033,110.761,94.843,10196730000.0,11856000.0,66.39,10.518,10.518,119843000.0,-1080882000.0,196131000.0,196131000.0,0.0,,,,,13193000.0,17673000.0,1.0,104704642.0,104704642.0,,1.873,10529265000.0,0.0,50000.0,0.0,100.562,
18,REG,MRQ,2016-12-31,2016-12-31,2016-12-31,2021-08-06,-18346000.0,4488906000.0,,,,,24.799,-35192000.0,17879000.0,17879000.0,41953000.0,61658000.0,,0.719,1642420000.0,,,1642420000.0,0.0,42606000.0,28868000.0,0.029,0.5,81356000.0,123962000.0,0.777,123962000.0,81356000.0,61133000.0,0.55,0.54,0.55,2591301000.0,,2591301000.0,8787527518.0,34.0,21.025,36652000.0,0.351,1.0,117608000.0,0.737,118831000.0,20223000.0,5994616000.0,,0.0,0.0,,,1864404000.0,,,7204813518.0,-26790000.0,-20478000.0,-625000.0,17004000.0,-51980000.0,-44586000.0,-54048000.0,1622000.0,71844000.0,0.0,61133000.0,55868000.0,55868000.0,0.0,525000.0,0.35,67524000.0,50084000.0,138936000.0,0.909,2.78,50.082,48.217,4105807000.0,5265000.0,68.95,11.727,11.727,111722000.0,-994259000.0,159561000.0,159561000.0,0.0,,,,,3504000.0,16632000.0,1.0,104493307.0,104493307.0,,1.527,4370075000.0,0.0,0.0,0.0,41.822,
19,REG,MRQ,2016-09-30,2016-09-30,2016-09-30,2021-08-06,-35739000.0,4458288000.0,,,,,24.568,-60301000.0,44907000.0,44907000.0,40431000.0,11114000.0,,0.724,1627621000.0,,,1627621000.0,0.0,40706000.0,28239000.0,0.026,0.5,32516000.0,73222000.0,0.479,73222000.0,32516000.0,10571000.0,0.05,0.05,0.05,2567145000.0,,2567145000.0,10052666610.0,45.0,26.547,13735000.0,0.131,1.0,112337000.0,0.735,122738000.0,21945000.0,5918264000.0,,0.0,39760000.0,,,1858004000.0,,,8096894610.0,15963000.0,20236000.0,399781000.0,-344777000.0,-51988000.0,-19513000.0,-38560000.0,1505000.0,74036000.0,0.0,10571000.0,5305000.0,5305000.0,0.0,543000.0,0.035,57797000.0,54540000.0,145689000.0,10.0,3.154,76.674,71.092,4064932000.0,5266000.0,77.49,13.473,13.473,92747000.0,-997881000.0,152768000.0,152768000.0,0.0,,,,,3185000.0,16046000.0,1.0,104489542.0,104489542.0,,1.462,4335550000.0,0.0,0.0,0.0,41.493,
20,REG,MRQ,2016-06-30,2016-06-30,2016-06-30,2021-08-06,-80038000.0,4436602000.0,,,,,22.198,-313506000.0,28444000.0,28444000.0,40478000.0,40644000.0,,1.031,1984216000.0,,,1984216000.0,0.0,40299000.0,26974000.0,0.024,0.5,64477000.0,104776000.0,0.687,104776000.0,64477000.0,40076000.0,0.36,0.35,0.36,2166756000.0,,2166756000.0,9977251003.0,37.0,23.389,-239028000.0,-2.449,1.0,111934000.0,0.734,124325000.0,24401000.0,6268049000.0,,0.0,40419000.0,,,2234577000.0,,,8172981003.0,-2198000.0,4565000.0,137495000.0,150697000.0,-48551000.0,232015000.0,-308691000.0,250000.0,74478000.0,0.0,40076000.0,34810000.0,34810000.0,0.0,568000.0,0.228,59089000.0,52845000.0,165611000.0,1.389,3.772,53.062,52.006,4051500000.0,5266000.0,83.73,13.846,13.846,94056000.0,-950941000.0,152412000.0,152412000.0,0.0,,,,,3145000.0,16350000.0,1.0,97611143.0,97611143.0,,1.561,4312277000.0,0.0,0.0,0.0,44.178,
21,REG,MRQ,2016-03-31,2016-03-31,2016-03-31,2021-08-06,-72893000.0,4147373000.0,,,,,20.969,-22511000.0,31030000.0,31030000.0,38555000.0,53577000.0,,1.009,1835300000.0,,,1835300000.0,0.0,38716000.0,28217000.0,0.026,0.5,77285000.0,116001000.0,0.775,116001000.0,77285000.0,53143000.0,0.49,0.49,0.49,2046671000.0,,2046671000.0,9137703247.0,33.0,21.631,54308000.0,0.556,1.0,111073000.0,0.742,112513000.0,24142000.0,5839130000.0,,0.0,40102000.0,,,2065000000.0,,,7305848247.0,-9719000.0,15858000.0,5213000.0,-27281000.0,-48510000.0,-79205000.0,-7333000.0,-680000.0,76819000.0,0.0,53143000.0,47877000.0,47877000.0,0.0,434000.0,0.32,57321000.0,53752000.0,157732000.0,1.02,3.57,48.16,46.781,3776194000.0,5266000.0,74.85,12.618,12.618,90769000.0,-936945000.0,149628000.0,149628000.0,0.0,,,,,2473000.0,16299000.0,1.0,97606523.0,97606523.0,,1.533,4034860000.0,0.0,0.0,0.0,41.338,
22,REG,MRQ,2015-12-31,2015-12-31,2015-12-31,2021-08-06,-58693000.0,4182881000.0,,,,,21.815,-39041000.0,40623000.0,40623000.0,36872000.0,23539000.0,,1.022,1864285000.0,,,1864285000.0,0.0,37580000.0,29427000.0,0.028,0.485,47090000.0,84670000.0,0.579,84670000.0,47090000.0,22875000.0,0.19,0.18,0.19,2054109000.0,,2054109000.0,8408961039.0,33.0,21.048,29739000.0,0.316,1.0,109295000.0,0.748,105380000.0,24215000.0,5901163000.0,,0.0,29093000.0,,,2100261000.0,,,6414331039.0,12976000.0,7377000.0,187591000.0,-149150000.0,-45384000.0,-24812000.0,-30992000.0,672000.0,68780000.0,0.0,22875000.0,17610000.0,17610000.0,0.0,664000.0,0.12,59964000.0,49331000.0,164515000.0,2.553,3.123,49.726,49.723,3808319000.0,5265000.0,68.12,11.258,11.258,106164000.0,-936020000.0,146167000.0,146167000.0,0.0,,,,,3519000.0,19373000.0,1.0,94162229.0,94162229.0,,1.552,4077501000.0,0.0,0.0,0.0,43.303,
23,REG,MRQ,2015-09-30,2015-09-30,2015-09-30,2021-08-06,-62307000.0,4170887000.0,,,,,19.956,-15422000.0,29022000.0,29022000.0,35805000.0,59734000.0,,1.204,2023652000.0,,,2023652000.0,0.0,37031000.0,24726000.0,0.031,0.485,84096000.0,121127000.0,0.853,121127000.0,84096000.0,58997000.0,0.57,0.57,0.57,1879026000.0,,1879026000.0,7806716058.0,25.0,17.03,73928000.0,0.785,1.0,106263000.0,0.748,108400000.0,25099000.0,6057117000.0,,0.0,39605000.0,,,2262843000.0,,,5851856058.0,-3234000.0,-17300000.0,42000.0,-5914000.0,-45383000.0,-60936000.0,-31648000.0,1074000.0,89350000.0,0.0,58997000.0,53731000.0,53731000.0,0.0,737000.0,0.378,53662000.0,52601000.0,171304000.0,0.851,3.114,31.649,31.231,3805369000.0,5266000.0,62.15,10.454,10.454,86077000.0,-907962000.0,142068000.0,142068000.0,0.0,,,,,1568000.0,14750000.0,1.0,94156976.0,94156976.0,,1.509,4062487000.0,0.0,0.0,0.0,43.146,
24,REG,MRQ,2015-06-30,2015-06-30,2015-06-30,2021-08-06,-48799000.0,4098268000.0,,,,,19.939,-31418000.0,33840000.0,33840000.0,35852000.0,38280000.0,,1.164,1988700000.0,,,1988700000.0,0.0,36226000.0,27161000.0,0.032,0.485,64421000.0,100647000.0,0.713,100647000.0,64421000.0,37746000.0,0.35,0.34,0.35,1880735000.0,,1880735000.0,7514888018.0,24.0,16.535,41537000.0,0.44,1.0,105277000.0,0.746,46737000.0,26675000.0,6006391000.0,,0.0,41811000.0,,,2188401000.0,,,5563240018.0,-9375000.0,12297000.0,-37000.0,-4202000.0,-45352000.0,-60711000.0,-21619000.0,-2498000.0,72955000.0,0.0,37746000.0,32480000.0,32480000.0,0.0,534000.0,0.23,53103000.0,52174000.0,142415000.0,1.386,2.958,31.06,30.402,3787836000.0,5266000.0,58.98,10.092,10.092,84674000.0,-916027000.0,141129000.0,141129000.0,0.0,,,,,2670000.0,15099000.0,1.0,94324178.0,94324178.0,,1.496,4051531000.0,0.0,0.0,0.0,42.953,
25,REG,MRQ,2015-03-31,2015-03-31,2015-03-31,2021-08-06,-69277000.0,4118397000.0,,,,,19.863,-55633000.0,43079000.0,43079000.0,36303000.0,30992000.0,,1.187,1994727000.0,,,1994727000.0,0.0,35992000.0,27045000.0,0.028,0.485,57073000.0,93065000.0,0.663,93065000.0,57073000.0,30440000.0,0.27,0.27,0.27,1869654000.0,,1869654000.0,8303971189.0,27.0,18.534,-1175000.0,-0.012,1.0,104096000.0,0.741,49363000.0,26633000.0,6020682000.0,,0.0,41764000.0,,,2219518000.0,,,6404403189.0,-77287000.0,1373000.0,992000.0,-24426000.0,-45273000.0,-76658000.0,-55087000.0,-827000.0,54458000.0,0.0,30440000.0,25174000.0,25174000.0,0.0,552000.0,0.179,53536000.0,50560000.0,166659000.0,1.796,3.425,37.211,36.385,3809200000.0,5266000.0,68.04,11.751,11.751,84847000.0,-902845000.0,140399000.0,140399000.0,0.0,,,,,3531000.0,16378000.0,1.0,94127031.0,94127031.0,,1.492,4069034000.0,0.0,0.0,0.0,43.229,
26,REG,MRQ,2014-12-31,2014-12-31,2014-12-31,2021-08-06,-57748000.0,4197170000.0,,,,,20.447,-35788000.0,121789000.0,121789000.0,34138000.0,79188000.0,,1.186,2021357000.0,,,2021357000.0,0.0,37436000.0,25991000.0,0.029,0.47,106129000.0,143565000.0,1.054,143565000.0,106129000.0,78779000.0,0.8,0.8,0.8,1906592000.0,,1906592000.0,7860287541.0,26.0,17.677,24144000.0,0.259,1.0,102027000.0,0.749,52365000.0,27350000.0,6044373000.0,,0.0,40266000.0,,,2260688000.0,,,5947091541.0,13068000.0,-10329000.0,53153000.0,-24516000.0,-43856000.0,-22874000.0,-23990000.0,22127000.0,59932000.0,0.0,78779000.0,73514000.0,73514000.0,0.0,409000.0,0.54,56636000.0,45391000.0,181197000.0,0.588,3.119,35.755,35.433,3809345000.0,5265000.0,63.78,11.056,11.056,86767000.0,-882372000.0,136165000.0,136165000.0,0.0,,,,,3553000.0,16359000.0,1.0,93243831.0,93243831.0,,1.46,4144805000.0,0.0,0.0,0.0,44.451,
27,REG,MRQ,2014-09-30,2014-09-30,2014-09-30,2021-08-06,-33963000.0,4128088000.0,,,,,19.979,-30364000.0,110047000.0,110047000.0,32981000.0,53440000.0,,1.222,2023243000.0,,,2023243000.0,0.0,36427000.0,24888000.0,0.035,0.47,80769000.0,117196000.0,0.877,117196000.0,80769000.0,53208000.0,0.52,0.52,0.52,1845221000.0,,1845221000.0,6957040273.0,26.0,16.759,67850000.0,0.735,1.0,100578000.0,0.753,52240000.0,27561000.0,5989044000.0,,0.0,39497000.0,,,2253959000.0,,,4971625273.0,63972000.0,6695000.0,49300000.0,-5502000.0,-43116000.0,-10578000.0,-23664000.0,5000.0,98214000.0,0.0,53208000.0,47942000.0,47942000.0,0.0,232000.0,0.359,52942000.0,47636000.0,173997000.0,0.904,2.694,35.731,35.649,3731300000.0,5266000.0,53.83,9.421,9.421,80666000.0,-912041000.0,133559000.0,133559000.0,0.0,,,,,2131000.0,14463000.0,1.0,92357891.0,92357891.0,,1.446,4075848000.0,0.0,0.0,0.0,44.131,
28,REG,MRQ,2014-06-30,2014-06-30,2014-06-30,2021-08-06,-36412000.0,4043771000.0,,,,,19.34,-44299000.0,45648000.0,45648000.0,34396000.0,31161000.0,,1.246,2031063000.0,,,2031063000.0,0.0,36023000.0,23540000.0,0.033,0.47,58193000.0,94216000.0,0.698,94216000.0,58193000.0,30748000.0,0.28,0.28,0.28,1785911000.0,,1785911000.0,7097872795.0,28.0,17.816,23033000.0,0.249,1.0,100496000.0,0.745,53543000.0,27445000.0,5975643000.0,,0.0,39521000.0,,,2225369000.0,,,5141533795.0,1577000.0,13049000.0,0.0,32745000.0,-42981000.0,-20172000.0,-45583000.0,-14333000.0,67332000.0,0.0,30748000.0,25482000.0,25482000.0,0.0,413000.0,0.189,53041000.0,47455000.0,141063000.0,1.679,2.879,40.743,40.642,3702682000.0,5266000.0,55.68,9.993,9.993,87183000.0,-916576000.0,134892000.0,134892000.0,0.0,,,,,2892000.0,15223000.0,1.0,92340765.0,92340765.0,,1.461,3990228000.0,0.0,0.0,0.0,43.212,
29,REG,MRQ,2014-03-31,2014-03-31,2014-03-31,2021-08-06,-28599000.0,4035551000.0,,,,,19.585,-121119000.0,44351000.0,44351000.0,35304000.0,25056000.0,,1.214,2000690000.0,,,2000690000.0,0.0,37905000.0,25847000.0,0.036,0.47,51789000.0,89694000.0,0.673,89694000.0,51789000.0,24655000.0,0.21,0.21,0.21,1808352000.0,,1808352000.0,6479043297.0,25.0,16.137,-68855000.0,-0.746,1.0,97976000.0,0.735,57028000.0,27134000.0,5934862000.0,,0.0,38914000.0,,,2194465000.0,,,4714550297.0,-45525000.0,4160000.0,0.0,70000000.0,-42947000.0,19264000.0,-117053000.0,-94000.0,52264000.0,0.0,24655000.0,19389000.0,19389000.0,0.0,401000.0,0.145,54276000.0,43700000.0,136800000.0,2.238,2.607,35.561,35.458,3700813000.0,5266000.0,51.06,9.393,9.393,84986000.0,-898787000.0,133280000.0,133280000.0,0.0,,,,,2472000.0,14198000.0,1.0,92333535.0,92333535.0,,1.443,3978523000.0,0.0,0.0,0.0,43.089,
30,REG,MRQ,2013-12-31,2013-12-31,2013-12-31,2021-08-06,-17404000.0,3913516000.0,,,,,19.965,-67225000.0,90204000.0,90204000.0,33012000.0,52017000.0,,1.113,1854697000.0,,,1854697000.0,0.0,35834000.0,23911000.0,0.04,0.463,78194000.0,114028000.0,0.905,114028000.0,78194000.0,51591000.0,0.5,0.5,0.5,1843354000.0,,1843354000.0,6071208213.0,23.0,15.44,-17056000.0,-0.185,1.0,92993000.0,0.738,44805000.0,26603000.0,5633204000.0,,0.0,38641000.0,,,2052382000.0,,,4274761213.0,17982000.0,66498000.0,0.0,-8421000.0,-42245000.0,-52808000.0,20621000.0,21348000.0,50169000.0,0.0,51591000.0,46326000.0,46326000.0,-30960000.0,426000.0,0.368,53058000.0,39935000.0,147045000.0,0.926,2.319,33.204,33.071,3540507000.0,5265000.0,46.3,8.742,8.742,76931000.0,-874916000.0,126005000.0,126005000.0,0.0,,,,,4235000.0,13292000.0,1.0,92327456.0,92327456.0,,1.365,3868711000.0,0.0,0.0,0.0,41.902,
31,REG,MRQ,2013-09-30,2013-09-30,2013-09-30,2021-08-06,-28430000.0,3896553000.0,,,,,19.771,-25912000.0,67990000.0,67990000.0,30129000.0,40664000.0,,1.129,1864437000.0,,,1864437000.0,0.0,33450000.0,22454000.0,0.038,0.463,67014000.0,100464000.0,0.835,100464000.0,67014000.0,40264000.0,0.38,0.38,0.38,1824666000.0,,1824666000.0,6289898252.0,33.0,19.682,65316000.0,0.708,1.0,90189000.0,0.75,39134000.0,26750000.0,5653866000.0,,0.0,51549000.0,,,2059458000.0,,,4462271252.0,3559000.0,17216000.0,1475000.0,-25090000.0,-42232000.0,-78972000.0,-8697000.0,-1000.0,91228000.0,0.0,40264000.0,34998000.0,34998000.0,-17592000.0,400000.0,0.291,48648000.0,41541000.0,147087000.0,1.218,2.446,98.642,100.729,3550059000.0,5266000.0,48.35,9.418,9.418,73801000.0,-878753000.0,120318000.0,120318000.0,0.0,,,,,4040000.0,15001000.0,1.0,92291029.0,92291029.0,,1.304,3857419000.0,0.0,0.0,0.0,41.796,
32,REG,MRQ,2013-06-30,2013-06-30,2013-06-30,2021-08-06,-31319000.0,3899903000.0,,,,,19.908,6066000.0,64497000.0,64497000.0,31231000.0,37469000.0,,1.132,1892124000.0,,,1892124000.0,0.0,32406000.0,14229000.0,0.036,0.463,64910000.0,97316000.0,0.796,97316000.0,64910000.0,37129000.0,0.35,0.35,0.35,1823618000.0,,1823618000.0,6556378389.0,39.0,22.091,74118000.0,0.809,1.0,91076000.0,0.745,41331000.0,27781000.0,5686199000.0,,0.0,42959000.0,,,2063871000.0,,,4654427389.0,36741000.0,270000.0,46670000.0,-36349000.0,-42006000.0,-39658000.0,8347000.0,2011000.0,68052000.0,0.0,37129000.0,31864000.0,31864000.0,-14110000.0,340000.0,0.261,47627000.0,43449000.0,131181000.0,1.323,2.552,212.764,220.913,3564435000.0,5265000.0,50.81,9.922,9.922,72082000.0,-871266000.0,122307000.0,122307000.0,0.0,,,,,3107000.0,14966000.0,1.0,91604554.0,91604554.0,,1.335,3858572000.0,0.0,0.0,0.0,42.122,
33,REG,MRQ,2013-03-31,2013-03-31,2013-03-31,2021-08-06,-51983000.0,3861387000.0,,,,,19.501,-32252000.0,28492000.0,28492000.0,30372000.0,21134000.0,,1.183,1930443000.0,,,1930443000.0,0.0,32764000.0,14618000.0,0.035,0.463,48652000.0,81416000.0,0.676,81416000.0,48652000.0,20820000.0,0.17,0.17,0.17,1762794000.0,,1762794000.0,6695908868.0,46.0,24.61,9030000.0,0.1,1.0,90006000.0,0.748,40391000.0,27832000.0,5722947000.0,,0.0,44222000.0,,,2085691000.0,,,4782838868.0,53000.0,3127000.0,51642000.0,-16750000.0,-41290000.0,-11141000.0,-30088000.0,-963000.0,41282000.0,0.0,20820000.0,15554000.0,15554000.0,-2623000.0,314000.0,0.129,50610000.0,39396000.0,121120000.0,2.724,2.713,-1114.621,-881.833,3576584000.0,5266000.0,52.91,10.1,10.1,75992000.0,-860832000.0,120378000.0,120378000.0,0.0,,,,,4103000.0,17975000.0,1.0,90395745.0,90395745.0,,1.332,3820996000.0,0.0,0.0,0.0,42.27,
34,REG,MRQ,2012-12-31,2012-12-31,2012-12-31,2021-08-06,-57715000.0,3853458000.0,,,,,19.148,-174240000.0,28821000.0,28821000.0,27374000.0,-31694000.0,,1.218,1941891000.0,,,1941891000.0,0.0,31622000.0,18146000.0,0.039,0.463,8762000.0,40384000.0,0.364,40384000.0,8762000.0,-18571000.0,-0.42,-0.42,-0.42,1730765000.0,,1730765000.0,6053108680.0,40.0,21.691,-113079000.0,-1.251,1.0,83435000.0,0.753,42459000.0,27333000.0,5724069000.0,,0.0,47180000.0,,,2107547000.0,,,4259093680.0,999000.0,62477000.0,-136000.0,103668000.0,-41268000.0,51577000.0,-111739000.0,24000.0,61161000.0,0.0,-31913000.0,-37179000.0,-37179000.0,31683000.0,219000.0,-0.336,47582000.0,35853000.0,127185000.0,-1.102,2.461,-639.12,-589.0,3570090000.0,5266000.0,47.12,8.987,8.987,76591000.0,-834810000.0,110809000.0,110809000.0,0.0,,,,,2703000.0,15917000.0,1.0,90388236.0,90388236.0,,1.226,3810999000.0,0.0,13342000.0,0.0,42.163,
35,REG,MRQ,2012-09-30,2012-09-30,2012-09-30,2021-08-06,-64378000.0,3797974000.0,,,,,20.006,171084000.0,27483000.0,27483000.0,28692000.0,19820000.0,,1.102,1821498000.0,,,1821498000.0,0.0,30155000.0,14053000.0,0.038,0.463,47521000.0,77676000.0,0.672,77676000.0,47521000.0,20059000.0,0.13,0.13,0.13,1799337000.0,,1799337000.0,6417044467.0,34.0,20.044,255867000.0,2.845,1.0,86897000.0,0.752,35581000.0,27462000.0,5556408000.0,,0.0,46985000.0,,,1983540000.0,,,4382777467.0,-1680000.0,16968000.0,21677000.0,-240002000.0,-41062000.0,-274655000.0,188192000.0,140000.0,84783000.0,0.0,19569000.0,11637000.0,11637000.0,-1811000.0,251000.0,0.101,45320000.0,41577000.0,129483000.0,3.562,2.436,113.385,116.024,3512895000.0,7932000.0,48.73,9.371,9.371,76897000.0,-756114000.0,115589000.0,115589000.0,0.0,,,,,3196000.0,15641000.0,1.0,89940026.0,89940026.0,,1.285,3762393000.0,0.0,490000.0,0.0,41.832,
36,REG,MRQ,2012-06-30,2012-06-30,2012-06-30,2021-08-06,-66731000.0,4025866000.0,,,,,20.042,-27969000.0,29105000.0,29105000.0,31220000.0,11348000.0,,1.225,2063372000.0,,,2063372000.0,0.0,33133000.0,20929000.0,0.039,0.463,39470000.0,72603000.0,0.573,72603000.0,39470000.0,11093000.0,0.06,0.06,0.06,1802396000.0,,1802396000.0,6267870714.0,33.0,19.584,40096000.0,0.446,1.0,95545000.0,0.754,26835000.0,28377000.0,6033298000.0,,0.0,46320000.0,,,2208267000.0,,,4277974714.0,-4085000.0,-26712000.0,0.0,30000000.0,-41058000.0,-17999000.0,-54151000.0,530000.0,68065000.0,0.0,11093000.0,5697000.0,5697000.0,1123000.0,255000.0,0.045,46868000.0,48677000.0,111995000.0,7.717,2.373,120.415,125.184,3731244000.0,5396000.0,47.57,9.004,9.004,88615000.0,-726444000.0,126765000.0,126765000.0,0.0,,,,,2052000.0,14020000.0,1.0,89930097.0,89930097.0,,1.41,3999031000.0,0.0,0.0,0.0,44.468,
37,REG,MRQ,2012-03-31,2012-03-31,2012-03-31,2021-08-06,-69083000.0,4004876000.0,,,,,20.379,-3445000.0,33521000.0,33521000.0,33629000.0,26735000.0,,1.179,2023417000.0,,,2023417000.0,0.0,32929000.0,19757000.0,0.042,0.463,56307000.0,89236000.0,0.707,89236000.0,56307000.0,27349000.0,0.14,0.14,0.14,1832530000.0,,1832530000.0,5964824282.0,30.0,18.194,39761000.0,0.442,1.0,92614000.0,0.734,25937000.0,28958000.0,5968835000.0,,0.0,47294000.0,,,2160262000.0,,,3999799282.0,15713000.0,-14380000.0,335000.0,42625000.0,-41035000.0,-8814000.0,-18679000.0,-854000.0,43206000.0,0.0,27118000.0,13181000.0,13181000.0,-6942000.0,-383000.0,0.104,49960000.0,42654000.0,104819000.0,3.307,2.183,93.692,96.696,3706336000.0,13937000.0,44.48,8.456,8.456,91963000.0,-690845000.0,126243000.0,126243000.0,0.0,,,,,3924000.0,16122000.0,1.0,89923545.0,89923545.0,,1.404,3978939000.0,0.0,231000.0,0.0,44.248,
38,REG,MRQ,2011-12-31,2011-12-31,2011-12-31,2021-08-06,-71429000.0,3987071000.0,,,,,20.112,-155677000.0,17452000.0,17452000.0,25570000.0,14180000.0,,1.171,1982440000.0,,,1982440000.0,0.0,33238000.0,20416000.0,0.049,0.463,47400000.0,80638000.0,0.814,80638000.0,47400000.0,16052000.0,0.09,0.09,0.09,1808355000.0,,1808355000.0,5411741243.0,30.0,17.358,-121019000.0,-1.346,1.0,73527000.0,0.742,27054000.0,31348000.0,5925005000.0,,0.0,57497000.0,,,2117417000.0,,,3382596243.0,-2529000.0,233584000.0,1000.0,-66192000.0,-40985000.0,-115175000.0,77988000.0,81000.0,34658000.0,0.0,13058000.0,8139000.0,8139000.0,-10109000.0,1122000.0,0.082,37458000.0,36069000.0,101899000.0,5.144,1.871,106.723,107.486,3697175000.0,4919000.0,37.62,7.19,7.19,85865000.0,-662735000.0,99097000.0,99097000.0,0.0,,,,,3529000.0,12316000.0,1.0,89914839.0,89914839.0,,1.102,3960017000.0,0.0,2994000.0,0.0,44.042,
39,REG,MRQ,2011-09-30,2011-09-30,2011-09-30,2021-08-06,-73800000.0,4095621000.0,,,,,20.424,-74062000.0,21195000.0,21195000.0,30874000.0,14541000.0,,1.197,2050340000.0,,,2050340000.0,0.0,33271000.0,19240000.0,0.052,0.463,44296000.0,77567000.0,0.631,77567000.0,44296000.0,13429000.0,0.09,0.09,0.09,1836198000.0,,1836198000.0,5128114955.0,40.0,19.667,7221000.0,0.08,1.0,92146000.0,0.749,26855000.0,30867000.0,6097911000.0,,0.0,56614000.0,,,2198147000.0,,,3176377955.0,2137000.0,-6295000.0,18000.0,54983000.0,-40982000.0,885000.0,-80031000.0,326000.0,81283000.0,0.0,13429000.0,8510000.0,8510000.0,-3444000.0,1112000.0,0.069,46362000.0,45784000.0,114873000.0,5.144,1.73,-221.443,-160.591,3806962000.0,4919000.0,35.33,6.678,6.678,77570000.0,-629626000.0,123020000.0,123020000.0,0.0,,,,,-2575000.0,11671000.0,1.0,89905971.0,89905971.0,,1.368,4068766000.0,0.0,0.0,0.0,45.256,
40,REG,MRQ,2011-06-30,2011-06-30,2011-06-30,2021-08-06,-76162000.0,4020290000.0,,,,,20.552,-23582000.0,18408000.0,18408000.0,30944000.0,18937000.0,,1.143,1970145000.0,,,1970145000.0,0.0,32057000.0,11152000.0,0.042,0.463,48343000.0,80400000.0,0.645,80400000.0,48343000.0,17780000.0,0.14,0.14,0.14,1847599000.0,,1847599000.0,5809494139.0,45.0,22.458,28803000.0,0.32,1.0,93699000.0,0.752,18320000.0,30563000.0,5953707000.0,,0.0,59216000.0,,,2111596000.0,,,3952787139.0,-48391000.0,-44021000.0,1481000.0,15421000.0,-40958000.0,-31701000.0,-69075000.0,-1472000.0,52385000.0,0.0,17780000.0,12861000.0,12861000.0,-1621000.0,1157000.0,0.103,48651000.0,45048000.0,121617000.0,3.307,2.139,-264.224,-209.381,3746891000.0,4919000.0,43.97,8.349,8.349,75069000.0,-596898000.0,124643000.0,124643000.0,0.0,,,,,2940000.0,15177000.0,1.0,89897365.0,89897365.0,,1.387,4001970000.0,0.0,0.0,0.0,44.517,
41,REG,MRQ,2011-03-31,2011-03-31,2011-03-31,2021-08-06,-78523000.0,3991172000.0,,,,,22.827,-11832000.0,65764000.0,65764000.0,33341000.0,8130000.0,,1.102,1922471000.0,,,1922471000.0,0.0,35190000.0,10876000.0,0.043,0.463,37969000.0,73159000.0,0.588,73159000.0,37969000.0,7104000.0,0.02,0.02,0.02,1869232000.0,,1869232000.0,5632514936.0,45.0,22.256,37475000.0,0.458,1.0,90987000.0,0.732,17401000.0,30865000.0,5830478000.0,,0.0,57592000.0,,,2060700000.0,,,3560505936.0,43124000.0,5246000.0,215984000.0,-170882000.0,-37230000.0,422000.0,-6605000.0,-19000.0,49307000.0,0.0,7104000.0,2185000.0,2185000.0,-1119000.0,1026000.0,0.018,51131000.0,39856000.0,120949000.0,23.15,1.905,-177.378,-167.231,3680047000.0,4919000.0,43.48,7.575,7.575,73412000.0,-568526000.0,124328000.0,124328000.0,0.0,,,,,3794000.0,16953000.0,1.0,81888361.0,81888361.0,,1.518,3973771000.0,0.0,0.0,0.0,48.527,
42,REG,MRQ,2010-12-31,2010-12-31,2010-12-31,2021-08-06,-80885000.0,3994539000.0,,,,,20.584,-26685000.0,22460000.0,22460000.0,26112000.0,-32016000.0,,1.335,2094469000.0,,,2094469000.0,0.0,30624000.0,10790000.0,0.044,0.463,-999000.0,29625000.0,0.286,29625000.0,-999000.0,-34314000.0,-0.47,-0.46,-0.47,1685177000.0,,1685177000.0,5422166270.0,41.0,21.122,-18678000.0,-0.228,1.0,77543000.0,0.748,18219000.0,33315000.0,6048329000.0,,0.0,56822000.0,,,2250137000.0,,,3458085270.0,-18156000.0,10207000.0,0.0,41072000.0,-37209000.0,-10575000.0,-15588000.0,890000.0,8007000.0,0.0,-32981000.0,-37900000.0,-37900000.0,-1379000.0,965000.0,-0.366,41437000.0,36106000.0,138196000.0,-0.985,2.052,-318.453,-301.714,3716868000.0,4919000.0,42.24,7.386,7.386,81841000.0,-533194000.0,103655000.0,103655000.0,0.0,,,,,3868000.0,15771000.0,1.0,81867549.0,81867549.0,,1.266,3976320000.0,0.0,-1333000.0,0.0,48.57,
43,REG,MRQ,2010-09-30,2010-09-30,2010-09-30,2021-08-06,-83243000.0,3993674000.0,,,,,21.63,-27958000.0,38838000.0,38838000.0,30935000.0,13873000.0,,1.222,2002919000.0,,,2002919000.0,0.0,30477000.0,10604000.0,0.047,0.463,45022000.0,75499000.0,0.625,75499000.0,45022000.0,12813000.0,0.1,0.09,0.1,1770576000.0,,1770576000.0,5168055771.0,26.0,16.13,17629000.0,0.215,1.0,89858000.0,0.744,9722000.0,32209000.0,5948033000.0,,0.0,36814000.0,,,2163407000.0,,,3230962771.0,-67595000.0,-21541000.0,630000.0,-19110000.0,-37180000.0,-63058000.0,-50124000.0,-625000.0,45587000.0,0.0,12813000.0,7894000.0,7894000.0,-474000.0,1060000.0,0.065,50570000.0,39288000.0,144481000.0,4.63,1.825,57.616,62.651,3734974000.0,4919000.0,39.47,6.768,6.768,80631000.0,-457372000.0,120793000.0,120793000.0,0.0,,,,,4856000.0,17761000.0,1.0,81858697.0,81858697.0,,1.476,3983952000.0,0.0,0.0,0.0,48.669,
44,REG,MRQ,2010-06-30,2010-06-30,2010-06-30,2021-08-06,-73950000.0,4023126000.0,,,,,22.072,-11642000.0,106433000.0,106433000.0,31599000.0,13704000.0,,1.195,2043526000.0,,,2043526000.0,0.0,31499000.0,10565000.0,0.054,0.463,43302000.0,74801000.0,0.617,74801000.0,43302000.0,12667000.0,0.09,0.09,0.09,1805384000.0,,1805384000.0,4615003309.0,46.0,20.652,29134000.0,0.356,1.0,89652000.0,0.739,8784000.0,30635000.0,5951435000.0,,0.0,36814000.0,,,2157960000.0,,,2813734309.0,-13105000.0,-126704000.0,0.0,129804000.0,-37216000.0,84125000.0,-138006000.0,340000.0,40776000.0,0.0,12667000.0,7748000.0,7748000.0,108000.0,1037000.0,0.064,45194000.0,44458000.0,98810000.0,5.144,1.559,-78.36,-66.154,3710788000.0,4919000.0,34.4,5.755,5.755,73318000.0,-429798000.0,121251000.0,121251000.0,0.0,,,,,-219000.0,12656000.0,1.0,81794602.0,81794602.0,,1.482,4014342000.0,0.0,0.0,0.0,49.078,
45,REG,MRQ,2010-03-31,2010-03-31,2010-03-31,2021-08-06,-55674000.0,3933396000.0,,,,,22.629,23160000.0,119538000.0,119538000.0,32091000.0,17439000.0,,1.095,1920807000.0,,,1920807000.0,0.0,31333000.0,10623000.0,0.049,0.463,45447000.0,76780000.0,0.619,76780000.0,45447000.0,16318000.0,0.14,0.14,0.14,1845687000.0,,1845687000.0,4871392341.0,69.0,25.383,67249000.0,0.825,1.0,91987000.0,0.741,9361000.0,29129000.0,5725304000.0,,0.0,36814000.0,,,2021202000.0,,,3056126341.0,20061000.0,-3717000.0,801000.0,1335000.0,-37044000.0,-43289000.0,19261000.0,-182000.0,44089000.0,0.0,16318000.0,11399000.0,11399000.0,-6903000.0,1121000.0,0.092,49492000.0,42495000.0,84342000.0,3.307,1.656,-50.235,-44.607,3607140000.0,4919000.0,37.47,6.328,6.328,71310000.0,-398699000.0,124078000.0,124078000.0,0.0,,,,,3178000.0,15318000.0,1.0,81561952.0,81561952.0,,1.521,3924035000.0,0.0,0.0,0.0,48.111,
46,REG,MRQ,2009-12-31,2009-12-31,2009-12-31,2021-08-06,-49973000.0,3973806000.0,,,,,23.347,124639000.0,99477000.0,99477000.0,26448000.0,35147000.0,,1.083,1914743000.0,,,1914743000.0,0.0,30211000.0,10628000.0,0.06,0.463,63116000.0,93327000.0,0.839,93327000.0,63116000.0,33955000.0,0.3,0.3,0.3,1875167000.0,,1875167000.0,4789447831.0,63.0,24.66,157590000.0,1.962,1.0,84784000.0,0.762,10007000.0,29161000.0,5779065000.0,,0.0,37753000.0,,,2030412000.0,,,2815864831.0,-69195000.0,11294000.0,32296000.0,-232214000.0,-36382000.0,-243895000.0,141749000.0,5816000.0,32951000.0,0.0,33955000.0,29037000.0,29037000.0,-8263000.0,1192000.0,0.261,47499000.0,37285000.0,99145000.0,1.543,1.502,-53.46,-50.086,3637827000.0,4918000.0,35.06,5.884,5.884,80163000.0,-373345000.0,111232000.0,111232000.0,0.0,,,,,976000.0,15850000.0,1.0,80315597.0,80315597.0,,1.385,3963799000.0,0.0,0.0,0.0,49.353,
47,REG,MRQ,2009-09-30,2009-09-30,2009-09-30,2021-08-06,-64969000.0,4170983000.0,,,,,22.827,-4289000.0,173798000.0,173798000.0,30615000.0,-78611000.0,,1.238,2147381000.0,,,2147381000.0,0.0,29809000.0,10823000.0,0.064,0.463,-51253000.0,-21444000.0,-0.162,-21444000.0,-51253000.0,-79173000.0,-1.05,-1.05,-1.05,1832797000.0,,1832797000.0,4944704111.0,88.0,28.771,55171000.0,0.687,1.0,101706000.0,0.769,10661000.0,27920000.0,6133905000.0,,0.0,26341000.0,,,2269666000.0,,,2974798111.0,47006000.0,-2282000.0,1000.0,40459000.0,-36348000.0,-7065000.0,-5389000.0,1182000.0,59460000.0,0.0,-79173000.0,-84092000.0,-84092000.0,5185000.0,562000.0,-0.636,47269000.0,54437000.0,105093000.0,-0.441,1.623,-43.953,-46.312,3788553000.0,4919000.0,37.05,5.896,5.896,75449000.0,-361530000.0,132321000.0,132321000.0,0.0,,,,,1446000.0,12151000.0,1.0,80291447.0,80291447.0,,1.648,4160322000.0,0.0,0.0,0.0,51.815,
48,REG,MRQ,2009-06-30,2009-06-30,2009-06-30,2021-08-06,-54399000.0,4256160000.0,,,,,24.518,-43451000.0,126792000.0,126792000.0,29401000.0,-11285000.0,,1.135,2096698000.0,,,2096698000.0,0.0,29876000.0,11097000.0,0.076,0.463,13379000.0,43255000.0,0.375,43255000.0,13379000.0,-12261000.0,-0.23,-0.23,-0.23,1961978000.0,,1961978000.0,5090698197.0,28.0,17.423,20149000.0,0.252,1.0,85893000.0,0.745,11408000.0,25640000.0,6214658000.0,,0.0,27988000.0,,,2227675000.0,,,2793540197.0,102123000.0,-3915000.0,310869000.0,-190000000.0,-36327000.0,76949000.0,-38426000.0,8940000.0,63600000.0,0.0,-12261000.0,-17180000.0,-17180000.0,-1617000.0,976000.0,-0.149,44573000.0,41320000.0,113006000.0,-2.013,1.424,46.319,39.67,3920048000.0,4919000.0,34.91,5.66,5.66,69076000.0,-240417000.0,115294000.0,115294000.0,0.0,,,,,962000.0,9292000.0,1.0,80021203.0,80021203.0,,1.441,4244752000.0,0.0,0.0,0.0,53.045,
49,REG,MRQ,2009-03-31,2009-03-31,2009-03-31,2021-08-06,-68585000.0,4208474000.0,,,,,24.115,-39581000.0,24669000.0,24669000.0,29941000.0,25713000.0,,1.453,2321827000.0,,,2321827000.0,0.0,28083000.0,11324000.0,0.109,0.725,51000000.0,79083000.0,0.661,79083000.0,51000000.0,24482000.0,0.28,0.28,0.28,1688569000.0,,1688569000.0,4058176687.0,18.0,12.071,212000.0,0.003,1.0,89773000.0,0.75,12111000.0,26518000.0,6493521000.0,,0.0,36928000.0,,,2454116000.0,,,1860447687.0,3136000.0,-10258000.0,2000.0,66971000.0,-49633000.0,9732000.0,-46389000.0,3450000.0,39793000.0,0.0,24482000.0,19563000.0,19563000.0,-5082000.0,1231000.0,0.163,44526000.0,45247000.0,113607000.0,2.589,1.102,17.013,17.032,3938191000.0,4919000.0,26.57,3.727,3.727,96229000.0,-186227000.0,119714000.0,119714000.0,0.0,,,,,1037000.0,15884000.0,1.0,70020613.0,70020613.0,,1.71,4196363000.0,0.0,0.0,0.0,59.93,
50,REG,MRQ,2008-12-31,2008-12-31,2008-12-31,2021-08-06,-90689000.0,4142375000.0,,,,,24.24,27734000.0,21533000.0,21533000.0,26426000.0,20098000.0,,1.403,2219262000.0,,,2219262000.0,0.0,27914000.0,11571000.0,0.062,0.725,43056000.0,70970000.0,0.517,70970000.0,43056000.0,18946000.0,0.2,0.2,0.2,1696861000.0,,1696861000.0,5380330919.0,23.0,15.974,60234000.0,0.86,1.0,110792000.0,0.807,12903000.0,24110000.0,6327201000.0,,0.0,31438000.0,,,2380093000.0,,,3269100919.0,-4244000.0,-7276000.0,3000.0,-210000.0,-49584000.0,-57702000.0,20958000.0,500000.0,32500000.0,0.0,18946000.0,14028000.0,14028000.0,-8651000.0,1152000.0,0.102,48039000.0,62753000.0,141395000.0,3.625,1.927,28.058,28.133,3871300000.0,4918000.0,46.7,6.605,6.605,103796000.0,-155057000.0,137218000.0,137218000.0,0.0,,,,,-2883000.0,12725000.0,1.0,70002161.0,70002161.0,,1.96,4129472000.0,0.0,0.0,0.0,58.991,
51,REG,MRQ,2008-09-30,2008-09-30,2008-09-30,2021-08-06,-26299000.0,4182164000.0,,,,,24.783,32907000.0,25777000.0,25777000.0,27505000.0,50198000.0,,1.334,2137007000.0,,,2137007000.0,0.0,27378000.0,11869000.0,0.043,0.725,71502000.0,98880000.0,0.815,98880000.0,71502000.0,48819000.0,0.63,0.63,0.63,1734047000.0,,1734047000.0,6819361902.0,26.0,18.476,105626000.0,1.51,1.0,93786000.0,0.773,13698000.0,22683000.0,6279696000.0,,0.0,55264000.0,,,2313813000.0,,,4666303902.0,-15827000.0,-8680000.0,0.0,-56522000.0,-49570000.0,-116316000.0,27770000.0,3543000.0,72719000.0,0.0,48819000.0,43900000.0,43900000.0,-5640000.0,1379000.0,0.362,41935000.0,51851000.0,156530000.0,1.151,2.691,30.489,30.452,3913537000.0,4919000.0,66.69,10.04,10.04,73936000.0,-118331000.0,121291000.0,121291000.0,0.0,,,,,1733000.0,9494000.0,1.0,69970069.0,69970069.0,,1.733,4168466000.0,0.0,0.0,0.0,59.575,
52,REG,MRQ,2008-06-30,2008-06-30,2008-06-30,2021-08-06,-18762000.0,4276269000.0,,,,,25.308,-94777000.0,41604000.0,41604000.0,26599000.0,38186000.0,,1.34,2194662000.0,,,2194662000.0,0.0,27032000.0,11927000.0,0.047,0.725,60238000.0,87270000.0,0.722,87270000.0,60238000.0,36785000.0,0.45,0.45,0.45,1769680000.0,,1769680000.0,6213377797.0,24.0,17.404,-21011000.0,-0.3,1.0,94321000.0,0.78,14995000.0,23453000.0,6414332000.0,,0.0,20298000.0,,,2371115000.0,,,4134089797.0,12392000.0,1508000.0,218000.0,87350000.0,-49563000.0,19780000.0,-81154000.0,12115000.0,73766000.0,0.0,36785000.0,31866000.0,31866000.0,-6365000.0,1401000.0,0.264,40169000.0,54152000.0,155561000.0,1.611,2.336,28.291,28.287,4029177000.0,4919000.0,59.12,9.023,9.023,71663000.0,-83885000.0,120920000.0,120920000.0,0.0,,,,,3551000.0,13153000.0,1.0,69927094.0,69927094.0,,1.729,4261274000.0,0.0,0.0,0.0,60.939,
53,REG,MRQ,2008-03-31,2008-03-31,2008-03-31,2021-08-06,-28274000.0,4195712000.0,,,,,25.325,-80230000.0,29212000.0,29212000.0,26957000.0,33039000.0,,1.292,2108500000.0,,,2108500000.0,0.0,25522000.0,11776000.0,0.042,0.725,54176000.0,79698000.0,0.69,79698000.0,54176000.0,31638000.0,0.38,0.38,0.38,1762322000.0,,1762322000.0,6495911752.0,25.0,17.977,-40046000.0,-0.575,1.0,88548000.0,0.767,16217000.0,22538000.0,6258783000.0,,0.0,32413000.0,,,2277344000.0,,,4506604752.0,10544000.0,-5248000.0,799000.0,101617000.0,-49448000.0,43709000.0,-73349000.0,12129000.0,40184000.0,0.0,31638000.0,26719000.0,26719000.0,-1641000.0,1401000.0,0.231,39465000.0,49083000.0,147292000.0,1.908,2.557,28.41,28.404,3957378000.0,4919000.0,64.76,10.125,10.125,67461000.0,-65049000.0,115505000.0,115505000.0,0.0,,,,,3549000.0,14123000.0,1.0,69589326.0,69589326.0,,1.66,4179495000.0,0.0,0.0,0.0,60.059,
54,REG,MRQ,2007-12-31,2007-12-31,2007-12-31,2021-08-06,-18916000.0,4114773000.0,,,,,25.354,-82132000.0,18668000.0,18668000.0,24039000.0,61845000.0,,1.243,2007975000.0,,,2007975000.0,0.0,25592000.0,11436000.0,0.041,0.66,77654000.0,103246000.0,0.964,103246000.0,77654000.0,55480000.0,0.73,0.73,0.73,1765005000.0,,1765005000.0,6407900556.0,22.0,16.883,-35990000.0,-0.517,1.0,83015000.0,0.775,17228000.0,22174000.0,6086852000.0,,0.0,44543000.0,,,2194244000.0,,,4489441556.0,-14903000.0,22123000.0,11000.0,57524000.0,-44994000.0,-1051000.0,-59994000.0,15000.0,46142000.0,0.0,55480000.0,50562000.0,50562000.0,-9178000.0,6365000.0,0.472,42260000.0,40755000.0,164479000.0,0.904,2.544,24.402,24.336,3869693000.0,4918000.0,64.49,10.297,10.297,75441000.0,-68935000.0,107054000.0,107054000.0,0.0,,,,,2651000.0,13217000.0,1.0,69614538.0,69614538.0,,1.538,4097545000.0,0.0,0.0,0.0,58.86,
55,REG,MRQ,2007-09-30,2007-09-30,2007-09-30,2021-08-06,-18030000.0,4093085000.0,,,,,25.672,-82652000.0,33571000.0,33571000.0,24805000.0,41899000.0,,1.21,1952030000.0,,,1952030000.0,0.0,24374000.0,10898000.0,0.034,0.66,62414000.0,86788000.0,0.757,86788000.0,62414000.0,41899000.0,0.53,0.53,0.53,1784400000.0,,1784400000.0,7120119034.0,24.0,18.493,-31770000.0,-0.457,1.0,89895000.0,0.784,18466000.0,20515000.0,5993078000.0,,0.0,20337000.0,,,2159333000.0,,,5334690034.0,-21524000.0,-17023000.0,40000.0,80000000.0,-44846000.0,26766000.0,-99172000.0,503000.0,50882000.0,0.0,41899000.0,36980000.0,36980000.0,-4361000.0,0.0,0.322,37571000.0,52324000.0,185428000.0,1.245,2.99,27.375,27.216,3863056000.0,4919000.0,76.75,12.548,12.548,65634000.0,-45931000.0,114700000.0,114700000.0,0.0,,,,,-634000.0,12159000.0,1.0,69507362.0,69507362.0,,1.65,4074619000.0,0.0,0.0,0.0,58.621,
56,REG,MRQ,2007-06-30,2007-06-30,2007-06-30,2021-08-06,1577000.0,3989812000.0,,,,,25.923,-154312000.0,55095000.0,55095000.0,24722000.0,49284000.0,,1.129,1840524000.0,,,1840524000.0,0.0,22024000.0,10643000.0,0.036,0.66,69595000.0,91619000.0,0.85,91619000.0,69595000.0,49284000.0,0.64,0.64,0.64,1801039000.0,,1801039000.0,6543937531.0,22.0,16.999,-70629000.0,-1.017,1.0,83117000.0,0.771,14218000.0,20311000.0,5761023000.0,,0.0,19961000.0,,,2032833000.0,,,4898169531.0,25931000.0,-5231000.0,0.0,157108000.0,-44847000.0,101773000.0,-159525000.0,18000.0,83683000.0,0.0,49284000.0,44365000.0,44365000.0,-19633000.0,0.0,0.411,35963000.0,47154000.0,172569000.0,1.031,2.72,24.828,24.65,3744358000.0,4919000.0,70.5,11.858,11.858,59131000.0,-37036000.0,107839000.0,107839000.0,0.0,,,,,4521000.0,12907000.0,1.0,69477582.0,69477582.0,,1.552,3975594000.0,0.0,0.0,0.0,57.221,
57,REG,MRQ,2007-03-31,2007-03-31,2007-03-31,2021-08-06,-10799000.0,3776934000.0,,,,,25.74,-92322000.0,29164000.0,29164000.0,24344000.0,56988000.0,,1.032,1674932000.0,,,1674932000.0,0.0,21518000.0,10561000.0,0.029,0.66,76377000.0,97895000.0,0.92,97895000.0,76377000.0,56988000.0,0.75,0.75,0.75,1781142000.0,,1781142000.0,7322682844.0,26.0,19.683,-54862000.0,-0.793,1.0,82069000.0,0.771,11569000.0,19389000.0,5411133000.0,,0.0,19979000.0,,,1837702000.0,,,5781342844.0,-4882000.0,-1157000.0,2332000.0,100757000.0,-44638000.0,51128000.0,-93470000.0,9000.0,37460000.0,0.0,56988000.0,52069000.0,52069000.0,-831000.0,0.0,0.489,34208000.0,47861000.0,144865000.0,0.88,3.246,31.242,31.059,3582445000.0,4919000.0,83.55,14.079,14.079,59631000.0,-35535000.0,106413000.0,106413000.0,0.0,,,,,5034000.0,12297000.0,1.0,69196204.0,69196204.0,,1.538,3765365000.0,0.0,0.0,0.0,54.416,
58,REG,MRQ,2006-12-31,2006-12-31,2006-12-31,2021-08-06,-13317000.0,3671785000.0,,,,,25.678,53384000.0,34046000.0,34046000.0,21846000.0,66378000.0,,0.98,1575386000.0,,,1575386000.0,0.0,22261000.0,10517000.0,0.03,0.595,86463000.0,108724000.0,1.13,108724000.0,86463000.0,66378000.0,0.9,0.88,0.9,1769421000.0,,1769421000.0,6977189839.0,23.0,18.11,101845000.0,1.478,1.0,74361000.0,0.773,12315000.0,20085000.0,5200810000.0,,0.0,19988000.0,,,1734572000.0,,,5386582839.0,-4314000.0,-3744000.0,3203000.0,-51923000.0,-40116000.0,-102432000.0,49657000.0,17000.0,48461000.0,0.0,66378000.0,61460000.0,61460000.0,-30033000.0,0.0,0.639,43068000.0,31293000.0,140940000.0,0.661,3.044,27.091,26.863,3474244000.0,4918000.0,78.17,13.332,13.332,67162000.0,-41897000.0,96207000.0,96207000.0,0.0,,,,,-2469000.0,13097000.0,1.0,68908569.0,68908569.0,,1.396,3659470000.0,0.0,0.0,0.0,53.106,
59,REG,MRQ,2006-09-30,2006-09-30,2006-09-30,2021-08-06,-13334000.0,3703838000.0,,,,,25.317,-57342000.0,38360000.0,38360000.0,22806000.0,44311000.0,,1.031,1628967000.0,,,1628967000.0,0.0,22254000.0,10839000.0,0.034,0.595,64477000.0,86731000.0,0.845,86731000.0,64477000.0,44311000.0,0.57,0.57,0.57,1740443000.0,,1740443000.0,6270114036.0,22.0,17.075,-2921000.0,-0.042,1.0,79811000.0,0.778,13229000.0,20166000.0,5281216000.0,,0.0,21916000.0,,,1794855000.0,,,4727065036.0,1766000.0,-2115000.0,169000.0,50537000.0,-39985000.0,6650000.0,-59305000.0,152000.0,54421000.0,0.0,44311000.0,39392000.0,39392000.0,-1464000.0,0.0,0.384,31324000.0,48487000.0,146893000.0,1.044,2.716,26.143,25.947,3497276000.0,4919000.0,68.76,11.896,11.896,54727000.0,-62324000.0,102617000.0,102617000.0,0.0,,,,,4533000.0,10765000.0,1.0,68747310.0,68747310.0,,1.493,3690609000.0,0.0,0.0,0.0,53.684,
60,REG,MRQ,2006-06-30,2006-06-30,2006-06-30,2021-08-06,-581000.0,3659610000.0,,,,,25.416,-76404000.0,36594000.0,36594000.0,22953000.0,37047000.0,,1.001,1579643000.0,,,1579643000.0,0.0,21752000.0,10684000.0,0.037,0.595,56926000.0,78678000.0,0.746,78678000.0,56926000.0,37047000.0,0.47,0.47,0.47,1743117000.0,,1743117000.0,5721181759.0,21.0,16.071,2625000.0,0.038,1.0,82447000.0,0.782,14352000.0,19879000.0,5188307000.0,,0.0,41156000.0,,,1744087000.0,,,4262389759.0,-51462000.0,2312000.0,985000.0,-9955000.0,-39810000.0,-56411000.0,-74080000.0,12000.0,79029000.0,0.0,37047000.0,32128000.0,32128000.0,-4257000.0,0.0,0.305,33375000.0,49072000.0,145202000.0,1.266,2.445,25.224,24.86,3431642000.0,4919000.0,62.15,11.069,11.069,58320000.0,-60809000.0,105400000.0,105400000.0,0.0,,,,,4511000.0,10830000.0,1.0,68582297.0,68582297.0,,1.537,3645258000.0,0.0,0.0,0.0,53.152,
61,REG,MRQ,2006-03-31,2006-03-31,2006-03-31,2021-08-06,-8552000.0,3570540000.0,,,,,25.394,117317000.0,88056000.0,88056000.0,21801000.0,70775000.0,,0.961,1546848000.0,,,1546848000.0,0.0,21146000.0,10206000.0,0.033,0.595,89993000.0,111139000.0,1.114,111139000.0,89993000.0,70775000.0,0.97,0.97,0.97,1731884000.0,,1731884000.0,6153875057.0,22.0,16.917,147065000.0,2.156,1.0,78009000.0,0.782,9315000.0,19218000.0,5020017000.0,,0.0,34284000.0,,,1664898000.0,,,4582391057.0,45598000.0,-4791000.0,1637000.0,-65790000.0,-39596000.0,-111265000.0,127115000.0,14589000.0,29748000.0,0.0,70775000.0,65856000.0,65856000.0,-32316000.0,0.0,0.66,34684000.0,43325000.0,103875000.0,0.613,2.646,25.879,25.165,3314978000.0,4919000.0,67.19,11.826,11.826,52034000.0,-52129000.0,99810000.0,99810000.0,0.0,,,,,4521000.0,10803000.0,1.0,68200492.0,68200492.0,,1.463,3561225000.0,0.0,0.0,0.0,52.217,
62,REG,MRQ,2005-12-31,2005-12-31,2005-12-31,2021-08-06,-11692000.0,3616215000.0,,,,,25.056,-22817000.0,42458000.0,42458000.0,20546000.0,48356000.0,,1.023,1613942000.0,,,1613942000.0,0.0,20835000.0,10276000.0,0.037,0.55,69822000.0,90657000.0,1.012,90657000.0,69822000.0,48356000.0,0.64,0.64,0.64,1700660000.0,,1700660000.0,5554490982.0,22.0,16.649,38019000.0,0.56,1.0,68993000.0,0.771,10182000.0,21466000.0,5177517000.0,,0.0,46473000.0,,,1739225000.0,,,4001133982.0,11225000.0,-5060000.0,2268000.0,30739000.0,-34577000.0,-9527000.0,-40084000.0,-12207000.0,60836000.0,0.0,48356000.0,43437000.0,43437000.0,-28406000.0,0.0,0.485,28412000.0,40581000.0,110800000.0,0.859,2.353,27.423,26.2,3394820000.0,4919000.0,58.95,10.43,10.43,56878000.0,-77422000.0,89539000.0,89539000.0,0.0,,,,,3607000.0,10613000.0,1.0,67873350.0,67873350.0,,1.319,3606033000.0,0.0,0.0,0.0,53.129,
63,REG,MRQ,2005-09-30,2005-09-30,2005-09-30,2021-08-06,-12019000.0,3557659000.0,,,,,26.749,-43001000.0,31232000.0,31232000.0,22523000.0,32063000.0,,1.002,1584589000.0,,,1584589000.0,0.0,20720000.0,10116000.0,0.038,0.55,54790000.0,75510000.0,0.836,75510000.0,54790000.0,32063000.0,0.42,0.41,0.42,1698315000.0,,1698315000.0,5384600960.0,22.0,16.091,3352000.0,0.053,1.0,67787000.0,0.751,11295000.0,22727000.0,5099721000.0,,0.0,21895000.0,,,1702160000.0,,,3647500960.0,4981000.0,7728000.0,199779000.0,-177490000.0,-37036000.0,-6918000.0,-34454000.0,819000.0,46353000.0,0.0,32063000.0,27563000.0,27563000.0,-15598000.0,0.0,0.305,29062000.0,38725000.0,103009000.0,1.31,2.148,24.627,24.551,3371046000.0,4500000.0,57.45,9.779,9.779,57819000.0,-83530000.0,90310000.0,90310000.0,0.0,,,,,5635000.0,9148000.0,1.0,63490008.0,63490008.0,,1.422,3546364000.0,0.0,0.0,0.0,55.857,
64,REG,MRQ,2005-06-30,2005-06-30,2005-06-30,2021-08-06,-16521000.0,3525844000.0,,,,,21.741,-26259000.0,26252000.0,26252000.0,22338000.0,43880000.0,,1.377,1763352000.0,,,1763352000.0,0.0,20628000.0,10027000.0,0.038,0.55,65829000.0,86457000.0,0.802,86457000.0,65829000.0,43880000.0,0.64,0.63,0.64,1372327000.0,,1372327000.0,5023086632.0,20.0,14.896,51985000.0,0.824,1.0,85496000.0,0.793,12164000.0,21949000.0,5250780000.0,,0.0,22715000.0,,,1890227000.0,,,3610638632.0,-27339000.0,-388111000.0,426000.0,350439000.0,-34736000.0,308249000.0,-413832000.0,538000.0,78244000.0,0.0,43880000.0,40217000.0,40217000.0,-9756000.0,0.0,0.373,30099000.0,55397000.0,112164000.0,0.859,2.631,23.128,22.88,3351334000.0,3663000.0,57.2,9.567,9.567,57640000.0,-74057000.0,107834000.0,107834000.0,0.0,,,,,5170000.0,9402000.0,1.0,63123053.0,63123053.0,,1.708,3513680000.0,0.0,0.0,0.0,55.664,
65,REG,MRQ,2005-03-31,2005-03-31,2005-03-31,2021-08-06,-5148000.0,3195566000.0,,,,,21.7,2550000.0,53591000.0,53591000.0,22580000.0,38348000.0,,1.14,1466039000.0,,,1466039000.0,0.0,22266000.0,9959000.0,0.045,0.55,58736000.0,81002000.0,0.844,81002000.0,58736000.0,38348000.0,0.55,0.55,0.55,1368690000.0,,1368690000.0,4401950612.0,19.0,13.941,22520000.0,0.357,1.0,73360000.0,0.765,13280000.0,20388000.0,4594734000.0,,0.0,23252000.0,,,1560840000.0,,,3004180612.0,-41729000.0,-1352000.0,3128000.0,-25352000.0,-34654000.0,-65291000.0,3592000.0,2394000.0,19970000.0,0.0,38348000.0,34686000.0,34686000.0,-11328000.0,0.0,0.362,29699000.0,43661000.0,79919000.0,1.0,2.195,21.312,20.982,2993642000.0,3662000.0,47.63,8.319,8.319,50051000.0,-79538000.0,95940000.0,95940000.0,0.0,,,,,4343000.0,8652000.0,1.0,63073286.0,63073286.0,,1.521,3182286000.0,0.0,0.0,0.0,50.454,
66,REG,MRQ,2004-12-31,2004-12-31,2004-12-31,2021-08-06,-5291000.0,3243824000.0,,,,,21.772,59873000.0,95320000.0,95320000.0,16207000.0,49308000.0,,1.181,1493090000.0,,,1493090000.0,0.0,22118000.0,10049000.0,0.038,0.53,69557000.0,91675000.0,1.162,91675000.0,69557000.0,49308000.0,0.73,0.74,0.73,1364353000.0,,1364353000.0,4900542051.0,23.0,16.392,91682000.0,1.463,1.0,62721000.0,0.795,14172000.0,20249000.0,4627422000.0,,0.0,25646000.0,,,1610743000.0,,,3471702051.0,45139000.0,-21773000.0,2660000.0,-6455000.0,-30844000.0,-43249000.0,56579000.0,18479000.0,31809000.0,0.0,49308000.0,45646000.0,45646000.0,-17485000.0,0.0,0.578,29956000.0,32765000.0,102443000.0,0.726,2.545,27.188,26.635,2994062000.0,3662000.0,55.4,9.707,9.707,60911000.0,-79570000.0,78928000.0,78928000.0,0.0,,,,,4292000.0,9946000.0,1.0,62666102.0,62666102.0,,1.26,3229652000.0,0.0,0.0,0.0,51.537,
67,REG,MRQ,2004-09-30,2004-09-30,2004-09-30,2021-08-06,-5434000.0,3188920000.0,,,,,22.003,-600000.0,50181000.0,50181000.0,23381000.0,37746000.0,,1.197,1479021000.0,,,1479021000.0,0.0,20506000.0,9621000.0,0.045,0.53,57579000.0,78085000.0,0.825,78085000.0,57579000.0,37746000.0,0.58,0.58,0.58,1339317000.0,,1339317000.0,4331156171.0,20.0,14.432,37206000.0,0.611,1.0,71316000.0,0.753,11316000.0,19833000.0,4606444000.0,,0.0,33452000.0,,,1603187000.0,,,2829824171.0,44801000.0,-14047000.0,67501000.0,-26000000.0,-32260000.0,-12742000.0,19737000.0,34384000.0,37806000.0,0.0,37746000.0,35569000.0,35569000.0,-13186000.0,0.0,0.376,27928000.0,43388000.0,109145000.0,0.914,2.113,20.909,20.754,2988204000.0,2177000.0,46.49,8.842,8.842,50337000.0,-91992000.0,94697000.0,94697000.0,0.0,,,,,3058000.0,7232000.0,1.0,60869524.0,60869524.0,,1.556,3177604000.0,0.0,0.0,0.0,52.204,
68,REG,MRQ,2004-06-30,2004-06-30,2004-06-30,2021-08-06,-5577000.0,3153015000.0,,,,,16.859,-110189000.0,5380000.0,5380000.0,21874000.0,26456000.0,,1.589,1506712000.0,,,1506712000.0,0.0,19922000.0,9629000.0,0.049,0.53,45062000.0,64984000.0,0.71,64984000.0,45062000.0,26456000.0,0.41,0.41,0.41,1024327000.0,,1024327000.0,4044541542.0,19.0,13.809,-32195000.0,-0.53,1.0,69689000.0,0.761,11846000.0,18606000.0,4642501000.0,,0.0,66530000.0,,,1627534000.0,,,2606502542.0,-38158000.0,-558000.0,740000.0,27148000.0,-32211000.0,-15949000.0,-100203000.0,10544000.0,77994000.0,0.0,26456000.0,25059000.0,25059000.0,-4522000.0,0.0,0.274,27278000.0,42411000.0,105555000.0,1.293,2.545,20.122,19.679,2972348000.0,1397000.0,42.9,8.257,8.257,42806000.0,-95301000.0,91563000.0,91563000.0,0.0,,,,,3527000.0,7221000.0,1.0,60757635.0,60757635.0,,1.507,3141169000.0,0.0,0.0,0.0,51.7,
69,REG,MRQ,2004-03-31,2004-03-31,2004-03-31,2021-08-06,-5720000.0,3086424000.0,,,,,16.98,-32481000.0,43538000.0,43538000.0,22878000.0,22817000.0,,1.529,1481577000.0,,,1481577000.0,0.0,20344000.0,9549000.0,0.045,0.53,43868000.0,64212000.0,0.695,64212000.0,43868000.0,22817000.0,0.36,0.35,0.36,1025627000.0,,1025627000.0,4245426772.0,19.0,14.41,1432000.0,0.024,1.0,69575000.0,0.753,9764000.0,21051000.0,4514699000.0,,0.0,70181000.0,,,1568509000.0,,,2822518589.0,13669000.0,17448000.0,10761000.0,35000000.0,-31776000.0,-5813000.0,-14431000.0,602000.0,33913000.0,0.0,22817000.0,21420000.0,21420000.0,-1757000.0,0.0,0.232,25932000.0,43643000.0,71506000.0,1.472,2.752,21.693,21.241,2873453000.0,1397000.0,46.73,8.952,8.952,38085000.0,-88150000.0,92453000.0,92453000.0,0.0,,,,,3548000.0,5883000.0,1.0,60400569.0,60400569.0,,1.531,3076660000.0,0.0,0.0,0.0,50.938,
70,REG,MRQ,2003-12-31,2003-12-31,2003-12-31,2021-08-06,175000.0,3098229000.0,,,,,17.18,-69751000.0,29869000.0,29869000.0,13567914.0,54707040.0,,1.523,1452777000.0,,,1452777000.0,0.0,18744000.0,9358000.0,0.052,0.52,74078276.0,92822276.0,2.246,92822276.0,74078276.0,54707040.0,0.89,0.89,0.89,1026257000.0,,1026257000.0,3812363313.0,18.0,13.234,-25306000.0,-0.424,1.0,27751232.0,0.672,10205000.0,19371236.0,4510932000.0,,0.0,70782000.0,,,1562530000.0,,,2380433454.0,-16019000.0,3920000.0,2355000.0,-16584000.0,-31070000.0,-63944000.0,3480000.0,69311000.0,44445000.0,0.0,54707040.0,53288795.0,53288795.0,-25090243.0,0.0,1.29,23529711.0,4221521.0,94280000.0,0.584,2.32,18.801,18.709,2880681000.0,1418245.0,39.85,6.882,6.882,57041000.0,-77794000.0,41319146.0,41319146.0,0.0,,,,,2639000.0,7790554.0,1.0,59734842.0,59734842.0,,0.692,3088024000.0,0.0,0.0,0.0,51.696,
71,REG,MRQ,2003-09-30,2003-09-30,2003-09-30,2021-08-06,-1677256.0,3095636874.0,,,,,17.575,-53556000.0,45888449.0,45888449.0,22076000.0,31166000.0,,1.608,1477818308.0,,,1477818308.0,0.0,18516000.0,9413884.0,0.056,0.52,52361000.0,70877000.0,0.785,70877000.0,52361000.0,31166000.0,0.52,0.51,0.52,982200564.0,,982200564.0,3499264804.0,18.0,12.861,-4703000.0,-0.084,1.0,68244000.0,0.756,0.0,21195000.0,4527566733.0,,0.0,77586149.0,,,1579191586.0,,,2059368846.0,-39000.0,4274000.0,124105000.0,-6176000.0,-30973000.0,-2712000.0,-46180000.0,3102000.0,48853000.0,0.0,31166000.0,29769000.0,29769000.0,-5031000.0,0.0,0.33,24711000.0,43533000.0,91959394.0,1.0,2.097,19.148,20.027,2874610053.0,1397000.0,36.85,6.082,6.082,42391111.0,-100012669.0,90320000.0,90320000.0,0.0,,,,,2918000.0,6138000.0,1.0,55885179.0,55885179.0,,1.616,3095636874.0,0.0,0.0,0.0,55.393,
72,REG,MRQ,2003-06-30,2003-06-30,2003-06-30,2021-08-06,0.0,3044689402.0,,,,,12.95,-86940000.0,45926882.0,45926882.0,22541000.0,26992000.0,,2.005,1485822840.0,,,1485822840.0,0.0,18900000.0,9393165.0,0.059,0.52,47809000.0,66709000.0,0.731,66709000.0,47809000.0,26992000.0,0.43,0.42,0.43,782865539.0,,782865539.0,3516282733.0,18.0,13.079,-33642000.0,-0.556,1.0,68657000.0,0.753,0.0,20817000.0,4484585360.0,,0.0,11400667.0,,,1569805993.0,,,2114646710.0,17653000.0,3244000.0,-150503000.0,47499000.0,-31455000.0,-73308000.0,37663000.0,19477000.0,53298000.0,0.0,26992000.0,25632000.0,25632000.0,-4025000.0,0.0,0.281,24896000.0,43761000.0,74589988.0,1.209,2.701,20.241,19.763,2901468121.0,1360000.0,34.98,6.092,6.092,32449975.0,-98808813.0,91198000.0,91198000.0,0.0,,,,,2901000.0,6166000.0,1.0,60453022.0,60453022.0,,1.509,3044689402.0,0.0,0.0,0.0,50.365,
73,REG,MRQ,2003-03-31,2003-03-31,2003-03-31,2021-08-06,0.0,3053737969.0,,,,,14.239,31580000.0,28273745.0,28273745.0,22638000.0,17924000.0,,1.743,1429909768.0,,,1429909768.0,0.0,18863000.0,9185789.0,0.062,0.52,38506000.0,57369000.0,0.627,57369000.0,38506000.0,17924000.0,0.3,0.3,0.3,859241903.0,,859241903.0,3265483050.0,17.0,12.342,65629000.0,1.088,1.0,68819000.0,0.752,0.0,20582000.0,4455373992.0,,0.0,30877475.0,,,1497299614.0,,,1988406334.0,-28173000.0,583000.0,969000.0,98243000.0,-31380000.0,-18256000.0,-43966000.0,25753000.0,34049000.0,0.0,17924000.0,17924000.0,17924000.0,-1126000.0,0.0,0.196,22560000.0,46259000.0,58204057.0,1.733,2.314,19.673,19.046,2906846382.0,0.0,32.95,5.785,5.785,34775383.0,-92985329.0,91457000.0,91457000.0,0.0,,,,,2869000.0,4135000.0,1.0,60346171.0,60346171.0,,1.516,3053737969.0,0.0,0.0,0.0,50.604,
74,REG,MRQ,2002-12-31,2002-12-31,2002-12-31,2021-08-06,0.0,3068927866.0,,,,,13.674,125741000.0,56447329.0,56447329.0,18102164.0,34808051.0,,1.781,1333524045.0,,,1333524045.0,0.0,20258589.0,8847603.0,0.063,0.51,56868956.0,77127545.0,1.175,77127545.0,56868956.0,34808051.0,0.59,0.58,0.59,800861191.0,,800861191.0,3246229745.0,17.0,12.049,149149511.0,2.547,1.0,47513759.0,0.724,2634511.0,22060905.0,4343370071.0,,0.0,56630876.0,,,1426348911.0,,,1897567722.0,9577490.0,-19438099.0,-137.0,-55634700.0,-30074126.0,-97086379.0,83255358.0,5359.0,23408511.0,0.0,34808051.0,34225935.0,34225935.0,-16993223.0,0.0,0.522,19739571.0,27774188.0,76908233.0,0.864,2.369,17.625,17.514,2849474883.0,582116.0,32.4,5.584,5.584,47983160.0,-79529975.0,65615923.0,65615923.0,0.0,,,,,3328547.0,7172196.0,1.0,58566905.0,58566905.0,,1.12,3066293355.0,0.0,0.0,0.0,52.355,
75,REG,MRQ,2002-09-30,2002-09-30,2002-09-30,2021-08-06,0.0,3099457718.0,,,,,13.955,8065785.0,46869774.0,46869774.0,22434276.0,27449069.0,,1.839,1395531797.0,,,1395531797.0,0.0,18812548.0,9252677.0,0.065,0.51,48830504.0,67643052.0,0.684,67643052.0,48830504.0,27449069.0,0.45,0.46,0.45,802973237.0,,802973237.0,3120828443.0,17.0,12.269,49927252.0,0.868,1.0,76411078.0,0.773,0.0,21381435.0,4448119741.0,,0.0,3100000.0,,,1476572373.0,,,1783769481.0,-22353380.0,-3634776.0,6431638.0,-49250101.0,-29789728.0,-84281384.0,20066537.0,22209928.0,41861467.0,0.0,27449069.0,26690441.0,26690441.0,-5691191.0,0.0,0.27,24008286.0,52402792.0,71787899.0,1.133,2.221,17.979,18.129,2953814888.0,758628.0,31.0,5.53,5.53,40952944.0,-83682085.0,98845354.0,98845354.0,0.0,,,,,2127344.0,6373650.0,1.0,57540951.0,57540951.0,,1.718,3099457718.0,0.0,0.0,0.0,53.865,
76,REG,MRQ,2002-06-30,2002-06-30,2002-06-30,2021-08-06,0.0,3103745863.0,,,,,13.737,-4409685.0,69223154.0,69223154.0,21437550.0,22990217.0,,1.859,1406282116.0,,,1406282116.0,0.0,18036430.0,8775853.0,0.068,0.51,44397575.0,62434005.0,0.711,62434005.0,44397575.0,22990217.0,0.39,0.38,0.39,798517656.0,,798517656.0,3121019411.0,18.0,12.702,58515237.0,1.007,1.0,66332682.0,0.756,0.0,21407358.0,4440804825.0,,0.0,22209928.0,,,1484718867.0,,,1723569888.0,39558869.0,-2957600.0,0.0,-23417667.0,-29646564.0,-64368344.0,41002291.0,16206921.0,62924922.0,0.0,22990217.0,22231589.0,22231589.0,-8944465.0,0.0,0.253,22048865.0,44283817.0,69660898.0,1.308,2.158,17.475,17.339,2924413225.0,758628.0,29.65,5.532,5.532,36920445.0,-80582798.0,87770232.0,87770232.0,0.0,,,,,2049120.0,5221559.0,1.0,58130519.0,58130519.0,,1.51,3103745863.0,0.0,0.0,0.0,53.393,
77,REG,MRQ,2002-03-31,2002-03-31,2002-03-31,2021-08-06,0.0,3112593013.0,,,,,13.814,-3656100.0,29664285.0,29664285.0,20927010.0,25276663.0,,1.854,1427113808.0,,,1427113808.0,0.0,17309433.0,8887265.0,0.069,0.51,44898965.0,62208398.0,0.71,62208398.0,44898965.0,25276663.0,0.42,0.42,0.42,802739685.0,,802739685.0,3055210369.0,18.0,12.64,22905000.0,0.394,1.0,66651481.0,0.761,0.0,19622302.0,4510042536.0,,0.0,33564149.0,,,1488373810.0,,,1686342885.0,1811021.0,-8204525.0,775499.0,32703468.0,-29459582.0,-9294893.0,-15455186.0,-1059208.0,26561100.0,0.0,25276663.0,24518035.0,24518035.0,-6139121.0,0.0,0.28,20415278.0,46236203.0,52372737.0,1.214,2.101,16.896,16.775,2957609127.0,758628.0,29.02,5.351,5.351,40855676.0,-73167823.0,87578491.0,87578491.0,0.0,,,,,2011989.0,3989595.0,1.0,58109679.0,58109679.0,,1.507,3112593013.0,0.0,0.0,0.0,53.564,
78,REG,MRQ,2001-12-31,2001-12-31,2001-12-31,2021-08-06,0.0,3109314236.0,,,,,14.023,156194438.0,27853264.0,27853264.0,16663308.0,26519708.0,,1.831,1396720748.0,,,1396720748.0,0.0,17764237.0,8656456.0,0.072,0.5,44317606.0,62081843.0,1.283,62081843.0,44317606.0,26519708.0,0.45,0.44,0.45,807599002.0,,807599002.0,2852358495.0,17.0,12.098,206464022.0,3.585,1.0,31716770.0,0.656,0.0,17797898.0,4478181720.0,,0.0,32504941.0,,,1478811526.0,,,1598148363.0,-8425231.0,-9042612.0,5308.0,105625381.0,-28795476.0,65306748.0,-124001563.0,2232628.0,50269584.0,0.0,26519708.0,25775954.0,25775954.0,-15330637.0,0.0,0.533,19989379.0,11727391.0,73434322.0,1.111,1.979,16.358,16.324,2954506077.0,743754.0,27.75,5.013,5.013,47723145.0,-68226276.0,48380078.0,48380078.0,0.0,,,,,1036505.0,6398148.0,1.0,57590932.0,57590932.0,,0.84,3109314236.0,0.0,0.0,0.0,53.99,
79,REG,MRQ,2001-09-30,2001-09-30,2001-09-30,2021-08-06,0.0,2990643826.0,,,,,14.035,-4304293.0,36278495.0,36278495.0,20101460.0,26849669.0,,1.683,1290488627.0,,,1290488627.0,0.0,16972770.0,8522444.0,0.077,0.5,42011348.0,58984118.0,0.671,58984118.0,42011348.0,26849669.0,0.45,0.45,0.45,808064801.0,,808064801.0,2732397096.0,17.0,11.955,38827549.0,0.674,1.0,67760462.0,0.771,0.0,15161679.0,4244853958.0,,0.0,30995921.0,,,1359886741.0,,,1482528182.0,23150642.0,4143815.0,-95587.0,20383363.0,-28773918.0,-20249380.0,268180.0,50756008.0,43131842.0,0.0,26849669.0,26105915.0,26105915.0,-4637276.0,0.0,0.297,21341581.0,46418881.0,60875670.0,1.111,1.835,15.476,15.419,2846322903.0,743754.0,25.75,4.276,4.276,36991993.0,-65206754.0,87861922.0,87861922.0,0.0,,,,,1952220.0,4469616.0,1.0,57573910.0,57573910.0,,1.526,2990643826.0,0.0,0.0,0.0,51.944,
80,REG,MRQ,2001-06-30,2001-06-30,2001-06-30,2021-08-06,0.0,2965054869.0,,,,,14.075,-4134646.0,13127853.0,13127853.0,20723645.0,24149006.0,,1.649,1262996767.0,,,1262996767.0,0.0,16872664.0,8432085.0,0.077,0.5,41557136.0,58429800.0,0.64,58429800.0,41557136.0,24149006.0,0.41,0.41,0.41,809159197.0,,809159197.0,2680146413.0,16.0,11.83,36133356.0,0.629,1.0,70609518.0,0.773,0.0,17408130.0,4214923783.0,,0.0,55835389.0,,,1333935376.0,,,1460217679.0,-39549144.0,-21853795.0,162.0,-13181660.0,-28742040.0,-58162706.0,-21654440.0,200000.0,40268002.0,0.0,24149006.0,23405252.0,23405252.0,-1839065.0,0.0,0.256,22691797.0,47917721.0,62506524.0,1.22,1.805,15.605,15.488,2826707404.0,743754.0,25.4,4.154,4.154,30947781.0,-62538751.0,91333163.0,91333163.0,0.0,,,,,2019311.0,4602583.0,1.0,57488885.0,57488885.0,,1.589,2965054869.0,0.0,0.0,0.0,51.576,
81,REG,MRQ,2001-03-31,2001-03-31,2001-03-31,2021-08-06,0.0,2981537872.0,,,,,14.103,-2771477.0,52676997.0,52676997.0,21394668.0,23145824.0,,1.663,1272605731.0,,,1272605731.0,0.0,15895916.0,8349916.0,0.078,0.5,40376146.0,56272062.0,0.617,56272062.0,40376146.0,23145824.0,0.39,0.39,0.39,809865331.0,,809865331.0,2641726511.0,17.0,12.216,49417735.0,0.861,1.0,69830330.0,0.765,0.0,17230322.0,4201466606.0,,0.0,53640640.0,,,1346556465.0,,,1435642250.0,-48310898.0,-1383190.0,0.0,-32518304.0,-28549080.0,-81779085.0,-18721025.0,14394060.0,52189212.0,0.0,23145824.0,22411987.0,22411987.0,-931122.0,0.0,0.246,21366101.0,48464229.0,65600818.0,1.282,1.773,16.774,16.667,2814889610.0,733837.0,25.0,4.144,4.144,27336927.0,-57201963.0,91224998.0,91224998.0,0.0,,,,,1209536.0,4315174.0,1.0,57425690.0,57425690.0,,1.589,2981537872.0,0.0,0.0,0.0,51.92,
82,REG,MRQ,2000-12-31,2000-12-31,2000-12-31,2021-08-06,0.0,3035143740.0,,,,,14.166,224783087.0,100987895.0,100987895.0,17390410.0,24593157.0,,1.725,1307072156.0,,,1307072156.0,0.0,16266494.0,8262885.0,0.081,0.48,38601544.0,54868038.0,0.719,54868038.0,38601544.0,24593157.0,0.42,0.42,0.42,806481537.0,,806481537.0,2511507561.0,17.0,11.908,275633485.0,4.842,1.0,58901735.0,0.772,0.0,14008387.0,4241228001.0,,0.0,66423893.0,,,1390795345.0,,,1348644930.0,64116982.0,-14265096.0,-35948.0,109245957.0,-27640534.0,69368052.0,-56101468.0,0.0,50850398.0,0.0,24593157.0,23874306.0,23874306.0,-11198524.0,0.0,0.313,19238448.0,39663287.0,75460304.0,1.143,1.672,15.905,15.899,2796572736.0,718851.0,23.69,4.009,4.009,39407777.0,-51064870.0,76292145.0,76292145.0,0.0,,,,,1126806.0,6678658.0,1.0,56928870.0,56928870.0,,1.34,3035143740.0,0.0,0.0,0.0,53.315,
83,REG,MRQ,2000-09-30,2000-09-30,2000-09-30,2021-08-06,0.0,2893064237.0,,,,,14.253,-109676583.0,36870913.0,36870913.0,20996922.0,24580689.0,,1.539,1199733544.0,,,1199733544.0,0.0,14776780.0,8413577.0,0.083,0.48,42211309.0,56988089.0,0.615,56988089.0,42211309.0,24580689.0,0.42,0.42,0.42,810872761.0,,810872761.0,2345849392.0,15.0,11.055,-68683887.0,-1.207,1.0,71641496.0,0.773,0.0,17630620.0,4055926868.0,,0.0,37962720.0,,,1248034696.0,,,1305123011.0,-1036509.0,-26195467.0,-1850866.0,116112821.0,-27148112.0,93842845.0,-135872050.0,0.0,40992696.0,0.0,24580689.0,23881230.0,23881230.0,0.0,0.0,0.258,20603465.0,51038031.0,39887575.0,1.143,1.61,15.041,15.092,2762507567.0,699459.0,22.94,3.715,3.715,29672141.0,-47298641.0,92638418.0,92638418.0,0.0,,,,,1342812.0,4996685.0,1.0,56892895.0,56892895.0,,1.628,2893064237.0,0.0,0.0,0.0,50.851,
84,REG,MRQ,2000-06-30,2000-06-30,2000-06-30,2021-08-06,0.0,2761975368.0,,,,,14.715,-91011588.0,37907422.0,37907422.0,18893143.0,16117044.0,,1.362,1078633803.0,,,1078633803.0,0.0,14625223.0,8344141.0,0.079,0.48,33496209.0,48121432.0,0.558,48121432.0,33496209.0,16117044.0,0.27,0.27,0.27,831789995.0,,831789995.0,2352259579.0,15.0,11.307,-43472364.0,-0.769,1.0,67370031.0,0.781,0.0,17379165.0,3802701749.0,,0.0,24349824.0,,,1132934923.0,,,1341366465.0,10098034.0,-22133240.0,10450.0,29790235.0,-27136997.0,60030513.0,-97471703.0,15673125.0,47539224.0,0.0,16117044.0,15417585.0,15417585.0,0.0,0.0,0.179,19306125.0,48063906.0,45956979.0,1.778,1.613,15.444,15.715,2645069874.0,699459.0,23.73,3.965,3.965,32885659.0,-44031759.0,86263174.0,86263174.0,0.0,,,,,1207389.0,3761187.0,1.0,56526189.0,56526189.0,,1.526,2761975368.0,0.0,0.0,0.0,48.862,
85,REG,MRQ,2000-03-31,2000-03-31,2000-03-31,2021-08-06,0.0,2657794082.0,,,,,15.842,-43229416.0,27809388.0,27809388.0,18531781.0,22319942.0,,1.214,1038702502.0,,,1038702502.0,0.0,13761765.0,8315974.0,0.094,0.48,37168091.0,50929856.0,0.627,50929856.0,37168091.0,22319942.0,0.38,0.38,0.38,895261956.0,,895261956.0,2073937868.0,13.0,9.699,-4079843.0,-0.072,1.0,62669874.0,0.772,0.0,14848149.0,3668687196.0,,0.0,19511432.0,,,1087204190.0,,,1116088794.0,-26308055.0,-2589459.0,-10622473.0,28883991.0,-27153292.0,-19638753.0,-45818875.0,0.0,39149573.0,0.0,22319942.0,21620483.0,21620483.0,0.0,0.0,0.266,18257844.0,44412030.0,40185714.0,1.263,1.247,11.654,11.97,2561087444.0,699459.0,19.75,3.365,3.365,28628118.0,-32312347.0,81201655.0,81201655.0,0.0,,,,,1042205.0,4496079.0,1.0,56510825.0,56510825.0,,1.437,2657794082.0,0.0,0.0,0.0,47.032,
86,REG,MRQ,1999-12-31,1999-12-31,1999-12-31,2021-08-06,0.0,2654935978.0,,,,,15.327,134660321.0,54117443.0,54117443.0,19782448.0,26517768.0,,1.177,1011966517.0,,,1011966517.0,0.0,13718303.0,7952707.0,0.092,0.46,42433096.0,56151399.0,0.616,56151399.0,42433096.0,26517768.0,0.45,0.45,0.45,908367707.0,,908367707.0,2080694343.0,14.0,10.598,185718532.0,3.134,1.0,71420437.0,0.783,0.0,15915328.0,3612785052.0,,0.0,15673125.0,,,1068805335.0,,,1185279960.0,30532623.0,-7037910.0,-54662462.0,100891371.0,-27007099.0,7834260.0,-28359848.0,0.0,51058211.0,0.0,26517768.0,25850340.0,25850340.0,0.0,0.0,0.283,18988838.0,52431599.0,48886111.0,1.022,1.305,13.53,12.422,2531725805.0,667428.0,20.0,3.926,3.926,33515040.0,-26779538.0,91202885.0,91202885.0,0.0,,,,,490076.0,5698009.0,1.0,59263998.0,59263998.0,,1.539,2654935978.0,0.0,0.0,0.0,44.798,
87,REG,MRQ,1999-09-30,1999-09-30,1999-09-30,2021-08-06,0.0,2608486087.0,,,,,16.141,-73404400.0,23584820.0,23584820.0,18569172.0,24642650.0,,1.007,918999203.0,,,918999203.0,0.0,13112164.0,7539864.0,0.087,0.46,39726035.0,52838199.0,0.664,52838199.0,39726035.0,24642650.0,0.41,0.41,0.41,961408435.0,,961408435.0,2267186671.0,18.0,13.751,-37313219.0,-0.626,1.0,61029047.0,0.767,0.0,15083385.0,3503900470.0,,0.0,0.0,,,968003732.0,,,1250814852.0,8803119.0,-13609174.0,-1342523.0,-106542118.0,-28308037.0,59725512.0,-87013574.0,0.0,36091181.0,0.0,24642650.0,23965485.0,23965485.0,0.0,0.0,0.301,18282487.0,42746560.0,41464665.0,1.122,1.301,17.39,13.907,2536682115.0,677165.0,21.0,4.99,4.99,29766946.0,-25622779.0,79598219.0,79598219.0,0.0,,,,,657793.0,4795323.0,1.0,59562612.0,59562612.0,,1.336,2608486087.0,0.0,0.0,0.0,43.794,
88,REG,MRQ,1999-06-30,1999-06-30,1999-06-30,2021-08-06,0.0,2523807190.0,,,,,19.614,-67866781.0,14781701.0,14781701.0,17361657.0,25025943.0,,0.928,1031153520.0,,,1031153520.0,0.0,12369778.0,6899230.0,0.082,0.46,41542597.0,53912375.0,0.677,53912375.0,41542597.0,25025943.0,0.41,0.41,0.41,1167793195.0,,1167793195.0,2261539534.0,23.0,16.681,-30420472.0,-0.511,1.0,62302310.0,0.782,0.0,16516654.0,3540179009.0,,0.0,0.0,,,1083375621.0,,,1306269863.0,-17586732.0,-6813534.0,42208.0,38122279.0,-26697577.0,6045380.0,-61078421.0,0.0,37446309.0,0.0,25025943.0,24329943.0,24329943.0,0.0,0.0,0.305,17888312.0,44413998.0,45322871.0,1.122,1.119,22.514,15.343,2462011755.0,696000.0,21.94,6.272,6.272,29656201.0,-22180227.0,79663967.0,79663967.0,0.0,,,,,683127.0,5143534.0,1.0,59538280.0,59538280.0,,1.338,2523807190.0,0.0,0.0,0.0,42.39,
89,REG,MRQ,1999-03-31,1999-03-31,1999-03-31,2021-08-06,0.0,2476611110.0,,,,,20.333,-14925101.0,32368433.0,32368433.0,11744793.0,13659603.0,,0.875,987638104.0,,,987638104.0,0.0,9411274.0,6883000.0,0.095,0.46,24014289.0,33425563.0,0.65,33425563.0,24014289.0,13659603.0,0.34,0.34,0.34,1175871354.0,,1175871354.0,1612549277.0,21.0,15.245,11781468.0,0.204,1.0,39677067.0,0.772,0.0,10354686.0,3431880781.0,,0.0,0.0,,,1029083838.0,,,1084342875.0,12448740.0,-11633157.0,28601.0,43232393.0,-12972452.0,25902323.0,-40160152.0,0.0,26706569.0,0.0,13659603.0,13455603.0,13455603.0,0.0,0.0,0.262,13198633.0,26478434.0,34562734.0,1.353,0.922,24.373,13.393,2404049076.0,204000.0,18.75,6.62,6.62,26703875.0,-19116593.0,51421860.0,51421860.0,0.0,,,,,580911.0,3637359.0,1.0,57831620.0,57831620.0,,0.889,2476611110.0,0.0,0.0,0.0,42.825,
90,REG,MRQ,1998-12-31,1998-12-31,1998-12-31,2021-08-06,0.0,1240107300.0,,,,,16.962,-236991315.0,19919693.0,19919693.0,8715705.0,10175099.0,,1.32,548126095.0,,,548126095.0,0.0,7061047.0,3110370.0,0.079,0.44,17639964.0,24701011.0,0.618,24701011.0,17639964.0,10175099.0,0.35,0.33,0.35,432548515.0,,432548515.0,1027671874.0,13.0,10.029,-225611402.0,-8.847,1.0,31285132.0,0.782,0.0,7464865.0,1768313702.0,,0.0,0.0,,,571172889.0,,,567393846.0,1518970.0,-5382645.0,492469.0,72476889.0,-12577893.0,57643690.0,-67504633.0,0.0,11379913.0,0.0,10175099.0,10175099.0,10175099.0,0.0,0.0,0.254,11486868.0,19798264.0,19936424.0,1.257,1.312,11.216,12.361,1191348389.0,0.0,22.25,3.96,3.96,16758917.0,-19395744.0,40000837.0,40000837.0,0.0,,,,,501063.0,4275821.0,1.0,25500847.0,25500847.0,,1.569,1240107300.0,0.0,0.0,0.0,48.63,
91,REG,MRQ,1998-09-30,1998-09-30,1998-09-30,2021-08-06,0.0,1173036860.0,,,,,20.353,2476284.0,18400723.0,18400723.0,7868783.0,10060709.0,,0.981,478678751.0,,,478678751.0,0.0,6600399.0,2928138.0,0.076,0.44,16935900.0,23536299.0,0.633,23536299.0,16935900.0,10060709.0,0.33,0.37,0.33,518282635.0,,518282635.0,978947451.0,13.0,10.081,23412677.0,0.919,1.0,29330721.0,0.788,0.0,6875191.0,1633314888.0,,0.0,0.0,,,508385093.0,,,584152946.0,5668021.0,-2046667.0,47625.0,54096138.0,-12551728.0,38579234.0,-53847606.0,0.0,20936393.0,0.0,10060709.0,10060709.0,10060709.0,0.0,0.0,0.27,9976277.0,19354444.0,26778204.0,1.333,1.127,11.611,12.467,1124619156.0,0.0,22.94,4.443,4.443,16564787.0,-16992945.0,37199504.0,37199504.0,0.0,,,,,614727.0,3325878.0,1.0,25464383.0,25464383.0,,1.461,1173036860.0,0.0,0.0,0.0,46.066,
92,REG,MRQ,1998-06-30,1998-06-30,1998-06-30,2021-08-06,0.0,1093098056.0,,,,,21.812,8357100.0,12732702.0,12732702.0,7354552.0,10798163.0,,0.784,407527207.0,,,407527207.0,0.0,5928251.0,2762506.0,0.068,0.44,18182802.0,24111053.0,0.685,24111053.0,18182802.0,10798163.0,0.38,0.36,0.38,544992132.0,,544992132.0,1006954826.0,14.0,11.066,24917931.0,0.997,1.0,27832225.0,0.791,0.0,7384639.0,1487892561.0,,0.0,0.0,,,427353720.0,,,627899436.0,-3974465.0,-21263820.0,9678666.0,-27188515.0,-12340057.0,48353459.0,-68888755.0,0.0,16560831.0,0.0,10798163.0,10798163.0,10798163.0,0.0,0.0,0.307,9757592.0,18074633.0,17064007.0,1.158,1.152,12.816,13.296,1057726028.0,0.0,25.13,5.186,5.186,10684242.0,-14501931.0,35186777.0,35186777.0,0.0,,,,,700935.0,3529341.0,1.0,24986050.0,24986050.0,,1.408,1093098056.0,0.0,0.0,0.0,43.748,
93,REG,MRQ,1998-03-31,1998-03-31,1998-03-31,2021-08-06,0.0,985982538.0,,,,,21.922,18449621.0,16707167.0,16707167.0,6905153.0,19556103.0,,0.77,395762556.0,,,395762556.0,0.0,5456304.0,2561475.0,0.064,0.44,24660264.0,30116568.0,0.974,30116568.0,24660264.0,19556103.0,0.74,0.69,0.74,532813201.0,,532813201.0,904077322.0,14.0,11.019,34573949.0,1.423,1.0,24003730.0,0.777,0.0,5104161.0,1365037927.0,,0.0,0.0,,,410235501.0,,,642612989.0,121073.0,8593.0,6769.0,43230244.0,-12021247.0,30148600.0,-46151855.0,0.0,16124328.0,0.0,19556103.0,19556103.0,19556103.0,0.0,0.0,0.633,8889412.0,15114318.0,11911470.0,0.595,1.206,14.972,14.938,950973209.0,0.0,26.44,5.815,5.815,9788251.0,-12960037.0,30908883.0,30908883.0,0.0,,,,,605822.0,3433108.0,1.0,24304576.0,24304576.0,,1.272,985982538.0,0.0,0.0,0.0,40.568,
94,REG,MRQ,1997-12-31,1997-12-31,1997-12-31,2021-08-06,0.0,826848591.0,,,,,20.258,-15600552.0,16586094.0,16586094.0,6887878.0,9894608.0,,0.593,278050427.0,,,278050427.0,0.0,4801185.0,2319941.0,0.061,0.42,14541583.0,19342768.0,0.686,19342768.0,14541583.0,9894608.0,0.39,0.36,0.39,492372315.0,,492372315.0,,,,-10588374.0,-0.436,1.0,21299047.0,0.756,0.0,4646975.0,1088312924.0,,0.0,0.0,,,291967600.0,,,672993709.0,2554824.0,18688.0,14482914.0,37942040.0,-11052707.0,42416054.0,-44873408.0,0.0,5012178.0,0.0,9894608.0,9894608.0,9894608.0,0.0,0.0,0.351,7003709.0,14295338.0,11597232.0,1.077,1.367,24.56,21.633,793605705.0,0.0,27.69,6.914,6.914,9546584.0,-20494893.0,28186925.0,28186925.0,0.0,,,,,2561139.0,1563524.0,1.0,24304576.0,24304576.0,,1.16,826848591.0,0.0,0.0,0.0,34.02,
95,REG,MRQ,1997-09-30,1997-09-30,1997-09-30,2021-08-06,,,,,,,,-1057892.0,,,8246998.0,8743497.0,,,,,,,,4427304.0,,0.062,0.42,12995006.0,17422310.0,0.65,17422310.0,12995006.0,8743497.0,0.38,0.36,0.38,,,,,,,12041693.0,,1.0,18542965.0,0.692,,4251509.0,,,,,,,,,,,618890.0,50000.0,142336853.0,-122975638.0,-10608754.0,6038249.0,-18518944.0,0.0,13099585.0,0.0,8743497.0,8743497.0,8743497.0,0.0,0.0,0.326,6972692.0,11570273.0,,1.105,,,,,0.0,26.75,,,,,26789963.0,26789963.0,0.0,,,,,0.0,2545388.0,1.0,,,,,,,0.0,,,
96,REG,MRQ,1997-06-30,1997-06-30,1997-06-30,2021-08-06,,,,,,,,-7446873.0,,,5284654.0,4726778.0,,,,,,,,4231170.0,,0.061,0.42,10930786.0,15161956.0,0.616,15161956.0,10930786.0,4726778.0,0.26,0.26,0.26,,,,,,,3288746.0,,1.0,19341101.0,0.785,,6204008.0,,,,,,,,,,,-1216775.0,0.0,42275201.0,21036927.0,-6477958.0,57475943.0,-69428337.0,0.0,10735619.0,0.0,4726778.0,4726778.0,4726778.0,0.0,0.0,0.192,7226178.0,12114923.0,,1.615,,,,,0.0,27.25,,,,,24625755.0,24625755.0,0.0,,,,,0.0,2995008.0,1.0,,,,,,,0.0,,,
97,REG,MRQ,1997-03-31,1997-03-31,1997-03-31,2021-08-06,,,,,,,,-2252545.0,,,2484601.0,4036772.0,,,,,,,,2843500.0,,0.061,0.42,7601536.0,10445036.0,0.589,10445036.0,7601536.0,4036772.0,0.25,0.25,0.25,,,,,,,11944293.0,,1.0,15248751.0,0.86,,3564764.0,,,,,,,,,,,6335926.0,0.0,26000012.0,27990659.0,-5775359.0,47851780.0,-55712692.0,0.0,14196838.0,0.0,4036772.0,4036772.0,4036772.0,0.0,0.0,0.228,5064506.0,10184245.0,,1.68,,,,,0.0,26.75,,,,,17733352.0,17733352.0,0.0,,,,,0.0,2221006.0,1.0,,,,,,,0.0,,,
98,REG,MRQ,1996-12-31,1996-12-31,1996-12-31,2021-08-06,0.0,386524049.0,,,,,,,8293229.0,8293229.0,,,,0.867,171607473.0,,,171607473.0,0.0,,1381673.0,0.062,0.405,,,,,,,,,,206725777.0,,206725777.0,,,,,,1.0,,,0.0,,549838293.0,,0.0,0.0,,,179289786.0,,,,,,,,,,,,,,,,,,,,,,6300640.0,,,,32.012,367189569.0,,26.25,,,5281419.0,-13981770.0,,,,,,,,,,1.0,,,,,386524049.0,0.0,,0.0,,
0,REG,MRT,2021-06-30,2021-06-30,2021-06-30,2021-08-06,-13658000.0,10640166000.0,10797424250.0,,,0.098,35.129,36220000.0,286613000.0,286613000.0,321757000.0,230983000.0,,0.771,3868376000.0,,,3868376000.0,0.0,323023000.0,55904000.0,0.037,2.38,378936000.0,701959000.0,0.66,701959000.0,378936000.0,227321000.0,1.34,1.32,1.34,5967080000.0,5990304250.0,5967080000.0,14615097591.0,39.0,20.82,643206000.0,3.787,1.0,741509000.0,0.697,169119000.0,151615000.0,14052810000.0,14364518250.0,0.0,409627000.0,,,4600135000.0,,,10883068591.0,-300745000.0,36855000.0,-3829000.0,-632260000.0,-301799000.0,-983250000.0,75519000.0,-5513000.0,606986000.0,0.0,227321000.0,227321000.0,227321000.0,0.0,3662000.0,0.214,414291000.0,327218000.0,313896000.0,1.776,1.824,47.875,47.813,9300486000.0,0.0,64.07,10.236,10.236,131510000.0,-1791773000.0,1063266000.0,1063266000.0,0.0,0.021,0.038,0.026,0.356,20223000.0,80568000.0,1.0,169862160.0,169862160.0,,6.26,10471047000.0,0.0,0.0,0.0,61.644,
1,REG,MRT,2021-03-31,2021-03-31,2021-03-31,2021-08-06,-12512000.0,10625988000.0,10983960000.0,,,0.092,35.151,-15592000.0,139320000.0,139320000.0,316569000.0,153725000.0,,0.768,3871349000.0,,,3871349000.0,0.0,333864000.0,56837000.0,0.042,2.38,307055000.0,640919000.0,0.636,640919000.0,307055000.0,150877000.0,0.89,0.87,0.89,5969631000.0,6029030000.0,5969631000.0,13396023925.0,44.0,20.901,497210000.0,2.928,1.0,690651000.0,0.686,178784000.0,156178000.0,14179233000.0,14625792750.0,0.0,484425000.0,,,4582944000.0,,,9630999925.0,-597525000.0,-3283000.0,-4059000.0,-738430000.0,-301708000.0,-1094009000.0,-16318000.0,-5400000.0,512802000.0,0.0,150877000.0,150877000.0,150877000.0,0.0,2848000.0,0.15,428450000.0,262201000.0,285320000.0,2.674,1.613,63.833,63.719,9354045000.0,0.0,56.71,9.562,9.562,127455000.0,-1786196000.0,1007220000.0,1007220000.0,0.0,0.014,0.025,0.021,0.305,22816000.0,82583000.0,1.0,169828953.0,169828953.0,,5.931,10447204000.0,0.0,0.0,0.0,61.516,
2,REG,MRT,2020-12-31,2020-12-31,2020-12-31,2021-08-06,-18625000.0,10936904000.0,11219540750.0,,,0.091,35.272,-8127000.0,378450000.0,378450000.0,313077000.0,47317000.0,,0.815,4143474000.0,,,4143474000.0,0.0,345900000.0,55210000.0,0.052,2.38,201567000.0,547467000.0,0.539,547467000.0,201567000.0,44889000.0,0.27,0.26,0.27,5984912000.0,6086477750.0,5984912000.0,11663451218.0,58.0,21.304,490991000.0,2.894,1.0,703098000.0,0.692,188799000.0,156678000.0,14513129000.0,14890786250.0,0.0,467155000.0,,,4878757000.0,,,7735717218.0,262888000.0,-19315000.0,120365000.0,11641000.0,-300537000.0,-210589000.0,-25641000.0,-6156000.0,499118000.0,0.0,44889000.0,44889000.0,44889000.0,0.0,2428000.0,0.044,433543000.0,269555000.0,302361000.0,8.815,1.293,172.33,168.852,9429511000.0,0.0,45.59,7.613,7.613,143633000.0,-1765806000.0,1016175000.0,1016175000.0,0.0,0.004,0.007,0.014,0.198,18249000.0,75001000.0,1.0,169680132.0,169680132.0,,5.989,10748105000.0,0.0,0.0,0.0,63.343,
3,REG,MRT,2020-09-30,2020-09-30,2020-09-30,2021-08-06,-23220000.0,10986639000.0,11268378000.0,,,0.093,35.597,-72621000.0,280876000.0,280876000.0,312154000.0,49232000.0,,0.807,4208610000.0,,,4208610000.0,0.0,350805000.0,52132000.0,0.062,2.37,203384000.0,554189000.0,0.53,554189000.0,203384000.0,46693000.0,0.27,0.27,0.27,6039594000.0,6143586750.0,6039594000.0,10377731677.0,51.0,18.726,453883000.0,2.675,1.0,734293000.0,0.702,201472000.0,156691000.0,14712901000.0,14991586750.0,0.0,474308000.0,,,4873516000.0,,,6450756677.0,233415000.0,-17357000.0,120325000.0,109289000.0,-398215000.0,-211183000.0,-81906000.0,-1278000.0,526504000.0,0.0,46693000.0,46693000.0,46693000.0,0.0,2539000.0,0.045,431909000.0,302384000.0,222375000.0,8.778,1.068,138.153,140.815,9540089000.0,0.0,38.02,6.164,6.164,159137000.0,-1703338000.0,1046447000.0,1046447000.0,0.0,0.004,0.008,0.014,0.194,17276000.0,72751000.0,1.0,169667456.0,169667456.0,,6.168,10785167000.0,0.0,0.0,0.0,63.567,
4,REG,MRT,2020-06-30,2020-06-30,2020-06-30,2021-08-06,-25135000.0,11386309000.0,11314955750.0,,,0.096,36.09,-267140000.0,587358000.0,587358000.0,310167000.0,93866000.0,,0.848,4514333000.0,,,4514333000.0,0.0,357853000.0,50251000.0,0.051,2.36,245120000.0,602973000.0,0.555,602973000.0,245120000.0,90970000.0,0.54,0.54,0.54,6121983000.0,6199373000.0,6121983000.0,11683990865.0,48.0,19.377,282227000.0,1.664,1.0,775612000.0,0.714,215376000.0,154150000.0,15097908000.0,15056275750.0,0.0,474285000.0,,,5189107000.0,,,7784275865.0,549994000.0,-35851000.0,120217000.0,597377000.0,-395323000.0,297936000.0,-297309000.0,-3668000.0,549367000.0,0.0,90970000.0,90970000.0,90970000.0,0.0,2896000.0,0.084,436691000.0,338921000.0,223990000.0,4.37,1.272,85.57,84.981,9589868000.0,0.0,45.89,7.169,7.169,186232000.0,-1615077000.0,1085779000.0,1085779000.0,0.0,0.008,0.015,0.016,0.226,15998000.0,69874000.0,1.0,169629023.0,169629023.0,,6.401,11170933000.0,0.0,0.0,0.0,65.855,
5,REG,MRT,2020-03-31,2020-03-31,2020-03-31,2021-08-06,-25531000.0,11568311000.0,11205175750.0,,,0.101,36.964,-280195000.0,736845000.0,736845000.0,309607000.0,126982000.0,,0.854,4636560000.0,,,4636560000.0,0.0,366384000.0,48573000.0,0.061,2.35,274600000.0,640984000.0,0.567,640984000.0,274600000.0,123652000.0,0.74,0.74,0.74,6199422000.0,6244087500.0,6199422000.0,10472221345.0,38.0,16.338,335390000.0,2.0,1.0,820931000.0,0.726,228819000.0,150948000.0,15239207000.0,14919222750.0,0.0,489500000.0,,,5293076000.0,,,6445321345.0,694061000.0,-58200000.0,120469000.0,700332000.0,-392399000.0,410723000.0,-332247000.0,-3202000.0,615585000.0,0.0,123652000.0,123652000.0,123652000.0,0.0,3330000.0,0.109,441790000.0,379141000.0,194835000.0,3.176,1.04,52.125,51.932,9627489000.0,0.0,38.43,5.701,5.701,148058000.0,-1533182000.0,1130538000.0,1130538000.0,0.0,0.011,0.02,0.018,0.243,12711000.0,67389000.0,1.0,167715882.0,167715882.0,,6.741,11339492000.0,0.0,0.0,0.0,67.611,
6,REG,MRT,2019-12-31,2019-12-31,2019-12-31,2021-08-06,-11997000.0,11132253000.0,11067499000.0,,,0.102,37.08,-285009000.0,115562000.0,115562000.0,306145000.0,243258000.0,,0.779,4142462000.0,,,4142462000.0,0.0,374283000.0,58865000.0,0.037,2.34,390694000.0,764977000.0,0.675,764977000.0,390694000.0,239430000.0,1.43,1.43,1.43,6213348000.0,6281905750.0,6213348000.0,14634994640.0,37.0,19.131,336262000.0,2.007,1.0,826993000.0,0.73,242822000.0,151264000.0,14916331000.0,14760187750.0,0.0,469522000.0,,,4842292000.0,,,10571606640.0,70372000.0,-3228000.0,-38973000.0,192891000.0,-390598000.0,-268206000.0,-282693000.0,-3806000.0,621271000.0,0.0,239430000.0,239430000.0,239430000.0,0.0,3828000.0,0.211,457081000.0,369912000.0,213705000.0,1.636,1.701,44.153,44.119,9667483000.0,0.0,63.09,9.329,9.329,169337000.0,-1408062000.0,1133138000.0,1133138000.0,0.0,0.022,0.038,0.026,0.345,19508000.0,74984000.0,1.0,167563903.0,167563903.0,,6.762,10889431000.0,0.0,0.0,0.0,64.987,
7,REG,MRT,2019-09-30,2019-09-30,2019-09-30,2021-08-06,-15804000.0,11172950000.0,11020601500.0,,,0.102,37.377,-205175000.0,47461000.0,47461000.0,310224000.0,281864000.0,,0.772,4110849000.0,,,4110849000.0,0.0,375515000.0,53227000.0,0.033,2.31,428201000.0,803716000.0,0.712,803716000.0,428201000.0,278044000.0,1.66,1.65,1.66,6262739000.0,6328061250.0,6262739000.0,15508601906.0,36.0,19.296,409753000.0,2.445,1.0,818741000.0,0.725,264681000.0,150157000.0,14971657000.0,14588009000.0,0.0,472863000.0,,,4833103000.0,,,11643541906.0,2975000.0,-17150000.0,-127795000.0,158541000.0,-386623000.0,-386801000.0,-225152000.0,-2827000.0,614928000.0,0.0,278044000.0,278044000.0,278044000.0,0.0,3820000.0,0.246,453528000.0,365213000.0,219529000.0,1.392,1.859,41.877,41.861,9747890000.0,0.0,69.49,10.313,10.313,161381000.0,-1350331000.0,1128965000.0,1128965000.0,0.0,0.025,0.044,0.029,0.379,15330000.0,70266000.0,1.0,167557086.0,167557086.0,,6.738,10908269000.0,0.0,0.0,0.0,65.102,
8,REG,MRT,2019-06-30,2019-06-30,2019-06-30,2021-08-06,-14086000.0,10947189000.0,10991621500.0,,,0.102,37.613,75928000.0,37364000.0,37364000.0,310614000.0,294454000.0,,0.729,3902424000.0,,,3902424000.0,0.0,372842000.0,45527000.0,0.034,2.28,439323000.0,812165000.0,0.722,812165000.0,439323000.0,290801000.0,1.73,1.72,1.73,6300841000.0,6390400000.0,6300841000.0,15046273437.0,34.0,18.526,674672000.0,4.027,1.0,814385000.0,0.724,262553000.0,148522000.0,14549696000.0,14424369500.0,0.0,465495000.0,,,4594341000.0,,,11180197437.0,-5876000.0,-673000.0,-127796000.0,-141385000.0,-382665000.0,-678997000.0,74377000.0,-878000.0,598744000.0,0.0,290801000.0,290801000.0,290801000.0,0.0,3653000.0,0.258,451940000.0,362445000.0,188723000.0,1.318,1.774,38.446,38.578,9531966000.0,0.0,66.74,9.938,9.938,157883000.0,-1309278000.0,1124999000.0,1124999000.0,0.0,0.026,0.046,0.03,0.391,15718000.0,71125000.0,1.0,167518691.0,167518691.0,,6.716,10684636000.0,0.0,0.0,0.0,63.782,
9,REG,MRT,2019-03-31,2019-03-31,2019-03-31,2021-08-06,-6096000.0,11017604000.0,11050256750.0,,,0.102,37.913,33409000.0,42784000.0,42784000.0,307741000.0,290353000.0,,0.727,3908860000.0,,,3908860000.0,0.0,368357000.0,46923000.0,0.033,2.25,436337000.0,804694000.0,0.712,804694000.0,436337000.0,286914000.0,1.7,1.69,1.7,6350695000.0,6447214750.0,6350695000.0,14975011929.0,34.0,18.61,625232000.0,3.733,1.0,822798000.0,0.728,280613000.0,149423000.0,14603067000.0,14421205250.0,0.0,456733000.0,,,4614831000.0,,,11304989929.0,-50852000.0,-589000.0,-127797000.0,-144369000.0,-378737000.0,-690858000.0,48183000.0,15363000.0,591823000.0,0.0,286914000.0,286914000.0,286914000.0,0.0,3439000.0,0.254,446781000.0,376017000.0,183983000.0,1.324,1.78,39.402,39.7,9581511000.0,0.0,67.49,10.0,10.0,160635000.0,-1263011000.0,1130539000.0,1130539000.0,0.0,0.026,0.045,0.03,0.386,14902000.0,69184000.0,1.0,167506148.0,167506148.0,,6.749,10736991000.0,0.0,0.0,0.0,64.099,
10,REG,MRT,2018-12-31,2018-12-31,2018-12-31,2021-08-06,-927000.0,10944663000.0,11104319750.0,,,0.101,37.759,-61035000.0,45190000.0,45190000.0,305890000.0,252325000.0,,0.702,3715212000.0,,,3715212000.0,0.0,359688000.0,57750000.0,0.038,2.22,397583000.0,757271000.0,0.676,757271000.0,397583000.0,249127000.0,1.47,1.46,1.47,6397970000.0,6500616250.0,6397970000.0,13615644634.0,34.0,17.98,549292000.0,3.242,1.0,815085000.0,0.727,387069000.0,148456000.0,14227616000.0,14401663250.0,0.0,463001000.0,,,4494495000.0,,,9942922634.0,-4191000.0,-59591000.0,-220524000.0,123214000.0,-375978000.0,-508494000.0,-106024000.0,14602000.0,610327000.0,0.0,249127000.0,249127000.0,249127000.0,0.0,3198000.0,0.222,434916000.0,380169000.0,224807000.0,1.51,1.554,39.911,39.918,9388234000.0,0.0,58.68,8.87,8.87,172359000.0,-1255465000.0,1120975000.0,1120975000.0,0.0,0.022,0.038,0.028,0.355,12550000.0,65491000.0,1.0,169443126.0,169443126.0,,6.616,10557594000.0,0.0,0.0,0.0,62.308,
11,REG,MRT,2018-09-30,2018-09-30,2018-09-30,2021-08-06,14066000.0,11057030000.0,11154583250.0,,,0.099,38.434,-245642000.0,44486000.0,44486000.0,292208000.0,258529000.0,,0.692,3717208000.0,,,3717208000.0,0.0,357256000.0,43988000.0,0.034,2.195,392446000.0,749702000.0,0.681,749702000.0,392446000.0,245625000.0,1.52,1.52,1.52,6512094000.0,6574136750.0,6512094000.0,14745667107.0,38.0,19.669,343471000.0,2.027,1.0,808957000.0,0.735,412653000.0,146821000.0,14317099000.0,14397881000.0,0.0,0.0,,,4504787000.0,,,10957407107.0,13845000.0,-63917000.0,-42602000.0,172284000.0,-372130000.0,-278600000.0,-296668000.0,12891000.0,589113000.0,0.0,255362000.0,255362000.0,255362000.0,0.0,3167000.0,0.232,441289000.0,367668000.0,236250000.0,1.444,1.683,42.909,42.546,9926164000.0,0.0,64.67,9.951,9.951,160709000.0,-1240331000.0,1101165000.0,1101165000.0,0.0,0.023,0.039,0.027,0.356,16159000.0,69952000.0,1.0,169435706.0,169435706.0,,6.499,10644377000.0,0.0,-9737000.0,0.0,62.823,
12,REG,MRT,2018-06-30,2018-06-30,2018-06-30,2021-08-06,10317000.0,11181730000.0,11170012000.0,,,0.097,38.534,-383359000.0,43240000.0,43240000.0,283857000.0,251577000.0,,0.707,3831500000.0,,,3831500000.0,0.0,359546000.0,49124000.0,0.035,2.17,383598000.0,743144000.0,0.685,743144000.0,383598000.0,238716000.0,1.46,1.46,1.46,6528100000.0,6594978750.0,6528100000.0,14263635281.0,37.0,19.194,210261000.0,1.241,1.0,801139000.0,0.738,432951000.0,144882000.0,14537039000.0,14343947750.0,0.0,0.0,,,4612942000.0,,,10517003281.0,-61461000.0,-59328000.0,-42814000.0,302033000.0,-368265000.0,-222125000.0,-432956000.0,9731000.0,593620000.0,0.0,248453000.0,245306000.0,245306000.0,0.0,3124000.0,0.226,442365000.0,358774000.0,215300000.0,1.486,1.611,42.873,42.521,10036816000.0,3147000.0,62.08,9.693,9.693,155540000.0,-1216018000.0,1084996000.0,1084996000.0,0.0,0.022,0.037,0.027,0.354,15737000.0,67587000.0,1.0,169410491.0,169410491.0,,6.405,10748779000.0,0.0,-9737000.0,0.0,63.448,
13,REG,MRT,2018-03-31,2018-03-31,2018-03-31,2021-08-06,4764000.0,11233856000.0,11172665500.0,,,0.095,38.434,-373724000.0,93636000.0,93636000.0,275441000.0,253161000.0,,0.705,3840268000.0,,,3840268000.0,0.0,362673000.0,48428000.0,0.036,2.145,382583000.0,745256000.0,0.7,745256000.0,382583000.0,240368000.0,1.46,1.46,1.46,6564301000.0,6636025250.0,6564301000.0,13619053605.0,36.0,18.274,213272000.0,1.249,1.0,789448000.0,0.741,455589000.0,142215000.0,14524899000.0,14223575500.0,0.0,0.0,,,4628475000.0,,,10073457605.0,48794000.0,-45751000.0,-43537000.0,421017000.0,-364210000.0,-110281000.0,-427921000.0,-8446000.0,586996000.0,0.0,250105000.0,245833000.0,245833000.0,0.0,3056000.0,0.231,449523000.0,339925000.0,212515000.0,1.469,1.535,40.977,40.397,10010225000.0,4272000.0,58.98,9.46,9.46,159587000.0,-1169828000.0,1064889000.0,1064889000.0,0.0,0.022,0.037,0.027,0.359,14637000.0,67557000.0,1.0,170794466.0,170794466.0,,6.235,10778267000.0,0.0,-9737000.0,0.0,63.107,
14,REG,MRT,2017-12-31,2017-12-31,2017-12-31,2021-08-06,-6289000.0,11145717000.0,11148194500.0,,,0.088,39.339,-366486000.0,49381000.0,49381000.0,253713000.0,178980000.0,,0.659,3594977000.0,,,3594977000.0,0.0,334201000.0,46013000.0,0.03,2.1,298969000.0,633170000.0,0.643,633170000.0,298969000.0,166340000.0,1.0,1.0,1.0,6692052000.0,6677787250.0,6692052000.0,15259730900.0,51.0,24.101,103298000.0,0.607,1.0,730613000.0,0.742,478826000.0,132629000.0,14212487000.0,14065263000.0,0.0,386304000.0,,,4412663000.0,,,11768241900.0,31502000.0,-633716000.0,69909000.0,1196345000.0,-322650000.0,568948000.0,-1007230000.0,-7028000.0,469784000.0,0.0,176077000.0,159949000.0,159949000.0,0.0,2903000.0,0.162,491050000.0,239563000.0,234272000.0,2.1,1.759,73.575,69.18,9553050000.0,16128000.0,69.18,11.956,11.956,170985000.0,-1158170000.0,984326000.0,984326000.0,0.0,0.014,0.024,0.021,0.304,24393000.0,67624000.0,1.0,170110464.0,170110464.0,,5.786,10666891000.0,0.0,-9737000.0,0.0,62.706,
15,REG,MRT,2017-09-30,2017-09-30,2017-09-30,2021-08-06,-14141000.0,11118745000.0,9483991750.0,,,0.093,38.773,-264805000.0,30641000.0,30641000.0,225477000.0,154698000.0,,0.68,3522130000.0,,,3522130000.0,0.0,286363000.0,46351000.0,0.033,2.07,269630000.0,555993000.0,0.632,555993000.0,269630000.0,152122000.0,0.92,0.91,0.92,6595462000.0,5652599500.0,6595462000.0,13956596827.0,52.0,25.102,152465000.0,0.896,1.0,653661000.0,0.744,508868000.0,117508000.0,14101366000.0,12010795250.0,0.0,0.0,,,4482061000.0,,,10553271827.0,-14028000.0,-643311000.0,-19776000.0,1164279000.0,-284776000.0,480493000.0,-911791000.0,-3675000.0,417270000.0,0.0,152072000.0,130679000.0,130679000.0,0.0,2626000.0,0.149,442468000.0,211193000.0,276363000.0,2.25,1.6,80.757,67.435,9973479000.0,21393000.0,62.04,12.004,12.004,143153000.0,-1153153000.0,879138000.0,879138000.0,0.0,0.014,0.023,0.022,0.307,23225000.0,66250000.0,1.0,170104317.0,170104317.0,,5.168,10609877000.0,0.0,50000.0,0.0,62.373,
16,REG,MRT,2017-06-30,2017-06-30,2017-06-30,2021-08-06,-16435000.0,11192344000.0,7818877500.0,,,0.098,39.348,-242457000.0,104701000.0,104701000.0,198573000.0,102230000.0,,0.666,3508026000.0,,,3508026000.0,0.0,235596000.0,50126000.0,0.033,2.04,204654000.0,440250000.0,0.572,440250000.0,204654000.0,99880000.0,0.62,0.61,0.62,6692286000.0,4645520250.0,6692286000.0,14016043674.0,68.0,31.837,80493000.0,0.473,1.0,571192000.0,0.742,540119000.0,104774000.0,14055550000.0,9965019750.0,0.0,29839000.0,,,4458309000.0,,,10653659674.0,75995000.0,-619778000.0,380234000.0,801591000.0,-246912000.0,613838000.0,-860793000.0,1442000.0,322950000.0,0.0,99830000.0,76318000.0,76318000.0,0.0,2400000.0,0.099,390397000.0,180795000.0,246462000.0,3.29,1.592,139.596,101.032,10014231000.0,23512000.0,62.64,13.84,13.84,125372000.0,-1122666000.0,769765000.0,769765000.0,0.0,0.01,0.016,0.021,0.266,22463000.0,67097000.0,1.0,170077581.0,170077581.0,,4.526,10652225000.0,0.0,50000.0,0.0,62.632,
17,REG,MRT,2017-03-31,2017-03-31,2017-03-31,2021-08-06,-15791000.0,11135972000.0,6129942000.0,,,0.108,64.289,-470573000.0,44842000.0,44842000.0,174075000.0,92701000.0,,0.649,3407226000.0,,,3407226000.0,0.0,183664000.0,41136000.0,0.03,2.01,184231000.0,367895000.0,0.557,367895000.0,184231000.0,90463000.0,0.7,0.68,0.7,6731349000.0,3514137750.0,6731349000.0,8575882182.0,47.0,23.311,-217559000.0,-2.078,1.0,486797000.0,0.737,606707000.0,93768000.0,13891649000.0,8018144500.0,0.0,29025000.0,,,4371469000.0,,,6951341182.0,13938000.0,-620644000.0,518452000.0,839503000.0,-205808000.0,848738000.0,-1087814000.0,3403000.0,253014000.0,0.0,90413000.0,62760000.0,62760000.0,0.0,2288000.0,0.095,333648000.0,153149000.0,242638000.0,2.871,1.033,110.761,94.843,10196730000.0,27653000.0,66.39,10.518,10.518,119843000.0,-1080882000.0,660872000.0,660872000.0,0.0,0.01,0.018,0.023,0.279,23027000.0,66701000.0,1.0,104704642.0,104704642.0,,6.312,10529265000.0,0.0,50000.0,0.0,100.562,
18,REG,MRT,2016-12-31,2016-12-31,2016-12-31,2021-08-06,-18346000.0,4488906000.0,4382792250.0,,,0.14,24.799,-431510000.0,17879000.0,17879000.0,161417000.0,166992000.0,,0.719,1642420000.0,,,1642420000.0,0.0,162327000.0,28868000.0,0.029,2.0,255634000.0,417961000.0,0.68,417961000.0,255634000.0,164922000.0,1.43,1.42,1.43,2591301000.0,2342968250.0,2591301000.0,8787527518.0,34.0,21.025,-134333000.0,-1.286,1.0,452954000.0,0.737,118831000.0,90712000.0,5994616000.0,6005014750.0,0.0,0.0,,,1864404000.0,,,7204813518.0,-22744000.0,20181000.0,541864000.0,-204357000.0,-201029000.0,88711000.0,-408632000.0,2697000.0,297177000.0,0.0,164922000.0,143860000.0,143860000.0,0.0,2070000.0,0.234,241735000.0,211219000.0,138936000.0,1.399,2.78,50.082,48.217,4105807000.0,21062000.0,68.95,11.727,11.727,111722000.0,-994259000.0,614371000.0,614371000.0,0.0,0.033,0.061,0.043,0.416,12307000.0,65327000.0,1.0,104493307.0,104493307.0,,5.88,4370075000.0,0.0,0.0,0.0,41.822,
19,REG,MRT,2016-09-30,2016-09-30,2016-09-30,2021-08-06,-35739000.0,4458288000.0,4306286000.0,,,0.14,24.568,-435359000.0,44907000.0,44907000.0,156336000.0,128874000.0,,0.724,1627621000.0,,,1627621000.0,0.0,157301000.0,28239000.0,0.026,1.985,221368000.0,378669000.0,0.63,378669000.0,221368000.0,126665000.0,1.09,1.07,1.09,2567145000.0,2208670250.0,2567145000.0,10052666610.0,45.0,26.547,-141246000.0,-1.352,1.0,444639000.0,0.74,122738000.0,94703000.0,5918264000.0,5981651500.0,0.0,39760000.0,,,1858004000.0,,,8096894610.0,17022000.0,48036000.0,730080000.0,-370511000.0,-194433000.0,108485000.0,-385576000.0,1747000.0,294113000.0,0.0,126665000.0,105602000.0,105602000.0,0.0,2209000.0,0.176,234171000.0,210468000.0,145689000.0,1.821,3.154,76.674,71.092,4064932000.0,21063000.0,77.49,13.473,13.473,92747000.0,-997881000.0,600975000.0,600975000.0,0.0,0.025,0.048,0.037,0.368,12322000.0,68068000.0,1.0,104489542.0,104489542.0,,5.752,4335550000.0,0.0,0.0,0.0,41.493,
20,REG,MRT,2016-06-30,2016-06-30,2016-06-30,2021-08-06,-80038000.0,4436602000.0,4234435750.0,,,0.139,22.198,-390480000.0,28444000.0,28444000.0,151710000.0,177494000.0,,1.031,1984216000.0,,,1984216000.0,0.0,153626000.0,26974000.0,0.024,1.97,272948000.0,426574000.0,0.723,426574000.0,272948000.0,175091000.0,1.61,1.59,1.61,2166756000.0,2036640500.0,2166756000.0,9977251003.0,37.0,23.389,-81053000.0,-0.83,1.0,438565000.0,0.743,124325000.0,97857000.0,6268049000.0,6016364750.0,0.0,40419000.0,,,2234577000.0,,,8172981003.0,-2175000.0,10500000.0,330341000.0,-31648000.0,-187828000.0,67062000.0,-378664000.0,1316000.0,309427000.0,0.0,175091000.0,154028000.0,154028000.0,0.0,2403000.0,0.261,230036000.0,208529000.0,165611000.0,1.224,3.772,53.062,52.006,4051500000.0,21063000.0,83.73,13.846,13.846,94056000.0,-950941000.0,590275000.0,590275000.0,0.0,0.036,0.076,0.045,0.462,10705000.0,66772000.0,1.0,97611143.0,97611143.0,,6.047,4312277000.0,0.0,0.0,0.0,44.178,
21,REG,MRT,2016-03-31,2016-03-31,2016-03-31,2021-08-06,-72893000.0,4147373000.0,4149852250.0,,,0.14,20.969,-108392000.0,31030000.0,31030000.0,147084000.0,175130000.0,,1.009,1835300000.0,,,1835300000.0,0.0,149553000.0,28217000.0,0.026,1.955,272892000.0,422445000.0,0.73,422445000.0,272892000.0,172761000.0,1.6,1.58,1.6,2046671000.0,1965135250.0,2046671000.0,9137703247.0,33.0,21.631,199512000.0,2.044,1.0,431908000.0,0.746,112513000.0,100131000.0,5839130000.0,5950950250.0,0.0,40102000.0,,,2065000000.0,,,7305848247.0,-9352000.0,18232000.0,192809000.0,-186547000.0,-184629000.0,-225664000.0,-91592000.0,-1432000.0,307904000.0,0.0,172761000.0,151698000.0,151698000.0,0.0,2369000.0,0.262,224050000.0,207858000.0,157732000.0,1.222,3.57,48.16,46.781,3776194000.0,21063000.0,74.85,12.618,12.618,90769000.0,-936945000.0,578992000.0,578992000.0,0.0,0.037,0.077,0.046,0.471,10230000.0,65521000.0,1.0,97606523.0,97606523.0,,5.932,4034860000.0,0.0,0.0,0.0,41.338,
22,REG,MRT,2015-12-31,2015-12-31,2015-12-31,2021-08-06,-58693000.0,4182881000.0,4142608250.0,,,0.138,21.815,-141514000.0,40623000.0,40623000.0,144833000.0,152543000.0,,1.022,1864285000.0,,,1864285000.0,0.0,146829000.0,29427000.0,0.028,1.94,252678000.0,399507000.0,0.701,399507000.0,252678000.0,150056000.0,1.37,1.36,1.37,2054109000.0,1920881000.0,2054109000.0,8408961039.0,33.0,21.048,144029000.0,1.53,1.0,424930000.0,0.746,105380000.0,102622000.0,5901163000.0,5996338250.0,0.0,29093000.0,,,2100261000.0,,,6414331039.0,-76920000.0,3747000.0,188588000.0,-183692000.0,-181392000.0,-223117000.0,-139346000.0,-1579000.0,285543000.0,0.0,150056000.0,128994000.0,128994000.0,0.0,2487000.0,0.226,220265000.0,204665000.0,164515000.0,1.416,3.123,49.726,49.723,3808319000.0,21062000.0,68.12,11.258,11.258,106164000.0,-936020000.0,569763000.0,569763000.0,0.0,0.031,0.067,0.042,0.443,11288000.0,65600000.0,1.0,94162229.0,94162229.0,,6.051,4077501000.0,0.0,0.0,0.0,43.303,
23,REG,MRT,2015-09-30,2015-09-30,2015-09-30,2021-08-06,-62307000.0,4170887000.0,4146180500.0,,,0.135,19.956,-138261000.0,29022000.0,29022000.0,142098000.0,208194000.0,,1.204,2023652000.0,,,2023652000.0,0.0,146685000.0,24726000.0,0.031,1.925,311719000.0,458404000.0,0.819,458404000.0,311719000.0,205962000.0,1.99,1.98,1.99,1879026000.0,1884001750.0,1879026000.0,7806716058.0,25.0,17.03,138434000.0,1.47,1.0,417663000.0,0.746,108400000.0,105757000.0,6057117000.0,6032140750.0,0.0,39605000.0,,,2262843000.0,,,5851856058.0,-76828000.0,-13959000.0,54150000.0,-59058000.0,-179864000.0,-221179000.0,-132344000.0,19876000.0,276695000.0,0.0,205962000.0,184899000.0,184899000.0,0.0,2232000.0,0.33,216937000.0,200726000.0,171304000.0,0.967,3.114,31.649,31.231,3805369000.0,21063000.0,62.15,10.454,10.454,86077000.0,-907962000.0,559761000.0,559761000.0,0.0,0.045,0.098,0.052,0.557,11322000.0,62586000.0,1.0,94156976.0,94156976.0,,5.945,4062487000.0,0.0,0.0,0.0,43.146,
24,REG,MRT,2015-06-30,2015-06-30,2015-06-30,2021-08-06,-48799000.0,4098268000.0,4135480750.0,,,0.133,19.939,-153203000.0,33840000.0,33840000.0,139274000.0,201900000.0,,1.164,1988700000.0,,,1988700000.0,0.0,146081000.0,27161000.0,0.032,1.91,308392000.0,454473000.0,0.824,454473000.0,308392000.0,200173000.0,1.94,1.93,1.94,1880735000.0,1875550500.0,1880735000.0,7514888018.0,24.0,16.535,132356000.0,1.403,1.0,411978000.0,0.747,46737000.0,108219000.0,6006391000.0,6015122500.0,0.0,41811000.0,,,2188401000.0,,,5563240018.0,-9622000.0,10036000.0,103408000.0,-58646000.0,-177597000.0,-170821000.0,-124360000.0,18807000.0,285559000.0,0.0,200173000.0,179110000.0,179110000.0,0.0,1727000.0,0.325,216217000.0,195761000.0,142415000.0,0.985,2.958,31.06,30.402,3787836000.0,21063000.0,58.98,10.092,10.092,84674000.0,-916027000.0,551252000.0,551252000.0,0.0,0.043,0.095,0.051,0.559,11885000.0,62299000.0,1.0,94324178.0,94324178.0,,5.844,4051531000.0,0.0,0.0,0.0,42.953,
25,REG,MRT,2015-03-31,2015-03-31,2015-03-31,2021-08-06,-69277000.0,4118397000.0,4121856500.0,,,0.132,19.863,-166084000.0,43079000.0,43079000.0,137818000.0,194781000.0,,1.187,1994727000.0,,,1994727000.0,0.0,145878000.0,27045000.0,0.028,1.895,302164000.0,448042000.0,0.822,448042000.0,302164000.0,193175000.0,1.87,1.87,1.87,1869654000.0,1851844500.0,1869654000.0,8303971189.0,27.0,18.534,113852000.0,1.21,1.0,407197000.0,0.747,49363000.0,108989000.0,6020682000.0,6007435500.0,0.0,41764000.0,,,2219518000.0,,,6404403189.0,1330000.0,10788000.0,103445000.0,-21699000.0,-175226000.0,-130282000.0,-148324000.0,6972000.0,279936000.0,0.0,193175000.0,172112000.0,172112000.0,0.0,1606000.0,0.316,216155000.0,191042000.0,166659000.0,1.013,3.425,37.211,36.385,3809200000.0,21063000.0,68.04,11.751,11.751,84847000.0,-902845000.0,545015000.0,545015000.0,0.0,0.042,0.093,0.05,0.554,12107000.0,62423000.0,1.0,94127031.0,94127031.0,,5.79,4069034000.0,0.0,0.0,0.0,43.229,
26,REG,MRT,2014-12-31,2014-12-31,2014-12-31,2021-08-06,-57748000.0,4197170000.0,4101145000.0,,,0.131,20.447,-231570000.0,121789000.0,121789000.0,136819000.0,188847000.0,,1.186,2021357000.0,,,2021357000.0,0.0,147791000.0,25991000.0,0.029,1.88,296881000.0,444672000.0,0.827,444672000.0,296881000.0,187390000.0,1.8,1.8,1.8,1906592000.0,1836519000.0,1906592000.0,7860287541.0,26.0,17.677,46172000.0,0.495,1.0,401079000.0,0.746,52365000.0,109491000.0,6044373000.0,5985980500.0,0.0,40266000.0,,,2260688000.0,,,5947091541.0,33092000.0,13575000.0,102453000.0,72727000.0,-172900000.0,-34360000.0,-210290000.0,7705000.0,277742000.0,0.0,187390000.0,166328000.0,166328000.0,0.0,1457000.0,0.309,216529000.0,184550000.0,181197000.0,1.044,3.119,35.755,35.433,3809345000.0,21062000.0,63.78,11.056,11.056,86767000.0,-882372000.0,537898000.0,537898000.0,0.0,0.041,0.091,0.05,0.552,11048000.0,60242000.0,1.0,93243831.0,93243831.0,,5.769,4144805000.0,0.0,0.0,0.0,44.451,
27,REG,MRT,2014-09-30,2014-09-30,2014-09-30,2021-08-06,-33963000.0,4128088000.0,4030231500.0,,,0.131,19.979,-263007000.0,110047000.0,110047000.0,135693000.0,161674000.0,,1.222,2023243000.0,,,2023243000.0,0.0,146189000.0,24888000.0,0.035,1.873,268945000.0,415134000.0,0.787,415134000.0,268945000.0,160202000.0,1.51,1.51,1.51,1845221000.0,1820709500.0,1845221000.0,6957040273.0,26.0,16.759,4972000.0,0.054,1.0,392043000.0,0.743,52240000.0,108743000.0,5989044000.0,5883188250.0,0.0,39497000.0,,,2253959000.0,,,4971625273.0,38006000.0,90402000.0,49300000.0,88822000.0,-171289000.0,-64294000.0,-165679000.0,6926000.0,267979000.0,0.0,160202000.0,139139000.0,139139000.0,-30960000.0,1472000.0,0.264,213317000.0,178726000.0,173997000.0,1.24,2.694,35.731,35.649,3731300000.0,21063000.0,53.83,9.421,9.421,80666000.0,-912041000.0,527736000.0,527736000.0,0.0,0.035,0.076,0.046,0.51,11730000.0,57176000.0,1.0,92357891.0,92357891.0,,5.714,4075848000.0,0.0,0.0,0.0,44.131,
28,REG,MRT,2014-06-30,2014-06-30,2014-06-30,2021-08-06,-36412000.0,4043771000.0,3972347750.0,,,0.13,19.34,-258555000.0,45648000.0,45648000.0,132841000.0,148898000.0,,1.246,2031063000.0,,,2031063000.0,0.0,143212000.0,23540000.0,0.033,1.865,255190000.0,398402000.0,0.774,398402000.0,255190000.0,147258000.0,1.37,1.37,1.37,1785911000.0,1815570750.0,1785911000.0,7097872795.0,28.0,17.816,2438000.0,0.026,1.0,381654000.0,0.742,53543000.0,107932000.0,5975643000.0,5799393750.0,0.0,39521000.0,,,2225369000.0,,,5141533795.0,-22407000.0,100923000.0,1475000.0,69234000.0,-170405000.0,-132688000.0,-150712000.0,6920000.0,260993000.0,0.0,147258000.0,126195000.0,126195000.0,-48552000.0,1640000.0,0.245,209023000.0,172631000.0,141063000.0,1.361,2.879,40.743,40.642,3702682000.0,21063000.0,55.68,9.993,9.993,87183000.0,-916576000.0,514495000.0,514495000.0,0.0,0.032,0.07,0.044,0.496,13639000.0,57714000.0,1.0,92340765.0,92340765.0,,5.572,3990228000.0,0.0,0.0,0.0,43.212,
29,REG,MRT,2014-03-31,2014-03-31,2014-03-31,2021-08-06,-28599000.0,4035551000.0,3936380750.0,,,0.128,19.585,-208190000.0,44351000.0,44351000.0,129676000.0,155206000.0,,1.214,2000690000.0,,,2000690000.0,0.0,139595000.0,25847000.0,0.036,1.857,261907000.0,401502000.0,0.8,401502000.0,261907000.0,153639000.0,1.44,1.44,1.44,1808352000.0,1824997500.0,1808352000.0,6479043297.0,25.0,16.137,53523000.0,0.58,1.0,372234000.0,0.742,57028000.0,108268000.0,5934862000.0,5727032750.0,0.0,38914000.0,,,2194465000.0,,,4714550297.0,12757000.0,88144000.0,48145000.0,140000.0,-169430000.0,-152174000.0,-96782000.0,23264000.0,261713000.0,0.0,153639000.0,132577000.0,132577000.0,-62662000.0,1567000.0,0.264,203609000.0,168625000.0,136800000.0,1.29,2.607,35.561,35.458,3700813000.0,21062000.0,51.06,9.393,9.393,84986000.0,-898787000.0,501910000.0,501910000.0,0.0,0.034,0.073,0.046,0.522,13854000.0,57457000.0,1.0,92333535.0,92333535.0,,5.436,3978523000.0,0.0,0.0,0.0,43.089,
30,REG,MRT,2013-12-31,2013-12-31,2013-12-31,2021-08-06,-17404000.0,3913516000.0,3892839750.0,,,0.126,19.965,-119323000.0,90204000.0,90204000.0,124744000.0,151285000.0,,1.113,1854697000.0,,,1854697000.0,0.0,134454000.0,23911000.0,0.04,1.85,258770000.0,393224000.0,0.804,393224000.0,258770000.0,149804000.0,1.4,1.4,1.4,1843354000.0,1813608000.0,1843354000.0,6071208213.0,23.0,15.44,131408000.0,1.423,1.0,364263000.0,0.745,44805000.0,108966000.0,5633204000.0,5674054000.0,0.0,38641000.0,,,2052382000.0,,,4274761213.0,58335000.0,87111000.0,99787000.0,-86610000.0,-167773000.0,-182579000.0,-9817000.0,22395000.0,250731000.0,0.0,149804000.0,128742000.0,128742000.0,-65285000.0,1481000.0,0.263,199943000.0,164320000.0,147045000.0,1.321,2.319,33.204,33.071,3540507000.0,21062000.0,46.3,8.742,8.742,76931000.0,-874916000.0,489007000.0,489007000.0,0.0,0.033,0.071,0.046,0.529,15485000.0,61234000.0,1.0,92327456.0,92327456.0,,5.296,3868711000.0,0.0,0.0,0.0,41.902,
31,REG,MRT,2013-09-30,2013-09-30,2013-09-30,2021-08-06,-28430000.0,3896553000.0,3877825250.0,,,0.122,19.771,-226338000.0,67990000.0,67990000.0,119106000.0,67573000.0,,1.129,1864437000.0,,,1864437000.0,0.0,130242000.0,22454000.0,0.038,1.85,189338000.0,319580000.0,0.674,319580000.0,189338000.0,79642000.0,0.48,0.48,0.48,1824666000.0,1785460750.0,1824666000.0,6289898252.0,33.0,19.682,35385000.0,0.383,1.0,354706000.0,0.749,39134000.0,109696000.0,5653866000.0,5696770250.0,0.0,51549000.0,,,2059458000.0,,,4462271252.0,41352000.0,83090000.0,99651000.0,25479000.0,-166796000.0,-78194000.0,-142177000.0,1071000.0,261723000.0,0.0,66300000.0,45237000.0,45237000.0,-2642000.0,1273000.0,0.095,194467000.0,160239000.0,147087000.0,3.854,2.446,98.642,100.729,3550059000.0,21063000.0,48.35,9.418,9.418,73801000.0,-878753000.0,473812000.0,473812000.0,0.0,0.012,0.025,0.033,0.4,13953000.0,63859000.0,1.0,92291029.0,92291029.0,,5.134,3857419000.0,0.0,13342000.0,0.0,41.796,
32,REG,MRT,2013-06-30,2013-06-30,2013-06-30,2021-08-06,-31319000.0,3899903000.0,3853180500.0,,,0.122,19.908,-29342000.0,64497000.0,64497000.0,117669000.0,46729000.0,,1.132,1892124000.0,,,1892124000.0,0.0,126947000.0,14229000.0,0.036,1.85,169845000.0,296792000.0,0.633,296792000.0,169845000.0,59437000.0,0.23,0.23,0.23,1823618000.0,1779128500.0,1823618000.0,6556378389.0,39.0,22.091,225936000.0,2.466,1.0,351414000.0,0.749,41331000.0,110408000.0,5686199000.0,5672405750.0,0.0,42959000.0,,,2063871000.0,,,4654427389.0,36113000.0,82842000.0,119853000.0,-189433000.0,-165626000.0,-273877000.0,54712000.0,1212000.0,255278000.0,0.0,45605000.0,21876000.0,21876000.0,13139000.0,1124000.0,0.047,191139000.0,160275000.0,131181000.0,8.043,2.552,212.764,220.913,3564435000.0,23729000.0,50.81,9.922,9.922,72082000.0,-871266000.0,469083000.0,469083000.0,0.0,0.006,0.012,0.03,0.362,13109000.0,64499000.0,1.0,91604554.0,91604554.0,,5.121,3858572000.0,0.0,13832000.0,0.0,42.122,
33,REG,MRT,2013-03-31,2013-03-31,2013-03-31,2021-08-06,-51983000.0,3861387000.0,3884671250.0,,,0.122,19.501,-63377000.0,28492000.0,28492000.0,117658000.0,20608000.0,,1.183,1930443000.0,,,1930443000.0,0.0,127674000.0,14618000.0,0.035,1.85,144405000.0,272079000.0,0.575,272079000.0,144405000.0,33401000.0,-0.06,-0.06,-0.06,1762794000.0,1773823000.0,1762794000.0,6695908868.0,46.0,24.61,191914000.0,2.123,1.0,355883000.0,0.752,40391000.0,111004000.0,5722947000.0,5759180500.0,0.0,44222000.0,,,2085691000.0,,,4782838868.0,-4713000.0,55860000.0,73183000.0,-123084000.0,-164678000.0,-252218000.0,-7786000.0,-269000.0,255291000.0,0.0,19569000.0,-4291000.0,-4291000.0,28372000.0,1039000.0,-0.009,190380000.0,165503000.0,121120000.0,-30.833,2.713,-1114.621,-881.833,3576584000.0,23860000.0,52.91,10.1,10.1,75992000.0,-860832000.0,473541000.0,473541000.0,0.0,-0.001,-0.002,0.025,0.305,12054000.0,63553000.0,1.0,90395745.0,90395745.0,,5.239,3820996000.0,0.0,13832000.0,0.0,42.27,
34,REG,MRT,2012-12-31,2012-12-31,2012-12-31,2021-08-06,-57715000.0,3853458000.0,3920543500.0,,,0.121,19.148,-34570000.0,28821000.0,28821000.0,119598000.0,26209000.0,,1.218,1941891000.0,,,1941891000.0,0.0,127839000.0,18146000.0,0.039,1.85,151220000.0,279059000.0,0.589,279059000.0,151220000.0,39091000.0,-0.08,-0.08,-0.08,1730765000.0,1791257000.0,1730765000.0,6053108680.0,40.0,21.691,222645000.0,2.463,1.0,354331000.0,0.748,42459000.0,112129000.0,5724069000.0,5820652500.0,0.0,47180000.0,,,2107547000.0,,,4259093680.0,10947000.0,38353000.0,21876000.0,-63709000.0,-164423000.0,-249891000.0,3623000.0,-160000.0,257215000.0,0.0,25867000.0,-6664000.0,-6664000.0,21728000.0,342000.0,-0.014,187895000.0,166436000.0,127185000.0,-23.125,2.461,-639.12,-589.0,3570090000.0,32531000.0,47.12,8.987,8.987,76591000.0,-834810000.0,473929000.0,473929000.0,0.0,-0.002,-0.004,0.026,0.319,11875000.0,61700000.0,1.0,90388236.0,90388236.0,,5.243,3810999000.0,0.0,13224000.0,0.0,42.163,
35,REG,MRT,2012-09-30,2012-09-30,2012-09-30,2021-08-06,-64378000.0,3797974000.0,3953946750.0,,,0.118,20.006,-16007000.0,27483000.0,27483000.0,119111000.0,72083000.0,,1.102,1821498000.0,,,1821498000.0,0.0,129455000.0,14053000.0,0.038,1.85,190698000.0,320153000.0,0.685,320153000.0,190698000.0,74553000.0,0.42,0.42,0.42,1799337000.0,1810654500.0,1799337000.0,6417044467.0,34.0,20.044,214705000.0,2.387,1.0,348583000.0,0.745,35581000.0,116145000.0,5556408000.0,5870886500.0,0.0,46985000.0,,,1983540000.0,,,4382777467.0,7419000.0,209460000.0,22013000.0,-233569000.0,-164140000.0,-416643000.0,193350000.0,-103000.0,230712000.0,0.0,70838000.0,38654000.0,38654000.0,-17739000.0,1245000.0,0.083,179606000.0,168977000.0,129483000.0,4.405,2.436,113.385,116.024,3512895000.0,32184000.0,48.73,9.371,9.371,76897000.0,-756114000.0,467694000.0,467694000.0,0.0,0.01,0.021,0.032,0.408,12701000.0,58099000.0,1.0,89940026.0,89940026.0,,5.2,3762393000.0,0.0,3715000.0,0.0,41.832,
36,REG,MRT,2012-06-30,2012-06-30,2012-06-30,2021-08-06,-66731000.0,4025866000.0,4028358500.0,,,0.118,20.042,-261153000.0,29105000.0,29105000.0,121293000.0,66804000.0,,1.225,2063372000.0,,,2063372000.0,0.0,132571000.0,20929000.0,0.039,1.85,187473000.0,320044000.0,0.674,320044000.0,187473000.0,67923000.0,0.38,0.38,0.38,1802396000.0,1819869750.0,1802396000.0,6267870714.0,33.0,19.584,-33941000.0,-0.377,1.0,353832000.0,0.745,26835000.0,119550000.0,6033298000.0,6006262250.0,0.0,46320000.0,,,2208267000.0,,,4277974714.0,11236000.0,186197000.0,354000.0,61416000.0,-164060000.0,-141103000.0,-74873000.0,83000.0,227212000.0,0.0,64698000.0,35527000.0,35527000.0,-19372000.0,2106000.0,0.075,180648000.0,173184000.0,111995000.0,4.868,2.373,120.415,125.184,3731244000.0,29171000.0,47.57,9.004,9.004,88615000.0,-726444000.0,475125000.0,475125000.0,0.0,0.009,0.02,0.031,0.395,6930000.0,54129000.0,1.0,89930097.0,89930097.0,,5.283,3999031000.0,0.0,3225000.0,0.0,44.468,
37,REG,MRT,2012-03-31,2012-03-31,2012-03-31,2021-08-06,-69083000.0,4004876000.0,4026964500.0,,,0.117,20.379,-256766000.0,33521000.0,33521000.0,121017000.0,74393000.0,,1.179,2023417000.0,,,2023417000.0,0.0,131495000.0,19757000.0,0.042,1.85,196346000.0,327841000.0,0.693,327841000.0,196346000.0,74610000.0,0.46,0.46,0.46,1832530000.0,1831170500.0,1832530000.0,5964824282.0,30.0,18.194,-45234000.0,-0.503,1.0,351986000.0,0.744,25937000.0,121736000.0,5968835000.0,5986364500.0,0.0,47294000.0,,,2160262000.0,,,3999799282.0,-33070000.0,168888000.0,1835000.0,46837000.0,-163960000.0,-154805000.0,-89797000.0,-1919000.0,211532000.0,0.0,71385000.0,42691000.0,42691000.0,-22116000.0,3008000.0,0.09,182431000.0,169555000.0,104819000.0,4.022,2.183,93.692,96.696,3706336000.0,28694000.0,44.48,8.456,8.456,91963000.0,-690845000.0,473003000.0,473003000.0,0.0,0.011,0.023,0.033,0.415,7818000.0,55286000.0,1.0,89923545.0,89923545.0,,5.26,3978939000.0,0.0,3225000.0,0.0,44.248,
38,REG,MRT,2011-12-31,2011-12-31,2011-12-31,2021-08-06,-71429000.0,3987071000.0,4023538500.0,,,0.117,20.112,-265153000.0,17452000.0,17452000.0,120540000.0,55788000.0,,1.171,1982440000.0,,,1982440000.0,0.0,133756000.0,20416000.0,0.049,1.85,178009000.0,311765000.0,0.663,311765000.0,178009000.0,54364000.0,0.35,0.35,0.35,1808355000.0,1840346000.0,1808355000.0,5411741243.0,30.0,17.358,-47520000.0,-0.529,1.0,349909000.0,0.744,27054000.0,123645000.0,5925005000.0,5951775250.0,0.0,57497000.0,,,2117417000.0,,,3382596243.0,-5659000.0,188514000.0,217484000.0,-166670000.0,-160155000.0,-145569000.0,-77723000.0,-1084000.0,217633000.0,0.0,51370000.0,31695000.0,31695000.0,-16579000.0,4418000.0,0.067,183436000.0,166473000.0,101899000.0,5.286,1.871,106.723,107.486,3697175000.0,19675000.0,37.62,7.19,7.19,85865000.0,-662735000.0,470449000.0,470449000.0,0.0,0.008,0.017,0.03,0.378,7688000.0,56117000.0,1.0,89914839.0,89914839.0,,5.232,3960017000.0,0.0,2994000.0,0.0,44.042,
39,REG,MRT,2011-09-30,2011-09-30,2011-09-30,2021-08-06,-73800000.0,4095621000.0,4025405500.0,,,0.118,20.424,-136161000.0,21195000.0,21195000.0,121271000.0,9592000.0,,1.197,2050340000.0,,,2050340000.0,0.0,131142000.0,19240000.0,0.052,1.85,129609000.0,260751000.0,0.548,260751000.0,129609000.0,3999000.0,-0.22,-0.21,-0.22,1836198000.0,1809551500.0,1836198000.0,5128114955.0,40.0,19.667,54821000.0,0.61,1.0,354375000.0,0.745,26855000.0,125610000.0,6097911000.0,5982606250.0,0.0,56614000.0,,,2198147000.0,,,3176377955.0,-21286000.0,-34863000.0,217483000.0,-59406000.0,-156379000.0,-40969000.0,-171299000.0,-275000.0,190982000.0,0.0,5332000.0,-14344000.0,-14344000.0,-7563000.0,4260000.0,-0.03,187581000.0,166794000.0,114873000.0,-8.409,1.73,-221.443,-160.591,3806962000.0,19676000.0,35.33,6.678,6.678,77570000.0,-629626000.0,475646000.0,475646000.0,0.0,-0.004,-0.008,0.022,0.272,8027000.0,59572000.0,1.0,89905971.0,89905971.0,,5.29,4068766000.0,0.0,-1333000.0,0.0,45.256,
40,REG,MRT,2011-06-30,2011-06-30,2011-06-30,2021-08-06,-76162000.0,4020290000.0,3999918750.0,,,0.118,20.552,-90057000.0,18408000.0,18408000.0,121332000.0,8924000.0,,1.143,1970145000.0,,,1970145000.0,0.0,128348000.0,11152000.0,0.042,1.85,130335000.0,258683000.0,0.546,258683000.0,130335000.0,3383000.0,-0.21,-0.21,-0.21,1847599000.0,1793146000.0,1847599000.0,5809494139.0,45.0,22.458,65229000.0,0.726,1.0,352087000.0,0.744,18320000.0,126952000.0,5953707000.0,5945136750.0,0.0,59216000.0,,,2111596000.0,,,3952787139.0,-91018000.0,-50109000.0,218095000.0,-133499000.0,-152577000.0,-104912000.0,-141392000.0,-1226000.0,155286000.0,0.0,4716000.0,-14960000.0,-14960000.0,-4593000.0,4208000.0,-0.032,191789000.0,160298000.0,121617000.0,-8.81,2.139,-264.224,-209.381,3746891000.0,19676000.0,43.97,8.349,8.349,75069000.0,-596898000.0,473419000.0,473419000.0,0.0,-0.004,-0.008,0.022,0.275,15458000.0,65662000.0,1.0,89897365.0,89897365.0,,5.266,4001970000.0,0.0,-1333000.0,0.0,44.517,
41,REG,MRT,2011-03-31,2011-03-31,2011-03-31,2021-08-06,-78523000.0,3991172000.0,4000627750.0,,,0.117,22.827,-78117000.0,65764000.0,65764000.0,121987000.0,3691000.0,,1.102,1922471000.0,,,1922471000.0,0.0,127790000.0,10876000.0,0.043,1.85,125294000.0,253084000.0,0.538,253084000.0,125294000.0,-1730000.0,-0.26,-0.26,-0.26,1869232000.0,1782592250.0,1869232000.0,5632514936.0,45.0,22.256,65560000.0,0.801,1.0,348040000.0,0.74,17401000.0,127024000.0,5830478000.0,5944568750.0,0.0,57592000.0,,,2060700000.0,,,3560505936.0,-55732000.0,-132792000.0,216614000.0,-19116000.0,-148835000.0,10914000.0,-210323000.0,586000.0,143677000.0,0.0,-397000.0,-20073000.0,-20073000.0,-2864000.0,4088000.0,-0.043,188332000.0,159708000.0,120949000.0,-7.115,1.905,-177.378,-167.231,3680047000.0,19676000.0,43.48,7.575,7.575,73412000.0,-568526000.0,470027000.0,470027000.0,0.0,-0.005,-0.011,0.021,0.267,12299000.0,63141000.0,1.0,81888361.0,81888361.0,,5.74,3973771000.0,0.0,-1333000.0,0.0,48.527,
42,REG,MRT,2010-12-31,2010-12-31,2010-12-31,2021-08-06,-80885000.0,3994539000.0,3986183750.0,,,0.117,20.584,-43125000.0,22460000.0,22460000.0,119900000.0,13001000.0,,1.335,2094469000.0,,,2094469000.0,0.0,123933000.0,10790000.0,0.044,1.85,132770000.0,256703000.0,0.548,256703000.0,132770000.0,7483000.0,-0.14,-0.14,-0.14,1685177000.0,1776706000.0,1685177000.0,5422166270.0,41.0,21.122,95334000.0,1.164,1.0,348291000.0,0.744,18219000.0,125287000.0,6048329000.0,5918275250.0,0.0,56822000.0,,,2250137000.0,,,3458085270.0,-78795000.0,-141755000.0,1431000.0,153101000.0,-148649000.0,-32797000.0,-184457000.0,423000.0,138459000.0,0.0,8816000.0,-10859000.0,-10859000.0,-8902000.0,4185000.0,-0.023,186200000.0,162091000.0,138196000.0,-13.214,2.052,-318.453,-301.714,3716868000.0,19675000.0,42.24,7.386,7.386,81841000.0,-533194000.0,468191000.0,468191000.0,0.0,-0.003,-0.006,0.022,0.284,11683000.0,61505000.0,1.0,81867549.0,81867549.0,,5.719,3976320000.0,0.0,-1333000.0,0.0,48.57,
43,REG,MRT,2010-09-30,2010-09-30,2010-09-30,2021-08-06,-83243000.0,3993674000.0,3981000500.0,,,0.12,21.63,108199000.0,38838000.0,38838000.0,121073000.0,80163000.0,,1.222,2002919000.0,,,2002919000.0,0.0,123520000.0,10604000.0,0.047,1.85,196887000.0,320407000.0,0.671,320407000.0,196887000.0,75753000.0,0.63,0.62,0.63,1770576000.0,1824203500.0,1770576000.0,5168055771.0,26.0,16.13,271602000.0,3.318,1.0,356281000.0,0.746,9722000.0,121134000.0,5948033000.0,5850959250.0,0.0,36814000.0,,,2163407000.0,,,3230962771.0,-129834000.0,-140668000.0,33727000.0,-120185000.0,-147822000.0,-266117000.0,-27120000.0,5349000.0,163403000.0,0.0,75753000.0,56078000.0,56078000.0,-15532000.0,4410000.0,0.117,192755000.0,163526000.0,144481000.0,2.937,1.825,57.616,62.651,3734974000.0,19675000.0,39.47,6.768,6.768,80631000.0,-457372000.0,477354000.0,477354000.0,0.0,0.014,0.031,0.034,0.412,8791000.0,61585000.0,1.0,81858697.0,81858697.0,,5.831,3983952000.0,0.0,0.0,0.0,48.669,
44,REG,MRT,2010-06-30,2010-06-30,2010-06-30,2021-08-06,-73950000.0,4023126000.0,4025327750.0,,,0.121,22.072,131868000.0,106433000.0,106433000.0,120753000.0,-12321000.0,,1.195,2043526000.0,,,2043526000.0,0.0,122852000.0,10565000.0,0.054,1.85,100612000.0,223464000.0,0.457,223464000.0,100612000.0,-16233000.0,-0.52,-0.52,-0.52,1805384000.0,1839758750.0,1805384000.0,4615003309.0,46.0,20.652,309144000.0,3.78,1.0,368129000.0,0.753,8784000.0,116845000.0,5951435000.0,5897427250.0,0.0,36814000.0,,,2157960000.0,,,2813734309.0,-15233000.0,-121409000.0,33098000.0,-60616000.0,-146990000.0,-210124000.0,17615000.0,7156000.0,177276000.0,0.0,-16233000.0,-35908000.0,-35908000.0,-9873000.0,3912000.0,-0.073,189454000.0,178675000.0,98810000.0,-3.558,1.559,-78.36,-66.154,3710788000.0,19675000.0,34.4,5.755,5.755,73318000.0,-429798000.0,488882000.0,488882000.0,0.0,-0.009,-0.02,0.017,0.206,5381000.0,55975000.0,1.0,81794602.0,81794602.0,,5.977,4014342000.0,0.0,0.0,0.0,49.078,
45,REG,MRT,2010-03-31,2010-03-31,2010-03-31,2021-08-06,-55674000.0,3933396000.0,4083586250.0,,,0.118,22.629,100059000.0,119538000.0,119538000.0,118555000.0,-37310000.0,,1.095,1920807000.0,,,1920807000.0,0.0,121229000.0,10623000.0,0.049,1.85,70689000.0,191918000.0,0.397,191918000.0,70689000.0,-41161000.0,-0.84,-0.84,-0.84,1845687000.0,1878907250.0,1845687000.0,4871392341.0,69.0,25.383,300159000.0,3.68,1.0,364370000.0,0.755,9361000.0,111850000.0,5725304000.0,5963233000.0,0.0,36814000.0,,,2021202000.0,,,3056126341.0,99995000.0,1380000.0,343967000.0,-380420000.0,-146101000.0,-217300000.0,117195000.0,15756000.0,200100000.0,0.0,-41161000.0,-60836000.0,-60836000.0,-11598000.0,3851000.0,-0.126,188833000.0,175537000.0,84342000.0,-2.202,1.656,-50.235,-44.607,3607140000.0,19675000.0,37.47,6.328,6.328,71310000.0,-398699000.0,482925000.0,482925000.0,0.0,-0.015,-0.032,0.012,0.146,6562000.0,52611000.0,1.0,81561952.0,81561952.0,,5.921,3924035000.0,0.0,0.0,0.0,48.111,
46,REG,MRT,2009-12-31,2009-12-31,2009-12-31,2021-08-06,-49973000.0,3973806000.0,4152355750.0,,,0.115,23.347,37318000.0,99477000.0,99477000.0,116405000.0,-29036000.0,,1.083,1914743000.0,,,1914743000.0,0.0,117979000.0,10628000.0,0.06,2.113,76242000.0,194221000.0,0.406,194221000.0,76242000.0,-32997000.0,-0.7,-0.7,-0.7,1875167000.0,1839627750.0,1875167000.0,4789447831.0,63.0,24.66,233122000.0,2.903,1.0,362156000.0,0.757,10007000.0,109239000.0,5779065000.0,6155287250.0,0.0,37753000.0,,,2030412000.0,,,2815864831.0,83070000.0,-5161000.0,343168000.0,-314784000.0,-158690000.0,-164279000.0,51545000.0,19388000.0,195804000.0,0.0,-32997000.0,-52672000.0,-52672000.0,-9777000.0,3961000.0,-0.11,183867000.0,178289000.0,99145000.0,-3.019,1.502,-53.46,-50.086,3637827000.0,19675000.0,35.06,5.884,5.884,80163000.0,-373345000.0,478561000.0,478561000.0,0.0,-0.013,-0.029,0.012,0.159,4421000.0,53177000.0,1.0,80315597.0,80315597.0,,5.959,3963799000.0,0.0,0.0,0.0,49.353,
47,REG,MRT,2009-09-30,2009-09-30,2009-09-30,2021-08-06,-64969000.0,4170983000.0,4194498000.0,,,0.12,22.827,-59587000.0,173798000.0,173798000.0,116383000.0,-44085000.0,,1.238,2147381000.0,,,2147381000.0,0.0,115682000.0,10823000.0,0.064,2.375,56182000.0,171864000.0,0.341,171864000.0,56182000.0,-48006000.0,-0.8,-0.8,-0.8,1832797000.0,1795051250.0,1832797000.0,4944704111.0,88.0,28.771,135766000.0,1.691,1.0,388164000.0,0.769,10661000.0,104188000.0,6133905000.0,6292321250.0,0.0,26341000.0,,,2269666000.0,,,2974798111.0,148021000.0,-23731000.0,310875000.0,-82780000.0,-171892000.0,21914000.0,-69246000.0,14072000.0,195353000.0,0.0,-48006000.0,-67681000.0,-67681000.0,-10165000.0,3921000.0,-0.134,184407000.0,203757000.0,105093000.0,-2.969,1.623,-43.953,-46.312,3788553000.0,19675000.0,37.05,5.896,5.896,75449000.0,-361530000.0,504547000.0,504547000.0,0.0,-0.016,-0.038,0.009,0.111,562000.0,50052000.0,1.0,80291447.0,80291447.0,,6.284,4160322000.0,0.0,0.0,0.0,51.815,
48,REG,MRT,2009-06-30,2009-06-30,2009-06-30,2021-08-06,-54399000.0,4256160000.0,4197293250.0,,,0.118,24.518,-22391000.0,126792000.0,126792000.0,113273000.0,84724000.0,,1.135,2096698000.0,,,2096698000.0,0.0,113251000.0,11097000.0,0.076,2.638,178937000.0,292188000.0,0.592,292188000.0,178937000.0,79986000.0,0.88,0.88,0.88,1961978000.0,1770363750.0,1961978000.0,5090698197.0,28.0,17.423,186221000.0,2.327,1.0,380244000.0,0.77,11408000.0,98951000.0,6214658000.0,6328769000.0,0.0,27988000.0,,,2227675000.0,,,2793540197.0,85188000.0,-30129000.0,310874000.0,-179761000.0,-185114000.0,-87337000.0,-36087000.0,16433000.0,208612000.0,0.0,79986000.0,60311000.0,60311000.0,-20990000.0,4738000.0,0.122,179073000.0,201171000.0,113006000.0,2.998,1.424,46.319,39.67,3920048000.0,19675000.0,34.91,5.66,5.66,69076000.0,-240417000.0,493517000.0,493517000.0,0.0,0.014,0.034,0.028,0.363,849000.0,47395000.0,1.0,80021203.0,80021203.0,,6.167,4244752000.0,0.0,0.0,0.0,53.045,
49,REG,MRT,2009-03-31,2009-03-31,2009-03-31,2021-08-06,-68585000.0,4208474000.0,4202320500.0,,,0.119,24.115,-73717000.0,24669000.0,24669000.0,110471000.0,134195000.0,,1.453,2321827000.0,,,2321827000.0,0.0,110407000.0,11324000.0,0.109,2.9,225796000.0,336203000.0,0.674,336203000.0,225796000.0,129032000.0,1.56,1.56,1.56,1688569000.0,1722289250.0,1688569000.0,4058176687.0,18.0,12.071,145061000.0,2.072,1.0,388672000.0,0.779,12111000.0,96764000.0,6493521000.0,6378687500.0,0.0,36928000.0,,,2454116000.0,,,1860447687.0,-4543000.0,-24706000.0,223000.0,97589000.0,-198350000.0,-144506000.0,-78815000.0,19608000.0,218778000.0,0.0,129032000.0,109357000.0,109357000.0,-25738000.0,5163000.0,0.219,174669000.0,214003000.0,113607000.0,1.859,1.102,17.013,17.032,3938191000.0,19675000.0,26.57,3.727,3.727,96229000.0,-186227000.0,499143000.0,499143000.0,0.0,0.026,0.063,0.035,0.452,3438000.0,51256000.0,1.0,70020613.0,70020613.0,,7.129,4196363000.0,0.0,0.0,0.0,59.93,
50,REG,MRT,2008-12-31,2008-12-31,2008-12-31,2021-08-06,-90689000.0,4142375000.0,4199130000.0,,,0.118,24.24,-114366000.0,21533000.0,21533000.0,107487000.0,141521000.0,,1.403,2219262000.0,,,2219262000.0,0.0,107846000.0,11571000.0,0.062,2.9,228972000.0,336818000.0,0.681,336818000.0,228972000.0,136188000.0,1.66,1.66,1.66,1696861000.0,1740727500.0,1696861000.0,5380330919.0,23.0,15.974,104803000.0,1.497,1.0,387447000.0,0.783,12903000.0,92784000.0,6327201000.0,6320003000.0,0.0,31438000.0,,,2380093000.0,,,3269100919.0,2865000.0,-19696000.0,1020000.0,132235000.0,-198165000.0,-110529000.0,-105775000.0,28287000.0,219169000.0,0.0,136188000.0,116513000.0,116513000.0,-22297000.0,5333000.0,0.235,169608000.0,217839000.0,141395000.0,1.747,1.927,28.058,28.133,3871300000.0,19675000.0,46.7,6.605,6.605,103796000.0,-155057000.0,494934000.0,494934000.0,0.0,0.028,0.067,0.036,0.463,5950000.0,49495000.0,1.0,70002161.0,70002161.0,,7.07,4129472000.0,0.0,0.0,0.0,58.991,
51,REG,MRT,2008-09-30,2008-09-30,2008-09-30,2021-08-06,-26299000.0,4182164000.0,4192229500.0,,,0.111,24.783,-224232000.0,25777000.0,25777000.0,105100000.0,183268000.0,,1.334,2137007000.0,,,2137007000.0,0.0,105524000.0,11869000.0,0.043,2.835,263570000.0,369094000.0,0.794,369094000.0,263570000.0,172722000.0,2.19,2.19,2.19,1734047000.0,1757763500.0,1734047000.0,6819361902.0,26.0,18.476,8579000.0,0.123,1.0,359670000.0,0.774,13698000.0,90848000.0,6279696000.0,6259915750.0,0.0,55264000.0,,,2313813000.0,,,4666303902.0,-7794000.0,9703000.0,1028000.0,189969000.0,-193575000.0,-53878000.0,-186727000.0,27802000.0,232811000.0,0.0,172722000.0,153047000.0,153047000.0,-22824000.0,10546000.0,0.329,163829000.0,195841000.0,156530000.0,1.295,2.691,30.489,30.452,3913537000.0,19675000.0,66.69,10.04,10.04,73936000.0,-118331000.0,464770000.0,464770000.0,0.0,0.037,0.087,0.042,0.567,11484000.0,49987000.0,1.0,69970069.0,69970069.0,,6.642,4168466000.0,0.0,0.0,0.0,59.575,
52,REG,MRT,2008-06-30,2008-06-30,2008-06-30,2021-08-06,-18762000.0,4276269000.0,4169959750.0,,,0.11,25.308,-339791000.0,41604000.0,41604000.0,102400000.0,174969000.0,,1.34,2194662000.0,,,2194662000.0,0.0,102520000.0,11927000.0,0.047,2.77,254482000.0,357002000.0,0.779,357002000.0,254482000.0,165802000.0,2.09,2.09,2.09,1769680000.0,1770351750.0,1769680000.0,6213377797.0,24.0,17.404,-128817000.0,-1.842,1.0,355779000.0,0.777,14995000.0,88680000.0,6414332000.0,6188261250.0,0.0,20298000.0,,,2371115000.0,,,4134089797.0,-13491000.0,1360000.0,1068000.0,326491000.0,-188851000.0,89204000.0,-313669000.0,24762000.0,210974000.0,0.0,165802000.0,146127000.0,146127000.0,-21545000.0,9167000.0,0.319,159465000.0,196314000.0,155561000.0,1.325,2.336,28.291,28.287,4029177000.0,19675000.0,59.12,9.023,9.023,71663000.0,-83885000.0,458179000.0,458179000.0,0.0,0.035,0.083,0.041,0.555,9117000.0,52652000.0,1.0,69927094.0,69927094.0,,6.552,4261274000.0,0.0,0.0,0.0,60.939,
53,REG,MRT,2008-03-31,2008-03-31,2008-03-31,2021-08-06,-28274000.0,4195712000.0,4098345500.0,,,0.109,25.325,-399326000.0,29212000.0,29212000.0,100523000.0,186067000.0,,1.292,2108500000.0,,,2108500000.0,0.0,97512000.0,11776000.0,0.042,2.705,263839000.0,361351000.0,0.812,361351000.0,263839000.0,178301000.0,2.28,2.28,2.28,1762322000.0,1778191500.0,1762322000.0,6495911752.0,25.0,17.977,-178435000.0,-2.564,1.0,344575000.0,0.774,16217000.0,85538000.0,6258783000.0,6024934000.0,0.0,32413000.0,,,2277344000.0,,,4506604752.0,48000.0,-5379000.0,850000.0,396249000.0,-184135000.0,171197000.0,-392040000.0,12665000.0,220891000.0,0.0,178301000.0,158626000.0,158626000.0,-34813000.0,7766000.0,0.356,155259000.0,189316000.0,147292000.0,1.186,2.557,28.41,28.404,3957378000.0,19675000.0,64.76,10.125,10.125,67461000.0,-65049000.0,445098000.0,445098000.0,0.0,0.039,0.089,0.044,0.593,10087000.0,52406000.0,1.0,69589326.0,69589326.0,,6.396,4179495000.0,0.0,0.0,0.0,60.059,
54,REG,MRT,2007-12-31,2007-12-31,2007-12-31,2021-08-06,-18916000.0,4114773000.0,3993651000.0,,,0.109,25.354,-411418000.0,18668000.0,18668000.0,97910000.0,210016000.0,,1.243,2007975000.0,,,2007975000.0,0.0,93508000.0,11436000.0,0.041,2.64,286040000.0,379548000.0,0.871,379548000.0,286040000.0,203651000.0,2.65,2.65,2.65,1765005000.0,1782896500.0,1765005000.0,6407900556.0,22.0,16.883,-193251000.0,-2.776,1.0,338096000.0,0.775,17228000.0,82389000.0,6086852000.0,5813021500.0,0.0,44543000.0,,,2194244000.0,,,4489441556.0,-15378000.0,-1288000.0,2383000.0,395389000.0,-179325000.0,178616000.0,-412161000.0,545000.0,218167000.0,0.0,203651000.0,183976000.0,183976000.0,-34003000.0,6365000.0,0.422,150002000.0,188094000.0,164479000.0,0.996,2.544,24.402,24.336,3869693000.0,19675000.0,64.49,10.297,10.297,75441000.0,-68935000.0,436006000.0,436006000.0,0.0,0.046,0.103,0.049,0.656,11572000.0,50580000.0,1.0,69614538.0,69614538.0,,6.263,4097545000.0,0.0,0.0,0.0,58.86,
55,REG,MRT,2007-09-30,2007-09-30,2007-09-30,2021-08-06,-18030000.0,4093085000.0,3882904000.0,,,0.109,25.672,-275902000.0,33571000.0,33571000.0,95717000.0,214549000.0,,1.21,1952030000.0,,,1952030000.0,0.0,90177000.0,10898000.0,0.034,2.575,294849000.0,385026000.0,0.906,385026000.0,294849000.0,214549000.0,2.82,2.8,2.82,1784400000.0,1784000500.0,1784400000.0,7120119034.0,24.0,18.493,-55416000.0,-0.797,1.0,329442000.0,0.775,18466000.0,80300000.0,5993078000.0,5591511000.0,0.0,20337000.0,,,2159333000.0,,,5334690034.0,-4789000.0,-27155000.0,5575000.0,285942000.0,-174447000.0,77235000.0,-302510000.0,547000.0,220486000.0,0.0,214549000.0,194874000.0,194874000.0,-54858000.0,0.0,0.458,150810000.0,178632000.0,185428000.0,0.913,2.99,27.375,27.216,3863056000.0,19675000.0,76.75,12.548,12.548,65634000.0,-45931000.0,425159000.0,425159000.0,0.0,0.05,0.109,0.053,0.694,6452000.0,50460000.0,1.0,69507362.0,69507362.0,,6.117,4074619000.0,0.0,0.0,0.0,58.621,
56,REG,MRT,2007-06-30,2007-06-30,2007-06-30,2021-08-06,1577000.0,3989812000.0,3785592250.0,,,0.109,25.923,-250592000.0,55095000.0,55095000.0,93718000.0,216961000.0,,1.129,1840524000.0,,,1840524000.0,0.0,88057000.0,10643000.0,0.036,2.51,296912000.0,384969000.0,0.932,384969000.0,296912000.0,216961000.0,2.86,2.84,2.86,1801039000.0,1773011250.0,1801039000.0,6543937531.0,22.0,16.999,-26567000.0,-0.382,1.0,319358000.0,0.773,14218000.0,79951000.0,5761023000.0,5413545500.0,0.0,19961000.0,,,2032833000.0,,,4898169531.0,18501000.0,-12247000.0,5704000.0,256479000.0,-169586000.0,57119000.0,-262643000.0,196000.0,224025000.0,0.0,216961000.0,197286000.0,197286000.0,-51961000.0,0.0,0.478,144563000.0,174795000.0,172569000.0,0.878,2.72,24.828,24.65,3744358000.0,19675000.0,70.5,11.858,11.858,59131000.0,-37036000.0,413076000.0,413076000.0,0.0,0.052,0.111,0.055,0.719,11619000.0,49066000.0,1.0,69477582.0,69477582.0,,5.945,3975594000.0,0.0,0.0,0.0,57.221,
57,REG,MRT,2007-03-31,2007-03-31,2007-03-31,2021-08-06,-10799000.0,3776934000.0,3703041750.0,,,0.111,25.74,-172684000.0,29164000.0,29164000.0,91949000.0,204724000.0,,1.032,1674932000.0,,,1674932000.0,0.0,87785000.0,10561000.0,0.029,2.445,284243000.0,372028000.0,0.906,372028000.0,284243000.0,204724000.0,2.69,2.67,2.69,1781142000.0,1758530750.0,1781142000.0,7322682844.0,26.0,19.683,46687000.0,0.675,1.0,318688000.0,0.776,11569000.0,79519000.0,5411133000.0,5270366500.0,0.0,19979000.0,,,1837702000.0,,,5781342844.0,-58892000.0,-4704000.0,6689000.0,89416000.0,-164549000.0,-101065000.0,-177198000.0,190000.0,219371000.0,0.0,204724000.0,185049000.0,185049000.0,-36585000.0,0.0,0.451,141975000.0,176713000.0,144865000.0,0.909,3.246,31.242,31.059,3582445000.0,19675000.0,83.55,14.079,14.079,59631000.0,-35535000.0,410637000.0,410637000.0,0.0,0.05,0.105,0.054,0.692,11609000.0,46989000.0,1.0,69196204.0,69196204.0,,5.934,3765365000.0,0.0,0.0,0.0,54.416,
58,REG,MRT,2006-12-31,2006-12-31,2006-12-31,2021-08-06,-13317000.0,3671785000.0,3651443250.0,,,0.111,25.678,36955000.0,34046000.0,34046000.0,89406000.0,218511000.0,,0.98,1575386000.0,,,1575386000.0,0.0,87413000.0,10517000.0,0.03,2.38,297859000.0,385272000.0,0.954,385272000.0,297859000.0,218511000.0,2.91,2.89,2.91,1769421000.0,1746216250.0,1769421000.0,6977189839.0,23.0,18.11,248614000.0,3.608,1.0,314628000.0,0.779,12315000.0,79348000.0,5200810000.0,5172587500.0,0.0,19988000.0,,,1734572000.0,,,5386582839.0,-8412000.0,-8338000.0,5994000.0,-77131000.0,-159507000.0,-263458000.0,43387000.0,14770000.0,211659000.0,0.0,218511000.0,198836000.0,198836000.0,-68070000.0,0.0,0.492,142451000.0,172177000.0,140940000.0,0.818,3.044,27.091,26.863,3474244000.0,19675000.0,78.17,13.332,13.332,67162000.0,-41897000.0,404034000.0,404034000.0,0.0,0.054,0.114,0.058,0.737,11096000.0,45495000.0,1.0,68908569.0,68908569.0,,5.863,3659470000.0,0.0,0.0,0.0,53.106,
59,REG,MRT,2006-09-30,2006-09-30,2006-09-30,2021-08-06,-13334000.0,3703838000.0,3637550750.0,,,0.109,25.317,-39246000.0,38360000.0,38360000.0,88106000.0,200489000.0,,1.031,1628967000.0,,,1628967000.0,0.0,85987000.0,10839000.0,0.034,2.335,281218000.0,367205000.0,0.924,367205000.0,281218000.0,200489000.0,2.65,2.65,2.65,1740443000.0,1729026000.0,1740443000.0,6270114036.0,22.0,17.075,184788000.0,2.688,1.0,309260000.0,0.778,13229000.0,80729000.0,5281216000.0,5166764250.0,0.0,21916000.0,,,1794855000.0,,,4727065036.0,7127000.0,-9654000.0,5059000.0,5531000.0,-153968000.0,-170553000.0,-46354000.0,2546000.0,224034000.0,0.0,200489000.0,180813000.0,180813000.0,-66443000.0,0.0,0.455,127795000.0,181465000.0,146893000.0,0.881,2.716,26.143,25.947,3497276000.0,19676000.0,68.76,11.896,11.896,54727000.0,-62324000.0,397366000.0,397366000.0,0.0,0.05,0.105,0.054,0.708,17172000.0,43011000.0,1.0,68747310.0,68747310.0,,5.78,3690609000.0,0.0,0.0,0.0,53.684,
60,REG,MRT,2006-06-30,2006-06-30,2006-06-30,2021-08-06,-581000.0,3659610000.0,3601006000.0,,,0.107,25.416,-24905000.0,36594000.0,36594000.0,87823000.0,188241000.0,,1.001,1579643000.0,,,1579643000.0,0.0,84453000.0,10684000.0,0.037,2.29,271531000.0,355984000.0,0.924,355984000.0,271531000.0,188241000.0,2.5,2.49,2.5,1743117000.0,1718494000.0,1743117000.0,5721181759.0,21.0,16.071,191061000.0,2.786,1.0,297236000.0,0.772,14352000.0,83290000.0,5188307000.0,5121390500.0,0.0,41156000.0,,,1744087000.0,,,4262389759.0,10342000.0,189000.0,204669000.0,-222496000.0,-151019000.0,-184121000.0,-21503000.0,3213000.0,215966000.0,0.0,188241000.0,168984000.0,168984000.0,-80577000.0,0.0,0.439,125533000.0,171703000.0,145202000.0,0.916,2.445,25.224,24.86,3431642000.0,19257000.0,62.15,11.069,11.069,58320000.0,-60809000.0,385059000.0,385059000.0,0.0,0.047,0.098,0.053,0.705,18274000.0,41394000.0,1.0,68582297.0,68582297.0,,5.615,3645258000.0,0.0,0.0,0.0,53.152,
61,REG,MRT,2006-03-31,2006-03-31,2006-03-31,2021-08-06,-8552000.0,3570540000.0,3567564500.0,,,0.109,25.394,25240000.0,88056000.0,88056000.0,87208000.0,195074000.0,,0.961,1546848000.0,,,1546848000.0,0.0,83329000.0,10206000.0,0.033,2.245,280434000.0,363763000.0,0.939,363763000.0,280434000.0,195074000.0,2.67,2.65,2.67,1731884000.0,1625796500.0,1731884000.0,6153875057.0,22.0,16.917,240421000.0,3.525,1.0,300285000.0,0.775,9315000.0,85360000.0,5020017000.0,5137008750.0,0.0,34284000.0,,,1664898000.0,,,4582391057.0,34465000.0,-390234000.0,204110000.0,137898000.0,-145945000.0,180539000.0,-361255000.0,3739000.0,215181000.0,0.0,195074000.0,177073000.0,177073000.0,-86076000.0,0.0,0.457,122257000.0,178028000.0,103875000.0,0.841,2.646,25.879,25.165,3314978000.0,18001000.0,67.19,11.826,11.826,52034000.0,-52129000.0,387493000.0,387493000.0,0.0,0.05,0.109,0.055,0.724,18933000.0,39966000.0,1.0,68200492.0,68200492.0,,5.682,3561225000.0,0.0,0.0,0.0,52.217,
62,REG,MRT,2005-12-31,2005-12-31,2005-12-31,2021-08-06,-11692000.0,3616215000.0,3473821000.0,,,0.11,25.056,-89527000.0,42458000.0,42458000.0,87987000.0,162647000.0,,1.023,1613942000.0,,,1613942000.0,0.0,84449000.0,10276000.0,0.037,2.2,249177000.0,333626000.0,0.87,333626000.0,249177000.0,162647000.0,2.25,2.23,2.25,1700660000.0,1534998000.0,1700660000.0,5554490982.0,22.0,16.649,115876000.0,1.707,1.0,295636000.0,0.771,10182000.0,86530000.0,5177517000.0,5030688000.0,0.0,46473000.0,,,1739225000.0,,,4001133982.0,-52862000.0,-386795000.0,205601000.0,178336000.0,-141003000.0,226513000.0,-484778000.0,-8456000.0,205403000.0,0.0,162647000.0,145903000.0,145903000.0,-65088000.0,0.0,0.38,117272000.0,178364000.0,110800000.0,0.978,2.353,27.423,26.2,3394820000.0,16744000.0,58.95,10.43,10.43,56878000.0,-77422000.0,383623000.0,383623000.0,0.0,0.042,0.095,0.05,0.65,18755000.0,37815000.0,1.0,67873350.0,67873350.0,,5.652,3606033000.0,0.0,0.0,0.0,53.129,
63,REG,MRT,2005-09-30,2005-09-30,2005-09-30,2021-08-06,-12019000.0,3557659000.0,3380723250.0,,,0.11,26.749,-6837000.0,31232000.0,31232000.0,83648000.0,163599000.0,,1.002,1584589000.0,,,1584589000.0,0.0,85732000.0,10116000.0,0.038,2.18,248912000.0,334644000.0,0.897,334644000.0,248912000.0,163599000.0,2.34,2.33,2.34,1698315000.0,1450921250.0,1698315000.0,5384600960.0,22.0,16.091,169539000.0,2.67,1.0,289364000.0,0.776,11295000.0,85313000.0,5099721000.0,4893164250.0,0.0,21895000.0,,,1702160000.0,,,3647500960.0,-18948000.0,-403508000.0,205993000.0,141142000.0,-137270000.0,192791000.0,-388115000.0,22230000.0,176376000.0,0.0,163599000.0,148112000.0,148112000.0,-54167000.0,0.0,0.397,118816000.0,170548000.0,103009000.0,0.932,2.148,24.627,24.551,3371046000.0,15487000.0,57.45,9.779,9.779,57819000.0,-83530000.0,373012000.0,373012000.0,0.0,0.044,0.102,0.051,0.667,19440000.0,37148000.0,1.0,63490008.0,63490008.0,,5.875,3546364000.0,0.0,0.0,0.0,55.857,
64,REG,MRT,2005-06-30,2005-06-30,2005-06-30,2021-08-06,-16521000.0,3525844000.0,3288538500.0,,,0.115,21.741,35564000.0,26252000.0,26252000.0,84506000.0,169282000.0,,1.377,1763352000.0,,,1763352000.0,0.0,85518000.0,10027000.0,0.038,2.16,251701000.0,337219000.0,0.894,337219000.0,251701000.0,169282000.0,2.5,2.5,2.5,1372327000.0,1361171750.0,1372327000.0,5023086632.0,20.0,14.896,203393000.0,3.222,1.0,292893000.0,0.776,12164000.0,82419000.0,5250780000.0,4769845000.0,0.0,22715000.0,,,1890227000.0,,,3610638632.0,20872000.0,-425283000.0,73715000.0,292632000.0,-132494000.0,186967000.0,-333924000.0,55795000.0,167829000.0,0.0,169282000.0,156118000.0,156118000.0,-51755000.0,0.0,0.414,117682000.0,175211000.0,112164000.0,0.864,2.631,23.128,22.88,3351334000.0,13164000.0,57.2,9.567,9.567,57640000.0,-74057000.0,377399000.0,377399000.0,0.0,0.047,0.115,0.053,0.667,16863000.0,35232000.0,1.0,63123053.0,63123053.0,,5.979,3513680000.0,0.0,0.0,0.0,55.664,
65,REG,MRT,2005-03-31,2005-03-31,2005-03-31,2021-08-06,-5148000.0,3195566000.0,3195331250.0,,,0.113,21.7,-48366000.0,53591000.0,53591000.0,84042000.0,151858000.0,,1.14,1466039000.0,,,1466039000.0,0.0,84812000.0,9959000.0,0.045,2.14,230934000.0,315746000.0,0.874,315746000.0,230934000.0,151858000.0,2.27,2.28,2.27,1368690000.0,1274171750.0,1368690000.0,4401950612.0,19.0,13.941,119213000.0,1.89,1.0,277086000.0,0.767,13280000.0,79076000.0,4594734000.0,4617775250.0,0.0,23252000.0,,,1560840000.0,,,3004180612.0,10053000.0,-37730000.0,74029000.0,-30659000.0,-129969000.0,-137231000.0,-20295000.0,65801000.0,167579000.0,0.0,151858000.0,140960000.0,140960000.0,-46521000.0,0.0,0.39,114861000.0,162225000.0,79919000.0,0.943,2.195,21.312,20.982,2993642000.0,10898000.0,47.63,8.319,8.319,50051000.0,-79538000.0,361128000.0,361128000.0,0.0,0.044,0.111,0.05,0.639,15220000.0,33051000.0,1.0,63073286.0,63073286.0,,5.726,3182286000.0,0.0,0.0,0.0,50.454,
66,REG,MRT,2004-12-31,2004-12-31,2004-12-31,2021-08-06,-5291000.0,3243824000.0,3168045750.0,,,0.113,21.772,-83397000.0,95320000.0,95320000.0,84340000.0,136327000.0,,1.181,1493090000.0,,,1493090000.0,0.0,82890000.0,10049000.0,0.038,2.12,216066000.0,298956000.0,0.836,298956000.0,216066000.0,136327000.0,2.08,2.08,2.08,1364353000.0,1188406000.0,1364353000.0,4900542051.0,23.0,16.392,98125000.0,1.566,1.0,273301000.0,0.764,14172000.0,79739000.0,4627422000.0,4597766500.0,0.0,25646000.0,,,1610743000.0,,,3471702051.0,65451000.0,-18930000.0,81662000.0,29693000.0,-127091000.0,-77753000.0,-38318000.0,64009000.0,181522000.0,0.0,136327000.0,127694000.0,127694000.0,-36950000.0,0.0,0.357,111094000.0,162207000.0,102443000.0,1.019,2.545,27.188,26.635,2994062000.0,8633000.0,55.4,9.707,9.707,60911000.0,-79570000.0,357641000.0,357641000.0,0.0,0.04,0.107,0.047,0.604,14425000.0,30282000.0,1.0,62666102.0,62666102.0,,5.707,3229652000.0,0.0,0.0,0.0,51.537,
67,REG,MRT,2004-09-30,2004-09-30,2004-09-30,2021-08-06,-5434000.0,3188920000.0,3131647000.0,,,0.102,22.003,-213021000.0,50181000.0,50181000.0,81700914.0,141726040.0,,1.197,1479021000.0,,,1479021000.0,0.0,79516000.0,9621000.0,0.045,2.11,220587276.0,300103276.0,0.938,300103276.0,220587276.0,141726040.0,2.24,2.23,2.24,1339317000.0,1103882000.0,1339317000.0,4331156171.0,20.0,14.432,-18863000.0,-0.31,1.0,238331232.0,0.745,11316000.0,78861236.0,4606444000.0,4568644000.0,0.0,33452000.0,,,1603187000.0,,,2829824171.0,4293000.0,6763000.0,81357000.0,19564000.0,-127317000.0,-98448000.0,-91417000.0,114841000.0,194158000.0,0.0,141726040.0,135336795.0,135336795.0,-44555243.0,0.0,0.423,104667711.0,133663521.0,109145000.0,0.942,2.113,20.909,20.754,2988204000.0,6389245.0,46.49,8.842,8.842,50337000.0,-91992000.0,320032146.0,320032146.0,0.0,0.043,0.123,0.048,0.689,12772000.0,28126554.0,1.0,60869524.0,60869524.0,,5.258,3177604000.0,0.0,0.0,0.0,52.204,
68,REG,MRT,2004-06-30,2004-06-30,2004-06-30,2021-08-06,-5577000.0,3153015000.0,3108326218.0,,,0.102,16.859,-265977000.0,5380000.0,5380000.0,80395914.0,135146040.0,,1.589,1506712000.0,,,1506712000.0,0.0,77526000.0,9629000.0,0.049,2.1,215369276.0,292895276.0,0.928,292895276.0,215369276.0,135146040.0,2.18,2.16,2.18,1024327000.0,1014602891.0,1024327000.0,4044541542.0,19.0,13.809,-60772000.0,-1.0,1.0,235259232.0,0.745,11846000.0,80223236.0,4642501000.0,4548924683.0,0.0,66530000.0,,,1627534000.0,,,2606502542.0,-40547000.0,25084000.0,137961000.0,39388000.0,-126030000.0,-88418000.0,-157334000.0,83559000.0,205205000.0,0.0,135146040.0,129536795.0,129536795.0,-36400243.0,0.0,0.41,101450711.0,133808521.0,105555000.0,0.963,2.545,20.122,19.679,2972348000.0,5609245.0,42.9,8.257,8.257,42806000.0,-95301000.0,315655146.0,315655146.0,0.0,0.042,0.128,0.047,0.682,12632000.0,27032554.0,1.0,60757635.0,60757635.0,,5.195,3141169000.0,0.0,0.0,0.0,51.7,
69,REG,MRT,2004-03-31,2004-03-31,2004-03-31,2021-08-06,-5720000.0,3086424000.0,3081244819.0,,,0.102,16.98,-242728000.0,43538000.0,43538000.0,81062914.0,135682040.0,,1.529,1481577000.0,,,1481577000.0,0.0,76504000.0,9549000.0,0.045,2.09,218116276.0,294620276.0,0.934,294620276.0,218116276.0,135682040.0,2.2,2.17,2.2,1025627000.0,954237526.0,1025627000.0,4245426772.0,19.0,14.41,-62219000.0,-1.03,1.0,234227232.0,0.743,9764000.0,82434236.0,4514699000.0,4509445773.0,0.0,70181000.0,,,1568509000.0,,,2822518589.0,15264000.0,28886000.0,-13282000.0,59739000.0,-125274000.0,-145777000.0,-19468000.0,92492000.0,180509000.0,0.0,135682040.0,130109795.0,130109795.0,-35903243.0,0.0,0.413,99068711.0,135158521.0,71506000.0,0.95,2.752,21.693,21.241,2873453000.0,5572245.0,46.73,8.952,8.952,38085000.0,-88150000.0,315290146.0,315290146.0,0.0,0.042,0.136,0.048,0.692,12006000.0,25977554.0,1.0,60400569.0,60400569.0,,5.22,3076660000.0,0.0,0.0,0.0,50.938,
70,REG,MRT,2003-12-31,2003-12-31,2003-12-31,2021-08-06,175000.0,3098229000.0,3073073311.0,,,0.113,17.18,-178667000.0,29869000.0,29869000.0,83588000.0,130789000.0,,1.523,1452777000.0,,,1452777000.0,0.0,75023000.0,9358000.0,0.052,2.08,213051000.0,288074000.0,0.833,288074000.0,213051000.0,130789000.0,2.13,2.12,2.13,1026257000.0,912641252.0,1026257000.0,3812363313.0,18.0,13.234,1978000.0,0.033,1.0,262319000.0,0.758,10205000.0,82262000.0,4510932000.0,4494614521.0,0.0,70782000.0,,,1562530000.0,,,2380433454.0,-26578000.0,12021000.0,-23074000.0,122982000.0,-124878000.0,-158220000.0,-49003000.0,117643000.0,180645000.0,0.0,130789000.0,126614000.0,126614000.0,-32400000.0,0.0,0.366,97741000.0,164578000.0,94280000.0,0.977,2.32,18.801,18.709,2880681000.0,4175000.0,39.85,6.882,6.882,57041000.0,-77794000.0,345907000.0,345907000.0,0.0,0.041,0.139,0.047,0.616,11327000.0,24229000.0,1.0,59734842.0,59734842.0,,5.791,3088024000.0,0.0,0.0,0.0,51.696,
71,REG,MRT,2003-09-30,2003-09-30,2003-09-30,2021-08-06,-1677256.0,3095636874.0,3065748028.0,,,0.11,17.575,16825000.0,45888449.0,45888449.0,85357164.0,110890051.0,,1.608,1477818308.0,,,1477818308.0,0.0,76537589.0,9413884.0,0.056,2.07,195544956.0,272082545.0,0.804,272082545.0,195544956.0,110890051.0,1.84,1.81,1.84,982200564.0,856292299.0,982200564.0,3499264804.0,18.0,12.861,176433511.0,3.157,1.0,253233759.0,0.748,0.0,84654905.0,4527566733.0,4452724039.0,0.0,77586149.0,,,1579191586.0,,,2059368846.0,-981510.0,-11337099.0,-25429137.0,83931300.0,-123882126.0,-191362379.0,30772358.0,48337359.0,159608511.0,0.0,110890051.0,107550935.0,107550935.0,-27175223.0,0.0,0.318,91906571.0,161327188.0,91959394.0,1.125,2.097,19.148,20.027,2874610053.0,3339116.0,36.85,6.082,6.082,42391111.0,-100012669.0,338590923.0,338590923.0,0.0,0.035,0.126,0.044,0.578,12016547.0,23611196.0,1.0,55885179.0,55885179.0,,6.059,3095636874.0,0.0,0.0,0.0,55.393,
72,REG,MRT,2003-06-30,2003-06-30,2003-06-30,2021-08-06,0.0,3044689402.0,3066703239.0,,,0.113,12.95,78446785.0,45926882.0,45926882.0,85715440.0,107173120.0,,2.005,1485822840.0,,,1485822840.0,0.0,76834137.0,9393165.0,0.059,2.06,192014460.0,268848597.0,0.775,268848597.0,192014460.0,107173120.0,1.77,1.76,1.77,782865539.0,811485468.0,782865539.0,3516282733.0,18.0,13.079,231063763.0,3.822,1.0,261400837.0,0.753,0.0,84841340.0,4484585360.0,4432862291.0,0.0,11400667.0,,,1569805993.0,,,2114646710.0,-23295890.0,-19245875.0,-143102499.0,40857199.0,-122698854.0,-272931763.0,97018895.0,67445287.0,152616978.0,0.0,107173120.0,104472376.0,104472376.0,-27835414.0,0.0,0.301,91203857.0,170196980.0,74589988.0,1.164,2.701,20.241,19.763,2901468121.0,2700744.0,34.98,6.092,6.092,32449975.0,-98808813.0,347116277.0,347116277.0,0.0,0.034,0.129,0.043,0.553,11225891.0,23846846.0,1.0,60453022.0,60453022.0,,5.742,3044689402.0,0.0,0.0,0.0,50.365,
73,REG,MRT,2003-03-31,2003-03-31,2003-03-31,2021-08-06,0.0,3053737969.0,3081467354.0,,,0.112,14.239,160977100.0,28273745.0,28273745.0,84611990.0,103171337.0,,1.743,1429909768.0,,,1429909768.0,0.0,75970567.0,9185789.0,0.062,2.05,188603035.0,264573602.0,0.77,264573602.0,188603035.0,103171337.0,1.73,1.72,1.73,859241903.0,815398497.0,859241903.0,3265483050.0,17.0,12.342,323221000.0,5.356,1.0,259076519.0,0.754,0.0,85431698.0,4455373992.0,4421917157.0,0.0,30877475.0,,,1497299614.0,,,1988406334.0,-1390021.0,-25447475.0,7400501.0,-30059468.0,-120890418.0,-263992107.0,100358186.0,64175208.0,162243900.0,0.0,103171337.0,101071965.0,101071965.0,-32754879.0,0.0,0.294,88356722.0,170719797.0,58204057.0,1.185,2.314,19.673,19.046,2906846382.0,2099372.0,32.95,5.785,5.785,34775383.0,-92985329.0,343688509.0,343688509.0,0.0,0.033,0.124,0.043,0.549,10374011.0,22902405.0,1.0,60346171.0,60346171.0,,5.695,3053737969.0,0.0,0.0,0.0,50.604,
74,REG,MRT,2002-12-31,2002-12-31,2002-12-31,2021-08-06,0.0,3068927866.0,3096181115.0,,,0.11,13.674,125741000.0,56447329.0,56447329.0,82901000.0,110524000.0,,1.781,1333524045.0,,,1333524045.0,0.0,74417000.0,8847603.0,0.063,2.04,194996000.0,269413000.0,0.793,269413000.0,194996000.0,110524000.0,1.85,1.84,1.85,800861191.0,801272942.0,800861191.0,3246229745.0,17.0,12.049,280497000.0,4.789,1.0,256909000.0,0.756,2634511.0,84472000.0,4343370071.0,4435584293.0,0.0,56630876.0,,,1426348911.0,,,1897567722.0,28594000.0,-34235000.0,7207000.0,-95599000.0,-118970000.0,-255031000.0,128869000.0,37363000.0,154756000.0,0.0,110524000.0,107666000.0,107666000.0,-37768000.0,0.0,0.317,86212000.0,170697000.0,76908233.0,1.103,2.369,17.625,17.514,2849474883.0,2858000.0,32.4,5.584,5.584,47983160.0,-79529975.0,339810000.0,339810000.0,0.0,0.035,0.134,0.044,0.574,9517000.0,22757000.0,1.0,58566905.0,58566905.0,,5.802,3066293355.0,0.0,0.0,0.0,52.355,
75,REG,MRT,2002-09-30,2002-09-30,2002-09-30,2021-08-06,0.0,3099457718.0,3106277708.0,,,0.104,13.955,156194438.0,46869774.0,46869774.0,81462144.0,102235657.0,,1.839,1395531797.0,,,1395531797.0,0.0,71922648.0,9252677.0,0.065,2.03,182444650.0,254367298.0,0.789,254367298.0,182444650.0,102235657.0,1.71,1.7,1.71,802973237.0,802957395.0,802973237.0,3120828443.0,17.0,12.269,337811511.0,5.871,1.0,241112011.0,0.747,0.0,80208993.0,4448119741.0,4469287206.0,0.0,3100000.0,,,1476572373.0,,,1783769481.0,10591279.0,-23839513.0,7212445.0,65661081.0,-117691350.0,-92637873.0,-78387921.0,39590269.0,181617073.0,0.0,102235657.0,99216019.0,99216019.0,-36105414.0,0.0,0.308,86461808.0,154650203.0,71787899.0,1.187,2.221,17.979,18.129,2953814888.0,3019638.0,31.0,5.53,5.53,40952944.0,-83682085.0,322574155.0,322574155.0,0.0,0.032,0.124,0.041,0.566,7224958.0,21982952.0,1.0,57540951.0,57540951.0,,5.606,3099457718.0,0.0,0.0,0.0,53.865,
76,REG,MRT,2002-06-30,2002-06-30,2002-06-30,2021-08-06,0.0,3103745863.0,3079074234.0,,,0.101,13.737,143824360.0,69223154.0,69223154.0,79129328.0,101636257.0,,1.859,1406282116.0,,,1406282116.0,0.0,70082870.0,8775853.0,0.068,2.02,175625494.0,245708364.0,0.789,245708364.0,175625494.0,101636257.0,1.71,1.69,1.71,798517656.0,804230286.0,798517656.0,3121019411.0,18.0,12.702,326711808.0,5.62,1.0,232461395.0,0.746,0.0,73989237.0,4440804825.0,4418470760.0,0.0,22209928.0,,,1484718867.0,,,1723569888.0,56095301.0,-16060922.0,685220.0,135294545.0,-116675540.0,-28605869.0,-98186278.0,68136349.0,182887448.0,0.0,101636257.0,98631493.0,98631493.0,-35051499.0,0.0,0.317,83795103.0,148666292.0,69660898.0,1.181,2.158,17.475,17.339,2924413225.0,3004764.0,29.65,5.532,5.532,36920445.0,-80582798.0,311590723.0,311590723.0,0.0,0.032,0.123,0.04,0.564,7049834.0,20078918.0,1.0,58130519.0,58130519.0,,5.36,3103745863.0,0.0,0.0,0.0,53.393,
77,REG,MRT,2002-03-31,2002-03-31,2002-03-31,2021-08-06,0.0,3112593013.0,3044401486.0,,,0.104,13.814,144099399.0,29664285.0,29664285.0,78415423.0,102795046.0,,1.854,1427113808.0,,,1427113808.0,0.0,68919104.0,8887265.0,0.069,2.01,172785055.0,241704159.0,0.767,241704159.0,172785055.0,102795046.0,1.73,1.72,1.73,802739685.0,806890671.0,802739685.0,3055210369.0,18.0,12.64,304329927.0,5.237,1.0,236738231.0,0.751,0.0,69990009.0,4510042536.0,4362000499.0,0.0,33564149.0,,,1488373810.0,,,1686342885.0,-23012712.0,-34957117.0,685382.0,145530552.0,-115771016.0,-22400231.0,-160843009.0,52129428.0,160230528.0,0.0,102795046.0,99805156.0,99805156.0,-27946099.0,0.0,0.317,84438035.0,152300196.0,52372737.0,1.162,2.101,16.896,16.775,2957609127.0,2989890.0,29.02,5.351,5.351,40855676.0,-73167823.0,315153654.0,315153654.0,0.0,0.033,0.124,0.04,0.548,7020025.0,19459942.0,1.0,58109679.0,58109679.0,,5.423,3112593013.0,0.0,0.0,0.0,53.564,
78,REG,MRT,2001-12-31,2001-12-31,2001-12-31,2021-08-06,0.0,3109314236.0,3011637701.0,,,0.106,14.023,144984022.0,27853264.0,27853264.0,78883081.0,100664207.0,,1.831,1396720748.0,,,1396720748.0,0.0,67505587.0,8656456.0,0.072,2.0,168262236.0,235767823.0,0.74,235767823.0,168262236.0,100664207.0,1.7,1.69,1.7,807599002.0,808672083.0,807599002.0,2852358495.0,17.0,12.098,330842662.0,5.745,1.0,239917080.0,0.753,0.0,67598029.0,4478181720.0,4284856517.0,0.0,32504941.0,,,1478811526.0,,,1598148363.0,-73134631.0,-28135782.0,-90117.0,80308780.0,-114860514.0,-94884423.0,-164108848.0,67582696.0,185858640.0,0.0,100664207.0,97699108.0,97699108.0,-22738100.0,0.0,0.306,85388858.0,154528222.0,73434322.0,1.176,1.979,16.358,16.324,2954506077.0,2965099.0,27.75,5.013,5.013,47723145.0,-68226276.0,318800161.0,318800161.0,0.0,0.032,0.121,0.039,0.528,6217572.0,19785521.0,1.0,57590932.0,57590932.0,,5.536,3109314236.0,0.0,0.0,0.0,53.99,
79,REG,MRT,2001-09-30,2001-09-30,2001-09-30,2021-08-06,0.0,2990643826.0,2993095077.0,,,0.116,14.035,213572671.0,36278495.0,36278495.0,79610183.0,98737656.0,,1.683,1290488627.0,,,1290488627.0,0.0,66007844.0,8522444.0,0.077,1.98,162546174.0,228554018.0,0.659,228554018.0,162546174.0,98737656.0,1.67,1.67,1.67,808064801.0,808392716.0,808064801.0,2732397096.0,17.0,11.955,400012125.0,6.948,1.0,267102045.0,0.77,0.0,63808518.0,4244853958.0,4225618087.0,0.0,30995921.0,,,1359886741.0,,,1482528182.0,-592418.0,-33358266.0,-131373.0,83929356.0,-113705572.0,-90823119.0,-96208753.0,65350068.0,186439454.0,0.0,98737656.0,95797460.0,95797460.0,-18605987.0,0.0,0.276,84637927.0,182464118.0,60875670.0,1.186,1.835,15.476,15.419,2846322903.0,2940196.0,25.75,4.276,4.276,36991993.0,-65206754.0,346712228.0,346712228.0,0.0,0.032,0.119,0.038,0.469,6307873.0,20066031.0,1.0,57573910.0,57573910.0,,6.022,2990643826.0,0.0,0.0,0.0,51.944,
80,REG,MRT,2001-06-30,2001-06-30,2001-06-30,2021-08-06,0.0,2965054869.0,2968700180.0,,,0.118,14.075,108200381.0,13127853.0,13127853.0,80505645.0,96468676.0,,1.649,1262996767.0,,,1262996767.0,0.0,63811854.0,8432085.0,0.077,1.96,162746135.0,226557989.0,0.645,226557989.0,162746135.0,96468676.0,1.64,1.64,1.64,809159197.0,809094706.0,809159197.0,2680146413.0,16.0,11.83,292500689.0,5.088,1.0,270983079.0,0.771,0.0,66277459.0,4214923783.0,4178386314.0,0.0,55835389.0,,,1333935376.0,,,1460217679.0,-24779569.0,-63697548.0,-1886652.0,179658814.0,-112079766.0,23269106.0,-232348983.0,14594060.0,184300308.0,0.0,96468676.0,93572775.0,93572775.0,-13968711.0,0.0,0.266,83899811.0,187083268.0,62506524.0,1.195,1.805,15.605,15.488,2826707404.0,2895901.0,25.4,4.154,4.154,30947781.0,-62538751.0,351488724.0,351488724.0,0.0,0.032,0.116,0.039,0.463,5698465.0,20593100.0,1.0,57488885.0,57488885.0,,6.114,2965054869.0,0.0,0.0,0.0,51.576,
81,REG,MRT,2001-03-31,2001-03-31,2001-03-31,2021-08-06,0.0,2981537872.0,2917930304.0,,,0.119,14.103,21323439.0,52676997.0,52676997.0,78675143.0,88436714.0,,1.663,1272605731.0,,,1272605731.0,0.0,61564413.0,8349916.0,0.078,1.94,154685208.0,216249621.0,0.624,216249621.0,154685208.0,88436714.0,1.5,1.5,1.5,809865331.0,814752406.0,809865331.0,2641726511.0,17.0,12.216,212894969.0,3.707,1.0,267743592.0,0.773,0.0,66248494.0,4201466606.0,4075330806.0,0.0,53640640.0,,,1346556465.0,,,1435642250.0,24867609.0,-63976993.0,-1876364.0,222630709.0,-110474723.0,141462325.0,-308166246.0,30067185.0,191571530.0,0.0,88436714.0,85585108.0,85585108.0,-12129646.0,0.0,0.247,80514139.0,187229453.0,65600818.0,1.293,1.773,16.774,16.667,2814889610.0,2851606.0,25.0,4.144,4.144,27336927.0,-57201963.0,346418735.0,346418735.0,0.0,0.029,0.105,0.038,0.447,4886543.0,19751704.0,1.0,57425690.0,57425690.0,,6.032,2981537872.0,0.0,0.0,0.0,51.92,
82,REG,MRT,2000-12-31,2000-12-31,2000-12-31,2021-08-06,0.0,3035143740.0,2836994357.0,,,0.119,14.166,-19134500.0,100987895.0,100987895.0,75812256.0,87610832.0,,1.725,1307072156.0,,,1307072156.0,0.0,59430262.0,8262885.0,0.081,1.92,151477153.0,210907415.0,0.627,210907415.0,151477153.0,87610832.0,1.49,1.49,1.49,806481537.0,836101562.0,806481537.0,2511507561.0,17.0,11.908,159397391.0,2.8,1.0,260583136.0,0.775,0.0,63866321.0,4241228001.0,3942135954.0,0.0,66423893.0,,,1390795345.0,,,1348644930.0,46870452.0,-65183262.0,-12498837.0,284033004.0,-109078935.0,203602657.0,-335264096.0,15673125.0,178531891.0,0.0,87610832.0,84793604.0,84793604.0,-11198524.0,0.0,0.252,77405882.0,183177254.0,75460304.0,1.289,1.672,15.905,15.899,2796572736.0,2817228.0,23.69,4.009,4.009,39407777.0,-51064870.0,336395392.0,336395392.0,0.0,0.03,0.101,0.038,0.45,4719212.0,19932609.0,1.0,56928870.0,56928870.0,,5.909,3035143740.0,0.0,0.0,0.0,53.315,
83,REG,MRT,2000-09-30,2000-09-30,2000-09-30,2021-08-06,0.0,2893064237.0,2741942416.0,,,0.128,14.253,-109257266.0,36870913.0,36870913.0,78204294.0,89535443.0,,1.539,1199733544.0,,,1199733544.0,0.0,56882071.0,8413577.0,0.083,1.9,155308705.0,212190776.0,0.604,212190776.0,155308705.0,89535443.0,1.52,1.52,1.52,810872761.0,861573105.0,810872761.0,2345849392.0,15.0,11.055,69482438.0,1.221,1.0,273101838.0,0.777,0.0,65773262.0,4055926868.0,3785025216.0,0.0,37962720.0,,,1248034696.0,,,1305123011.0,13286093.0,-57956076.0,-67125351.0,275678418.0,-108445500.0,142068865.0,-307522476.0,15673125.0,178739704.0,0.0,89535443.0,86769638.0,86769638.0,0.0,0.0,0.247,77156272.0,195945566.0,39887575.0,1.25,1.61,15.041,15.092,2762507567.0,2765805.0,22.94,3.715,3.715,29672141.0,-47298641.0,351306132.0,351306132.0,0.0,0.032,0.101,0.041,0.442,4082482.0,18951960.0,1.0,56892895.0,56892895.0,,6.175,2893064237.0,0.0,0.0,0.0,50.851,
84,REG,MRT,2000-06-30,2000-06-30,2000-06-30,2021-08-06,0.0,2761975368.0,2670797879.0,,,0.127,14.715,-72985083.0,37907422.0,37907422.0,75776544.0,89597404.0,,1.362,1078633803.0,,,1078633803.0,0.0,55217455.0,8344141.0,0.079,1.88,152823431.0,208040886.0,0.615,208040886.0,152823431.0,89597404.0,1.51,1.51,1.51,831789995.0,899207023.0,831789995.0,2352259579.0,15.0,11.307,100853106.0,1.784,1.0,262489389.0,0.776,0.0,63226027.0,3802701749.0,3647018617.0,0.0,24349824.0,,,1132934923.0,,,1341366465.0,23125721.0,-45369783.0,-66617008.0,53023479.0,-109605425.0,107951532.0,-258664000.0,15673125.0,173838189.0,0.0,89597404.0,86853893.0,86853893.0,0.0,0.0,0.257,74835294.0,187654095.0,45956979.0,1.245,1.613,15.444,15.715,2645069874.0,2743511.0,23.73,3.965,3.965,32885659.0,-44031759.0,338265933.0,338265933.0,0.0,0.033,0.097,0.042,0.452,3397463.0,18750598.0,1.0,56526189.0,56526189.0,,5.984,2761975368.0,0.0,0.0,0.0,48.862,
85,REG,MRT,2000-03-31,2000-03-31,2000-03-31,2021-08-06,0.0,2657794082.0,2611255834.0,,,0.127,15.842,-49840276.0,27809388.0,27809388.0,74245058.0,98506303.0,,1.214,1038702502.0,,,1038702502.0,0.0,52962010.0,8315974.0,0.094,1.86,160869819.0,213831829.0,0.645,213831829.0,160869819.0,98506303.0,1.65,1.65,1.65,895261956.0,983207823.0,895261956.0,2073937868.0,13.0,9.699,113904998.0,2.016,1.0,257421668.0,0.776,0.0,62363516.0,3668687196.0,3581387932.0,0.0,19511432.0,,,1087204190.0,,,1116088794.0,-4559045.0,-30050077.0,-66585250.0,61355523.0,-109166005.0,53966399.0,-222270718.0,0.0,163745274.0,0.0,98506303.0,95766251.0,95766251.0,0.0,0.0,0.289,73417481.0,184004187.0,40185714.0,1.127,1.247,11.654,11.97,2561087444.0,2740052.0,19.75,3.365,3.365,28628118.0,-32312347.0,331666726.0,331666726.0,0.0,0.037,0.097,0.045,0.485,2873201.0,20132945.0,1.0,56510825.0,56510825.0,,5.869,2657794082.0,0.0,0.0,0.0,47.032,
86,REG,MRT,1999-12-31,1999-12-31,1999-12-31,2021-08-06,0.0,2654935978.0,2565960091.0,,,0.118,15.327,-21535961.0,54117443.0,54117443.0,67458070.0,89845964.0,,1.177,1011966517.0,,,1011966517.0,0.0,48611519.0,7952707.0,0.092,1.84,147716017.0,196327536.0,0.65,196327536.0,147716017.0,89845964.0,1.61,1.61,1.61,908367707.0,1053360173.0,908367707.0,2080694343.0,14.0,10.598,129766309.0,2.19,1.0,234428861.0,0.777,0.0,57870053.0,3612785052.0,3522186328.0,0.0,15673125.0,,,1068805335.0,,,1185279960.0,34197750.0,-39093775.0,-55934176.0,75703925.0,-94985165.0,99507475.0,-216611995.0,0.0,151302270.0,0.0,89845964.0,87601371.0,87601371.0,0.0,0.0,0.29,68358270.0,166070591.0,48886111.0,1.143,1.305,13.53,12.422,2531725805.0,2244593.0,20.0,3.926,3.926,33515040.0,-26779538.0,301886931.0,301886931.0,0.0,0.034,0.083,0.042,0.489,2411907.0,19274225.0,1.0,59263998.0,59263998.0,,5.094,2654935978.0,0.0,0.0,0.0,44.798,
87,REG,MRT,1999-09-30,1999-09-30,1999-09-30,2021-08-06,0.0,2608486087.0,2212252922.0,,,0.113,16.141,-393187597.0,23584820.0,23584820.0,56391327.0,73503295.0,,1.007,918999203.0,,,918999203.0,0.0,41954263.0,7539864.0,0.087,1.82,122922885.0,164877148.0,0.658,164877148.0,122922885.0,73503295.0,1.51,1.49,1.51,961408435.0,934405375.0,961408435.0,2267186671.0,18.0,13.751,-281563625.0,-4.727,1.0,194293556.0,0.775,0.0,49419590.0,3503900470.0,3061068490.0,0.0,0.0,,,968003732.0,,,1250814852.0,5184097.0,-37438510.0,-779245.0,47289443.0,-80555959.0,149316905.0,-255756780.0,0.0,111623972.0,0.0,73503295.0,71926130.0,71926130.0,0.0,0.0,0.287,60856300.0,133437256.0,41464665.0,1.205,1.301,17.39,13.907,2536682115.0,1577165.0,21.0,4.99,4.99,29766946.0,-25622779.0,250684883.0,250684883.0,0.0,0.033,0.077,0.04,0.49,2422894.0,17852037.0,1.0,59562612.0,59562612.0,,4.209,2608486087.0,0.0,0.0,0.0,43.794,
88,REG,MRT,1999-06-30,1999-06-30,1999-06-30,2021-08-06,0.0,2523807190.0,1853390615.0,,,0.112,19.614,-317306913.0,14781701.0,14781701.0,45690938.0,58921354.0,,0.928,1031153520.0,,,1031153520.0,0.0,35442498.0,6899230.0,0.082,1.8,100132750.0,135575248.0,0.651,135575248.0,100132750.0,58921354.0,1.43,1.45,1.43,1167793195.0,823623925.0,1167793195.0,2261539534.0,23.0,16.681,-220837729.0,-3.709,1.0,162595230.0,0.781,0.0,41211396.0,3540179009.0,2593422095.0,0.0,0.0,,,1083375621.0,,,1306269863.0,2048999.0,-25876003.0,610903.0,207927699.0,-64799650.0,128170627.0,-222590812.0,0.0,96469184.0,0.0,58921354.0,58021354.0,58021354.0,0.0,0.0,0.279,52550090.0,110045140.0,45322871.0,1.259,1.119,22.514,15.343,2462011755.0,900000.0,21.94,6.272,6.272,29656201.0,-22180227.0,208286168.0,208286168.0,0.0,0.031,0.07,0.039,0.481,2379828.0,16382592.0,1.0,59538280.0,59538280.0,,3.498,2523807190.0,0.0,0.0,0.0,42.39,
89,REG,MRT,1999-03-31,1999-03-31,1999-03-31,2021-08-06,0.0,2476611110.0,1495713332.0,,,0.11,20.333,-241083032.0,32368433.0,32368433.0,35683833.0,44693574.0,,0.875,987638104.0,,,987638104.0,0.0,29000971.0,6883000.0,0.095,1.78,76772955.0,105773926.0,0.646,105773926.0,76772955.0,44693574.0,1.4,1.4,1.4,1175871354.0,667923659.0,1175871354.0,1612549277.0,21.0,15.245,-165499326.0,-2.862,1.0,128125145.0,0.782,0.0,32079381.0,3431880781.0,2080350483.0,0.0,0.0,,,1029083838.0,,,1084342875.0,15661266.0,-40326289.0,10247361.0,142616905.0,-50442130.0,170478706.0,-230401146.0,0.0,75583706.0,0.0,44693574.0,44489574.0,44489574.0,0.0,0.0,0.272,44419370.0,83705775.0,34562734.0,1.271,0.922,24.373,13.393,2404049076.0,204000.0,18.75,6.62,6.62,26703875.0,-19116593.0,163808978.0,163808978.0,0.0,0.03,0.067,0.037,0.469,2397636.0,14768399.0,1.0,57831620.0,57831620.0,,2.833,2476611110.0,0.0,0.0,0.0,42.825,
90,REG,MRT,1998-12-31,1998-12-31,1998-12-31,2021-08-06,0.0,1240107300.0,1123056188.0,,,0.128,16.962,-207708310.0,19919693.0,19919693.0,30844193.0,50590074.0,,1.32,548126095.0,,,548126095.0,0.0,25046001.0,3110370.0,0.079,1.76,77418930.0,102464931.0,0.715,102464931.0,77418930.0,50590074.0,1.8,1.75,1.8,432548515.0,507159121.0,432548515.0,1027671874.0,13.0,10.029,-142706845.0,-5.596,1.0,112451808.0,0.785,0.0,26828856.0,1768313702.0,1563639770.0,0.0,0.0,,,571172889.0,,,567393846.0,3333599.0,-28684539.0,10225529.0,142614756.0,-49490925.0,174724983.0,-236392849.0,0.0,65001465.0,0.0,50590074.0,50590074.0,50590074.0,0.0,0.0,0.353,40110149.0,72341659.0,19936424.0,0.978,1.312,11.216,12.361,1191348389.0,0.0,22.25,3.96,3.96,16758917.0,-19395744.0,143296001.0,143296001.0,0.0,0.045,0.1,0.05,0.54,2422547.0,14564148.0,1.0,25500847.0,25500847.0,,5.619,1240107300.0,0.0,0.0,0.0,48.63,
91,REG,MRT,1998-09-30,1998-09-30,1998-09-30,2021-08-06,0.0,1173036860.0,1019741511.0,,,0.129,20.353,13682453.0,18400723.0,18400723.0,29016366.0,50309583.0,,0.981,478678751.0,,,478678751.0,0.0,22786139.0,2928138.0,0.076,1.74,74320549.0,97106688.0,0.739,97106688.0,74320549.0,50309583.0,1.84,1.78,1.84,518282635.0,522115071.0,518282635.0,978947451.0,13.0,10.081,72316183.0,2.84,1.0,102465723.0,0.779,0.0,24010966.0,1633314888.0,1393639575.0,0.0,0.0,,,508385093.0,,,584152946.0,4369453.0,-23283206.0,24215974.0,108079907.0,-47965739.0,159497347.0,-213761624.0,0.0,58633730.0,0.0,50309583.0,50309583.0,50309583.0,0.0,0.0,0.383,35626990.0,66838733.0,26778204.0,0.946,1.127,11.611,12.467,1124619156.0,0.0,22.94,4.443,4.443,16564787.0,-16992945.0,131482089.0,131482089.0,0.0,0.049,0.096,0.053,0.565,4482623.0,11851851.0,1.0,25464383.0,25464383.0,,5.163,1173036860.0,0.0,0.0,0.0,46.066,
92,REG,MRT,1998-06-30,1998-06-30,1998-06-30,2021-08-06,0.0,1093098056.0,,,,,21.812,10148277.0,12732702.0,12732702.0,29394581.0,48992371.0,,0.784,407527207.0,,,407527207.0,0.0,20613044.0,2762506.0,0.068,1.72,70379655.0,90992699.0,0.752,90992699.0,70379655.0,48992371.0,1.89,1.77,1.89,544992132.0,,544992132.0,1006954826.0,14.0,11.066,60945199.0,2.439,1.0,91677967.0,0.757,0.0,21387284.0,1487892561.0,,0.0,0.0,,,427353720.0,,,627899436.0,-679678.0,-21186539.0,166505202.0,-68991869.0,-46022765.0,126956362.0,-178432962.0,0.0,50796922.0,0.0,48992371.0,48992371.0,48992371.0,0.0,0.0,0.405,32623405.0,59054562.0,17064007.0,0.91,1.152,12.816,13.296,1057726028.0,0.0,25.13,5.186,5.186,10684242.0,-14501931.0,121072548.0,121072548.0,0.0,,,,0.581,3867896.0,11071361.0,1.0,24986050.0,24986050.0,,4.846,1093098056.0,0.0,0.0,0.0,43.748,
93,REG,MRT,1998-03-31,1998-03-31,1998-03-31,2021-08-06,0.0,985982538.0,,,,,21.922,-5655696.0,16707167.0,16707167.0,27324683.0,42920986.0,,0.77,395762556.0,,,395762556.0,0.0,18915963.0,2561475.0,0.064,1.7,63127639.0,82043602.0,0.742,82043602.0,63127639.0,42920986.0,1.77,1.67,1.77,532813201.0,,532813201.0,904077322.0,14.0,11.019,39316014.0,1.618,1.0,83186843.0,0.753,0.0,20206653.0,1365037927.0,,0.0,0.0,,,410235501.0,,,642612989.0,2078012.0,77281.0,199101737.0,-20766427.0,-40160666.0,136078846.0,-178972544.0,0.0,44971710.0,0.0,42920986.0,42920986.0,42920986.0,0.0,0.0,0.388,30091991.0,53094852.0,11911470.0,0.96,1.206,14.972,14.938,950973209.0,0.0,26.44,5.815,5.815,9788251.0,-12960037.0,110511526.0,110511526.0,0.0,,,,0.571,3166961.0,10537028.0,1.0,24304576.0,24304576.0,,4.547,985982538.0,0.0,0.0,0.0,40.568,
94,REG,MRT,1997-12-31,1997-12-31,1997-12-31,2021-08-06,0.0,826848591.0,606686320.0,,,0.16,20.258,-26357862.0,16586094.0,16586094.0,22904131.0,27401655.0,,0.593,278050427.0,,,278050427.0,0.0,16303159.0,2319941.0,0.061,1.68,46068911.0,62372070.0,0.641,62372070.0,46068911.0,27401655.0,1.28,1.23,1.28,492372315.0,349549046.0,492372315.0,,,,16686358.0,0.687,1.0,74431864.0,0.765,0.0,18667256.0,1088312924.0,819075608.0,0.0,0.0,,,291967600.0,,,672993709.0,8292865.0,68688.0,225094980.0,-36006012.0,-33914778.0,153782026.0,-188533381.0,0.0,43044220.0,0.0,27401655.0,27401655.0,27401655.0,0.0,0.0,0.282,26267085.0,48164779.0,11597232.0,1.312,1.367,24.56,21.633,793605705.0,0.0,27.69,6.914,6.914,9546584.0,-20494893.0,97335995.0,97335995.0,0.0,0.045,0.078,0.056,0.473,2561139.0,9324926.0,1.0,24304576.0,24304576.0,,4.005,826848591.0,0.0,0.0,0.0,34.02,
95,REG,MRT,1997-09-30,1997-09-30,1997-09-30,2021-08-06,,,,,,,,,,,,,,,,,,,,,,0.062,1.665,,,,,,,,,,,,,,,,,,1.0,,,,,,,,,,,,,,,,,,,,,,,,,,,,,,,,,,,,,,,,26.75,,,,,,,,,,,,,,1.0,,,,,,,,,,
96,REG,MRT,1997-06-30,1997-06-30,1997-06-30,2021-08-06,,,,,,,,,,,,,,,,,,,,,,0.061,1.65,,,,,,,,,,,,,,,,,,1.0,,,,,,,,,,,,,,,,,,,,,,,,,,,,,,,,,,,,,,,,27.25,,,,,,,,,,,,,,1.0,,,,,,,,,,
97,REG,MRT,1997-03-31,1997-03-31,1997-03-31,2021-08-06,,,,,,,,,,,,,,,,,,,,,,0.061,1.635,,,,,,,,,,,,,,,,,,1.0,,,,,,,,,,,,,,,,,,,,,,,,,,,,,,,,,,,,,,,,26.75,,,,,,,,,,,,,,1.0,,,,,,,,,,
98,REG,MRT,1996-12-31,1996-12-31,1996-12-31,2021-08-06,0.0,386524049.0,,,,,,-6258456.0,8293229.0,8293229.0,12065394.0,9964866.0,,0.867,171607473.0,,,171607473.0,0.0,8058643.0,1381673.0,0.062,1.62,20775390.0,28834033.0,0.614,28834033.0,20775390.0,9964866.0,0.82,0.82,0.82,206725777.0,,206725777.0,,,,9745463.0,,1.0,34882173.0,0.743,0.0,10810524.0,549838293.0,,0.0,0.0,,,179289786.0,,,,4891528.0,-649728.0,63617263.0,52071645.0,-16179518.0,98729773.0,-109842164.0,0.0,16003919.0,0.0,9964866.0,9907145.0,9907145.0,0.0,0.0,0.211,14106783.0,20775390.0,6300640.0,1.976,,,32.012,367189569.0,57721.0,26.25,,,5281419.0,-13981770.0,46947567.0,46947567.0,0.0,,,,0.443,2940414.0,6048140.0,1.0,,,,,386524049.0,0.0,0.0,0.0,,
99,REG,MRT,1995-12-31,1995-12-31,1995-12-31,2021-08-06,,,,,,,,-1978643.0,,,8683524.0,5584702.0,,,,,,,,5853730.0,,0.092,1.58,14553233.0,20406963.0,0.6,20406963.0,14553233.0,5584702.0,0.75,0.75,0.75,,,,,,,13913298.0,,1.0,25301395.0,0.744,,8968531.0,,,,,,,,,,,540864.0,12146.0,31265522.0,7619060.0,-10760237.0,46152637.0,-61503714.0,0.0,15891941.0,0.0,5584702.0,4993798.0,4993798.0,0.0,0.0,0.147,10748162.0,14553233.0,,2.107,,,23.0,,590904.0,17.25,,,,,33984919.0,33984919.0,0.0,,,,0.428,0.0,4894432.0,1.0,,,,,,,0.0,,,
