None,ticker,dimension,calendardate,datekey,reportperiod,lastupdated,accoci,assets,assetsavg,assetsc,assetsnc,assetturnover,bvps,capex,cashneq,cashnequsd,cor,consolinc,currentratio,de,debt,debtc,debtnc,debtusd,deferredrev,depamor,deposits,divyield,dps,ebit,ebitda,ebitdamargin,ebitdausd,ebitusd,ebt,eps,epsdil,epsusd,equity,equityavg,equityusd,ev,evebit,evebitda,fcf,fcfps,fxusd,gp,grossmargin,intangibles,intexp,invcap,invcapavg,inventory,investments,investmentsc,investmentsnc,liabilities,liabilitiesc,liabilitiesnc,marketcap,ncf,ncfbus,ncfcommon,ncfdebt,ncfdiv,ncff,ncfi,ncfinv,ncfo,ncfx,netinc,netinccmn,netinccmnusd,netincdis,netincnci,netmargin,opex,opinc,payables,payoutratio,pb,pe,pe1,ppnenet,prefdivis,price,ps,ps1,receivables,retearn,revenue,revenueusd,rnd,roa,roe,roic,ros,sbcomp,sgna,sharefactor,sharesbas,shareswa,shareswadil,sps,tangibles,taxassets,taxexp,taxliabilities,tbvps,workingcapital
0,PBCT,MRY,2020-12-31,2020-12-31,2020-12-31,2021-08-06,-89200000.0,63091800000.0,61476500000.0,,,0.031,17.895,-45800000.0,4243300000.0,4243300000.0,0.0,219600000.0,,7.298,2157200000.0,,,2157200000.0,0.0,43400000.0,52137700000.0,0.056,0.718,348600000.0,392000000.0,0.205,392000000.0,348600000.0,348600000.0,0.49,0.49,0.49,7602800000.0,7730700000.0,7602800000.0,6687424685.0,19.0,17.06,797100000.0,1.876,1.0,1912700000.0,1.0,2845900000.0,0.0,58159800000.0,59848800000.0,0.0,52662100000.0,,,55489000000.0,,,5493524685.0,3442300000.0,114800000.0,-305400000.0,-4007200000.0,-304100000.0,3917400000.0,-1318000000.0,-1400800000.0,842900000.0,0.0,219600000.0,205500000.0,205500000.0,0.0,0.0,0.107,1564100000.0,348600000.0,0.0,1.465,0.723,26.732,26.388,276700000.0,14100000.0,12.93,2.872,2.872,0.0,1363600000.0,1912700000.0,1912700000.0,0.0,0.003,0.027,0.006,0.182,26200000.0,987000000.0,1.0,424866565.0,424866565.0,,4.502,60245900000.0,0.0,129000000.0,0.0,141.8,
1,PBCT,MRY,2019-12-31,2019-12-31,2019-12-31,2021-08-06,-166900000.0,58589800000.0,52594000000.0,,,0.035,19.9,-67700000.0,801000000.0,801000000.0,0.0,520400000.0,,6.372,6147600000.0,,,6147600000.0,0.0,41700000.0,43589500000.0,0.042,0.707,652400000.0,694100000.0,0.382,694100000.0,652400000.0,652400000.0,1.28,1.27,1.28,7947200000.0,7186325000.0,7947200000.0,11501074821.0,18.0,16.57,173100000.0,0.433,1.0,1815100000.0,1.0,3274600000.0,0.0,60661800000.0,53710650000.0,0.0,51650700000.0,,,50642600000.0,,,6749274821.0,-131000000.0,519400000.0,19600000.0,326500000.0,-274800000.0,-61300000.0,-310500000.0,-778300000.0,240800000.0,0.0,520400000.0,506300000.0,506300000.0,0.0,0.0,0.279,1162700000.0,652400000.0,0.0,0.552,0.849,13.331,13.203,305500000.0,14100000.0,16.9,3.718,3.718,0.0,1512800000.0,1815100000.0,1815100000.0,0.0,0.01,0.07,0.012,0.359,25200000.0,930300000.0,1.0,399365374.0,399365374.0,,4.545,55315200000.0,0.0,132000000.0,0.0,138.508,
2,PBCT,MRY,2018-12-31,2018-12-31,2018-12-31,2021-08-06,-256800000.0,47877300000.0,45171375000.0,,,0.035,17.315,-87900000.0,932000000.0,932000000.0,0.0,468100000.0,,6.328,4489200000.0,,,4489200000.0,0.0,36300000.0,36159000000.0,0.048,0.697,576300000.0,612600000.0,0.39,612600000.0,576300000.0,576300000.0,1.3,1.29,1.3,6533900000.0,6059625000.0,6533900000.0,9184964944.0,16.0,14.993,501400000.0,1.329,1.0,1572400000.0,1.0,2865700000.0,0.0,48568800000.0,46531825000.0,0.0,42253700000.0,,,41343400000.0,,,5445364944.0,49400000.0,6200000.0,25400000.0,-1002400000.0,-243800000.0,-539500000.0,-400000.0,71200000.0,589300000.0,0.0,468100000.0,454000000.0,454000000.0,0.0,0.0,0.289,996100000.0,576300000.0,0.0,0.536,0.833,11.994,11.1,267300000.0,14100000.0,14.43,3.463,3.463,0.0,1284800000.0,1572400000.0,1572400000.0,0.0,0.01,0.075,0.012,0.367,23700000.0,808700000.0,1.0,377364168.0,377364168.0,,4.167,45011600000.0,0.0,108200000.0,0.0,119.279,
3,PBCT,MRY,2017-12-31,2017-12-31,2017-12-31,2021-08-06,-181700000.0,44453400000.0,42926100000.0,,,0.033,16.808,-29000000.0,882600000.0,882600000.0,0.0,337200000.0,,6.638,5005400000.0,,,5005400000.0,0.0,39100000.0,33056300000.0,0.037,0.688,467100000.0,506200000.0,0.355,506200000.0,467100000.0,467100000.0,0.98,0.97,0.98,5819900000.0,5616125000.0,5819900000.0,10808505014.0,23.0,21.352,574000000.0,1.658,1.0,1427400000.0,1.0,2560000000.0,0.0,46016200000.0,44525850000.0,0.0,39400100000.0,,,38633500000.0,,,6474905014.0,268500000.0,28900000.0,58400000.0,-799500000.0,-227900000.0,359000000.0,-693500000.0,-706100000.0,603000000.0,0.0,337200000.0,323100000.0,323100000.0,0.0,0.0,0.226,960300000.0,467100000.0,0.0,0.702,1.113,20.04,19.082,253000000.0,14100000.0,18.7,4.536,4.536,0.0,1040200000.0,1427400000.0,1427400000.0,0.0,0.008,0.058,0.01,0.327,20900000.0,763800000.0,1.0,346251605.0,346251605.0,,4.122,41893400000.0,0.0,129900000.0,0.0,120.991,
4,PBCT,MRY,2016-12-31,2016-12-31,2016-12-31,2021-08-06,-195000000.0,40609800000.0,40178925000.0,,,0.032,16.513,-42400000.0,614100000.0,614100000.0,0.0,281000000.0,,6.898,5086900000.0,,,5086900000.0,0.0,36900000.0,29860800000.0,0.035,0.677,409500000.0,446400000.0,0.349,446400000.0,409500000.0,409500000.0,0.92,0.92,0.92,5141900000.0,4906275000.0,5141900000.0,10798624862.0,26.0,24.19,293600000.0,0.943,1.0,1278300000.0,1.0,2142100000.0,0.0,42940500000.0,42679700000.0,0.0,36292800000.0,,,35467900000.0,,,6028524862.0,-101200000.0,-59800000.0,84500000.0,-247900000.0,-205700000.0,1316200000.0,-1753400000.0,-1670200000.0,336000000.0,0.0,281000000.0,279200000.0,279200000.0,0.0,0.0,0.218,868800000.0,409500000.0,0.0,0.736,1.172,21.592,21.043,244500000.0,1800000.0,19.36,4.716,4.716,0.0,949300000.0,1278300000.0,1278300000.0,0.0,0.007,0.057,0.01,0.32,15200000.0,682300000.0,1.0,311390747.0,311390747.0,,4.105,38467700000.0,0.0,128500000.0,0.0,123.535,
5,PBCT,MRY,2015-12-31,2015-12-31,2015-12-31,2021-08-06,-177200000.0,38946700000.0,37503725000.0,,,0.033,15.252,-80300000.0,715300000.0,715300000.0,0.0,260100000.0,,7.231,5340400000.0,,,5340400000.0,0.0,39300000.0,28417400000.0,0.041,0.669,390500000.0,429800000.0,0.344,429800000.0,390500000.0,390500000.0,0.86,0.86,0.86,4731600000.0,4707500000.0,4731600000.0,8507069604.0,22.0,19.793,248000000.0,0.799,1.0,1251100000.0,1.0,2087800000.0,0.0,41484000000.0,39359950000.0,0.0,34683800000.0,,,34215100000.0,,,5010269604.0,-298400000.0,-10300000.0,24300000.0,618200000.0,-201200000.0,2720500000.0,-3347200000.0,-3281200000.0,328300000.0,0.0,260100000.0,260100000.0,260100000.0,0.0,0.0,0.208,860600000.0,390500000.0,0.0,0.778,1.059,19.263,18.779,257800000.0,0.0,16.15,4.005,4.005,0.0,880800000.0,1251100000.0,1251100000.0,0.0,0.007,0.055,0.01,0.312,17100000.0,667000000.0,1.0,310233412.0,310233412.0,,4.033,36858900000.0,0.0,130400000.0,0.0,118.81,
6,PBCT,MRY,2014-12-31,2014-12-31,2014-12-31,2021-08-06,-168200000.0,35997100000.0,34451400000.0,,,0.035,15.044,-53500000.0,1013700000.0,1013700000.0,0.0,251700000.0,,6.77,4725200000.0,,,4725200000.0,0.0,39600000.0,26138200000.0,0.043,0.657,380600000.0,420200000.0,0.344,420200000.0,380600000.0,380600000.0,0.84,0.84,0.84,4633100000.0,4629850000.0,4633100000.0,8592679591.0,23.0,20.449,296500000.0,0.963,1.0,1222100000.0,1.0,2102500000.0,0.0,37606100000.0,36315975000.0,0.0,31539900000.0,,,31364000000.0,,,4674979591.0,539300000.0,0.0,3000000.0,-987400000.0,-196900000.0,2399600000.0,-2210300000.0,-2172700000.0,350000000.0,0.0,251700000.0,251700000.0,251700000.0,0.0,0.0,0.206,841500000.0,380600000.0,0.0,0.782,1.009,18.574,18.071,277800000.0,0.0,15.18,3.825,3.825,0.0,826700000.0,1222100000.0,1222100000.0,0.0,0.007,0.054,0.01,0.311,14900000.0,642500000.0,1.0,307969670.0,307969670.0,,3.968,33894600000.0,0.0,128900000.0,0.0,110.058,
7,PBCT,MRY,2013-12-31,2013-12-31,2013-12-31,2021-08-06,-155100000.0,33213700000.0,31666850000.0,,,0.037,14.375,-84000000.0,474400000.0,474400000.0,0.0,232400000.0,,6.27,5696100000.0,,,5696100000.0,0.0,40300000.0,22557300000.0,0.043,0.648,347600000.0,387900000.0,0.327,387900000.0,347600000.0,347600000.0,0.74,0.74,0.74,4568400000.0,4692500000.0,4568400000.0,8470347022.0,24.0,21.836,295400000.0,0.93,1.0,1186600000.0,1.0,2127300000.0,0.0,36308100000.0,33458125000.0,0.0,29258500000.0,,,28645300000.0,,,4805147022.0,-127000000.0,0.0,-458700000.0,2653000000.0,-204800000.0,2796300000.0,-3302700000.0,-3237700000.0,379400000.0,0.0,232400000.0,232400000.0,232400000.0,0.0,0.0,0.196,839000000.0,347600000.0,0.0,0.876,1.052,20.676,20.432,304100000.0,0.0,15.12,4.05,4.05,0.0,779000000.0,1186600000.0,1186600000.0,0.0,0.007,0.05,0.01,0.293,13900000.0,635700000.0,1.0,317800729.0,317800729.0,,3.734,31086400000.0,0.0,115200000.0,0.0,97.817,
8,PBCT,MRY,2012-12-31,2012-12-31,2012-12-31,2021-08-06,-96900000.0,30324400000.0,28715600000.0,,,0.042,14.495,-84200000.0,601400000.0,601400000.0,0.0,245300000.0,,5.018,3045500000.0,,,3045500000.0,0.0,39100000.0,21750500000.0,0.053,0.637,369300000.0,408400000.0,0.34,408400000.0,369300000.0,369300000.0,0.72,0.72,0.72,5038800000.0,5118350000.0,5038800000.0,5465534187.0,15.0,13.383,429400000.0,1.235,1.0,1199900000.0,1.0,2153500000.0,0.0,30615000000.0,27603500000.0,0.0,26294300000.0,,,25285600000.0,,,4202834187.0,-179500000.0,298200000.0,-222000000.0,2028300000.0,-217900000.0,2209700000.0,-2902800000.0,-3143600000.0,513600000.0,0.0,245300000.0,245300000.0,245300000.0,0.0,0.0,0.204,830600000.0,369300000.0,0.0,0.885,0.834,17.133,16.792,330400000.0,0.0,12.09,3.503,3.503,0.0,756200000.0,1199900000.0,1199900000.0,0.0,0.009,0.048,0.013,0.308,15100000.0,626200000.0,1.0,347628965.0,347628965.0,,3.452,28170900000.0,0.0,124000000.0,0.0,81.037,
9,PBCT,MRY,2011-12-31,2011-12-31,2011-12-31,2021-08-06,-95800000.0,27558300000.0,26264025000.0,,,0.044,14.462,-43300000.0,780900000.0,780900000.0,0.0,192400000.0,,4.284,1016300000.0,,,1016300000.0,0.0,39200000.0,20815800000.0,0.049,0.628,285400000.0,324600000.0,0.28,324600000.0,285400000.0,285400000.0,0.55,0.55,0.55,5215400000.0,5215025000.0,5215400000.0,4524119348.0,16.0,13.938,131100000.0,0.364,1.0,1157300000.0,1.0,2174200000.0,0.0,25619500000.0,24345800000.0,0.0,23235200000.0,,,22342900000.0,,,4634219348.0,-173600000.0,146800000.0,-248400000.0,-412300000.0,-220900000.0,-67000000.0,-281000000.0,-412500000.0,174400000.0,0.0,192400000.0,192400000.0,192400000.0,0.0,0.0,0.166,871900000.0,285400000.0,0.0,1.142,0.889,24.086,23.364,339600000.0,0.0,12.85,4.004,4.004,0.0,734500000.0,1157300000.0,1157300000.0,0.0,0.007,0.037,0.012,0.247,23700000.0,632900000.0,1.0,360639638.0,360639638.0,,3.209,25384100000.0,0.0,93000000.0,0.0,70.386,
10,PBCT,MRY,2010-12-31,2010-12-31,2010-12-31,2021-08-06,-99000000.0,25037100000.0,22618200000.0,,,0.04,14.146,-77500000.0,954500000.0,954500000.0,0.0,82500000.0,,3.797,1192800000.0,,,1192800000.0,0.0,35400000.0,17933100000.0,0.044,0.617,122000000.0,157400000.0,0.174,157400000.0,122000000.0,122000000.0,0.23,0.23,0.23,5219300000.0,5368925000.0,5219300000.0,4807369536.0,39.0,30.542,148000000.0,0.401,1.0,904000000.0,1.0,1962000000.0,0.0,23313400000.0,19842500000.0,0.0,20797000000.0,,,19817800000.0,,,5168969536.0,-2463500000.0,-188900000.0,-197700000.0,-615100000.0,-218100000.0,-1044800000.0,-1644200000.0,-1409700000.0,225500000.0,0.0,82500000.0,82500000.0,82500000.0,0.0,0.0,0.091,782000000.0,122000000.0,0.0,2.683,0.99,62.654,60.913,325100000.0,0.0,14.01,5.718,5.718,0.0,772600000.0,904000000.0,904000000.0,0.0,0.004,0.015,0.006,0.135,25900000.0,567500000.0,1.0,368948575.0,368948575.0,,2.45,23075100000.0,0.0,39500000.0,0.0,62.543,
11,PBCT,MRY,2009-12-31,2009-12-31,2009-12-31,2021-08-06,-74800000.0,21257200000.0,20889975000.0,,,0.038,14.646,-61500000.0,3418000000.0,3418000000.0,0.0,101200000.0,,3.168,340700000.0,,,340700000.0,0.0,32800000.0,15445600000.0,0.036,0.608,144300000.0,177100000.0,0.22,177100000.0,144300000.0,144300000.0,0.3,0.3,0.3,5100700000.0,5128225000.0,5100700000.0,3807444472.0,26.0,21.499,42000000.0,0.121,1.0,804100000.0,1.0,1515200000.0,0.0,16664700000.0,16751900000.0,0.0,15363100000.0,,,16156500000.0,,,5815844472.0,1934100000.0,-16200000.0,-2000000.0,-29200000.0,-203600000.0,959700000.0,870900000.0,939800000.0,103500000.0,0.0,101200000.0,101200000.0,101200000.0,0.0,0.0,0.126,659800000.0,144300000.0,0.0,2.027,1.14,57.469,55.667,264500000.0,0.0,16.7,7.233,7.233,0.0,914500000.0,804100000.0,804100000.0,0.0,0.005,0.02,0.009,0.179,24700000.0,504300000.0,1.0,348254160.0,348254160.0,,2.309,19742000000.0,0.0,43100000.0,0.0,56.688,
12,PBCT,MRY,2008-12-31,2008-12-31,2008-12-31,2021-08-06,-75400000.0,20167700000.0,20427200000.0,,,0.045,14.877,-50900000.0,1483900000.0,1483900000.0,0.0,137800000.0,,2.898,368400000.0,,,368400000.0,0.0,31700000.0,14269400000.0,0.033,0.583,204800000.0,236500000.0,0.259,236500000.0,204800000.0,204800000.0,0.41,0.41,0.41,5173800000.0,5210525000.0,5173800000.0,3561995808.0,17.0,15.061,174200000.0,0.501,1.0,913800000.0,1.0,1535800000.0,0.0,17516400000.0,16774275000.0,0.0,16309900000.0,,,14993900000.0,,,6200895808.0,-1900300000.0,-783500000.0,28400000.0,44000000.0,-194400000.0,-939100000.0,-1186300000.0,-357200000.0,225100000.0,0.0,137800000.0,137800000.0,137800000.0,0.0,0.0,0.151,709000000.0,204800000.0,0.0,1.422,1.199,44.999,43.488,262400000.0,0.0,17.83,6.786,6.786,0.0,1020900000.0,913800000.0,913800000.0,0.0,0.007,0.026,0.012,0.224,22100000.0,502900000.0,1.0,347778789.0,347778789.0,,2.628,18631900000.0,0.0,67000000.0,0.0,53.574,
13,PBCT,MRY,2007-12-31,2007-12-31,2007-12-31,2021-08-06,-18600000.0,13554800000.0,13132350000.0,,,0.051,14.954,-63500000.0,3384200000.0,3384200000.0,0.0,150700000.0,,2.049,65400000.0,,,65400000.0,0.0,18400000.0,8880600000.0,0.029,0.519,226200000.0,244600000.0,0.368,244600000.0,226200000.0,226200000.0,0.52,0.52,0.52,4445400000.0,3710375000.0,4445400000.0,2932391991.0,13.0,11.989,117800000.0,0.396,1.0,664000000.0,1.0,104000000.0,0.0,10132000000.0,10605150000.0,0.0,9366500000.0,,,9109400000.0,,,5291391991.0,2815500000.0,0.0,2995500000.0,-4100000.0,-131100000.0,2666400000.0,-32200000.0,31200000.0,181300000.0,0.0,150700000.0,150700000.0,150700000.0,-1500000.0,0.0,0.227,439300000.0,224700000.0,0.0,0.998,1.19,35.112,34.231,156800000.0,0.0,17.8,7.969,7.969,0.0,1079600000.0,664000000.0,664000000.0,0.0,0.011,0.041,0.021,0.341,8000000.0,311500000.0,1.0,297269213.0,297269213.0,,2.234,13450800000.0,0.0,75500000.0,0.0,45.248,
14,PBCT,MRY,2006-12-31,2006-12-31,2006-12-31,2021-08-06,-48000000.0,10686900000.0,10809700000.0,,,0.049,4.453,-36900000.0,568700000.0,568700000.0,0.0,124000000.0,,6.978,69400000.0,,,69400000.0,0.0,19000000.0,9082600000.0,0.022,0.462,181800000.0,200800000.0,0.381,200800000.0,181800000.0,181800000.0,0.42,0.41,0.42,1339500000.0,1314050000.0,1339500000.0,,,,25200000.0,0.084,1.0,526400000.0,1.0,105000000.0,0.0,10082600000.0,10444500000.0,0.0,9375200000.0,,,9347400000.0,,,6391960818.0,145200000.0,0.0,5600000.0,-334300000.0,-60000000.0,-388700000.0,471800000.0,558300000.0,62100000.0,0.0,124000000.0,124000000.0,124000000.0,-2300000.0,0.0,0.236,346900000.0,179500000.0,0.0,1.1,4.772,51.548,50.59,136800000.0,0.0,21.248,12.143,12.143,0.0,1062400000.0,526400000.0,526400000.0,0.0,0.011,0.094,0.017,0.345,3700000.0,289400000.0,1.0,300831863.0,300831863.0,,1.75,10581900000.0,0.0,57800000.0,0.0,35.175,
15,PBCT,MRY,2005-12-31,2005-12-31,2005-12-31,2021-08-06,-23400000.0,10932500000.0,10825200000.0,,,0.049,,-22100000.0,423500000.0,423500000.0,0.0,137100000.0,,7.484,403500000.0,,,403500000.0,0.0,19700000.0,9082600000.0,0.027,0.406,201200000.0,220900000.0,0.413,220900000.0,201200000.0,201200000.0,0.46,0.46,0.46,1288600000.0,1244200000.0,1288600000.0,,,,82500000.0,,1.0,534400000.0,1.0,106100000.0,0.0,10806400000.0,10771900000.0,0.0,9885900000.0,,,9643900000.0,,,,90300000.0,-51000000.0,15300000.0,-59400000.0,-52400000.0,184800000.0,-199100000.0,24000000.0,104600000.0,0.0,137100000.0,137100000.0,137100000.0,-11200000.0,0.0,0.257,344400000.0,190000000.0,0.0,0.883,,,32.153,140100000.0,0.0,14.79,,,0.0,998400000.0,534400000.0,534400000.0,0.0,0.013,0.11,0.019,0.376,0.0,257900000.0,1.0,,,,,10826400000.0,0.0,64100000.0,0.0,,
16,PBCT,MRY,2004-12-31,2004-12-31,2004-12-31,2021-08-06,-12200000.0,10717900000.0,,,,,,-22100000.0,333200000.0,333200000.0,0.0,199700000.0,,7.933,462600000.0,,,462600000.0,0.0,22900000.0,8862000000.0,0.029,0.359,191100000.0,214000000.0,0.46,214000000.0,191100000.0,191100000.0,0.681,0.676,0.681,1199800000.0,,1199800000.0,,,,298700000.0,,1.0,465500000.0,1.0,109900000.0,0.0,10737400000.0,,0.0,9932100000.0,,,9518100000.0,,,,-81700000.0,0.0,19200000.0,-1307800000.0,-45800000.0,-1186400000.0,-501300000.0,-479200000.0,320800000.0,0.0,199700000.0,199700000.0,199700000.0,-205300000.0,0.0,0.429,479700000.0,-14200000.0,0.0,0.527,,,18.129,140800000.0,0.0,12.346,,,0.0,913700000.0,465500000.0,465500000.0,0.0,,,,0.411,0.0,263600000.0,1.0,,,,,10608000000.0,0.0,-8600000.0,0.0,,
17,PBCT,MRY,2003-12-31,2003-12-31,2003-12-31,2021-08-06,,,,,,,,-12500000.0,,,0.0,63800000.0,,,,,,,,29500000.0,,0.047,0.324,86300000.0,115800000.0,0.269,115800000.0,86300000.0,86300000.0,0.219,0.219,0.219,,,,,,,-4800000.0,,1.0,431200000.0,1.0,,0.0,,,,,,,,,,,-306100000.0,0.0,6000000.0,-921100000.0,-40600000.0,-667800000.0,354000000.0,366500000.0,7700000.0,0.0,63800000.0,63800000.0,63800000.0,-1100000.0,0.0,0.148,346000000.0,85200000.0,,1.479,,,31.456,,0.0,6.889,,,,,431200000.0,431200000.0,0.0,,,,0.2,0.0,262000000.0,1.0,,,,,,,22500000.0,,,
0,PBCT,MRQ,2021-06-30,2021-06-30,2021-06-30,2021-08-06,-144800000.0,63340700000.0,,,,,18.122,-6900000.0,5765700000.0,5765700000.0,0.0,170800000.0,,7.173,1953800000.0,,,1953800000.0,0.0,11100000.0,52581200000.0,0.042,0.182,215700000.0,226800000.0,0.436,226800000.0,215700000.0,215700000.0,0.4,0.39,0.4,7749600000.0,,7749600000.0,4032470796.0,9.0,7.854,191400000.0,0.448,1.0,520700000.0,1.0,2825800000.0,0.0,56703000000.0,,0.0,51619500000.0,,,55591100000.0,,,7329570796.0,309400000.0,0.0,7800000.0,-203700000.0,-77300000.0,-1170800000.0,1281900000.0,1288200000.0,198300000.0,0.0,170800000.0,167300000.0,167300000.0,0.0,0.0,0.321,305000000.0,215700000.0,0.0,0.455,0.946,24.391,23.479,261800000.0,3500000.0,17.14,3.616,3.616,0.0,1516500000.0,520700000.0,520700000.0,0.0,,,,,8000000.0,257600000.0,1.0,427629568.0,427629568.0,,1.218,60514900000.0,0.0,44900000.0,0.0,141.512,
1,PBCT,MRQ,2021-03-31,2021-03-31,2021-03-31,2021-08-06,-195300000.0,64172500000.0,,,,,17.842,-10200000.0,5456300000.0,5456300000.0,0.0,144500000.0,,7.452,2159200000.0,,,2159200000.0,0.0,10800000.0,53475300000.0,0.04,0.18,182200000.0,193000000.0,0.391,193000000.0,182200000.0,182200000.0,0.34,0.33,0.34,7592200000.0,,7592200000.0,5530796122.0,15.0,13.569,447300000.0,1.051,1.0,494100000.0,1.0,2834600000.0,0.0,58040800000.0,,0.0,52825800000.0,,,56580300000.0,,,7616896122.0,1213000000.0,0.0,24600000.0,8300000.0,-75700000.0,1291300000.0,-535800000.0,-529000000.0,457500000.0,0.0,144500000.0,141000000.0,141000000.0,0.0,0.0,0.285,311900000.0,182200000.0,0.0,0.529,1.003,34.685,33.148,269500000.0,3500000.0,17.9,3.966,3.966,0.0,1426900000.0,494100000.0,494100000.0,0.0,,,,,8800000.0,255500000.0,1.0,425524923.0,425524923.0,,1.161,61337900000.0,0.0,37700000.0,0.0,144.146,
2,PBCT,MRQ,2020-12-31,2020-12-31,2020-12-31,2021-08-06,-89200000.0,63091800000.0,,,,,17.895,-9100000.0,4243300000.0,4243300000.0,0.0,-145300000.0,,7.298,2157200000.0,,,2157200000.0,0.0,10700000.0,52137700000.0,0.056,0.18,-100100000.0,-89400000.0,-0.164,-89400000.0,-100100000.0,-100100000.0,-0.35,-0.35,-0.35,7602800000.0,,7602800000.0,6687424685.0,19.0,17.06,185300000.0,0.436,1.0,546300000.0,1.0,2845900000.0,0.0,58159800000.0,,0.0,52662100000.0,,,55489000000.0,,,5493524685.0,3187900000.0,114800000.0,-200000.0,-89600000.0,-75600000.0,2332200000.0,661300000.0,555000000.0,194400000.0,0.0,-145300000.0,-148900000.0,-148900000.0,0.0,0.0,-0.273,646400000.0,-100100000.0,0.0,-0.514,0.723,26.732,26.388,276700000.0,3600000.0,12.93,2.872,2.872,0.0,1363600000.0,546300000.0,546300000.0,0.0,,,,,6200000.0,242400000.0,1.0,424866565.0,424866565.0,,1.286,60245900000.0,0.0,45200000.0,0.0,141.8,
3,PBCT,MRQ,2020-09-30,2020-09-30,2020-09-30,2021-08-06,-77900000.0,60871200000.0,,,,,18.437,-19500000.0,1055400000.0,1055400000.0,0.0,144600000.0,,6.773,2249300000.0,,,2249300000.0,0.0,10900000.0,49636500000.0,0.069,0.18,172100000.0,183000000.0,0.393,183000000.0,172100000.0,172100000.0,0.34,0.34,0.34,7831500000.0,,7831500000.0,5696451550.0,9.0,8.528,312800000.0,0.736,1.0,465700000.0,1.0,3243500000.0,0.0,58821600000.0,,0.0,53098100000.0,,,53039700000.0,,,4379451550.0,-423900000.0,0.0,-100000.0,-544700000.0,-75700000.0,-921800000.0,165600000.0,181100000.0,332300000.0,0.0,144600000.0,141100000.0,141100000.0,0.0,0.0,0.303,293600000.0,172100000.0,0.0,0.529,0.559,8.971,8.888,281300000.0,3500000.0,10.31,2.347,2.347,0.0,1589100000.0,465700000.0,465700000.0,0.0,,,,,6100000.0,239700000.0,1.0,424777066.0,424777066.0,,1.096,57627700000.0,0.0,27500000.0,0.0,135.666,
4,PBCT,MRQ,2020-06-30,2020-06-30,2020-06-30,2021-08-06,-73900000.0,61509700000.0,,,,,18.281,-5600000.0,1479300000.0,1479300000.0,0.0,89900000.0,,6.923,2796300000.0,,,2796300000.0,0.0,10600000.0,49934300000.0,0.062,0.18,110400000.0,121000000.0,0.292,121000000.0,110400000.0,110400000.0,0.21,0.21,0.21,7763000000.0,,7763000000.0,10584788536.0,17.0,16.03,94800000.0,0.223,1.0,414400000.0,1.0,3253700000.0,0.0,59573000000.0,,0.0,53282700000.0,,,53746700000.0,,,4913288536.0,227400000.0,0.0,0.0,-4129000000.0,-75500000.0,985200000.0,-858200000.0,-858500000.0,100400000.0,0.0,89900000.0,86400000.0,86400000.0,0.0,0.0,0.208,304000000.0,110400000.0,0.0,0.857,0.633,10.264,9.974,285700000.0,3500000.0,11.57,2.66,2.66,0.0,1524600000.0,414400000.0,414400000.0,0.0,,,,,6800000.0,241500000.0,1.0,424657609.0,424657609.0,,0.976,58256000000.0,0.0,20500000.0,0.0,137.183,
5,PBCT,MRQ,2020-03-31,2020-03-31,2020-03-31,2021-08-06,-92700000.0,60433300000.0,,,,,17.811,-11600000.0,1251900000.0,1251900000.0,0.0,130400000.0,,6.823,6923400000.0,,,6923400000.0,0.0,11200000.0,44741100000.0,0.064,0.177,166200000.0,177400000.0,0.365,177400000.0,166200000.0,166200000.0,0.3,0.3,0.3,7725500000.0,,7725500000.0,10139417088.0,15.0,14.134,204200000.0,0.471,1.0,486300000.0,1.0,3264000000.0,0.0,62840800000.0,,0.0,52513000000.0,,,52707800000.0,,,4792817088.0,450900000.0,0.0,-305100000.0,756100000.0,-77300000.0,1521800000.0,-1286700000.0,-1278400000.0,215800000.0,0.0,130400000.0,126900000.0,126900000.0,0.0,0.0,0.261,320100000.0,166200000.0,0.0,0.59,0.62,9.182,8.633,300800000.0,3500000.0,11.05,2.55,2.55,0.0,1514500000.0,486300000.0,486300000.0,0.0,,,,,7100000.0,263400000.0,1.0,433739103.0,433739103.0,,1.121,57169300000.0,0.0,35800000.0,0.0,131.806,
6,PBCT,MRQ,2019-12-31,2019-12-31,2019-12-31,2021-08-06,-166900000.0,58589800000.0,,,,,19.9,-13400000.0,801000000.0,801000000.0,0.0,137400000.0,,6.372,6147600000.0,,,6147600000.0,0.0,12700000.0,43589500000.0,0.042,0.177,173900000.0,186600000.0,0.373,186600000.0,173900000.0,173900000.0,0.31,0.31,0.31,7947200000.0,,7947200000.0,11501074821.0,18.0,16.57,221100000.0,0.554,1.0,499600000.0,1.0,3274600000.0,0.0,60661800000.0,,0.0,51650700000.0,,,50642600000.0,,,6749274821.0,8000000.0,470700000.0,8600000.0,-14200000.0,-69900000.0,-492500000.0,266000000.0,-195800000.0,234500000.0,0.0,137400000.0,133800000.0,133800000.0,0.0,0.0,0.268,325700000.0,173900000.0,0.0,0.571,0.849,13.331,13.203,305500000.0,3600000.0,16.9,3.718,3.718,0.0,1512800000.0,499600000.0,499600000.0,0.0,,,,,6400000.0,253200000.0,1.0,399365374.0,399365374.0,,1.251,55315200000.0,0.0,36500000.0,0.0,138.508,
7,PBCT,MRQ,2019-09-30,2019-09-30,2019-09-30,2021-08-06,-182300000.0,52071800000.0,,,,,17.883,-24200000.0,793000000.0,793000000.0,0.0,135100000.0,,6.302,5544800000.0,,,5544800000.0,0.0,9800000.0,38573500000.0,0.045,0.177,165500000.0,175300000.0,0.392,175300000.0,165500000.0,165500000.0,0.34,0.33,0.34,7130700000.0,,7130700000.0,9764631090.0,16.0,14.666,38300000.0,0.096,1.0,446900000.0,1.0,3064900000.0,0.0,53758700000.0,,0.0,45695400000.0,,,44941100000.0,,,6234231090.0,12300000.0,0.0,3400000.0,1229200000.0,-69900000.0,265400000.0,-315600000.0,-292100000.0,62500000.0,0.0,135100000.0,131600000.0,131600000.0,0.0,0.0,0.294,281400000.0,165500000.0,0.0,0.521,0.874,12.424,11.845,258500000.0,3500000.0,15.635,3.61,3.61,0.0,1449300000.0,446900000.0,446900000.0,0.0,,,,,7300000.0,226800000.0,1.0,398735599.0,398735599.0,,1.121,49006900000.0,0.0,30400000.0,0.0,122.906,
8,PBCT,MRQ,2019-06-30,2019-06-30,2019-06-30,2021-08-06,-193000000.0,51622500000.0,,,,,17.688,-25800000.0,780700000.0,780700000.0,0.0,133200000.0,,6.326,4311100000.0,,,4311100000.0,0.0,9700000.0,39467300000.0,0.042,0.177,168400000.0,178100000.0,0.399,178100000.0,168400000.0,168400000.0,0.33,0.33,0.33,7046200000.0,,7046200000.0,9831188217.0,16.0,15.16,-60500000.0,-0.152,1.0,446800000.0,1.0,3072900000.0,0.0,52080000000.0,,0.0,45416000000.0,,,44576300000.0,,,6684488217.0,166200000.0,108700000.0,2400000.0,-154300000.0,-69800000.0,221600000.0,-20700000.0,-108400000.0,-34700000.0,0.0,133200000.0,129700000.0,129700000.0,0.0,0.0,0.29,278400000.0,168400000.0,0.0,0.536,0.949,13.819,12.809,261000000.0,3500000.0,16.78,4.001,4.001,0.0,1388100000.0,446800000.0,446800000.0,0.0,,,,,5000000.0,230600000.0,1.0,398360442.0,398360442.0,,1.122,48549600000.0,0.0,35200000.0,0.0,121.874,
9,PBCT,MRQ,2019-03-31,2019-03-31,2019-03-31,2021-08-06,-224600000.0,48091900000.0,,,,,17.534,-4300000.0,614500000.0,614500000.0,0.0,114600000.0,,6.263,3761200000.0,,,3761200000.0,0.0,9500000.0,36900900000.0,0.043,0.175,144600000.0,154100000.0,0.365,154100000.0,144600000.0,144600000.0,0.3,0.3,0.3,6621200000.0,,6621200000.0,9765217858.0,17.0,15.743,-25800000.0,-0.068,1.0,421800000.0,1.0,2896500000.0,0.0,48342100000.0,,0.0,42457600000.0,,,41470700000.0,,,6208017858.0,-317500000.0,-60000000.0,5200000.0,-734200000.0,-65200000.0,-55800000.0,-240200000.0,-182000000.0,-21500000.0,0.0,114600000.0,111100000.0,111100000.0,0.0,0.0,0.263,277200000.0,144600000.0,0.0,0.583,0.938,13.475,12.744,255800000.0,3500000.0,16.44,3.848,3.848,0.0,1328600000.0,421800000.0,421800000.0,0.0,,,,,6500000.0,219700000.0,1.0,377616658.0,377616658.0,,1.117,45195400000.0,0.0,30000000.0,0.0,119.686,
10,PBCT,MRQ,2018-12-31,2018-12-31,2018-12-31,2021-08-06,-256800000.0,47877300000.0,,,,,17.315,-39300000.0,932000000.0,932000000.0,0.0,133000000.0,,6.328,4489200000.0,,,4489200000.0,0.0,9500000.0,36159000000.0,0.048,0.175,148800000.0,158300000.0,0.385,158300000.0,148800000.0,148800000.0,0.35,0.35,0.35,6533900000.0,,6533900000.0,9184964944.0,16.0,14.993,90200000.0,0.239,1.0,411500000.0,1.0,2865700000.0,0.0,48568800000.0,,0.0,42253700000.0,,,41343400000.0,,,5445364944.0,394000000.0,42000000.0,600000.0,-293000000.0,-65000000.0,180800000.0,83700000.0,79800000.0,129500000.0,0.0,133000000.0,129400000.0,129400000.0,0.0,0.0,0.314,262700000.0,148800000.0,0.0,0.5,0.833,11.994,11.1,267300000.0,3600000.0,14.43,3.463,3.463,0.0,1284800000.0,411500000.0,411500000.0,0.0,,,,,7500000.0,217500000.0,1.0,377364168.0,377364168.0,,1.09,45011600000.0,0.0,15800000.0,0.0,119.279,
11,PBCT,MRQ,2018-09-30,2018-09-30,2018-09-30,2021-08-06,-270800000.0,44133200000.0,,,,,17.092,-15800000.0,538000000.0,538000000.0,0.0,117000000.0,,6.406,4277600000.0,,,4277600000.0,0.0,8800000.0,33210200000.0,0.041,0.175,149200000.0,158000000.0,0.405,158000000.0,149200000.0,149200000.0,0.33,0.33,0.33,5958900000.0,,5958900000.0,10780671483.0,19.0,18.073,169800000.0,0.487,1.0,390500000.0,1.0,2568900000.0,0.0,45303900000.0,,0.0,39361100000.0,,,38174300000.0,,,5968671483.0,-177800000.0,0.0,9300000.0,-1246700000.0,-60100000.0,-559000000.0,195600000.0,207800000.0,185600000.0,0.0,117000000.0,113500000.0,113500000.0,0.0,0.0,0.291,241300000.0,149200000.0,0.0,0.53,1.002,13.968,13.587,243800000.0,3500000.0,17.12,3.893,3.893,0.0,1220900000.0,390500000.0,390500000.0,0.0,,,,,4900000.0,194300000.0,1.0,348637353.0,348637353.0,,1.12,41564300000.0,0.0,32200000.0,0.0,119.219,
12,PBCT,MRQ,2018-06-30,2018-06-30,2018-06-30,2021-08-06,-260700000.0,44574500000.0,,,,,16.961,-19900000.0,715800000.0,715800000.0,0.0,110200000.0,,6.555,5527800000.0,,,5527800000.0,0.0,8900000.0,32468200000.0,0.038,0.175,141000000.0,149900000.0,0.385,149900000.0,141000000.0,141000000.0,0.31,0.31,0.31,5900200000.0,,5900200000.0,10189406417.0,19.0,17.623,99900000.0,0.287,1.0,389600000.0,1.0,2573800000.0,0.0,46812700000.0,,0.0,39616400000.0,,,38674300000.0,,,6293106417.0,-156700000.0,-35800000.0,6600000.0,763200000.0,-59900000.0,280500000.0,-557000000.0,-504400000.0,119800000.0,0.0,110200000.0,106700000.0,106700000.0,0.0,0.0,0.274,248600000.0,141000000.0,0.0,0.565,1.067,15.69,15.202,246300000.0,3500000.0,18.09,4.169,4.169,0.0,1167900000.0,389600000.0,389600000.0,0.0,,,,,4900000.0,196400000.0,1.0,347877635.0,347877635.0,,1.12,42000700000.0,0.0,30800000.0,0.0,120.734,
13,PBCT,MRQ,2018-03-31,2018-03-31,2018-03-31,2021-08-06,-255800000.0,44100500000.0,,,,,16.84,-12900000.0,872500000.0,872500000.0,0.0,107900000.0,,6.544,4768800000.0,,,4768800000.0,0.0,9100000.0,32893800000.0,0.037,0.172,137300000.0,146400000.0,0.384,146400000.0,137300000.0,137300000.0,0.31,0.3,0.31,5845500000.0,,5845500000.0,10599905311.0,21.0,19.611,141500000.0,0.408,1.0,380800000.0,1.0,2554900000.0,0.0,45441900000.0,,0.0,39052500000.0,,,38255000000.0,,,6477105311.0,-10100000.0,0.0,8900000.0,-225900000.0,-58800000.0,-441800000.0,277300000.0,288000000.0,154400000.0,0.0,107900000.0,104400000.0,104400000.0,0.0,0.0,0.274,243500000.0,137300000.0,0.0,0.555,1.108,17.982,17.278,250000000.0,3500000.0,18.66,4.378,4.378,0.0,1121400000.0,380800000.0,380800000.0,0.0,,,,,6400000.0,200500000.0,1.0,347111753.0,347111753.0,,1.097,41545600000.0,0.0,29400000.0,0.0,119.689,
14,PBCT,MRQ,2017-12-31,2017-12-31,2017-12-31,2021-08-06,-181700000.0,44453400000.0,,,,,16.808,-1800000.0,882600000.0,882600000.0,0.0,106300000.0,,6.638,5005400000.0,,,5005400000.0,0.0,9800000.0,33056300000.0,0.037,0.172,132400000.0,142200000.0,0.382,142200000.0,132400000.0,132400000.0,0.31,0.3,0.31,5819900000.0,,5819900000.0,10808505014.0,23.0,21.352,200600000.0,0.579,1.0,372200000.0,1.0,2560000000.0,0.0,46016200000.0,,0.0,39400100000.0,,,38633500000.0,,,6474905014.0,166000000.0,0.0,33600000.0,-39000000.0,-58600000.0,440700000.0,-477100000.0,-477700000.0,202400000.0,0.0,106300000.0,102700000.0,102700000.0,0.0,0.0,0.276,239800000.0,132400000.0,0.0,0.555,1.113,20.04,19.082,253000000.0,3600000.0,18.7,4.536,4.536,0.0,1040200000.0,372200000.0,372200000.0,0.0,,,,,6200000.0,192500000.0,1.0,346251605.0,346251605.0,,1.075,41893400000.0,0.0,26100000.0,0.0,120.991,
15,PBCT,MRQ,2017-09-30,2017-09-30,2017-09-30,2021-08-06,-169700000.0,43998200000.0,,,,,16.676,-10400000.0,716600000.0,716600000.0,0.0,90800000.0,,6.657,5050200000.0,,,5050200000.0,0.0,9900000.0,32547300000.0,0.038,0.172,129800000.0,139700000.0,0.381,139700000.0,129800000.0,129800000.0,0.26,0.26,0.26,5746100000.0,,5746100000.0,10569191945.0,24.0,22.047,180100000.0,0.523,1.0,366900000.0,1.0,2567900000.0,0.0,45763900000.0,,0.0,39080400000.0,,,38252100000.0,,,6250491945.0,44400000.0,-145100000.0,3200000.0,-649300000.0,-58300000.0,24700000.0,-170800000.0,-18400000.0,190500000.0,0.0,90800000.0,87300000.0,87300000.0,0.0,0.0,0.238,237100000.0,129800000.0,0.0,0.662,1.088,21.224,19.717,264700000.0,3500000.0,18.14,4.534,4.534,0.0,996400000.0,366900000.0,366900000.0,0.0,,,,,4000000.0,189300000.0,1.0,344569567.0,344569567.0,,1.065,41430300000.0,0.0,39000000.0,0.0,120.238,
16,PBCT,MRQ,2017-06-30,2017-06-30,2017-06-30,2021-08-06,-174600000.0,43023200000.0,,,,,16.563,-8200000.0,672200000.0,672200000.0,0.0,69300000.0,,6.543,4990900000.0,,,4990900000.0,0.0,10100000.0,31814700000.0,0.039,0.172,102100000.0,112200000.0,0.312,112200000.0,102100000.0,102100000.0,0.2,0.19,0.2,5703500000.0,,5703500000.0,9395053450.0,23.0,20.639,25300000.0,0.073,1.0,359400000.0,1.0,2426300000.0,0.0,44915600000.0,,0.0,38286100000.0,,,37319700000.0,,,6081153450.0,-100800000.0,174000000.0,3300000.0,887000000.0,-58300000.0,284800000.0,-419100000.0,-590900000.0,33500000.0,0.0,69300000.0,65800000.0,65800000.0,0.0,0.0,0.183,257300000.0,102100000.0,0.0,0.86,1.066,21.649,19.622,270200000.0,3500000.0,17.66,4.541,4.541,0.0,967800000.0,359400000.0,359400000.0,0.0,,,,,4300000.0,200000000.0,1.0,344346175.0,344346175.0,,1.044,40596900000.0,0.0,32800000.0,0.0,117.896,
17,PBCT,MRQ,2017-03-31,2017-03-31,2017-03-31,2021-08-06,-181900000.0,40229600000.0,,,,,16.392,-8600000.0,773000000.0,773000000.0,0.0,70800000.0,,6.744,4086900000.0,,,4086900000.0,0.0,9300000.0,30505700000.0,0.037,0.17,102800000.0,112100000.0,0.341,112100000.0,102800000.0,102800000.0,0.22,0.22,0.22,5195000000.0,,5195000000.0,10240677625.0,25.0,22.522,168000000.0,0.53,1.0,328900000.0,1.0,2135800000.0,0.0,41407700000.0,,0.0,35896600000.0,,,35034600000.0,,,5767877625.0,158900000.0,0.0,18300000.0,-998200000.0,-52700000.0,-391200000.0,373500000.0,380900000.0,176600000.0,0.0,70800000.0,67300000.0,67300000.0,0.0,0.0,0.205,226100000.0,102800000.0,0.0,0.773,1.11,20.338,19.57,239400000.0,3500000.0,18.2,4.453,4.453,0.0,960900000.0,328900000.0,328900000.0,0.0,,,,,6400000.0,182000000.0,1.0,316916353.0,316916353.0,,1.038,38093800000.0,0.0,32000000.0,0.0,120.201,
18,PBCT,MRQ,2016-12-31,2016-12-31,2016-12-31,2021-08-06,-195000000.0,40609800000.0,,,,,16.513,-13200000.0,614100000.0,614100000.0,0.0,75900000.0,,6.898,5086900000.0,,,5086900000.0,0.0,9300000.0,29860800000.0,0.035,0.17,106100000.0,115400000.0,0.357,115400000.0,106100000.0,106100000.0,0.24,0.24,0.24,5141900000.0,,5141900000.0,10798624862.0,26.0,24.19,36400000.0,0.117,1.0,323300000.0,1.0,2142100000.0,0.0,42940500000.0,,0.0,36292800000.0,,,35467900000.0,,,6028524862.0,-106200000.0,-59800000.0,77300000.0,-378900000.0,-51600000.0,94000000.0,-249800000.0,-186100000.0,49600000.0,0.0,75900000.0,74100000.0,74100000.0,0.0,0.0,0.229,217200000.0,106100000.0,0.0,0.708,1.172,21.592,21.043,244500000.0,1800000.0,19.36,4.716,4.716,0.0,949300000.0,323300000.0,323300000.0,0.0,,,,,3800000.0,176600000.0,1.0,311390747.0,311390747.0,,1.038,38467700000.0,0.0,30200000.0,0.0,123.535,
19,PBCT,MRQ,2016-09-30,2016-09-30,2016-09-30,2021-08-06,-120400000.0,40692100000.0,,,,,15.636,-11200000.0,720300000.0,720300000.0,0.0,73700000.0,,7.369,5490400000.0,,,5490400000.0,0.0,9200000.0,29655500000.0,0.043,0.17,106300000.0,115500000.0,0.352,115500000.0,106300000.0,106300000.0,0.24,0.24,0.24,4862300000.0,,4862300000.0,9832975841.0,24.0,22.032,131100000.0,0.422,1.0,327700000.0,1.0,2070300000.0,0.0,43391900000.0,,0.0,36234300000.0,,,35829800000.0,,,4919375841.0,12500000.0,0.0,5300000.0,-126200000.0,-51700000.0,483800000.0,-613600000.0,-605500000.0,142300000.0,0.0,73700000.0,73700000.0,73700000.0,0.0,0.0,0.225,221400000.0,106300000.0,0.0,0.708,1.012,17.83,17.385,245100000.0,0.0,15.82,3.851,3.851,0.0,927300000.0,327700000.0,327700000.0,0.0,,,,,3800000.0,171500000.0,1.0,310959282.0,310959282.0,,1.054,38621800000.0,0.0,32600000.0,0.0,124.202,
20,PBCT,MRQ,2016-06-30,2016-06-30,2016-06-30,2021-08-06,-120300000.0,40150000000.0,,,,,15.537,-14500000.0,707800000.0,707800000.0,0.0,68500000.0,,7.313,5621400000.0,,,5621400000.0,0.0,9200000.0,28999100000.0,0.046,0.17,102500000.0,111700000.0,0.354,111700000.0,102500000.0,102500000.0,0.23,0.23,0.23,4829700000.0,,4829700000.0,8771222084.0,22.0,19.84,13600000.0,0.044,1.0,315400000.0,1.0,2076100000.0,0.0,42987500000.0,,0.0,35664700000.0,,,35320300000.0,,,4557222084.0,154100000.0,0.0,4300000.0,846600000.0,-51800000.0,692700000.0,-566700000.0,-557000000.0,28100000.0,0.0,68500000.0,68500000.0,68500000.0,0.0,0.0,0.217,212900000.0,102500000.0,0.0,0.739,0.944,16.841,16.289,249500000.0,0.0,14.66,3.601,3.601,0.0,905800000.0,315400000.0,315400000.0,0.0,,,,,4000000.0,165200000.0,1.0,310860988.0,310860988.0,,1.015,38073900000.0,0.0,34000000.0,0.0,122.479,
21,PBCT,MRQ,2016-03-31,2016-03-31,2016-03-31,2021-08-06,-134700000.0,39263800000.0,,,,,15.434,-3500000.0,553700000.0,553700000.0,0.0,62900000.0,,7.195,4767700000.0,,,4767700000.0,0.0,9200000.0,29105500000.0,0.042,0.168,94600000.0,103800000.0,0.333,103800000.0,94600000.0,94600000.0,0.21,0.21,0.21,4791200000.0,,4791200000.0,9576016671.0,24.0,22.054,112500000.0,0.362,1.0,311900000.0,1.0,2078900000.0,0.0,41398900000.0,,0.0,35058300000.0,,,34472600000.0,,,4945316671.0,-161600000.0,0.0,-2400000.0,-589400000.0,-50600000.0,45700000.0,-323300000.0,-321600000.0,116000000.0,0.0,62900000.0,62900000.0,62900000.0,0.0,0.0,0.202,217300000.0,94600000.0,0.0,0.8,1.032,18.746,18.31,252100000.0,0.0,15.93,3.938,3.938,0.0,889600000.0,311900000.0,311900000.0,0.0,,,,,3600000.0,169000000.0,1.0,310440469.0,310440469.0,,1.005,37184900000.0,0.0,31700000.0,0.0,119.781,
22,PBCT,MRQ,2015-12-31,2015-12-31,2015-12-31,2021-08-06,-177200000.0,38946700000.0,,,,,15.252,-33900000.0,715300000.0,715300000.0,0.0,70800000.0,,7.231,5340400000.0,,,5340400000.0,0.0,9900000.0,28417400000.0,0.041,0.168,105400000.0,115300000.0,0.358,115300000.0,105400000.0,105400000.0,0.23,0.23,0.23,4731600000.0,,4731600000.0,8507069604.0,22.0,19.793,95200000.0,0.307,1.0,322400000.0,1.0,2087800000.0,0.0,41484000000.0,,0.0,34683800000.0,,,34215100000.0,,,5010269604.0,170400000.0,-10300000.0,5600000.0,1311100000.0,-50600000.0,1403800000.0,-1362500000.0,-1326800000.0,129100000.0,0.0,70800000.0,70800000.0,70800000.0,0.0,0.0,0.22,217000000.0,105400000.0,0.0,0.73,1.059,19.263,18.779,257800000.0,0.0,16.15,4.005,4.005,0.0,880800000.0,322400000.0,322400000.0,0.0,,,,,4000000.0,166900000.0,1.0,310233412.0,310233412.0,,1.039,36858900000.0,0.0,34600000.0,0.0,118.81,
23,PBCT,MRQ,2015-09-30,2015-09-30,2015-09-30,2021-08-06,-146100000.0,37477700000.0,,,,,15.261,-20600000.0,544900000.0,544900000.0,0.0,68400000.0,,6.922,4041700000.0,,,4041700000.0,0.0,9800000.0,28279700000.0,0.042,0.168,101500000.0,111300000.0,0.353,111300000.0,101500000.0,101500000.0,0.23,0.23,0.23,4730800000.0,,4730800000.0,8907389190.0,23.0,21.118,53400000.0,0.172,1.0,315700000.0,1.0,2084700000.0,0.0,38889800000.0,,0.0,33422200000.0,,,32746900000.0,,,4873089190.0,-13400000.0,0.0,2300000.0,-565300000.0,-50600000.0,231300000.0,-318700000.0,-307900000.0,74000000.0,0.0,68400000.0,68400000.0,68400000.0,0.0,0.0,0.217,214200000.0,101500000.0,0.0,0.73,1.03,19.185,18.494,258700000.0,0.0,15.72,3.95,3.95,0.0,861000000.0,315700000.0,315700000.0,0.0,,,,,4200000.0,167400000.0,1.0,309992951.0,309992951.0,,1.018,35393000000.0,0.0,33100000.0,0.0,114.174,
24,PBCT,MRQ,2015-06-30,2015-06-30,2015-06-30,2021-08-06,-164500000.0,37183200000.0,,,,,15.159,-10500000.0,558300000.0,558300000.0,0.0,61700000.0,,6.935,4592600000.0,,,4592600000.0,0.0,9900000.0,27434800000.0,0.041,0.168,93900000.0,103800000.0,0.34,103800000.0,93900000.0,93900000.0,0.2,0.2,0.2,4685700000.0,,4685700000.0,8639062969.0,23.0,20.989,118800000.0,0.384,1.0,305700000.0,1.0,2090600000.0,0.0,39126900000.0,,0.0,33169400000.0,,,32497500000.0,,,5010662969.0,1500000.0,0.0,11000000.0,420500000.0,-50500000.0,665900000.0,-793700000.0,-785700000.0,129300000.0,0.0,61700000.0,61700000.0,61700000.0,0.0,0.0,0.202,211800000.0,93900000.0,0.0,0.84,1.069,20.27,19.53,262900000.0,0.0,16.21,4.114,4.114,0.0,843800000.0,305700000.0,305700000.0,0.0,,,,,3900000.0,163400000.0,1.0,309109375.0,309109375.0,,0.989,35092600000.0,0.0,32200000.0,0.0,113.528,
25,PBCT,MRQ,2015-03-31,2015-03-31,2015-03-31,2021-08-06,-140600000.0,36407300000.0,,,,,15.19,-15300000.0,556800000.0,556800000.0,0.0,59200000.0,,6.776,4185200000.0,,,4185200000.0,0.0,9700000.0,27149900000.0,0.043,0.165,89700000.0,99400000.0,0.323,99400000.0,89700000.0,89700000.0,0.2,0.2,0.2,4681900000.0,,4681900000.0,8396383185.0,22.0,19.581,-19400000.0,-0.063,1.0,307300000.0,1.0,2096600000.0,0.0,37939100000.0,,0.0,32354800000.0,,,31725400000.0,,,4684883185.0,-456900000.0,0.0,5400000.0,-548100000.0,-49500000.0,419500000.0,-872300000.0,-860800000.0,-4100000.0,0.0,59200000.0,59200000.0,59200000.0,0.0,0.0,0.193,217600000.0,89700000.0,0.0,0.825,1.001,18.173,17.471,268400000.0,0.0,15.2,3.803,3.803,0.0,833200000.0,307300000.0,307300000.0,0.0,,,,,5000000.0,169300000.0,1.0,308215999.0,308215999.0,,0.997,34310700000.0,0.0,30500000.0,0.0,111.32,
26,PBCT,MRQ,2014-12-31,2014-12-31,2014-12-31,2021-08-06,-168200000.0,35997100000.0,,,,,15.044,-23000000.0,1013700000.0,1013700000.0,0.0,64700000.0,,6.77,4725200000.0,,,4725200000.0,0.0,10000000.0,26138200000.0,0.043,0.165,97300000.0,107300000.0,0.352,107300000.0,97300000.0,97300000.0,0.22,0.22,0.22,4633100000.0,,4633100000.0,8592679591.0,23.0,20.449,89500000.0,0.291,1.0,305000000.0,1.0,2102500000.0,0.0,37606100000.0,,0.0,31539900000.0,,,31364000000.0,,,4674979591.0,494100000.0,0.0,1500000.0,276500000.0,-49500000.0,1105400000.0,-723800000.0,-706900000.0,112500000.0,0.0,64700000.0,64700000.0,64700000.0,0.0,0.0,0.212,207700000.0,97300000.0,0.0,0.75,1.009,18.574,18.071,277800000.0,0.0,15.18,3.825,3.825,0.0,826700000.0,305000000.0,305000000.0,0.0,,,,,3700000.0,159200000.0,1.0,307969670.0,307969670.0,,0.99,33894600000.0,0.0,32600000.0,0.0,110.058,
27,PBCT,MRQ,2014-09-30,2014-09-30,2014-09-30,2021-08-06,-124500000.0,34774900000.0,,,,,15.001,-17700000.0,519600000.0,519600000.0,0.0,61600000.0,,6.47,4437300000.0,,,4437300000.0,0.0,9800000.0,25261300000.0,0.045,0.165,91300000.0,101100000.0,0.337,101100000.0,91300000.0,91300000.0,0.21,0.21,0.21,4655000000.0,,4655000000.0,8740117431.0,23.0,21.234,66400000.0,0.214,1.0,300100000.0,1.0,2108700000.0,0.0,36583900000.0,,0.0,30777900000.0,,,30119900000.0,,,4490117431.0,-43400000.0,0.0,500000.0,-375600000.0,-49400000.0,748100000.0,-875600000.0,-860300000.0,84100000.0,0.0,61600000.0,61600000.0,61600000.0,0.0,0.0,0.205,208800000.0,91300000.0,0.0,0.786,0.965,18.23,17.646,282500000.0,0.0,14.47,3.697,3.697,0.0,812100000.0,300100000.0,300100000.0,0.0,,,,,3600000.0,158800000.0,1.0,310305282.0,310305282.0,,0.967,32666200000.0,0.0,29700000.0,0.0,105.271,
28,PBCT,MRQ,2014-06-30,2014-06-30,2014-06-30,2021-08-06,-126200000.0,33921200000.0,,,,,14.945,-10000000.0,563000000.0,563000000.0,0.0,72300000.0,,6.318,4813000000.0,,,4813000000.0,0.0,9800000.0,24088700000.0,0.043,0.165,111200000.0,121000000.0,0.379,121000000.0,111200000.0,111200000.0,0.24,0.24,0.24,4635500000.0,,4635500000.0,8731437500.0,24.0,21.527,49300000.0,0.159,1.0,319500000.0,1.0,2114900000.0,0.0,36056300000.0,,0.0,29876900000.0,,,29285700000.0,,,4705137500.0,62600000.0,0.0,1000000.0,280700000.0,-49400000.0,655500000.0,-652200000.0,-646700000.0,59300000.0,0.0,72300000.0,72300000.0,72300000.0,0.0,0.0,0.226,208300000.0,111200000.0,0.0,0.688,1.015,19.347,18.962,289300000.0,0.0,15.17,3.882,3.882,0.0,800600000.0,319500000.0,319500000.0,0.0,,,,,3600000.0,160800000.0,1.0,310160679.0,310160679.0,,1.03,31806300000.0,0.0,38900000.0,0.0,102.548,
29,PBCT,MRQ,2014-03-31,2014-03-31,2014-03-31,2021-08-06,-137500000.0,33112400000.0,,,,,14.813,-2800000.0,500400000.0,500400000.0,0.0,53100000.0,,6.205,4526700000.0,,,4526700000.0,0.0,10000000.0,23665500000.0,0.044,0.163,80800000.0,90800000.0,0.305,90800000.0,80800000.0,80800000.0,0.18,0.18,0.18,4595800000.0,,4595800000.0,9835073916.0,28.0,25.296,91300000.0,0.294,1.0,297500000.0,1.0,2121100000.0,0.0,35017600000.0,,0.0,29146500000.0,,,28516600000.0,,,4613373916.0,26000000.0,0.0,0.0,-1169000000.0,-48600000.0,-109400000.0,41300000.0,41200000.0,94100000.0,0.0,53100000.0,53100000.0,53100000.0,0.0,0.0,0.178,216700000.0,80800000.0,0.0,0.906,1.004,19.8,19.566,292500000.0,0.0,14.87,3.869,3.869,0.0,778200000.0,297500000.0,297500000.0,0.0,,,,,4000000.0,163700000.0,1.0,310247069.0,310247069.0,,0.959,30991300000.0,0.0,27700000.0,0.0,99.892,
30,PBCT,MRQ,2013-12-31,2013-12-31,2013-12-31,2021-08-06,-155100000.0,33213700000.0,,,,,14.375,-37400000.0,474400000.0,474400000.0,0.0,59300000.0,,6.27,5696100000.0,,,5696100000.0,0.0,10000000.0,22557300000.0,0.043,0.163,88700000.0,98700000.0,0.332,98700000.0,88700000.0,88700000.0,0.19,0.19,0.19,4568400000.0,,4568400000.0,8470347022.0,24.0,21.836,52100000.0,0.164,1.0,297400000.0,1.0,2127300000.0,0.0,36308100000.0,,0.0,29258500000.0,,,28645300000.0,,,4805147022.0,-120800000.0,0.0,-131100000.0,1436300000.0,-49800000.0,1623100000.0,-1833400000.0,-1801300000.0,89500000.0,0.0,59300000.0,59300000.0,59300000.0,0.0,0.0,0.199,208700000.0,88700000.0,0.0,0.858,1.052,20.676,20.432,304100000.0,0.0,15.12,4.05,4.05,0.0,779000000.0,297400000.0,297400000.0,0.0,,,,,3700000.0,159800000.0,1.0,317800729.0,317800729.0,,0.936,31086400000.0,0.0,29400000.0,0.0,97.817,
31,PBCT,MRQ,2013-09-30,2013-09-30,2013-09-30,2021-08-06,-202500000.0,31510600000.0,,,,,14.442,-13800000.0,595200000.0,595200000.0,0.0,58500000.0,,5.795,4260400000.0,,,4260400000.0,0.0,10100000.0,22189600000.0,0.045,0.163,85000000.0,95100000.0,0.32,95100000.0,85000000.0,85000000.0,0.19,0.19,0.19,4637600000.0,,4637600000.0,8383463655.0,24.0,21.181,141100000.0,0.439,1.0,297500000.0,1.0,2133900000.0,0.0,33041900000.0,,0.0,27446800000.0,,,26873000000.0,,,4617563655.0,96100000.0,0.0,-29100000.0,-4000000.0,-50300000.0,124400000.0,-183200000.0,-173400000.0,154900000.0,0.0,58500000.0,58500000.0,58500000.0,0.0,0.0,0.197,212500000.0,85000000.0,0.0,0.858,0.996,19.708,19.699,314200000.0,0.0,14.38,3.87,3.87,0.0,770500000.0,297500000.0,297500000.0,0.0,,,,,3100000.0,159700000.0,1.0,321110129.0,321110129.0,,0.926,29376700000.0,0.0,26500000.0,0.0,91.485,
32,PBCT,MRQ,2013-06-30,2013-06-30,2013-06-30,2021-08-06,-178800000.0,31344900000.0,,,,,14.144,-16800000.0,499100000.0,499100000.0,0.0,62100000.0,,5.701,4265000000.0,,,4265000000.0,0.0,10100000.0,21981800000.0,0.043,0.163,94100000.0,104200000.0,0.347,104200000.0,94100000.0,94100000.0,0.2,0.2,0.2,4677900000.0,,4677900000.0,7988839371.0,22.0,19.819,43600000.0,0.132,1.0,299900000.0,1.0,2140400000.0,0.0,32970400000.0,,0.0,27366600000.0,,,26667000000.0,,,4927939371.0,51400000.0,0.0,-152800000.0,757000000.0,-51900000.0,742500000.0,-751500000.0,-738400000.0,60400000.0,0.0,62100000.0,62100000.0,62100000.0,0.0,0.0,0.207,205800000.0,94100000.0,0.0,0.815,1.053,20.706,20.694,320100000.0,0.0,14.9,4.118,4.118,0.0,763100000.0,299900000.0,299900000.0,0.0,,,,,3200000.0,156200000.0,1.0,330734186.0,330734186.0,,0.907,29204500000.0,0.0,32000000.0,0.0,88.302,
33,PBCT,MRQ,2013-03-31,2013-03-31,2013-03-31,2021-08-06,-108500000.0,30598200000.0,,,,,14.427,-16000000.0,447700000.0,447700000.0,0.0,52500000.0,,5.262,3508600000.0,,,3508600000.0,0.0,10100000.0,21791600000.0,0.048,0.16,79800000.0,89900000.0,0.308,89900000.0,79800000.0,79800000.0,0.16,0.16,0.16,4886100000.0,,4886100000.0,6989064833.0,19.0,17.321,58600000.0,0.173,1.0,291800000.0,1.0,2147000000.0,0.0,31512100000.0,,0.0,26740200000.0,,,25712100000.0,,,4544964833.0,-153700000.0,0.0,-145700000.0,463700000.0,-52800000.0,306300000.0,-534600000.0,-524600000.0,74600000.0,0.0,52500000.0,52500000.0,52500000.0,0.0,0.0,0.18,212000000.0,79800000.0,0.0,1.0,0.93,18.898,18.901,327000000.0,0.0,13.42,3.795,3.795,0.0,753600000.0,291800000.0,291800000.0,0.0,,,,,3900000.0,160000000.0,1.0,338671001.0,338671001.0,,0.862,28451200000.0,0.0,27300000.0,0.0,84.008,
34,PBCT,MRQ,2012-12-31,2012-12-31,2012-12-31,2021-08-06,-96900000.0,30324400000.0,,,,,14.495,-24000000.0,601400000.0,601400000.0,0.0,61200000.0,,5.018,3045500000.0,,,3045500000.0,0.0,10000000.0,21750500000.0,0.053,0.16,96600000.0,106600000.0,0.351,106600000.0,96600000.0,96600000.0,0.18,0.18,0.18,5038800000.0,,5038800000.0,5465534187.0,15.0,13.383,58700000.0,0.169,1.0,304000000.0,1.0,2153500000.0,0.0,30615000000.0,,0.0,26294300000.0,,,25285600000.0,,,4202834187.0,179400000.0,0.0,-57000000.0,1357400000.0,-53600000.0,1634700000.0,-1538000000.0,-1519200000.0,82700000.0,0.0,61200000.0,61200000.0,61200000.0,0.0,0.0,0.201,207400000.0,96600000.0,0.0,0.889,0.834,17.133,16.792,330400000.0,0.0,12.09,3.503,3.503,0.0,756200000.0,304000000.0,304000000.0,0.0,,,,,-2000000.0,152100000.0,1.0,347628965.0,347628965.0,,0.874,28170900000.0,0.0,35400000.0,0.0,81.037,
35,PBCT,MRQ,2012-09-30,2012-09-30,2012-09-30,2021-08-06,-79000000.0,28576000000.0,,,,,14.54,-16500000.0,422000000.0,422000000.0,0.0,62200000.0,,4.595,1684700000.0,,,1684700000.0,0.0,10200000.0,21362600000.0,0.052,0.16,92200000.0,102400000.0,0.34,102400000.0,92200000.0,92200000.0,0.18,0.18,0.18,5107400000.0,,5107400000.0,4896095793.0,15.0,13.144,144600000.0,0.412,1.0,301100000.0,1.0,2160300000.0,0.0,27678400000.0,,0.0,24701200000.0,,,23468600000.0,,,4264295793.0,-65900000.0,-26600000.0,-53700000.0,565700000.0,-54300000.0,362500000.0,-589500000.0,-552400000.0,161100000.0,0.0,62200000.0,62200000.0,62200000.0,0.0,0.0,0.207,208900000.0,92200000.0,0.0,0.889,0.835,18.91,18.394,334700000.0,0.0,12.14,3.594,3.594,0.0,750100000.0,301100000.0,301100000.0,0.0,,,,,5400000.0,159000000.0,1.0,351259950.0,351259950.0,,0.857,26415700000.0,0.0,30000000.0,0.0,75.203,
36,PBCT,MRQ,2012-06-30,2012-06-30,2012-06-30,2021-08-06,-90200000.0,28154100000.0,,,,,14.46,-28700000.0,487900000.0,487900000.0,0.0,64600000.0,,4.47,1119700000.0,,,1119700000.0,0.0,9600000.0,21457800000.0,0.054,0.16,95000000.0,104600000.0,0.348,104600000.0,95000000.0,95000000.0,0.19,0.19,0.19,5146600000.0,,5146600000.0,3994585120.0,13.0,11.205,75700000.0,0.213,1.0,300700000.0,1.0,2166400000.0,0.0,26619500000.0,,0.0,24184800000.0,,,23007500000.0,,,4132185120.0,-620600000.0,324800000.0,-53700000.0,149700000.0,-55100000.0,-82200000.0,-642800000.0,-946900000.0,104400000.0,0.0,64600000.0,64600000.0,64600000.0,0.0,0.0,0.215,205700000.0,95000000.0,0.0,0.842,0.803,19.237,18.726,337400000.0,0.0,11.61,3.463,3.463,0.0,754400000.0,300700000.0,300700000.0,0.0,,,,,6100000.0,156100000.0,1.0,355916031.0,355916031.0,,0.845,25987700000.0,0.0,30400000.0,0.0,73.016,
37,PBCT,MRQ,2012-03-31,2012-03-31,2012-03-31,2021-08-06,-93100000.0,27807900000.0,,,,,14.424,-15000000.0,1108500000.0,1108500000.0,0.0,57300000.0,,4.368,970900000.0,,,970900000.0,0.0,9300000.0,21267500000.0,0.048,0.158,85500000.0,94800000.0,0.322,94800000.0,85500000.0,85500000.0,0.17,0.17,0.17,5180600000.0,,5180600000.0,4987311194.0,17.0,14.751,150400000.0,0.419,1.0,294100000.0,1.0,2169200000.0,0.0,25501100000.0,,0.0,23258000000.0,,,22627300000.0,,,4751911194.0,327600000.0,0.0,-57600000.0,-44500000.0,-54900000.0,294700000.0,-132500000.0,-125100000.0,165400000.0,0.0,57300000.0,57300000.0,57300000.0,0.0,0.0,0.195,208600000.0,85500000.0,0.0,0.929,0.917,23.594,22.81,330400000.0,0.0,13.23,4.039,4.039,0.0,745500000.0,294100000.0,294100000.0,0.0,,,,,5600000.0,159000000.0,1.0,359176961.0,359176961.0,,0.819,25638700000.0,0.0,28200000.0,0.0,71.382,
38,PBCT,MRQ,2011-12-31,2011-12-31,2011-12-31,2021-08-06,-95800000.0,27558300000.0,,,,,14.462,-5600000.0,780900000.0,780900000.0,0.0,41400000.0,,4.284,1016300000.0,,,1016300000.0,0.0,10400000.0,20815800000.0,0.049,0.158,60300000.0,70700000.0,0.243,70700000.0,60300000.0,60300000.0,0.12,0.12,0.12,5215400000.0,,5215400000.0,4524119348.0,16.0,13.938,49400000.0,0.137,1.0,290500000.0,1.0,2174200000.0,0.0,25619500000.0,,0.0,23235200000.0,,,22342900000.0,,,4634219348.0,-369100000.0,0.0,-500000.0,-22600000.0,-54800000.0,251200000.0,-675300000.0,-674700000.0,55000000.0,0.0,41400000.0,41400000.0,41400000.0,0.0,0.0,0.143,230200000.0,60300000.0,0.0,1.317,0.889,24.086,23.364,339600000.0,0.0,12.85,4.004,4.004,0.0,734500000.0,290500000.0,290500000.0,0.0,,,,,5400000.0,164100000.0,1.0,360639638.0,360639638.0,,0.806,25384100000.0,0.0,18900000.0,0.0,70.386,
39,PBCT,MRQ,2011-09-30,2011-09-30,2011-09-30,2021-08-06,-36800000.0,27213000000.0,,,,,14.052,-11600000.0,1150000000.0,1150000000.0,0.0,51500000.0,,4.144,1039900000.0,,,1039900000.0,0.0,10300000.0,20486700000.0,0.055,0.158,76100000.0,86400000.0,0.281,86400000.0,76100000.0,76100000.0,0.14,0.14,0.14,5290500000.0,,5290500000.0,4625848131.0,17.0,14.903,98800000.0,0.262,1.0,308000000.0,1.0,2151200000.0,0.0,24951700000.0,,0.0,22556600000.0,,,21922500000.0,,,4292148131.0,-6600000.0,361300000.0,-186700000.0,-688600000.0,-57400000.0,-792400000.0,675400000.0,313400000.0,110400000.0,0.0,51500000.0,51500000.0,51500000.0,0.0,0.0,0.167,231900000.0,76100000.0,0.0,1.129,0.811,23.429,21.923,363100000.0,0.0,11.4,3.853,3.853,0.0,757700000.0,308000000.0,308000000.0,0.0,,,,,5400000.0,163600000.0,1.0,376504222.0,376504222.0,,0.818,25061800000.0,0.0,24600000.0,0.0,66.564,
40,PBCT,MRQ,2011-06-30,2011-06-30,2011-06-30,2021-08-06,-70200000.0,25322500000.0,,,,,14.506,-10600000.0,1156600000.0,1156600000.0,0.0,51200000.0,,3.875,1490300000.0,,,1490300000.0,0.0,9400000.0,18278300000.0,0.046,0.158,76800000.0,86200000.0,0.304,86200000.0,76800000.0,76800000.0,0.15,0.15,0.15,5193900000.0,,5193900000.0,4905177741.0,21.0,18.289,58600000.0,0.164,1.0,283800000.0,1.0,1946700000.0,0.0,23709500000.0,,0.0,20773800000.0,,,20128600000.0,,,4812377741.0,-84800000.0,-214500000.0,700000.0,155600000.0,-54500000.0,270000000.0,-424000000.0,-203800000.0,69200000.0,0.0,51200000.0,51200000.0,51200000.0,0.0,0.0,0.18,207000000.0,76800000.0,0.0,1.053,0.927,30.888,29.867,323600000.0,0.0,13.44,4.681,4.681,0.0,763200000.0,283800000.0,283800000.0,0.0,,,,,7500000.0,150800000.0,1.0,358063820.0,358063820.0,,0.793,23375800000.0,0.0,25600000.0,0.0,65.284,
41,PBCT,MRQ,2011-03-31,2011-03-31,2011-03-31,2021-08-06,-98400000.0,24962300000.0,,,,,14.23,-15500000.0,1241400000.0,1241400000.0,0.0,51700000.0,,3.837,1334200000.0,,,1334200000.0,0.0,9100000.0,18110100000.0,0.049,0.155,77500000.0,86600000.0,0.309,86600000.0,77500000.0,77500000.0,0.15,0.15,0.15,5160300000.0,,5160300000.0,4800202987.0,27.0,22.41,-75700000.0,-0.209,1.0,280300000.0,1.0,1952600000.0,0.0,23102500000.0,,0.0,20566900000.0,,,19802000000.0,,,4561902987.0,286900000.0,0.0,-61900000.0,143300000.0,-54200000.0,204200000.0,142900000.0,152600000.0,-60200000.0,0.0,51700000.0,51700000.0,51700000.0,0.0,0.0,0.184,202800000.0,77500000.0,0.0,1.033,0.884,37.827,37.0,326000000.0,0.0,12.58,4.703,4.703,0.0,767200000.0,280300000.0,280300000.0,0.0,,,,,5400000.0,154400000.0,1.0,362631398.0,362631398.0,,0.773,23009700000.0,0.0,25800000.0,0.0,63.452,
42,PBCT,MRQ,2010-12-31,2010-12-31,2010-12-31,2021-08-06,-99000000.0,25037100000.0,,,,,14.146,-31300000.0,954500000.0,954500000.0,0.0,28800000.0,,3.797,1192800000.0,,,1192800000.0,0.0,8300000.0,17933100000.0,0.044,0.155,42900000.0,51200000.0,0.212,51200000.0,42900000.0,42900000.0,0.08,0.08,0.08,5219300000.0,,5219300000.0,4807369536.0,39.0,30.542,-7100000.0,-0.019,1.0,242000000.0,1.0,1962000000.0,0.0,23313400000.0,,0.0,20797000000.0,,,19817800000.0,,,5168969536.0,156100000.0,71300000.0,-116000000.0,105600000.0,-55200000.0,-81300000.0,213200000.0,155100000.0,24200000.0,0.0,28800000.0,28800000.0,28800000.0,0.0,0.0,0.119,199100000.0,42900000.0,0.0,1.938,0.99,62.654,60.913,325100000.0,0.0,14.01,5.718,5.718,0.0,772600000.0,242000000.0,242000000.0,0.0,,,,,6100000.0,146200000.0,1.0,368948575.0,368948575.0,,0.656,23075100000.0,0.0,14100000.0,0.0,62.543,
43,PBCT,MRQ,2010-09-30,2010-09-30,2010-09-30,2021-08-06,-59400000.0,21897300000.0,,,,,14.464,-26100000.0,798400000.0,798400000.0,0.0,24100000.0,,3.082,436800000.0,,,436800000.0,0.0,8500000.0,15674900000.0,0.047,0.155,35700000.0,44200000.0,0.199,44200000.0,35700000.0,35700000.0,0.07,0.07,0.07,5364500000.0,,5364500000.0,3621203015.0,32.0,24.336,58000000.0,0.156,1.0,222000000.0,1.0,1772300000.0,0.0,19763400000.0,,0.0,18259800000.0,,,16532800000.0,,,4854903015.0,-758300000.0,-200000.0,-25400000.0,113300000.0,-55500000.0,-127000000.0,-715400000.0,-696000000.0,84100000.0,0.0,24100000.0,24100000.0,24100000.0,0.0,0.0,0.109,186300000.0,35700000.0,0.0,2.214,0.905,61.767,59.5,254100000.0,0.0,13.09,5.76,5.76,0.0,798500000.0,222000000.0,222000000.0,0.0,,,,,5700000.0,139700000.0,1.0,370886403.0,370886403.0,,0.599,20125000000.0,0.0,11600000.0,0.0,54.262,
44,PBCT,MRQ,2010-06-30,2010-06-30,2010-06-30,2021-08-06,-60500000.0,21950300000.0,,,,,14.445,-16700000.0,1556700000.0,1556700000.0,0.0,16000000.0,,3.055,323000000.0,,,323000000.0,0.0,9200000.0,15834300000.0,0.045,0.155,23000000.0,32200000.0,0.143,32200000.0,23000000.0,23000000.0,0.04,0.04,0.04,5413300000.0,,5413300000.0,2592338932.0,22.0,17.089,76600000.0,0.204,1.0,225700000.0,1.0,1778200000.0,0.0,18938400000.0,,0.0,17574000000.0,,,16537000000.0,,,5059138932.0,-1266900000.0,31600000.0,-54500000.0,-67300000.0,-56200000.0,31400000.0,-1391600000.0,-1409000000.0,93300000.0,0.0,16000000.0,16000000.0,16000000.0,0.0,0.0,0.071,202700000.0,23000000.0,0.0,3.875,0.935,62.228,58.696,255000000.0,0.0,13.5,6.134,6.134,0.0,831100000.0,225700000.0,225700000.0,0.0,,,,,7800000.0,141900000.0,1.0,374751032.0,374751032.0,,0.602,20172100000.0,0.0,7000000.0,0.0,53.828,
45,PBCT,MRQ,2010-03-31,2010-03-31,2010-03-31,2021-08-06,-72800000.0,21588100000.0,,,,,15.717,-3400000.0,2823600000.0,2823600000.0,0.0,13600000.0,,2.94,356800000.0,,,356800000.0,0.0,9400000.0,15397400000.0,0.039,0.152,20400000.0,29800000.0,0.139,29800000.0,20400000.0,20400000.0,0.04,0.04,0.04,5478600000.0,,5478600000.0,2367373959.0,18.0,14.497,20500000.0,0.059,1.0,214300000.0,1.0,1766500000.0,0.0,17354800000.0,,0.0,16025000000.0,,,16109500000.0,,,5444673959.0,-594400000.0,-291600000.0,-1800000.0,-766700000.0,-51200000.0,-867900000.0,249600000.0,540200000.0,23900000.0,0.0,13600000.0,13600000.0,13600000.0,0.0,0.0,0.063,193900000.0,20400000.0,0.0,3.8,0.994,60.096,57.852,258200000.0,0.0,15.62,6.711,6.711,0.0,874500000.0,214300000.0,214300000.0,0.0,,,,,6300000.0,139700000.0,1.0,348570676.0,348570676.0,,0.615,19821600000.0,0.0,6800000.0,0.0,56.865,
46,PBCT,MRQ,2009-12-31,2009-12-31,2009-12-31,2021-08-06,-74800000.0,21257200000.0,,,,,14.646,-18100000.0,3418000000.0,3418000000.0,0.0,24900000.0,,3.168,340700000.0,,,340700000.0,0.0,9200000.0,15445600000.0,0.036,0.152,33400000.0,42600000.0,0.236,42600000.0,33400000.0,33400000.0,0.07,0.07,0.07,5100700000.0,,5100700000.0,3807444472.0,26.0,21.499,-94900000.0,-0.273,1.0,180800000.0,1.0,1515200000.0,0.0,16664700000.0,,0.0,15363100000.0,,,16156500000.0,,,5815844472.0,1074100000.0,0.0,-2300000.0,4700000.0,-51100000.0,346500000.0,804400000.0,820200000.0,-76800000.0,0.0,24900000.0,24900000.0,24900000.0,0.0,0.0,0.138,147400000.0,33400000.0,0.0,2.171,1.14,57.469,55.667,264500000.0,0.0,16.7,7.233,7.233,0.0,914500000.0,180800000.0,180800000.0,0.0,,,,,5800000.0,127200000.0,1.0,348254160.0,348254160.0,,0.519,19742000000.0,0.0,8500000.0,0.0,56.688,
47,PBCT,MRQ,2009-09-30,2009-09-30,2009-09-30,2021-08-06,-81400000.0,20810100000.0,,,,,14.683,-21100000.0,2343900000.0,2343900000.0,0.0,26800000.0,,3.068,335500000.0,,,335500000.0,0.0,8200000.0,15050400000.0,0.039,0.152,38900000.0,47100000.0,0.231,47100000.0,38900000.0,38900000.0,0.08,0.08,0.08,5115200000.0,,5115200000.0,2746167713.0,17.0,14.281,171600000.0,0.493,1.0,204000000.0,1.0,1520200000.0,0.0,17281500000.0,,0.0,15823200000.0,,,15694900000.0,,,5420667713.0,-671900000.0,0.0,0.0,-6100000.0,-51200000.0,-29800000.0,-834800000.0,-817300000.0,192700000.0,0.0,26800000.0,26800000.0,26800000.0,0.0,0.0,0.131,165100000.0,38900000.0,0.0,1.9,1.06,49.279,48.625,261700000.0,0.0,15.56,6.441,6.441,0.0,943400000.0,204000000.0,204000000.0,0.0,,,,,5900000.0,125100000.0,1.0,348371961.0,348371961.0,,0.586,19289900000.0,0.0,12100000.0,0.0,55.372,
48,PBCT,MRQ,2009-06-30,2009-06-30,2009-06-30,2021-08-06,-83300000.0,20811500000.0,,,,,14.748,-6100000.0,3015800000.0,3015800000.0,0.0,25300000.0,,3.052,341300000.0,,,341300000.0,0.0,7800000.0,15023000000.0,0.04,0.152,36000000.0,43800000.0,0.206,43800000.0,36000000.0,36000000.0,0.08,0.08,0.08,5136600000.0,,5136600000.0,2547917280.0,13.0,11.498,-46400000.0,-0.133,1.0,212200000.0,1.0,1525300000.0,0.0,16611700000.0,,0.0,15276500000.0,,,15674900000.0,,,5248717280.0,-51100000.0,-7300000.0,200000.0,-25200000.0,-51100000.0,109600000.0,-120400000.0,-109000000.0,-40300000.0,0.0,25300000.0,25300000.0,25300000.0,0.0,0.0,0.119,176200000.0,36000000.0,0.0,1.9,1.022,40.625,39.658,258200000.0,0.0,15.07,6.069,6.069,0.0,974700000.0,212200000.0,212200000.0,0.0,,,,,7000000.0,124600000.0,1.0,348289136.0,348289136.0,,0.609,19286200000.0,0.0,10700000.0,0.0,55.374,
49,PBCT,MRQ,2009-03-31,2009-03-31,2009-03-31,2021-08-06,-74700000.0,20681100000.0,,,,,14.819,-16200000.0,3066900000.0,3066900000.0,0.0,24200000.0,,3.008,366100000.0,,,366100000.0,0.0,7600000.0,14845700000.0,0.033,0.15,36000000.0,43600000.0,0.211,43600000.0,36000000.0,36000000.0,0.07,0.07,0.07,5160400000.0,,5160400000.0,5142160484.0,23.0,20.495,11700000.0,0.034,1.0,207100000.0,1.0,1530600000.0,0.0,16449700000.0,,0.0,15294500000.0,,,15520700000.0,,,6257660484.0,1583000000.0,-8900000.0,100000.0,-2600000.0,-50200000.0,533400000.0,1021700000.0,1045900000.0,27900000.0,0.0,24200000.0,24200000.0,24200000.0,0.0,0.0,0.117,171100000.0,36000000.0,0.0,2.143,1.213,42.598,41.791,260400000.0,0.0,17.97,7.106,7.106,0.0,998800000.0,207100000.0,207100000.0,0.0,,,,,6000000.0,127400000.0,1.0,348228185.0,348228185.0,,0.595,19150500000.0,0.0,11800000.0,0.0,54.994,
50,PBCT,MRQ,2008-12-31,2008-12-31,2008-12-31,2021-08-06,-75400000.0,20167700000.0,,,,,14.877,-19500000.0,1483900000.0,1483900000.0,0.0,33700000.0,,2.898,368400000.0,,,368400000.0,0.0,7700000.0,14269400000.0,0.033,0.15,50100000.0,57800000.0,0.265,57800000.0,50100000.0,50100000.0,0.09,0.09,0.09,5173800000.0,,5173800000.0,3561995808.0,17.0,15.061,61000000.0,0.175,1.0,218300000.0,1.0,1535800000.0,0.0,17516400000.0,,0.0,16309900000.0,,,14993900000.0,,,6200895808.0,-1487100000.0,-20700000.0,1800000.0,36000000.0,-50200000.0,129200000.0,-1696800000.0,-1657100000.0,80500000.0,0.0,33700000.0,33700000.0,33700000.0,0.0,0.0,0.154,168200000.0,50100000.0,0.0,1.667,1.199,44.999,43.488,262400000.0,0.0,17.83,6.786,6.786,0.0,1020900000.0,218300000.0,218300000.0,0.0,,,,,5500000.0,122500000.0,1.0,347778789.0,347778789.0,,0.628,18631900000.0,0.0,16400000.0,0.0,53.574,
51,PBCT,MRQ,2008-09-30,2008-09-30,2008-09-30,2021-08-06,-15900000.0,20042000000.0,,,,,15.101,-12400000.0,2971000000.0,2971000000.0,0.0,46000000.0,,2.826,332100000.0,,,332100000.0,0.0,7900000.0,14151800000.0,0.029,0.15,68500000.0,76400000.0,0.336,76400000.0,68500000.0,68500000.0,0.14,0.14,0.14,5238600000.0,,5238600000.0,4550798828.0,20.0,18.066,74500000.0,0.215,1.0,227200000.0,1.0,1536900000.0,0.0,15866200000.0,,0.0,14604300000.0,,,14803400000.0,,,6677998828.0,520200000.0,0.0,17900000.0,7900000.0,-50000000.0,-404200000.0,837500000.0,849700000.0,86900000.0,0.0,46000000.0,46000000.0,46000000.0,0.0,0.0,0.202,158700000.0,68500000.0,0.0,1.071,1.275,44.49,40.104,265600000.0,0.0,19.25,7.732,7.732,0.0,1037600000.0,227200000.0,227200000.0,0.0,,,,,5400000.0,123600000.0,1.0,346909030.0,346909030.0,,0.655,18505100000.0,0.0,22500000.0,0.0,53.343,
52,PBCT,MRQ,2008-06-30,2008-06-30,2008-06-30,2021-08-06,-17300000.0,20392400000.0,,,,,15.062,-9100000.0,2450800000.0,2450800000.0,0.0,43000000.0,,2.913,323600000.0,,,323600000.0,0.0,8000000.0,14531500000.0,0.035,0.15,65100000.0,73100000.0,0.321,73100000.0,65100000.0,65100000.0,0.13,0.13,0.13,5211100000.0,,5211100000.0,2817045537.0,12.0,10.551,-4800000.0,-0.014,1.0,228000000.0,1.0,1541300000.0,0.0,16723900000.0,,0.0,15480700000.0,,,15181300000.0,,,5397245537.0,-457200000.0,0.0,6400000.0,-4600000.0,-49900000.0,-676400000.0,214900000.0,221100000.0,4300000.0,0.0,43000000.0,43000000.0,43000000.0,0.0,0.0,0.189,162900000.0,65100000.0,0.0,1.154,1.036,33.378,28.889,267200000.0,0.0,15.6,6.594,6.594,0.0,1041800000.0,228000000.0,228000000.0,0.0,,,,,5900000.0,124600000.0,1.0,345977278.0,345977278.0,,0.659,18851100000.0,0.0,22100000.0,0.0,54.487,
53,PBCT,MRQ,2008-03-31,2008-03-31,2008-03-31,2021-08-06,-4000000.0,21106700000.0,,,,,15.109,-9900000.0,2908000000.0,2908000000.0,0.0,15100000.0,,3.045,327800000.0,,,327800000.0,0.0,8100000.0,15159800000.0,0.031,0.133,21100000.0,29200000.0,0.122,29200000.0,21100000.0,21100000.0,0.05,0.05,0.05,5218600000.0,,5218600000.0,2660097784.0,14.0,12.152,43500000.0,0.126,1.0,240300000.0,1.0,1535900000.0,0.0,16990600000.0,,0.0,15686400000.0,,,15888100000.0,,,5978897784.0,-476200000.0,-762800000.0,2300000.0,4700000.0,-44300000.0,12300000.0,-541900000.0,229100000.0,53400000.0,0.0,15100000.0,15100000.0,15100000.0,0.0,0.0,0.063,219200000.0,21100000.0,0.0,2.66,1.146,45.226,37.63,269100000.0,0.0,17.31,7.803,7.803,0.0,1049000000.0,240300000.0,240300000.0,0.0,,,,,5300000.0,132200000.0,1.0,345401374.0,345401374.0,,0.696,19570800000.0,0.0,6000000.0,0.0,56.661,
54,PBCT,MRQ,2007-12-31,2007-12-31,2007-12-31,2021-08-06,-18600000.0,13554800000.0,,,,,14.954,-18300000.0,3384200000.0,3384200000.0,0.0,46000000.0,,2.049,65400000.0,,,65400000.0,0.0,4700000.0,8880600000.0,0.029,0.133,68500000.0,73200000.0,0.435,73200000.0,68500000.0,68500000.0,0.16,0.16,0.16,4445400000.0,,4445400000.0,2932391991.0,13.0,11.989,40600000.0,0.137,1.0,168200000.0,1.0,104000000.0,0.0,10132000000.0,,0.0,9366500000.0,,,9109400000.0,,,5291391991.0,959900000.0,0.0,-125300000.0,0.0,-38200000.0,-64700000.0,965700000.0,984000000.0,58900000.0,0.0,46000000.0,46000000.0,46000000.0,-300000.0,0.0,0.273,100000000.0,68200000.0,0.0,0.831,1.19,35.112,34.231,156800000.0,0.0,17.8,7.969,7.969,0.0,1079600000.0,168200000.0,168200000.0,0.0,,,,,4200000.0,102200000.0,1.0,297269213.0,297269213.0,,0.566,13450800000.0,0.0,22500000.0,0.0,45.248,
55,PBCT,MRQ,2007-09-30,2007-09-30,2007-09-30,2021-08-06,-41400000.0,13550500000.0,,,,,15.068,-11000000.0,2424300000.0,2424300000.0,0.0,57600000.0,,1.989,65300000.0,,,65300000.0,0.0,4700000.0,8781800000.0,0.029,0.133,86800000.0,91500000.0,0.503,91500000.0,86800000.0,86800000.0,0.2,0.2,0.2,4533700000.0,,4533700000.0,2666884316.0,13.0,11.55,67700000.0,0.225,1.0,182000000.0,1.0,104200000.0,0.0,11087300000.0,,0.0,10357800000.0,,,9016800000.0,,,5199184316.0,-173300000.0,0.0,100000.0,0.0,-38700000.0,-347700000.0,95700000.0,106400000.0,78700000.0,0.0,57600000.0,57600000.0,57600000.0,-300000.0,0.0,0.316,95500000.0,86500000.0,0.0,0.665,1.147,36.105,34.56,151400000.0,0.0,17.28,8.177,8.177,0.0,1073700000.0,182000000.0,182000000.0,0.0,,,,,3800000.0,70400000.0,1.0,300878722.0,300878722.0,,0.605,13446300000.0,0.0,29200000.0,0.0,44.69,
56,PBCT,MRQ,2007-06-30,2007-06-30,2007-06-30,2021-08-06,-49100000.0,13821700000.0,,,,,14.97,-17900000.0,2597600000.0,2597600000.0,0.0,13500000.0,,2.069,65300000.0,,,65300000.0,0.0,4600000.0,9090900000.0,0.028,0.133,20400000.0,25000000.0,0.142,25000000.0,20400000.0,20400000.0,0.05,0.05,0.05,4503600000.0,,4503600000.0,3852548949.0,25.0,22.689,-17600000.0,-0.059,1.0,175700000.0,1.0,104500000.0,0.0,11184900000.0,,0.0,10461600000.0,,,9318100000.0,,,5333748949.0,1043300000.0,0.0,3118800000.0,-7800000.0,-38700000.0,2203700000.0,-1160700000.0,-1142700000.0,300000.0,0.0,13500000.0,13500000.0,13500000.0,-400000.0,0.0,0.077,155700000.0,20000000.0,0.0,2.66,1.184,51.584,49.25,147400000.0,0.0,17.73,9.417,9.417,0.0,1055200000.0,175700000.0,175700000.0,0.0,,,,,0.0,71100000.0,1.0,300831864.0,300831864.0,,0.584,13717200000.0,0.0,6900000.0,0.0,45.598,
57,PBCT,MRQ,2007-03-31,2007-03-31,2007-03-31,2021-08-06,-46400000.0,11602400000.0,,,,,4.517,-16300000.0,1554300000.0,1554300000.0,0.0,33600000.0,,7.539,73100000.0,,,73100000.0,0.0,4400000.0,9967600000.0,0.023,0.119,50500000.0,54900000.0,0.398,54900000.0,50500000.0,50500000.0,0.11,0.11,0.11,1358800000.0,,1358800000.0,5947445099.0,33.0,29.932,27100000.0,0.09,1.0,138100000.0,1.0,104800000.0,0.0,10016400000.0,,0.0,9308300000.0,,,10243600000.0,,,6360445099.0,985600000.0,0.0,1900000.0,3700000.0,-15500000.0,875100000.0,67100000.0,83500000.0,43400000.0,0.0,33600000.0,33600000.0,33600000.0,-500000.0,0.0,0.243,88100000.0,50000000.0,0.0,1.082,4.681,51.795,50.34,143200000.0,0.0,21.143,12.097,12.097,0.0,1080500000.0,138100000.0,138100000.0,0.0,,,,,0.0,67800000.0,1.0,300831863.0,300831863.0,,0.459,11497600000.0,0.0,16900000.0,0.0,38.219,
58,PBCT,MRQ,2006-12-31,2006-12-31,2006-12-31,2021-08-06,-48000000.0,10686900000.0,,,,,4.453,-12800000.0,568700000.0,568700000.0,0.0,39300000.0,,6.978,69400000.0,,,69400000.0,0.0,4500000.0,9082600000.0,0.022,0.119,55000000.0,59500000.0,0.425,59500000.0,55000000.0,55000000.0,0.14,0.13,0.14,1339500000.0,,1339500000.0,,,,4200000.0,0.014,1.0,140000000.0,1.0,105000000.0,0.0,10082600000.0,,0.0,9375200000.0,,,9347400000.0,,,6391960818.0,33300000.0,0.0,2200000.0,-53000000.0,-15500000.0,37700000.0,-21400000.0,15700000.0,17000000.0,0.0,39300000.0,39300000.0,39300000.0,-600000.0,0.0,0.281,85600000.0,54400000.0,0.0,0.85,4.772,51.548,50.59,136800000.0,0.0,21.248,12.143,12.143,0.0,1062400000.0,140000000.0,140000000.0,0.0,,,,,3700000.0,89100000.0,1.0,300831863.0,300831863.0,,0.465,10581900000.0,0.0,15700000.0,0.0,35.175,
59,PBCT,MRQ,2006-09-30,2006-09-30,2006-09-30,2021-08-06,-7100000.0,10612100000.0,,,,,4.492,-6600000.0,535400000.0,535400000.0,0.0,17000000.0,,6.853,122400000.0,,,122400000.0,0.0,4800000.0,8978600000.0,0.024,0.119,25600000.0,30400000.0,0.27,30400000.0,25600000.0,25600000.0,0.06,0.06,0.06,1351400000.0,,1351400000.0,,,,-34400000.0,-0.114,1.0,112600000.0,1.0,105300000.0,0.0,10093800000.0,,0.0,9312800000.0,,,9260700000.0,,,5674261945.0,89600000.0,0.0,-1200000.0,-207400000.0,-15500000.0,-448700000.0,566100000.0,548000000.0,-27800000.0,0.0,17000000.0,17000000.0,17000000.0,-100000.0,0.0,0.151,87100000.0,25500000.0,0.0,1.983,4.199,47.325,35.791,134100000.0,0.0,18.862,10.775,10.775,0.0,1038600000.0,112600000.0,112600000.0,0.0,,,,,0.0,66900000.0,1.0,300831863.0,300831863.0,,0.374,10506800000.0,0.0,8600000.0,0.0,34.926,
60,PBCT,MRQ,2006-06-30,2006-06-30,2006-06-30,2021-08-06,,,,,,,,-7300000.0,,,0.0,32900000.0,,,,,,,,4700000.0,,0.028,0.119,49200000.0,53900000.0,0.399,53900000.0,49200000.0,49200000.0,0.11,0.11,0.11,,,,,,,23400000.0,,1.0,135100000.0,1.0,,0.0,,,,,,,,,,,10400000.0,0.0,2200000.0,-30000000.0,-15400000.0,-92400000.0,72100000.0,79400000.0,30700000.0,0.0,32900000.0,32900000.0,32900000.0,-700000.0,0.0,0.244,86600000.0,48500000.0,,1.082,,,,,0.0,15.643,,,,,135100000.0,135100000.0,0.0,,,,,0.0,65700000.0,1.0,,,,,,,16300000.0,,,
61,PBCT,MRQ,2006-03-31,2006-03-31,2006-03-31,2021-08-06,,,,,,,,-10200000.0,,,0.0,34800000.0,,,,,,,,5000000.0,,0.027,0.105,52000000.0,57000000.0,0.411,57000000.0,52000000.0,52000000.0,0.24,0.24,0.24,,,,,,,32000000.0,,1.0,138700000.0,1.0,,0.0,,,,,,,,,,,11900000.0,0.0,2400000.0,-43900000.0,-13600000.0,114700000.0,-145000000.0,-84800000.0,42200000.0,0.0,34800000.0,34800000.0,34800000.0,-900000.0,0.0,0.251,87600000.0,51100000.0,,0.438,,,,,0.0,15.595,,,,,138700000.0,138700000.0,0.0,,,,,0.0,67700000.0,1.0,,,,,,,17200000.0,,,
62,PBCT,MRQ,2005-12-31,2005-12-31,2005-12-31,2021-08-06,-23400000.0,10932500000.0,,,,,,-6400000.0,423500000.0,423500000.0,0.0,35200000.0,,7.484,403500000.0,,,403500000.0,0.0,4900000.0,9082600000.0,0.027,0.105,50500000.0,55400000.0,0.395,55400000.0,50500000.0,50500000.0,0.117,0.117,0.117,1288600000.0,,1288600000.0,,,,33500000.0,,1.0,140200000.0,1.0,106100000.0,0.0,10806400000.0,,0.0,9885900000.0,,,9643900000.0,,,,-31100000.0,-51000000.0,1900000.0,10700000.0,-13500000.0,56400000.0,-127400000.0,-70000000.0,39900000.0,0.0,35200000.0,35200000.0,35200000.0,-900000.0,0.0,0.251,90600000.0,49600000.0,0.0,0.897,,,32.153,140100000.0,0.0,14.79,,,0.0,998400000.0,140200000.0,140200000.0,0.0,,,,,0.0,66100000.0,1.0,,,,,10826400000.0,0.0,15300000.0,0.0,,
63,PBCT,MRQ,2004-12-31,2004-12-31,2004-12-31,2021-08-06,-12200000.0,10717900000.0,,,,,,,333200000.0,333200000.0,,,,7.933,462600000.0,,,462600000.0,0.0,,8862000000.0,0.029,0.092,,,,,,,,,,1199800000.0,,1199800000.0,,,,,,1.0,,,109900000.0,,10737400000.0,,0.0,9932100000.0,,,9518100000.0,,,,,,,,,,,,,,,,,,,,,,0.0,,,,18.129,140800000.0,,12.346,,,0.0,913700000.0,,,,,,,,,,1.0,,,,,10608000000.0,0.0,,0.0,,
0,PBCT,MRT,2021-06-30,2021-06-30,2021-06-30,2021-08-06,-144800000.0,63340700000.0,62869050000.0,,,0.032,18.122,-45700000.0,5765700000.0,5765700000.0,0.0,314600000.0,,7.173,1953800000.0,,,1953800000.0,0.0,43500000.0,52581200000.0,0.042,0.722,469900000.0,513400000.0,0.253,513400000.0,469900000.0,469900000.0,0.73,0.71,0.73,7749600000.0,7694025000.0,7749600000.0,4032470796.0,9.0,7.854,1136800000.0,2.658,1.0,2026800000.0,1.0,2825800000.0,0.0,56703000000.0,57931300000.0,0.0,51619500000.0,,,55591100000.0,,,7329570796.0,4286400000.0,114800000.0,32100000.0,-829700000.0,-304300000.0,1530900000.0,1573000000.0,1495300000.0,1182500000.0,0.0,314600000.0,300500000.0,300500000.0,0.0,0.0,0.148,1556900000.0,469900000.0,0.0,0.989,0.946,24.391,23.479,261800000.0,14100000.0,17.14,3.616,3.616,0.0,1516500000.0,2026800000.0,2026800000.0,0.0,0.005,0.039,0.008,0.232,29100000.0,995200000.0,1.0,427629568.0,427629568.0,,4.74,60514900000.0,0.0,155300000.0,0.0,141.512,
1,PBCT,MRT,2021-03-31,2021-03-31,2021-03-31,2021-08-06,-195300000.0,64172500000.0,62411300000.0,,,0.031,17.842,-44400000.0,5456300000.0,5456300000.0,0.0,233700000.0,,7.452,2159200000.0,,,2159200000.0,0.0,43000000.0,53475300000.0,0.04,0.72,364600000.0,407600000.0,0.212,407600000.0,364600000.0,364600000.0,0.54,0.53,0.54,7592200000.0,7697375000.0,7592200000.0,5530796122.0,15.0,13.569,1040200000.0,2.445,1.0,1920500000.0,1.0,2834600000.0,0.0,58040800000.0,58648800000.0,0.0,52825800000.0,,,56580300000.0,,,7616896122.0,4204400000.0,114800000.0,24300000.0,-4755000000.0,-302500000.0,3686900000.0,-567100000.0,-651400000.0,1084600000.0,0.0,233700000.0,219600000.0,219600000.0,0.0,0.0,0.114,1555900000.0,364600000.0,0.0,1.333,1.003,34.685,33.148,269500000.0,14100000.0,17.9,3.966,3.966,0.0,1426900000.0,1920500000.0,1920500000.0,0.0,0.004,0.029,0.006,0.19,27900000.0,979100000.0,1.0,425524923.0,425524923.0,,4.513,61337900000.0,0.0,130900000.0,0.0,144.146,
2,PBCT,MRT,2020-12-31,2020-12-31,2020-12-31,2021-08-06,-89200000.0,63091800000.0,61476500000.0,,,0.031,17.895,-45800000.0,4243300000.0,4243300000.0,0.0,219600000.0,,7.298,2157200000.0,,,2157200000.0,0.0,43400000.0,52137700000.0,0.056,0.718,348600000.0,392000000.0,0.205,392000000.0,348600000.0,348600000.0,0.49,0.49,0.49,7602800000.0,7730700000.0,7602800000.0,6687424685.0,19.0,17.06,797100000.0,1.876,1.0,1912700000.0,1.0,2845900000.0,0.0,58159800000.0,59848800000.0,0.0,52662100000.0,,,55489000000.0,,,5493524685.0,3442300000.0,114800000.0,-305400000.0,-4007200000.0,-304100000.0,3917400000.0,-1318000000.0,-1400800000.0,842900000.0,0.0,219600000.0,205500000.0,205500000.0,0.0,0.0,0.107,1564100000.0,348600000.0,0.0,1.465,0.723,26.732,26.388,276700000.0,14100000.0,12.93,2.872,2.872,0.0,1363600000.0,1912700000.0,1912700000.0,0.0,0.003,0.027,0.006,0.182,26200000.0,987000000.0,1.0,424866565.0,424866565.0,,4.502,60245900000.0,0.0,129000000.0,0.0,141.8,
3,PBCT,MRT,2020-09-30,2020-09-30,2020-09-30,2021-08-06,-77900000.0,60871200000.0,60351000000.0,,,0.031,18.437,-50100000.0,1055400000.0,1055400000.0,0.0,502300000.0,,6.773,2249300000.0,,,2249300000.0,0.0,45400000.0,49636500000.0,0.069,0.714,622600000.0,668000000.0,0.358,668000000.0,622600000.0,622600000.0,1.16,1.16,1.16,7831500000.0,7816800000.0,7831500000.0,5696451550.0,9.0,8.528,832900000.0,1.961,1.0,1866000000.0,1.0,3243500000.0,0.0,58821600000.0,60474300000.0,0.0,53098100000.0,,,53039700000.0,,,4379451550.0,262400000.0,470700000.0,-296600000.0,-3931800000.0,-298400000.0,1092700000.0,-1713300000.0,-2151600000.0,883000000.0,0.0,502300000.0,488200000.0,488200000.0,0.0,0.0,0.262,1243400000.0,622600000.0,0.0,0.616,0.559,8.971,8.888,281300000.0,14100000.0,10.31,2.347,2.347,0.0,1589100000.0,1866000000.0,1866000000.0,0.0,0.008,0.062,0.01,0.334,26400000.0,997800000.0,1.0,424777066.0,424777066.0,,4.393,57627700000.0,0.0,120300000.0,0.0,135.666,
4,PBCT,MRT,2020-06-30,2020-06-30,2020-06-30,2021-08-06,-73900000.0,61509700000.0,58151150000.0,,,0.032,18.281,-54800000.0,1479300000.0,1479300000.0,0.0,492800000.0,,6.923,2796300000.0,,,2796300000.0,0.0,44300000.0,49934300000.0,0.062,0.712,616000000.0,660300000.0,0.357,660300000.0,616000000.0,616000000.0,1.16,1.15,1.16,7763000000.0,7641600000.0,7763000000.0,10584788536.0,17.0,16.03,558400000.0,1.315,1.0,1847200000.0,1.0,3253700000.0,0.0,59573000000.0,59208575000.0,0.0,53282700000.0,,,53746700000.0,,,4913288536.0,698600000.0,470700000.0,-293100000.0,-2157900000.0,-292600000.0,2279900000.0,-2194500000.0,-2624800000.0,613200000.0,0.0,492800000.0,478700000.0,478700000.0,0.0,0.0,0.259,1231200000.0,616000000.0,0.0,0.614,0.633,10.264,9.974,285700000.0,14100000.0,11.57,2.66,2.66,0.0,1524600000.0,1847200000.0,1847200000.0,0.0,0.008,0.063,0.01,0.333,27600000.0,984900000.0,1.0,424657609.0,424657609.0,,4.35,58256000000.0,0.0,123200000.0,0.0,137.183,
5,PBCT,MRT,2020-03-31,2020-03-31,2020-03-31,2021-08-06,-92700000.0,60433300000.0,55679350000.0,,,0.034,17.811,-75000000.0,1251900000.0,1251900000.0,0.0,536100000.0,,6.823,6923400000.0,,,6923400000.0,0.0,43400000.0,44741100000.0,0.064,0.71,674000000.0,717400000.0,0.382,717400000.0,674000000.0,674000000.0,1.28,1.27,1.28,7725500000.0,7462400000.0,7725500000.0,10139417088.0,15.0,14.134,403100000.0,0.929,1.0,1879600000.0,1.0,3264000000.0,0.0,62840800000.0,57335325000.0,0.0,52513000000.0,,,52707800000.0,,,4792817088.0,637400000.0,579400000.0,-290700000.0,1816800000.0,-286900000.0,1516300000.0,-1357000000.0,-1874700000.0,478100000.0,0.0,536100000.0,522000000.0,522000000.0,0.0,0.0,0.278,1205600000.0,674000000.0,0.0,0.555,0.62,9.182,8.633,300800000.0,14100000.0,11.05,2.55,2.55,0.0,1514500000.0,1879600000.0,1879600000.0,0.0,0.009,0.07,0.012,0.359,25800000.0,974000000.0,1.0,433739103.0,433739103.0,,4.333,57169300000.0,0.0,137900000.0,0.0,131.806,
6,PBCT,MRT,2019-12-31,2019-12-31,2019-12-31,2021-08-06,-166900000.0,58589800000.0,52594000000.0,,,0.035,19.9,-67700000.0,801000000.0,801000000.0,0.0,520400000.0,,6.372,6147600000.0,,,6147600000.0,0.0,41700000.0,43589500000.0,0.042,0.707,652400000.0,694100000.0,0.382,694100000.0,652400000.0,652400000.0,1.28,1.27,1.28,7947200000.0,7186325000.0,7947200000.0,11501074821.0,18.0,16.57,173100000.0,0.433,1.0,1815100000.0,1.0,3274600000.0,0.0,60661800000.0,53710650000.0,0.0,51650700000.0,,,50642600000.0,,,6749274821.0,-131000000.0,519400000.0,19600000.0,326500000.0,-274800000.0,-61300000.0,-310500000.0,-778300000.0,240800000.0,0.0,520400000.0,506300000.0,506300000.0,0.0,0.0,0.279,1162700000.0,652400000.0,0.0,0.552,0.849,13.331,13.203,305500000.0,14100000.0,16.9,3.718,3.718,0.0,1512800000.0,1815100000.0,1815100000.0,0.0,0.01,0.07,0.012,0.359,25200000.0,930300000.0,1.0,399365374.0,399365374.0,,4.545,55315200000.0,0.0,132000000.0,0.0,138.508,
7,PBCT,MRT,2019-09-30,2019-09-30,2019-09-30,2021-08-06,-182300000.0,52071800000.0,49915875000.0,,,0.035,17.883,-93600000.0,793000000.0,793000000.0,0.0,515900000.0,,6.302,5544800000.0,,,5544800000.0,0.0,38500000.0,38573500000.0,0.045,0.705,627300000.0,665800000.0,0.386,665800000.0,627300000.0,627300000.0,1.32,1.31,1.32,7130700000.0,6833000000.0,7130700000.0,9764631090.0,16.0,14.666,42200000.0,0.106,1.0,1727000000.0,1.0,3064900000.0,0.0,53758700000.0,50687400000.0,0.0,45695400000.0,,,44941100000.0,,,6234231090.0,255000000.0,90700000.0,11600000.0,47700000.0,-269900000.0,612000000.0,-492800000.0,-502700000.0,135800000.0,0.0,515900000.0,501800000.0,501800000.0,0.0,0.0,0.291,1099700000.0,627300000.0,0.0,0.534,0.874,12.424,11.845,258500000.0,14100000.0,15.635,3.61,3.61,0.0,1449300000.0,1727000000.0,1727000000.0,0.0,0.01,0.073,0.012,0.363,26300000.0,894600000.0,1.0,398735599.0,398735599.0,,4.331,49006900000.0,0.0,111400000.0,0.0,122.906,
8,PBCT,MRT,2019-06-30,2019-06-30,2019-06-30,2021-08-06,-193000000.0,51622500000.0,47931225000.0,,,0.035,17.688,-85200000.0,780700000.0,780700000.0,0.0,497800000.0,,6.326,4311100000.0,,,4311100000.0,0.0,37500000.0,39467300000.0,0.042,0.702,611000000.0,648500000.0,0.388,648500000.0,611000000.0,611000000.0,1.31,1.31,1.31,7046200000.0,6540050000.0,7046200000.0,9831188217.0,16.0,15.16,173700000.0,0.436,1.0,1670600000.0,1.0,3072900000.0,0.0,52080000000.0,48573700000.0,0.0,45416000000.0,,,44576300000.0,,,6684488217.0,64900000.0,90700000.0,17500000.0,-2428200000.0,-260100000.0,-212400000.0,18400000.0,-2800000.0,258900000.0,0.0,497800000.0,483700000.0,483700000.0,0.0,0.0,0.29,1059600000.0,611000000.0,0.0,0.536,0.949,13.819,12.809,261000000.0,14100000.0,16.78,4.001,4.001,0.0,1388100000.0,1670600000.0,1670600000.0,0.0,0.01,0.074,0.013,0.366,23900000.0,862100000.0,1.0,398360442.0,398360442.0,,4.194,48549600000.0,0.0,113200000.0,0.0,121.874,
9,PBCT,MRT,2019-03-31,2019-03-31,2019-03-31,2021-08-06,-224600000.0,48091900000.0,46169225000.0,,,0.035,17.534,-79300000.0,614500000.0,614500000.0,0.0,474800000.0,,6.263,3761200000.0,,,3761200000.0,0.0,36700000.0,36900900000.0,0.043,0.7,583600000.0,620300000.0,0.384,620300000.0,583600000.0,583600000.0,1.29,1.29,1.29,6621200000.0,6253550000.0,6621200000.0,9765217858.0,17.0,15.743,334100000.0,0.885,1.0,1613400000.0,1.0,2896500000.0,0.0,48342100000.0,47256875000.0,0.0,42457600000.0,,,41470700000.0,,,6208017858.0,-258000000.0,-53800000.0,21700000.0,-1510700000.0,-250200000.0,-153500000.0,-517900000.0,-398800000.0,413400000.0,0.0,474800000.0,460700000.0,460700000.0,0.0,0.0,0.286,1029800000.0,583600000.0,0.0,0.543,0.938,13.475,12.744,255800000.0,14100000.0,16.44,3.848,3.848,0.0,1328600000.0,1613400000.0,1613400000.0,0.0,0.01,0.074,0.012,0.362,23800000.0,827900000.0,1.0,377616658.0,377616658.0,,4.273,45195400000.0,0.0,108800000.0,0.0,119.686,
10,PBCT,MRT,2018-12-31,2018-12-31,2018-12-31,2021-08-06,-256800000.0,47877300000.0,45171375000.0,,,0.035,17.315,-87900000.0,932000000.0,932000000.0,0.0,468100000.0,,6.328,4489200000.0,,,4489200000.0,0.0,36300000.0,36159000000.0,0.048,0.697,576300000.0,612600000.0,0.39,612600000.0,576300000.0,576300000.0,1.3,1.29,1.3,6533900000.0,6059625000.0,6533900000.0,9184964944.0,16.0,14.993,501400000.0,1.329,1.0,1572400000.0,1.0,2865700000.0,0.0,48568800000.0,46531825000.0,0.0,42253700000.0,,,41343400000.0,,,5445364944.0,49400000.0,6200000.0,25400000.0,-1002400000.0,-243800000.0,-539500000.0,-400000.0,71200000.0,589300000.0,0.0,468100000.0,454000000.0,454000000.0,0.0,0.0,0.289,996100000.0,576300000.0,0.0,0.536,0.833,11.994,11.1,267300000.0,14100000.0,14.43,3.463,3.463,0.0,1284800000.0,1572400000.0,1572400000.0,0.0,0.01,0.075,0.012,0.367,23700000.0,808700000.0,1.0,377364168.0,377364168.0,,4.167,45011600000.0,0.0,108200000.0,0.0,119.279,
11,PBCT,MRT,2018-09-30,2018-09-30,2018-09-30,2021-08-06,-270800000.0,44133200000.0,44315400000.0,,,0.035,17.092,-50400000.0,538000000.0,538000000.0,0.0,441400000.0,,6.406,4277600000.0,,,4277600000.0,0.0,36600000.0,33210200000.0,0.041,0.695,559900000.0,596500000.0,0.389,596500000.0,559900000.0,559900000.0,1.26,1.24,1.26,5958900000.0,5881125000.0,5958900000.0,10780671483.0,19.0,18.073,611800000.0,1.755,1.0,1533100000.0,1.0,2568900000.0,0.0,45303900000.0,45893675000.0,0.0,39361100000.0,,,38174300000.0,,,5968671483.0,-178600000.0,-35800000.0,58400000.0,-748400000.0,-237400000.0,-279600000.0,-561200000.0,-486300000.0,662200000.0,0.0,441400000.0,427300000.0,427300000.0,0.0,0.0,0.279,973200000.0,559900000.0,0.0,0.552,1.002,13.968,13.587,243800000.0,14100000.0,17.12,3.893,3.893,0.0,1220900000.0,1533100000.0,1533100000.0,0.0,0.01,0.073,0.012,0.365,22400000.0,783700000.0,1.0,348637353.0,348637353.0,,4.397,41564300000.0,0.0,118500000.0,0.0,119.219,
12,PBCT,MRT,2018-06-30,2018-06-30,2018-06-30,2021-08-06,-260700000.0,44574500000.0,44281650000.0,,,0.034,16.961,-45000000.0,715800000.0,715800000.0,0.0,415200000.0,,6.555,5527800000.0,,,5527800000.0,0.0,37700000.0,32468200000.0,0.038,0.693,540500000.0,578200000.0,0.383,578200000.0,540500000.0,540500000.0,1.19,1.17,1.19,5900200000.0,5827925000.0,5900200000.0,10189406417.0,19.0,17.623,622100000.0,1.788,1.0,1509500000.0,1.0,2573800000.0,0.0,46812700000.0,46008675000.0,0.0,39616400000.0,,,38674300000.0,,,6293106417.0,43600000.0,-180900000.0,52300000.0,-151000000.0,-235600000.0,304100000.0,-927600000.0,-712500000.0,667100000.0,0.0,415200000.0,401100000.0,401100000.0,0.0,0.0,0.266,969000000.0,540500000.0,0.0,0.582,1.067,15.69,15.202,246300000.0,14100000.0,18.09,4.169,4.169,0.0,1167900000.0,1509500000.0,1509500000.0,0.0,0.009,0.069,0.012,0.358,21500000.0,778700000.0,1.0,347877635.0,347877635.0,,4.339,42000700000.0,0.0,125300000.0,0.0,120.734,
13,PBCT,MRT,2018-03-31,2018-03-31,2018-03-31,2021-08-06,-255800000.0,44100500000.0,43893825000.0,,,0.034,16.84,-33300000.0,872500000.0,872500000.0,0.0,374300000.0,,6.544,4768800000.0,,,4768800000.0,0.0,38900000.0,32893800000.0,0.037,0.69,501600000.0,540500000.0,0.365,540500000.0,501600000.0,501600000.0,1.08,1.05,1.08,5845500000.0,5778750000.0,5845500000.0,10599905311.0,21.0,19.611,547500000.0,1.577,1.0,1479300000.0,1.0,2554900000.0,0.0,45441900000.0,45534400000.0,0.0,39052500000.0,,,38255000000.0,,,6477105311.0,99500000.0,28900000.0,49000000.0,-27200000.0,-234000000.0,308400000.0,-789700000.0,-799000000.0,580800000.0,0.0,374300000.0,360200000.0,360200000.0,0.0,0.0,0.243,977700000.0,501600000.0,0.0,0.639,1.108,17.982,17.278,250000000.0,14100000.0,18.66,4.378,4.378,0.0,1121400000.0,1479300000.0,1479300000.0,0.0,0.008,0.062,0.011,0.339,20900000.0,782300000.0,1.0,347111753.0,347111753.0,,4.262,41545600000.0,0.0,127300000.0,0.0,119.689,
14,PBCT,MRT,2017-12-31,2017-12-31,2017-12-31,2021-08-06,-181700000.0,44453400000.0,42926100000.0,,,0.033,16.808,-29000000.0,882600000.0,882600000.0,0.0,337200000.0,,6.638,5005400000.0,,,5005400000.0,0.0,39100000.0,33056300000.0,0.037,0.688,467100000.0,506200000.0,0.355,506200000.0,467100000.0,467100000.0,0.98,0.97,0.98,5819900000.0,5616125000.0,5819900000.0,10808505014.0,23.0,21.352,574000000.0,1.658,1.0,1427400000.0,1.0,2560000000.0,0.0,46016200000.0,44525850000.0,0.0,39400100000.0,,,38633500000.0,,,6474905014.0,268500000.0,28900000.0,58400000.0,-799500000.0,-227900000.0,359000000.0,-693500000.0,-706100000.0,603000000.0,0.0,337200000.0,323100000.0,323100000.0,0.0,0.0,0.226,960300000.0,467100000.0,0.0,0.702,1.113,20.04,19.082,253000000.0,14100000.0,18.7,4.536,4.536,0.0,1040200000.0,1427400000.0,1427400000.0,0.0,0.008,0.058,0.01,0.327,20900000.0,763800000.0,1.0,346251605.0,346251605.0,,4.122,41893400000.0,0.0,129900000.0,0.0,120.991,
15,PBCT,MRT,2017-09-30,2017-09-30,2017-09-30,2021-08-06,-169700000.0,43998200000.0,41965200000.0,,,0.033,16.676,-40400000.0,716600000.0,716600000.0,0.0,306800000.0,,6.657,5050200000.0,,,5050200000.0,0.0,38600000.0,32547300000.0,0.038,0.685,440800000.0,479400000.0,0.348,479400000.0,440800000.0,440800000.0,0.92,0.91,0.92,5746100000.0,5446625000.0,5746100000.0,10569191945.0,24.0,22.047,409800000.0,1.189,1.0,1378500000.0,1.0,2567900000.0,0.0,45763900000.0,43756925000.0,0.0,39080400000.0,,,38252100000.0,,,6250491945.0,-3700000.0,-30900000.0,102100000.0,-1139400000.0,-220900000.0,12300000.0,-466200000.0,-414500000.0,450200000.0,0.0,306800000.0,294500000.0,294500000.0,0.0,0.0,0.214,937700000.0,440800000.0,0.0,0.745,1.088,21.224,19.717,264700000.0,12300000.0,18.14,4.534,4.534,0.0,996400000.0,1378500000.0,1378500000.0,0.0,0.007,0.054,0.01,0.32,18500000.0,747900000.0,1.0,344569567.0,344569567.0,,4.001,41430300000.0,0.0,134000000.0,0.0,120.238,
16,PBCT,MRT,2017-06-30,2017-06-30,2017-06-30,2021-08-06,-174600000.0,43023200000.0,41138675000.0,,,0.033,16.563,-41200000.0,672200000.0,672200000.0,0.0,289700000.0,,6.543,4990900000.0,,,4990900000.0,0.0,37900000.0,31814700000.0,0.039,0.683,417300000.0,455200000.0,0.34,455200000.0,417300000.0,417300000.0,0.9,0.89,0.9,5703500000.0,5225675000.0,5703500000.0,9395053450.0,23.0,20.639,360800000.0,1.048,1.0,1339300000.0,1.0,2426300000.0,0.0,44915600000.0,43163925000.0,0.0,38286100000.0,,,37319700000.0,,,6081153450.0,-35600000.0,114200000.0,104200000.0,-616300000.0,-214300000.0,471400000.0,-909000000.0,-1001600000.0,402000000.0,0.0,289700000.0,280900000.0,280900000.0,0.0,0.0,0.21,922000000.0,417300000.0,0.0,0.759,1.066,21.649,19.622,270200000.0,8800000.0,17.66,4.541,4.541,0.0,967800000.0,1339300000.0,1339300000.0,0.0,0.007,0.054,0.01,0.312,18300000.0,730100000.0,1.0,344346175.0,344346175.0,,3.889,40596900000.0,0.0,127600000.0,0.0,117.896,
17,PBCT,MRT,2017-03-31,2017-03-31,2017-03-31,2021-08-06,-181900000.0,40229600000.0,40420375000.0,,,0.032,16.392,-47500000.0,773000000.0,773000000.0,0.0,288900000.0,,6.744,4086900000.0,,,4086900000.0,0.0,37000000.0,30505700000.0,0.037,0.68,417700000.0,454700000.0,0.351,454700000.0,417700000.0,417700000.0,0.93,0.93,0.93,5195000000.0,5007225000.0,5195000000.0,10240677625.0,25.0,22.522,349100000.0,1.102,1.0,1295300000.0,1.0,2135800000.0,0.0,41407700000.0,42681900000.0,0.0,35896600000.0,,,35034600000.0,,,5767877625.0,219300000.0,-59800000.0,105200000.0,-656700000.0,-207800000.0,879300000.0,-1056600000.0,-967700000.0,396600000.0,0.0,288900000.0,283600000.0,283600000.0,0.0,0.0,0.219,877600000.0,417700000.0,0.0,0.731,1.11,20.338,19.57,239400000.0,5300000.0,18.2,4.453,4.453,0.0,960900000.0,1295300000.0,1295300000.0,0.0,0.007,0.057,0.01,0.322,18000000.0,695300000.0,1.0,316916353.0,316916353.0,,4.087,38093800000.0,0.0,128800000.0,0.0,120.201,
18,PBCT,MRT,2016-12-31,2016-12-31,2016-12-31,2021-08-06,-195000000.0,40609800000.0,40178925000.0,,,0.032,16.513,-42400000.0,614100000.0,614100000.0,0.0,281000000.0,,6.898,5086900000.0,,,5086900000.0,0.0,36900000.0,29860800000.0,0.035,0.677,409500000.0,446400000.0,0.349,446400000.0,409500000.0,409500000.0,0.92,0.92,0.92,5141900000.0,4906275000.0,5141900000.0,10798624862.0,26.0,24.19,293600000.0,0.943,1.0,1278300000.0,1.0,2142100000.0,0.0,42940500000.0,42679700000.0,0.0,36292800000.0,,,35467900000.0,,,6028524862.0,-101200000.0,-59800000.0,84500000.0,-247900000.0,-205700000.0,1316200000.0,-1753400000.0,-1670200000.0,336000000.0,0.0,281000000.0,279200000.0,279200000.0,0.0,0.0,0.218,868800000.0,409500000.0,0.0,0.736,1.172,21.592,21.043,244500000.0,1800000.0,19.36,4.716,4.716,0.0,949300000.0,1278300000.0,1278300000.0,0.0,0.007,0.057,0.01,0.32,15200000.0,682300000.0,1.0,311390747.0,311390747.0,,4.105,38467700000.0,0.0,128500000.0,0.0,123.535,
19,PBCT,MRT,2016-09-30,2016-09-30,2016-09-30,2021-08-06,-120400000.0,40692100000.0,39763150000.0,,,0.032,15.636,-63100000.0,720300000.0,720300000.0,0.0,275900000.0,,7.369,5490400000.0,,,5490400000.0,0.0,37500000.0,29655500000.0,0.043,0.675,408800000.0,446300000.0,0.349,446300000.0,408800000.0,408800000.0,0.91,0.91,0.91,4862300000.0,4803700000.0,4862300000.0,9832975841.0,24.0,22.032,352400000.0,1.133,1.0,1277400000.0,1.0,2070300000.0,0.0,43391900000.0,42315575000.0,0.0,36234300000.0,,,35829800000.0,,,4919375841.0,175400000.0,-10300000.0,12800000.0,1442100000.0,-204700000.0,2626000000.0,-2866100000.0,-2810900000.0,415500000.0,0.0,275900000.0,275900000.0,275900000.0,0.0,0.0,0.216,868600000.0,408800000.0,0.0,0.742,1.012,17.83,17.385,245100000.0,0.0,15.82,3.851,3.851,0.0,927300000.0,1277400000.0,1277400000.0,0.0,0.007,0.057,0.01,0.32,15400000.0,672600000.0,1.0,310959282.0,310959282.0,,4.108,38621800000.0,0.0,132900000.0,0.0,124.202,
20,PBCT,MRT,2016-06-30,2016-06-30,2016-06-30,2021-08-06,-120300000.0,40150000000.0,38959550000.0,,,0.032,15.537,-72500000.0,707800000.0,707800000.0,0.0,270600000.0,,7.313,5621400000.0,,,5621400000.0,0.0,38100000.0,28999100000.0,0.046,0.673,404000000.0,442100000.0,0.349,442100000.0,404000000.0,404000000.0,0.9,0.9,0.9,4829700000.0,4770825000.0,4829700000.0,8771222084.0,22.0,19.84,274700000.0,0.884,1.0,1265400000.0,1.0,2076100000.0,0.0,42987500000.0,41190050000.0,0.0,35664700000.0,,,35320300000.0,,,4557222084.0,149500000.0,-10300000.0,9800000.0,1003000000.0,-203600000.0,2373500000.0,-2571200000.0,-2513300000.0,347200000.0,0.0,270600000.0,270600000.0,270600000.0,0.0,0.0,0.214,861400000.0,404000000.0,0.0,0.748,0.944,16.841,16.289,249500000.0,0.0,14.66,3.601,3.601,0.0,905800000.0,1265400000.0,1265400000.0,0.0,0.007,0.057,0.01,0.319,15800000.0,668500000.0,1.0,310860988.0,310860988.0,,4.071,38073900000.0,0.0,133400000.0,0.0,122.479,
21,PBCT,MRT,2016-03-31,2016-03-31,2016-03-31,2021-08-06,-134700000.0,39263800000.0,38217850000.0,,,0.033,15.434,-68500000.0,553700000.0,553700000.0,0.0,263800000.0,,7.195,4767700000.0,,,4767700000.0,0.0,38800000.0,29105500000.0,0.042,0.671,395400000.0,434200000.0,0.346,434200000.0,395400000.0,395400000.0,0.87,0.87,0.87,4791200000.0,4734825000.0,4791200000.0,9576016671.0,24.0,22.054,379900000.0,1.224,1.0,1255700000.0,1.0,2078900000.0,0.0,41398900000.0,40224900000.0,0.0,35058300000.0,,,34472600000.0,,,4945316671.0,-3100000.0,-10300000.0,16500000.0,576900000.0,-202300000.0,2346700000.0,-2798200000.0,-2742000000.0,448400000.0,0.0,263800000.0,263800000.0,263800000.0,0.0,0.0,0.21,860300000.0,395400000.0,0.0,0.771,1.032,18.746,18.31,252100000.0,0.0,15.93,3.938,3.938,0.0,889600000.0,1255700000.0,1255700000.0,0.0,0.007,0.056,0.01,0.315,15700000.0,666700000.0,1.0,310440469.0,310440469.0,,4.045,37184900000.0,0.0,131600000.0,0.0,119.781,
22,PBCT,MRT,2015-12-31,2015-12-31,2015-12-31,2021-08-06,-177200000.0,38946700000.0,37503725000.0,,,0.033,15.252,-80300000.0,715300000.0,715300000.0,0.0,260100000.0,,7.231,5340400000.0,,,5340400000.0,0.0,39300000.0,28417400000.0,0.041,0.669,390500000.0,429800000.0,0.344,429800000.0,390500000.0,390500000.0,0.86,0.86,0.86,4731600000.0,4707500000.0,4731600000.0,8507069604.0,22.0,19.793,248000000.0,0.799,1.0,1251100000.0,1.0,2087800000.0,0.0,41484000000.0,39359950000.0,0.0,34683800000.0,,,34215100000.0,,,5010269604.0,-298400000.0,-10300000.0,24300000.0,618200000.0,-201200000.0,2720500000.0,-3347200000.0,-3281200000.0,328300000.0,0.0,260100000.0,260100000.0,260100000.0,0.0,0.0,0.208,860600000.0,390500000.0,0.0,0.778,1.059,19.263,18.779,257800000.0,0.0,16.15,4.005,4.005,0.0,880800000.0,1251100000.0,1251100000.0,0.0,0.007,0.055,0.01,0.312,17100000.0,667000000.0,1.0,310233412.0,310233412.0,,4.033,36858900000.0,0.0,130400000.0,0.0,118.81,
23,PBCT,MRT,2015-09-30,2015-09-30,2015-09-30,2021-08-06,-146100000.0,37477700000.0,36766325000.0,,,0.034,15.261,-69400000.0,544900000.0,544900000.0,0.0,254000000.0,,6.922,4041700000.0,,,4041700000.0,0.0,39400000.0,28279700000.0,0.042,0.666,382400000.0,421800000.0,0.342,421800000.0,382400000.0,382400000.0,0.85,0.85,0.85,4730800000.0,4682875000.0,4730800000.0,8907389190.0,23.0,21.118,242300000.0,0.782,1.0,1233700000.0,1.0,2084700000.0,0.0,38889800000.0,38390475000.0,0.0,33422200000.0,,,32746900000.0,,,4873089190.0,25300000.0,0.0,20200000.0,-416400000.0,-200100000.0,2422100000.0,-2708500000.0,-2661300000.0,311700000.0,0.0,254000000.0,254000000.0,254000000.0,0.0,0.0,0.206,851300000.0,382400000.0,0.0,0.784,1.03,19.185,18.494,258700000.0,0.0,15.72,3.95,3.95,0.0,861000000.0,1233700000.0,1233700000.0,0.0,0.007,0.054,0.01,0.31,16800000.0,659300000.0,1.0,309992951.0,309992951.0,,3.98,35393000000.0,0.0,128400000.0,0.0,114.174,
24,PBCT,MRT,2015-06-30,2015-06-30,2015-06-30,2021-08-06,-164500000.0,37183200000.0,36090625000.0,,,0.034,15.159,-66500000.0,558300000.0,558300000.0,0.0,247200000.0,,6.935,4592600000.0,,,4592600000.0,0.0,39400000.0,27434800000.0,0.041,0.663,372200000.0,411600000.0,0.338,411600000.0,372200000.0,372200000.0,0.83,0.83,0.83,4685700000.0,4663925000.0,4685700000.0,8639062969.0,23.0,20.989,255300000.0,0.826,1.0,1218100000.0,1.0,2090600000.0,0.0,39126900000.0,37814000000.0,0.0,33169400000.0,,,32497500000.0,,,5010662969.0,-4700000.0,0.0,18400000.0,-226700000.0,-198900000.0,2938900000.0,-3265400000.0,-3213700000.0,321800000.0,0.0,247200000.0,247200000.0,247200000.0,0.0,0.0,0.203,845900000.0,372200000.0,0.0,0.799,1.069,20.27,19.53,262900000.0,0.0,16.21,4.114,4.114,0.0,843800000.0,1218100000.0,1218100000.0,0.0,0.007,0.053,0.01,0.306,16200000.0,650700000.0,1.0,309109375.0,309109375.0,,3.941,35092600000.0,0.0,125000000.0,0.0,113.528,
25,PBCT,MRT,2015-03-31,2015-03-31,2015-03-31,2021-08-06,-140600000.0,36407300000.0,35275125000.0,,,0.035,15.19,-66000000.0,556800000.0,556800000.0,0.0,257800000.0,,6.776,4185200000.0,,,4185200000.0,0.0,39300000.0,27149900000.0,0.043,0.66,389500000.0,428800000.0,0.348,428800000.0,389500000.0,389500000.0,0.87,0.87,0.87,4681900000.0,4651375000.0,4681900000.0,8396383185.0,22.0,19.581,185800000.0,0.603,1.0,1231900000.0,1.0,2096600000.0,0.0,37939100000.0,37046350000.0,0.0,32354800000.0,,,31725400000.0,,,4684883185.0,56400000.0,0.0,8400000.0,-366500000.0,-197800000.0,2928500000.0,-3123900000.0,-3074700000.0,251800000.0,0.0,257800000.0,257800000.0,257800000.0,0.0,0.0,0.209,842400000.0,389500000.0,0.0,0.759,1.001,18.173,17.471,268400000.0,0.0,15.2,3.803,3.803,0.0,833200000.0,1231900000.0,1231900000.0,0.0,0.007,0.055,0.011,0.316,15900000.0,648100000.0,1.0,308215999.0,308215999.0,,3.997,34310700000.0,0.0,131700000.0,0.0,111.32,
26,PBCT,MRT,2014-12-31,2014-12-31,2014-12-31,2021-08-06,-168200000.0,35997100000.0,34451400000.0,,,0.035,15.044,-53500000.0,1013700000.0,1013700000.0,0.0,251700000.0,,6.77,4725200000.0,,,4725200000.0,0.0,39600000.0,26138200000.0,0.043,0.657,380600000.0,420200000.0,0.344,420200000.0,380600000.0,380600000.0,0.84,0.84,0.84,4633100000.0,4629850000.0,4633100000.0,8592679591.0,23.0,20.449,296500000.0,0.963,1.0,1222100000.0,1.0,2102500000.0,0.0,37606100000.0,36315975000.0,0.0,31539900000.0,,,31364000000.0,,,4674979591.0,539300000.0,0.0,3000000.0,-987400000.0,-196900000.0,2399600000.0,-2210300000.0,-2172700000.0,350000000.0,0.0,251700000.0,251700000.0,251700000.0,0.0,0.0,0.206,841500000.0,380600000.0,0.0,0.782,1.009,18.574,18.071,277800000.0,0.0,15.18,3.825,3.825,0.0,826700000.0,1222100000.0,1222100000.0,0.0,0.007,0.054,0.01,0.311,14900000.0,642500000.0,1.0,307969670.0,307969670.0,,3.968,33894600000.0,0.0,128900000.0,0.0,110.058,
27,PBCT,MRT,2014-09-30,2014-09-30,2014-09-30,2021-08-06,-124500000.0,34774900000.0,33755550000.0,,,0.036,15.001,-67900000.0,519600000.0,519600000.0,0.0,246300000.0,,6.47,4437300000.0,,,4437300000.0,0.0,39600000.0,25261300000.0,0.045,0.655,372000000.0,411600000.0,0.339,411600000.0,372000000.0,372000000.0,0.82,0.82,0.82,4655000000.0,4613675000.0,4655000000.0,8740117431.0,23.0,21.234,259100000.0,0.835,1.0,1214500000.0,1.0,2108700000.0,0.0,36583900000.0,35991475000.0,0.0,30777900000.0,,,30119900000.0,,,4490117431.0,-75600000.0,0.0,-129600000.0,172400000.0,-197200000.0,2917300000.0,-3319900000.0,-3267100000.0,327000000.0,0.0,246300000.0,246300000.0,246300000.0,0.0,0.0,0.203,842500000.0,372000000.0,0.0,0.799,0.965,18.23,17.646,282500000.0,0.0,14.47,3.697,3.697,0.0,812100000.0,1214500000.0,1214500000.0,0.0,0.007,0.053,0.01,0.306,14900000.0,643100000.0,1.0,310305282.0,310305282.0,,3.914,32666200000.0,0.0,125700000.0,0.0,105.271,
28,PBCT,MRT,2014-06-30,2014-06-30,2014-06-30,2021-08-06,-126200000.0,33921200000.0,32939475000.0,,,0.037,14.945,-64000000.0,563000000.0,563000000.0,0.0,243200000.0,,6.318,4813000000.0,,,4813000000.0,0.0,39900000.0,24088700000.0,0.043,0.652,365700000.0,405600000.0,0.335,405600000.0,365700000.0,365700000.0,0.8,0.8,0.8,4635500000.0,4609325000.0,4635500000.0,8731437500.0,24.0,21.527,333800000.0,1.076,1.0,1211900000.0,1.0,2114900000.0,0.0,36056300000.0,35105975000.0,0.0,29876900000.0,,,29285700000.0,,,4705137500.0,63900000.0,0.0,-159200000.0,544000000.0,-198100000.0,2293600000.0,-2627500000.0,-2580200000.0,397800000.0,0.0,243200000.0,243200000.0,243200000.0,0.0,0.0,0.201,846200000.0,365700000.0,0.0,0.815,1.015,19.347,18.962,289300000.0,0.0,15.17,3.882,3.882,0.0,800600000.0,1211900000.0,1211900000.0,0.0,0.007,0.053,0.01,0.302,14400000.0,644000000.0,1.0,310160679.0,310160679.0,,3.907,31806300000.0,0.0,122500000.0,0.0,102.548,
29,PBCT,MRT,2014-03-31,2014-03-31,2014-03-31,2021-08-06,-137500000.0,33112400000.0,32295400000.0,,,0.037,14.813,-70800000.0,500400000.0,500400000.0,0.0,233000000.0,,6.205,4526700000.0,,,4526700000.0,0.0,40200000.0,23665500000.0,0.044,0.65,348600000.0,388800000.0,0.326,388800000.0,348600000.0,348600000.0,0.76,0.76,0.76,4595800000.0,4619925000.0,4595800000.0,9835073916.0,28.0,25.296,328100000.0,1.058,1.0,1192300000.0,1.0,2121100000.0,0.0,35017600000.0,34334500000.0,0.0,29146500000.0,,,28516600000.0,,,4613373916.0,52700000.0,0.0,-313000000.0,1020300000.0,-200600000.0,2380600000.0,-2726800000.0,-2671900000.0,398900000.0,0.0,233000000.0,233000000.0,233000000.0,0.0,0.0,0.195,843700000.0,348600000.0,0.0,0.855,1.004,19.8,19.566,292500000.0,0.0,14.87,3.869,3.869,0.0,778200000.0,1192300000.0,1192300000.0,0.0,0.007,0.05,0.01,0.292,14000000.0,639400000.0,1.0,310247069.0,310247069.0,,3.843,30991300000.0,0.0,115600000.0,0.0,99.892,
30,PBCT,MRT,2013-12-31,2013-12-31,2013-12-31,2021-08-06,-155100000.0,33213700000.0,31666850000.0,,,0.037,14.375,-84000000.0,474400000.0,474400000.0,0.0,232400000.0,,6.27,5696100000.0,,,5696100000.0,0.0,40300000.0,22557300000.0,0.043,0.648,347600000.0,387900000.0,0.327,387900000.0,347600000.0,347600000.0,0.74,0.74,0.74,4568400000.0,4692500000.0,4568400000.0,8470347022.0,24.0,21.836,295400000.0,0.93,1.0,1186600000.0,1.0,2127300000.0,0.0,36308100000.0,33458125000.0,0.0,29258500000.0,,,28645300000.0,,,4805147022.0,-127000000.0,0.0,-458700000.0,2653000000.0,-204800000.0,2796300000.0,-3302700000.0,-3237700000.0,379400000.0,0.0,232400000.0,232400000.0,232400000.0,0.0,0.0,0.196,839000000.0,347600000.0,0.0,0.876,1.052,20.676,20.432,304100000.0,0.0,15.12,4.05,4.05,0.0,779000000.0,1186600000.0,1186600000.0,0.0,0.007,0.05,0.01,0.293,13900000.0,635700000.0,1.0,317800729.0,317800729.0,,3.734,31086400000.0,0.0,115200000.0,0.0,97.817,
31,PBCT,MRT,2013-09-30,2013-09-30,2013-09-30,2021-08-06,-202500000.0,31510600000.0,30944525000.0,,,0.039,14.442,-70600000.0,595200000.0,595200000.0,0.0,234300000.0,,5.795,4260400000.0,,,4260400000.0,0.0,40300000.0,22189600000.0,0.045,0.645,355500000.0,395800000.0,0.332,395800000.0,355500000.0,355500000.0,0.73,0.73,0.73,4637600000.0,4810100000.0,4637600000.0,8383463655.0,24.0,21.181,302000000.0,0.94,1.0,1193200000.0,1.0,2133900000.0,0.0,33041900000.0,32034850000.0,0.0,27446800000.0,,,26873000000.0,,,4617563655.0,173200000.0,0.0,-384600000.0,2574100000.0,-208600000.0,2807900000.0,-3007300000.0,-2955600000.0,372600000.0,0.0,234300000.0,234300000.0,234300000.0,0.0,0.0,0.196,837700000.0,355500000.0,0.0,0.884,0.996,19.708,19.699,314200000.0,0.0,14.38,3.87,3.87,0.0,770500000.0,1193200000.0,1193200000.0,0.0,0.008,0.049,0.011,0.298,8200000.0,628000000.0,1.0,321110129.0,321110129.0,,3.716,29376700000.0,0.0,121200000.0,0.0,91.485,
32,PBCT,MRT,2013-06-30,2013-06-30,2013-06-30,2021-08-06,-178800000.0,31344900000.0,30210875000.0,,,0.04,14.144,-73300000.0,499100000.0,499100000.0,0.0,238000000.0,,5.701,4265000000.0,,,4265000000.0,0.0,40400000.0,21981800000.0,0.043,0.643,362700000.0,403100000.0,0.337,403100000.0,362700000.0,362700000.0,0.72,0.72,0.72,4677900000.0,4927550000.0,4677900000.0,7988839371.0,22.0,19.819,305500000.0,0.924,1.0,1196800000.0,1.0,2140400000.0,0.0,32970400000.0,30693975000.0,0.0,27366600000.0,,,26667000000.0,,,4927939371.0,11200000.0,-26600000.0,-409200000.0,3143800000.0,-212600000.0,3046000000.0,-3413600000.0,-3334600000.0,378800000.0,0.0,238000000.0,238000000.0,238000000.0,0.0,0.0,0.199,834100000.0,362700000.0,0.0,0.893,1.053,20.706,20.694,320100000.0,0.0,14.9,4.118,4.118,0.0,763100000.0,1196800000.0,1196800000.0,0.0,0.008,0.048,0.012,0.303,10500000.0,627300000.0,1.0,330734186.0,330734186.0,,3.619,29204500000.0,0.0,124700000.0,0.0,88.302,
33,PBCT,MRT,2013-03-31,2013-03-31,2013-03-31,2021-08-06,-108500000.0,30598200000.0,29413175000.0,,,0.041,14.427,-85200000.0,447700000.0,447700000.0,0.0,240500000.0,,5.262,3508600000.0,,,3508600000.0,0.0,39900000.0,21791600000.0,0.048,0.64,363600000.0,403500000.0,0.337,403500000.0,363600000.0,363600000.0,0.71,0.71,0.71,4886100000.0,5044725000.0,4886100000.0,6989064833.0,19.0,17.321,337600000.0,0.997,1.0,1197600000.0,1.0,2147000000.0,0.0,31512100000.0,29106250000.0,0.0,26740200000.0,,,25712100000.0,,,4544964833.0,-660800000.0,298200000.0,-310100000.0,2536500000.0,-215800000.0,2221300000.0,-3304900000.0,-3543100000.0,422800000.0,0.0,240500000.0,240500000.0,240500000.0,0.0,0.0,0.201,834000000.0,363600000.0,0.0,0.901,0.93,18.898,18.901,327000000.0,0.0,13.42,3.795,3.795,0.0,753600000.0,1197600000.0,1197600000.0,0.0,0.008,0.048,0.012,0.304,13400000.0,627200000.0,1.0,338671001.0,338671001.0,,3.536,28451200000.0,0.0,123100000.0,0.0,84.008,
34,PBCT,MRT,2012-12-31,2012-12-31,2012-12-31,2021-08-06,-96900000.0,30324400000.0,28715600000.0,,,0.042,14.495,-84200000.0,601400000.0,601400000.0,0.0,245300000.0,,5.018,3045500000.0,,,3045500000.0,0.0,39100000.0,21750500000.0,0.053,0.637,369300000.0,408400000.0,0.34,408400000.0,369300000.0,369300000.0,0.72,0.72,0.72,5038800000.0,5118350000.0,5038800000.0,5465534187.0,15.0,13.383,429400000.0,1.235,1.0,1199900000.0,1.0,2153500000.0,0.0,30615000000.0,27603500000.0,0.0,26294300000.0,,,25285600000.0,,,4202834187.0,-179500000.0,298200000.0,-222000000.0,2028300000.0,-217900000.0,2209700000.0,-2902800000.0,-3143600000.0,513600000.0,0.0,245300000.0,245300000.0,245300000.0,0.0,0.0,0.204,830600000.0,369300000.0,0.0,0.885,0.834,17.133,16.792,330400000.0,0.0,12.09,3.503,3.503,0.0,756200000.0,1199900000.0,1199900000.0,0.0,0.009,0.048,0.013,0.308,15100000.0,626200000.0,1.0,347628965.0,347628965.0,,3.452,28170900000.0,0.0,124000000.0,0.0,81.037,
35,PBCT,MRT,2012-09-30,2012-09-30,2012-09-30,2021-08-06,-79000000.0,28576000000.0,28024075000.0,,,0.042,14.54,-65800000.0,422000000.0,422000000.0,0.0,225500000.0,,4.595,1684700000.0,,,1684700000.0,0.0,39500000.0,21362600000.0,0.052,0.635,333000000.0,372500000.0,0.314,372500000.0,333000000.0,333000000.0,0.66,0.66,0.66,5107400000.0,5162500000.0,5107400000.0,4896095793.0,15.0,13.144,420100000.0,1.196,1.0,1186400000.0,1.0,2160300000.0,0.0,27678400000.0,26354625000.0,0.0,24701200000.0,,,23468600000.0,,,4264295793.0,-728000000.0,298200000.0,-165500000.0,648300000.0,-219100000.0,826200000.0,-2040100000.0,-2299100000.0,485900000.0,0.0,225500000.0,225500000.0,225500000.0,0.0,0.0,0.19,853400000.0,333000000.0,0.0,0.962,0.835,18.91,18.394,334700000.0,0.0,12.14,3.594,3.594,0.0,750100000.0,1186400000.0,1186400000.0,0.0,0.008,0.044,0.013,0.281,22500000.0,638200000.0,1.0,351259950.0,351259950.0,,3.378,26415700000.0,0.0,107500000.0,0.0,75.203,
36,PBCT,MRT,2012-06-30,2012-06-30,2012-06-30,2021-08-06,-90200000.0,28154100000.0,27683325000.0,,,0.043,14.46,-60900000.0,487900000.0,487900000.0,0.0,214800000.0,,4.47,1119700000.0,,,1119700000.0,0.0,39600000.0,21457800000.0,0.054,0.632,316900000.0,356500000.0,0.299,356500000.0,316900000.0,316900000.0,0.62,0.62,0.62,5146600000.0,5208275000.0,5146600000.0,3994585120.0,13.0,11.205,374300000.0,1.052,1.0,1193300000.0,1.0,2166400000.0,0.0,26619500000.0,25672950000.0,0.0,24184800000.0,,,23007500000.0,,,4132185120.0,-668700000.0,686100000.0,-298500000.0,-606000000.0,-222200000.0,-328700000.0,-775200000.0,-1433300000.0,435200000.0,0.0,214800000.0,214800000.0,214800000.0,0.0,0.0,0.18,876400000.0,316900000.0,0.0,1.019,0.803,19.237,18.726,337400000.0,0.0,11.61,3.463,3.463,0.0,754400000.0,1193300000.0,1193300000.0,0.0,0.008,0.041,0.012,0.266,22500000.0,642800000.0,1.0,355916031.0,355916031.0,,3.353,25987700000.0,0.0,102100000.0,0.0,73.016,
37,PBCT,MRT,2012-03-31,2012-03-31,2012-03-31,2021-08-06,-93100000.0,27807900000.0,26975425000.0,,,0.044,14.424,-42800000.0,1108500000.0,1108500000.0,0.0,201400000.0,,4.368,970900000.0,,,970900000.0,0.0,39400000.0,21267500000.0,0.048,0.63,298700000.0,338100000.0,0.287,338100000.0,298700000.0,298700000.0,0.58,0.58,0.58,5180600000.0,5220100000.0,5180600000.0,4987311194.0,17.0,14.751,357200000.0,0.994,1.0,1176400000.0,1.0,2169200000.0,0.0,25501100000.0,24945450000.0,0.0,23258000000.0,,,22627300000.0,,,4751911194.0,-132900000.0,146800000.0,-244100000.0,-600100000.0,-221600000.0,23500000.0,-556400000.0,-690200000.0,400000000.0,0.0,201400000.0,201400000.0,201400000.0,0.0,0.0,0.171,877700000.0,298700000.0,0.0,1.086,0.917,23.594,22.81,330400000.0,0.0,13.23,4.039,4.039,0.0,745500000.0,1176400000.0,1176400000.0,0.0,0.007,0.039,0.012,0.254,23900000.0,637500000.0,1.0,359176961.0,359176961.0,,3.275,25638700000.0,0.0,97300000.0,0.0,71.382,
38,PBCT,MRT,2011-12-31,2011-12-31,2011-12-31,2021-08-06,-95800000.0,27558300000.0,26264025000.0,,,0.044,14.462,-43300000.0,780900000.0,780900000.0,0.0,192400000.0,,4.284,1016300000.0,,,1016300000.0,0.0,39200000.0,20815800000.0,0.049,0.628,285400000.0,324600000.0,0.28,324600000.0,285400000.0,285400000.0,0.55,0.55,0.55,5215400000.0,5215025000.0,5215400000.0,4524119348.0,16.0,13.938,131100000.0,0.364,1.0,1157300000.0,1.0,2174200000.0,0.0,25619500000.0,24345800000.0,0.0,23235200000.0,,,22342900000.0,,,4634219348.0,-173600000.0,146800000.0,-248400000.0,-412300000.0,-220900000.0,-67000000.0,-281000000.0,-412500000.0,174400000.0,0.0,192400000.0,192400000.0,192400000.0,0.0,0.0,0.166,871900000.0,285400000.0,0.0,1.142,0.889,24.086,23.364,339600000.0,0.0,12.85,4.004,4.004,0.0,734500000.0,1157300000.0,1157300000.0,0.0,0.007,0.037,0.012,0.247,23700000.0,632900000.0,1.0,360639638.0,360639638.0,,3.209,25384100000.0,0.0,93000000.0,0.0,70.386,
39,PBCT,MRT,2011-09-30,2011-09-30,2011-09-30,2021-08-06,-36800000.0,27213000000.0,25633725000.0,,,0.043,14.052,-69000000.0,1150000000.0,1150000000.0,0.0,183200000.0,,4.144,1039900000.0,,,1039900000.0,0.0,37100000.0,20486700000.0,0.055,0.625,273300000.0,310400000.0,0.279,310400000.0,273300000.0,273300000.0,0.52,0.52,0.52,5290500000.0,5216000000.0,5290500000.0,4625848131.0,17.0,14.903,74600000.0,0.198,1.0,1114100000.0,1.0,2151200000.0,0.0,24951700000.0,23769275000.0,0.0,22556600000.0,,,21922500000.0,,,4292148131.0,351600000.0,218100000.0,-363900000.0,-284100000.0,-221300000.0,-399500000.0,607500000.0,417300000.0,143600000.0,0.0,183200000.0,183200000.0,183200000.0,0.0,0.0,0.164,840800000.0,273300000.0,0.0,1.202,0.811,23.429,21.923,363100000.0,0.0,11.4,3.853,3.853,0.0,757700000.0,1114100000.0,1114100000.0,0.0,0.007,0.035,0.011,0.245,24400000.0,615000000.0,1.0,376504222.0,376504222.0,,2.959,25061800000.0,0.0,90100000.0,0.0,66.564,
40,PBCT,MRT,2011-06-30,2011-06-30,2011-06-30,2021-08-06,-70200000.0,25322500000.0,24304800000.0,,,0.042,14.506,-83500000.0,1156600000.0,1156600000.0,0.0,155800000.0,,3.875,1490300000.0,,,1490300000.0,0.0,35300000.0,18278300000.0,0.046,0.623,232900000.0,268200000.0,0.261,268200000.0,232900000.0,232900000.0,0.45,0.45,0.45,5193900000.0,5234500000.0,5193900000.0,4905177741.0,21.0,18.289,33800000.0,0.094,1.0,1028100000.0,1.0,1946700000.0,0.0,23709500000.0,22472200000.0,0.0,20773800000.0,,,20128600000.0,,,4812377741.0,-400100000.0,-143400000.0,-202600000.0,517800000.0,-219400000.0,265900000.0,-783300000.0,-592100000.0,117300000.0,0.0,155800000.0,155800000.0,155800000.0,0.0,0.0,0.152,795200000.0,232900000.0,0.0,1.384,0.927,30.888,29.867,323600000.0,0.0,13.44,4.681,4.681,0.0,763200000.0,1028100000.0,1028100000.0,0.0,0.006,0.03,0.01,0.227,24700000.0,591100000.0,1.0,358063820.0,358063820.0,,2.871,23375800000.0,0.0,77100000.0,0.0,65.284,
41,PBCT,MRT,2011-03-31,2011-03-31,2011-03-31,2021-08-06,-98400000.0,24962300000.0,23461750000.0,,,0.041,14.23,-89600000.0,1241400000.0,1241400000.0,0.0,120600000.0,,3.837,1334200000.0,,,1334200000.0,0.0,35100000.0,18110100000.0,0.049,0.62,179100000.0,214200000.0,0.221,214200000.0,179100000.0,179100000.0,0.34,0.34,0.34,5160300000.0,5289350000.0,5160300000.0,4800202987.0,27.0,22.41,51800000.0,0.143,1.0,970000000.0,1.0,1952600000.0,0.0,23102500000.0,21279425000.0,0.0,20566900000.0,,,19802000000.0,,,4561902987.0,-1582200000.0,102700000.0,-257800000.0,294900000.0,-221100000.0,27300000.0,-1750900000.0,-1797300000.0,141400000.0,0.0,120600000.0,120600000.0,120600000.0,0.0,0.0,0.124,790900000.0,179100000.0,0.0,1.824,0.884,37.827,37.0,326000000.0,0.0,12.58,4.703,4.703,0.0,767200000.0,970000000.0,970000000.0,0.0,0.005,0.023,0.008,0.185,25000000.0,582200000.0,1.0,362631398.0,362631398.0,,2.675,23009700000.0,0.0,58500000.0,0.0,63.452,
42,PBCT,MRT,2010-12-31,2010-12-31,2010-12-31,2021-08-06,-99000000.0,25037100000.0,22618200000.0,,,0.04,14.146,-77500000.0,954500000.0,954500000.0,0.0,82500000.0,,3.797,1192800000.0,,,1192800000.0,0.0,35400000.0,17933100000.0,0.044,0.617,122000000.0,157400000.0,0.174,157400000.0,122000000.0,122000000.0,0.23,0.23,0.23,5219300000.0,5368925000.0,5219300000.0,4807369536.0,39.0,30.542,148000000.0,0.401,1.0,904000000.0,1.0,1962000000.0,0.0,23313400000.0,19842500000.0,0.0,20797000000.0,,,19817800000.0,,,5168969536.0,-2463500000.0,-188900000.0,-197700000.0,-615100000.0,-218100000.0,-1044800000.0,-1644200000.0,-1409700000.0,225500000.0,0.0,82500000.0,82500000.0,82500000.0,0.0,0.0,0.091,782000000.0,122000000.0,0.0,2.683,0.99,62.654,60.913,325100000.0,0.0,14.01,5.718,5.718,0.0,772600000.0,904000000.0,904000000.0,0.0,0.004,0.015,0.006,0.135,25900000.0,567500000.0,1.0,368948575.0,368948575.0,,2.45,23075100000.0,0.0,39500000.0,0.0,62.543,
43,PBCT,MRT,2010-09-30,2010-09-30,2010-09-30,2021-08-06,-59400000.0,21897300000.0,21673225000.0,,,0.039,14.464,-64300000.0,798400000.0,798400000.0,0.0,78600000.0,,3.082,436800000.0,,,436800000.0,0.0,36300000.0,15674900000.0,0.047,0.615,112500000.0,148800000.0,0.177,148800000.0,112500000.0,112500000.0,0.22,0.22,0.22,5364500000.0,5339275000.0,5364500000.0,3621203015.0,32.0,24.336,60200000.0,0.162,1.0,842800000.0,1.0,1772300000.0,0.0,19763400000.0,18180325000.0,0.0,18259800000.0,,,16532800000.0,,,4854903015.0,-1545500000.0,-260200000.0,-84000000.0,-716000000.0,-214000000.0,-617000000.0,-1053000000.0,-744600000.0,124500000.0,0.0,78600000.0,78600000.0,78600000.0,0.0,0.0,0.093,730300000.0,112500000.0,0.0,2.795,0.905,61.767,59.5,254100000.0,0.0,13.09,5.76,5.76,0.0,798500000.0,842800000.0,842800000.0,0.0,0.004,0.015,0.006,0.133,25600000.0,548500000.0,1.0,370886403.0,370886403.0,,2.272,20125000000.0,0.0,33900000.0,0.0,54.262,
44,PBCT,MRT,2010-06-30,2010-06-30,2010-06-30,2021-08-06,-60500000.0,21950300000.0,21401425000.0,,,0.039,14.445,-59300000.0,1556700000.0,1556700000.0,0.0,81300000.0,,3.055,323000000.0,,,323000000.0,0.0,36000000.0,15834300000.0,0.045,0.612,115700000.0,151700000.0,0.184,151700000.0,115700000.0,115700000.0,0.23,0.23,0.23,5413300000.0,5276950000.0,5413300000.0,2592338932.0,22.0,17.089,173800000.0,0.464,1.0,824800000.0,1.0,1778200000.0,0.0,18938400000.0,17559850000.0,0.0,17574000000.0,,,16537000000.0,,,5059138932.0,-1459100000.0,-260000000.0,-58600000.0,-835400000.0,-209700000.0,-519800000.0,-1172400000.0,-865900000.0,233100000.0,0.0,81300000.0,81300000.0,81300000.0,0.0,0.0,0.099,709100000.0,115700000.0,0.0,2.661,0.935,62.228,58.696,255000000.0,0.0,13.5,6.134,6.134,0.0,831100000.0,824800000.0,824800000.0,0.0,0.004,0.015,0.007,0.14,25800000.0,533900000.0,1.0,374751032.0,374751032.0,,2.201,20172100000.0,0.0,34400000.0,0.0,53.828,
45,PBCT,MRT,2010-03-31,2010-03-31,2010-03-31,2021-08-06,-72800000.0,21588100000.0,21116725000.0,,,0.038,15.717,-48700000.0,2823600000.0,2823600000.0,0.0,90600000.0,,2.94,356800000.0,,,356800000.0,0.0,34600000.0,15397400000.0,0.039,0.61,128700000.0,163300000.0,0.201,163300000.0,128700000.0,128700000.0,0.27,0.27,0.27,5478600000.0,5207775000.0,5478600000.0,2367373959.0,18.0,14.497,50800000.0,0.146,1.0,811300000.0,1.0,1766500000.0,0.0,17354800000.0,16978175000.0,0.0,16025000000.0,,,16109500000.0,,,5444673959.0,-243300000.0,-298900000.0,-3900000.0,-793300000.0,-204600000.0,-441600000.0,98800000.0,434100000.0,99500000.0,0.0,90600000.0,90600000.0,90600000.0,0.0,0.0,0.112,682600000.0,128700000.0,0.0,2.259,0.994,60.096,57.852,258200000.0,0.0,15.62,6.711,6.711,0.0,874500000.0,811300000.0,811300000.0,0.0,0.004,0.017,0.008,0.159,25000000.0,516600000.0,1.0,348570676.0,348570676.0,,2.328,19821600000.0,0.0,38100000.0,0.0,56.865,
46,PBCT,MRT,2009-12-31,2009-12-31,2009-12-31,2021-08-06,-74800000.0,21257200000.0,20889975000.0,,,0.038,14.646,-61500000.0,3418000000.0,3418000000.0,0.0,101200000.0,,3.168,340700000.0,,,340700000.0,0.0,32800000.0,15445600000.0,0.036,0.608,144300000.0,177100000.0,0.22,177100000.0,144300000.0,144300000.0,0.3,0.3,0.3,5100700000.0,5128225000.0,5100700000.0,3807444472.0,26.0,21.499,42000000.0,0.121,1.0,804100000.0,1.0,1515200000.0,0.0,16664700000.0,16751900000.0,0.0,15363100000.0,,,16156500000.0,,,5815844472.0,1934100000.0,-16200000.0,-2000000.0,-29200000.0,-203600000.0,959700000.0,870900000.0,939800000.0,103500000.0,0.0,101200000.0,101200000.0,101200000.0,0.0,0.0,0.126,659800000.0,144300000.0,0.0,2.027,1.14,57.469,55.667,264500000.0,0.0,16.7,7.233,7.233,0.0,914500000.0,804100000.0,804100000.0,0.0,0.005,0.02,0.009,0.179,24700000.0,504300000.0,1.0,348254160.0,348254160.0,,2.309,19742000000.0,0.0,43100000.0,0.0,56.688,
47,PBCT,MRT,2009-09-30,2009-09-30,2009-09-30,2021-08-06,-81400000.0,20810100000.0,20617600000.0,,,0.041,14.683,-62900000.0,2343900000.0,2343900000.0,0.0,110000000.0,,3.068,335500000.0,,,335500000.0,0.0,31300000.0,15050400000.0,0.039,0.605,161000000.0,192300000.0,0.228,192300000.0,161000000.0,161000000.0,0.32,0.32,0.32,5115200000.0,5146500000.0,5115200000.0,2746167713.0,17.0,14.281,197900000.0,0.568,1.0,841600000.0,1.0,1520200000.0,0.0,17281500000.0,16964825000.0,0.0,15823200000.0,,,15694900000.0,,,5420667713.0,-627100000.0,-36900000.0,2100000.0,2100000.0,-202700000.0,742400000.0,-1630300000.0,-1537500000.0,260800000.0,0.0,110000000.0,110000000.0,110000000.0,0.0,0.0,0.131,680600000.0,161000000.0,0.0,1.891,1.06,49.279,48.625,261700000.0,0.0,15.56,6.441,6.441,0.0,943400000.0,841600000.0,841600000.0,0.0,0.005,0.021,0.009,0.191,24400000.0,499600000.0,1.0,348371961.0,348371961.0,,2.416,19289900000.0,0.0,51000000.0,0.0,55.372,
48,PBCT,MRT,2009-06-30,2009-06-30,2009-06-30,2021-08-06,-83300000.0,20811500000.0,20425575000.0,,,0.042,14.748,-54200000.0,3015800000.0,3015800000.0,0.0,129200000.0,,3.052,341300000.0,,,341300000.0,0.0,31000000.0,15023000000.0,0.04,0.603,190600000.0,221600000.0,0.256,221600000.0,190600000.0,190600000.0,0.38,0.38,0.38,5136600000.0,5177350000.0,5136600000.0,2547917280.0,13.0,11.498,100800000.0,0.289,1.0,864800000.0,1.0,1525300000.0,0.0,16611700000.0,16611000000.0,0.0,15276500000.0,,,15674900000.0,,,5248717280.0,565000000.0,-36900000.0,20000000.0,16100000.0,-201500000.0,368000000.0,42000000.0,129500000.0,155000000.0,0.0,129200000.0,129200000.0,129200000.0,0.0,0.0,0.149,674200000.0,190600000.0,0.0,1.587,1.022,40.625,39.658,258200000.0,0.0,15.07,6.069,6.069,0.0,974700000.0,864800000.0,864800000.0,0.0,0.006,0.025,0.011,0.22,23900000.0,498100000.0,1.0,348289136.0,348289136.0,,2.483,19286200000.0,0.0,61400000.0,0.0,55.374,
49,PBCT,MRT,2009-03-31,2009-03-31,2009-03-31,2021-08-06,-74700000.0,20681100000.0,20320800000.0,,,0.043,14.819,-57200000.0,3066900000.0,3066900000.0,0.0,146900000.0,,3.008,366100000.0,,,366100000.0,0.0,31200000.0,14845700000.0,0.033,0.6,219700000.0,250900000.0,0.285,250900000.0,219700000.0,219700000.0,0.43,0.43,0.43,5160400000.0,5195975000.0,5160400000.0,5142160484.0,23.0,20.495,142400000.0,0.409,1.0,880600000.0,1.0,1530600000.0,0.0,16449700000.0,16639050000.0,0.0,15294500000.0,,,15520700000.0,,,6257660484.0,158900000.0,-29600000.0,26200000.0,36700000.0,-200300000.0,-418000000.0,377300000.0,459600000.0,199600000.0,0.0,146900000.0,146900000.0,146900000.0,0.0,0.0,0.167,660900000.0,219700000.0,0.0,1.395,1.213,42.598,41.791,260400000.0,0.0,17.97,7.106,7.106,0.0,998800000.0,880600000.0,880600000.0,0.0,0.007,0.028,0.013,0.249,22800000.0,498100000.0,1.0,348228185.0,348228185.0,,2.529,19150500000.0,0.0,72800000.0,0.0,54.994,
50,PBCT,MRT,2008-12-31,2008-12-31,2008-12-31,2021-08-06,-75400000.0,20167700000.0,20427200000.0,,,0.045,14.877,-50900000.0,1483900000.0,1483900000.0,0.0,137800000.0,,2.898,368400000.0,,,368400000.0,0.0,31700000.0,14269400000.0,0.033,0.583,204800000.0,236500000.0,0.259,236500000.0,204800000.0,204800000.0,0.41,0.41,0.41,5173800000.0,5210525000.0,5173800000.0,3561995808.0,17.0,15.061,174200000.0,0.501,1.0,913800000.0,1.0,1535800000.0,0.0,17516400000.0,16774275000.0,0.0,16309900000.0,,,14993900000.0,,,6200895808.0,-1900300000.0,-783500000.0,28400000.0,44000000.0,-194400000.0,-939100000.0,-1186300000.0,-357200000.0,225100000.0,0.0,137800000.0,137800000.0,137800000.0,0.0,0.0,0.151,709000000.0,204800000.0,0.0,1.422,1.199,44.999,43.488,262400000.0,0.0,17.83,6.786,6.786,0.0,1020900000.0,913800000.0,913800000.0,0.0,0.007,0.026,0.012,0.224,22100000.0,502900000.0,1.0,347778789.0,347778789.0,,2.628,18631900000.0,0.0,67000000.0,0.0,53.574,
51,PBCT,MRT,2008-09-30,2008-09-30,2008-09-30,2021-08-06,-15900000.0,20042000000.0,18773975000.0,,,0.046,15.101,-49700000.0,2971000000.0,2971000000.0,0.0,150100000.0,,2.826,332100000.0,,,332100000.0,0.0,28700000.0,14151800000.0,0.029,0.567,223200000.0,251900000.0,0.292,251900000.0,223200000.0,223200000.0,0.48,0.48,0.48,5238600000.0,5028425000.0,5238600000.0,4550798828.0,20.0,18.066,153800000.0,0.443,1.0,863700000.0,1.0,1536900000.0,0.0,15866200000.0,14928175000.0,0.0,14604300000.0,,,14803400000.0,,,6677998828.0,546700000.0,-762800000.0,-98700000.0,8000000.0,-182400000.0,-1133000000.0,1476200000.0,2283900000.0,203500000.0,0.0,150100000.0,150100000.0,150100000.0,-300000.0,0.0,0.174,640800000.0,222900000.0,0.0,1.181,1.275,44.49,40.104,265600000.0,0.0,19.25,7.732,7.732,0.0,1037600000.0,863700000.0,863700000.0,0.0,0.008,0.03,0.015,0.258,20800000.0,482600000.0,1.0,346909030.0,346909030.0,,2.49,18505100000.0,0.0,73100000.0,0.0,53.343,
52,PBCT,MRT,2008-06-30,2008-06-30,2008-06-30,2021-08-06,-17300000.0,20392400000.0,17151100000.0,,,0.048,15.062,-48300000.0,2450800000.0,2450800000.0,0.0,161700000.0,,2.913,323600000.0,,,323600000.0,0.0,25500000.0,14531500000.0,0.035,0.55,241500000.0,267000000.0,0.326,267000000.0,241500000.0,241500000.0,0.54,0.54,0.54,5211100000.0,4852200000.0,5211100000.0,2817045537.0,12.0,10.551,147000000.0,0.425,1.0,818500000.0,1.0,1541300000.0,0.0,16723900000.0,13733450000.0,0.0,15480700000.0,,,15181300000.0,,,5397245537.0,-146800000.0,-762800000.0,-116500000.0,100000.0,-171100000.0,-1076500000.0,734400000.0,1540600000.0,195300000.0,0.0,161700000.0,161700000.0,161700000.0,-600000.0,0.0,0.198,577600000.0,240900000.0,0.0,1.019,1.036,33.378,28.889,267200000.0,0.0,15.6,6.594,6.594,0.0,1041800000.0,818500000.0,818500000.0,0.0,0.009,0.033,0.018,0.295,19200000.0,429400000.0,1.0,345977278.0,345977278.0,,2.366,18851100000.0,0.0,79800000.0,0.0,54.487,
53,PBCT,MRT,2008-03-31,2008-03-31,2008-03-31,2021-08-06,-4000000.0,21106700000.0,15508425000.0,,,0.049,15.109,-57100000.0,2908000000.0,2908000000.0,0.0,132200000.0,,3.045,327800000.0,,,327800000.0,0.0,22100000.0,15159800000.0,0.031,0.533,196800000.0,218900000.0,0.286,218900000.0,196800000.0,196800000.0,0.46,0.46,0.46,5218600000.0,4675325000.0,5218600000.0,2660097784.0,14.0,12.152,134200000.0,0.389,1.0,766200000.0,1.0,1535900000.0,0.0,16990600000.0,12348700000.0,0.0,15686400000.0,,,15888100000.0,,,5978897784.0,1353700000.0,-762800000.0,2995900000.0,-3100000.0,-159900000.0,1803600000.0,-641200000.0,176800000.0,191300000.0,0.0,132200000.0,132200000.0,132200000.0,-1000000.0,0.0,0.173,570400000.0,195800000.0,0.0,1.159,1.146,45.226,37.63,269100000.0,0.0,17.31,7.803,7.803,0.0,1049000000.0,766200000.0,766200000.0,0.0,0.009,0.028,0.016,0.257,13300000.0,375900000.0,1.0,345401374.0,345401374.0,,2.218,19570800000.0,0.0,64600000.0,0.0,56.661,
54,PBCT,MRT,2007-12-31,2007-12-31,2007-12-31,2021-08-06,-18600000.0,13554800000.0,13132350000.0,,,0.051,14.954,-63500000.0,3384200000.0,3384200000.0,0.0,150700000.0,,2.049,65400000.0,,,65400000.0,0.0,18400000.0,8880600000.0,0.029,0.519,226200000.0,244600000.0,0.368,244600000.0,226200000.0,226200000.0,0.52,0.52,0.52,4445400000.0,3710375000.0,4445400000.0,2932391991.0,13.0,11.989,117800000.0,0.396,1.0,664000000.0,1.0,104000000.0,0.0,10132000000.0,10605150000.0,0.0,9366500000.0,,,9109400000.0,,,5291391991.0,2815500000.0,0.0,2995500000.0,-4100000.0,-131100000.0,2666400000.0,-32200000.0,31200000.0,181300000.0,0.0,150700000.0,150700000.0,150700000.0,-1500000.0,0.0,0.227,439300000.0,224700000.0,0.0,0.998,1.19,35.112,34.231,156800000.0,0.0,17.8,7.969,7.969,0.0,1079600000.0,664000000.0,664000000.0,0.0,0.011,0.041,0.021,0.341,8000000.0,311500000.0,1.0,297269213.0,297269213.0,,2.234,13450800000.0,0.0,75500000.0,0.0,45.248,
55,PBCT,MRT,2007-09-30,2007-09-30,2007-09-30,2021-08-06,-41400000.0,13550500000.0,12415375000.0,,,0.051,15.068,-58000000.0,2424300000.0,2424300000.0,0.0,144000000.0,,1.989,65300000.0,,,65300000.0,0.0,18200000.0,8781800000.0,0.029,0.505,212700000.0,230900000.0,0.363,230900000.0,212700000.0,212700000.0,0.5,0.49,0.5,4533700000.0,2933900000.0,4533700000.0,2666884316.0,13.0,11.55,81400000.0,0.271,1.0,635800000.0,1.0,104200000.0,0.0,11087300000.0,10592800000.0,0.0,10357800000.0,,,9016800000.0,,,5199184316.0,1888900000.0,0.0,3123000000.0,-57100000.0,-108400000.0,2768800000.0,-1019300000.0,-937100000.0,139400000.0,0.0,144000000.0,144000000.0,144000000.0,-1800000.0,0.0,0.226,424900000.0,210900000.0,0.0,1.01,1.147,36.105,34.56,151400000.0,0.0,17.28,8.177,8.177,0.0,1073700000.0,635800000.0,635800000.0,0.0,0.012,0.049,0.02,0.335,7500000.0,298400000.0,1.0,300878722.0,300878722.0,,2.113,13446300000.0,0.0,68700000.0,0.0,44.69,
56,PBCT,MRT,2007-06-30,2007-06-30,2007-06-30,2021-08-06,-49100000.0,13821700000.0,11680775000.0,,,0.048,14.97,-53600000.0,2597600000.0,2597600000.0,0.0,103400000.0,,2.069,65300000.0,,,65300000.0,0.0,18300000.0,9090900000.0,0.028,0.49,151500000.0,169800000.0,0.3,169800000.0,151500000.0,151500000.0,0.36,0.35,0.36,4503600000.0,2138325000.0,4503600000.0,3852548949.0,25.0,22.689,-20700000.0,-0.069,1.0,566400000.0,1.0,104500000.0,0.0,11184900000.0,10344425000.0,0.0,10461600000.0,,,9318100000.0,,,5333748949.0,2151800000.0,0.0,3121700000.0,-264500000.0,-85200000.0,2667800000.0,-548900000.0,-495500000.0,32900000.0,0.0,103400000.0,103400000.0,103400000.0,-1600000.0,0.0,0.183,416500000.0,149900000.0,0.0,1.361,1.184,51.584,49.25,147400000.0,0.0,17.73,9.417,9.417,0.0,1055200000.0,566400000.0,566400000.0,0.0,0.009,0.048,0.015,0.267,3700000.0,294900000.0,1.0,300831864.0,300831864.0,,1.883,13717200000.0,0.0,48100000.0,0.0,45.598,
57,PBCT,MRT,2007-03-31,2007-03-31,2007-03-31,2021-08-06,-46400000.0,11602400000.0,,,,,4.517,-43000000.0,1554300000.0,1554300000.0,0.0,122800000.0,,7.539,73100000.0,,,73100000.0,0.0,18400000.0,9967600000.0,0.023,0.476,180300000.0,198700000.0,0.378,198700000.0,180300000.0,180300000.0,0.42,0.41,0.42,1358800000.0,,1358800000.0,5947445099.0,33.0,29.932,20300000.0,0.067,1.0,525800000.0,1.0,104800000.0,0.0,10016400000.0,,0.0,9308300000.0,,,10243600000.0,,,6360445099.0,1118900000.0,0.0,5100000.0,-286700000.0,-61900000.0,371700000.0,683900000.0,726600000.0,63300000.0,0.0,122800000.0,122800000.0,122800000.0,-1900000.0,0.0,0.234,347400000.0,178400000.0,0.0,1.133,4.681,51.795,50.34,143200000.0,0.0,21.143,12.097,12.097,0.0,1080500000.0,525800000.0,525800000.0,0.0,,,,0.343,3700000.0,289500000.0,1.0,300831863.0,300831863.0,,1.748,11497600000.0,0.0,57500000.0,0.0,38.219,
58,PBCT,MRT,2006-12-31,2006-12-31,2006-12-31,2021-08-06,-48000000.0,10686900000.0,10809700000.0,,,0.049,4.453,-36900000.0,568700000.0,568700000.0,0.0,124000000.0,,6.978,69400000.0,,,69400000.0,0.0,19000000.0,9082600000.0,0.022,0.462,181800000.0,200800000.0,0.381,200800000.0,181800000.0,181800000.0,0.42,0.41,0.42,1339500000.0,1314050000.0,1339500000.0,,,,25200000.0,0.084,1.0,526400000.0,1.0,105000000.0,0.0,10082600000.0,10444500000.0,0.0,9375200000.0,,,9347400000.0,,,6391960818.0,145200000.0,0.0,5600000.0,-334300000.0,-60000000.0,-388700000.0,471800000.0,558300000.0,62100000.0,0.0,124000000.0,124000000.0,124000000.0,-2300000.0,0.0,0.236,346900000.0,179500000.0,0.0,1.1,4.772,51.548,50.59,136800000.0,0.0,21.248,12.143,12.143,0.0,1062400000.0,526400000.0,526400000.0,0.0,0.011,0.094,0.017,0.345,3700000.0,289400000.0,1.0,300831863.0,300831863.0,,1.75,10581900000.0,0.0,57800000.0,0.0,35.175,
59,PBCT,MRT,2006-09-30,2006-09-30,2006-09-30,2021-08-06,-7100000.0,10612100000.0,,,,,4.492,-30500000.0,535400000.0,535400000.0,0.0,119900000.0,,6.853,122400000.0,,,122400000.0,0.0,19400000.0,8978600000.0,0.024,0.448,177300000.0,196700000.0,0.374,196700000.0,177300000.0,177300000.0,0.527,0.527,0.527,1351400000.0,,1351400000.0,,,,54500000.0,0.181,1.0,526600000.0,1.0,105300000.0,0.0,10093800000.0,,0.0,9312800000.0,,,9260700000.0,,,5674261945.0,80800000.0,-51000000.0,5300000.0,-270600000.0,-58000000.0,-370000000.0,365800000.0,472600000.0,85000000.0,0.0,119900000.0,119900000.0,119900000.0,-2600000.0,0.0,0.228,351900000.0,174700000.0,0.0,0.85,4.199,47.325,35.791,134100000.0,0.0,18.862,10.775,10.775,0.0,1038600000.0,526600000.0,526600000.0,0.0,,,,0.337,0.0,266400000.0,1.0,300831863.0,300831863.0,,1.75,10506800000.0,0.0,57400000.0,0.0,34.926,
60,PBCT,MRT,2006-06-30,2006-06-30,2006-06-30,2021-08-06,,,,,,,,,,,,,,,,,,,,,,0.028,0.433,,,,,,,,,,,,,,,,,,1.0,,,,,,,,,,,,,,,,,,,,,,,,,,,,,,,,,,,,,,,,15.643,,,,,,,,,,,,,,1.0,,,,,,,,,,
61,PBCT,MRT,2006-03-31,2006-03-31,2006-03-31,2021-08-06,,,,,,,,,,,,,,,,,,,,,,0.027,0.419,,,,,,,,,,,,,,,,,,1.0,,,,,,,,,,,,,,,,,,,,,,,,,,,,,,,,,,,,,,,,15.595,,,,,,,,,,,,,,1.0,,,,,,,,,,
62,PBCT,MRT,2005-12-31,2005-12-31,2005-12-31,2021-08-06,-23400000.0,10932500000.0,10825200000.0,,,0.049,,-22100000.0,423500000.0,423500000.0,0.0,137100000.0,,7.484,403500000.0,,,403500000.0,0.0,19700000.0,9082600000.0,0.027,0.406,201200000.0,220900000.0,0.413,220900000.0,201200000.0,201200000.0,0.46,0.46,0.46,1288600000.0,1244200000.0,1288600000.0,,,,82500000.0,,1.0,534400000.0,1.0,106100000.0,0.0,10806400000.0,10771900000.0,0.0,9885900000.0,,,9643900000.0,,,,90300000.0,-51000000.0,15300000.0,-59400000.0,-52400000.0,184800000.0,-199100000.0,24000000.0,104600000.0,0.0,137100000.0,137100000.0,137100000.0,-11200000.0,0.0,0.257,344400000.0,190000000.0,0.0,0.883,,,32.153,140100000.0,0.0,14.79,,,0.0,998400000.0,534400000.0,534400000.0,0.0,0.013,0.11,0.019,0.376,0.0,257900000.0,1.0,,,,,10826400000.0,0.0,64100000.0,0.0,,
63,PBCT,MRT,2004-12-31,2004-12-31,2004-12-31,2021-08-06,-12200000.0,10717900000.0,,,,,,-22100000.0,333200000.0,333200000.0,0.0,199700000.0,,7.933,462600000.0,,,462600000.0,0.0,22900000.0,8862000000.0,0.029,0.359,191100000.0,214000000.0,0.46,214000000.0,191100000.0,191100000.0,0.681,0.676,0.681,1199800000.0,,1199800000.0,,,,298700000.0,,1.0,465500000.0,1.0,109900000.0,0.0,10737400000.0,,0.0,9932100000.0,,,9518100000.0,,,,-81700000.0,0.0,19200000.0,-1307800000.0,-45800000.0,-1186400000.0,-501300000.0,-479200000.0,320800000.0,0.0,199700000.0,199700000.0,199700000.0,-205300000.0,0.0,0.429,479700000.0,-14200000.0,0.0,0.527,,,18.129,140800000.0,0.0,12.346,,,0.0,913700000.0,465500000.0,465500000.0,0.0,,,,0.411,0.0,263600000.0,1.0,,,,,10608000000.0,0.0,-8600000.0,0.0,,
64,PBCT,MRT,2003-12-31,2003-12-31,2003-12-31,2021-08-06,,,,,,,,-12500000.0,,,0.0,63800000.0,,,,,,,,29500000.0,,0.047,0.324,86300000.0,115800000.0,0.269,115800000.0,86300000.0,86300000.0,0.219,0.219,0.219,,,,,,,-4800000.0,,1.0,431200000.0,1.0,,0.0,,,,,,,,,,,-306100000.0,0.0,6000000.0,-921100000.0,-40600000.0,-667800000.0,354000000.0,366500000.0,7700000.0,0.0,63800000.0,63800000.0,63800000.0,-1100000.0,0.0,0.148,346000000.0,85200000.0,,1.479,,,31.456,,0.0,6.889,,,,,431200000.0,431200000.0,0.0,,,,0.2,0.0,262000000.0,1.0,,,,,,,22500000.0,,,
