None,ticker,dimension,calendardate,datekey,reportperiod,lastupdated,accoci,assets,assetsavg,assetsc,assetsnc,assetturnover,bvps,capex,cashneq,cashnequsd,cor,consolinc,currentratio,de,debt,debtc,debtnc,debtusd,deferredrev,depamor,deposits,divyield,dps,ebit,ebitda,ebitdamargin,ebitdausd,ebitusd,ebt,eps,epsdil,epsusd,equity,equityavg,equityusd,ev,evebit,evebitda,fcf,fcfps,fxusd,gp,grossmargin,intangibles,intexp,invcap,invcapavg,inventory,investments,investmentsc,investmentsnc,liabilities,liabilitiesc,liabilitiesnc,marketcap,ncf,ncfbus,ncfcommon,ncfdebt,ncfdiv,ncff,ncfi,ncfinv,ncfo,ncfx,netinc,netinccmn,netinccmnusd,netincdis,netincnci,netmargin,opex,opinc,payables,payoutratio,pb,pe,pe1,ppnenet,prefdivis,price,ps,ps1,receivables,retearn,revenue,revenueusd,rnd,roa,roe,roic,ros,sbcomp,sgna,sharefactor,sharesbas,shareswa,shareswadil,sps,tangibles,taxassets,taxexp,taxliabilities,tbvps,workingcapital
0,MMM,MRY,2020-12-31,2020-12-31,2020-12-31,2021-09-07,-7721000000.0,47344000000.0,46006250000.0,14982000000.0,32362000000.0,0.7,22.277,-1373000000.0,4634000000.0,4634000000.0,16605000000.0,5388000000.0,1.885,2.675,19660000000.0,1062000000.0,18598000000.0,19660000000.0,0.0,1911000000.0,0.0,0.034,5.88,6702000000.0,8613000000.0,0.268,8613000000.0,6702000000.0,6702000000.0,9.32,9.25,9.32,12867000000.0,11437750000.0,12867000000.0,117156696056.0,17.0,13.602,6740000000.0,11.669,1.0,15579000000.0,0.484,19637000000.0,0.0,34785000000.0,35526000000.0,4239000000.0,404000000.0,404000000.0,0.0,34413000000.0,7948000000.0,26465000000.0,100822696056.0,2281000000.0,551000000.0,61000000.0,-1875000000.0,-3388000000.0,-5300000000.0,-580000000.0,232000000.0,8113000000.0,48000000.0,5384000000.0,5384000000.0,5384000000.0,0.0,4000000.0,0.167,8418000000.0,7161000000.0,2561000000.0,0.631,7.836,18.726,18.754,10285000000.0,0.0,174.79,3.133,3.137,4705000000.0,43821000000.0,32184000000.0,32184000000.0,1878000000.0,0.117,0.471,0.189,0.208,262000000.0,6929000000.0,1.0,576821878.0,577600000,582200000.0,55.72,27707000000.0,0.0,1318000000.0,300000000.0,47.969,7034000000.0
1,MMM,MRY,2019-12-31,2019-12-31,2019-12-31,2021-09-07,-8139000000.0,44659000000.0,41329500000.0,12971000000.0,31688000000.0,0.778,17.44,-1576000000.0,2353000000.0,2353000000.0,17136000000.0,4582000000.0,1.407,3.432,21167000000.0,3042000000.0,18125000000.0,21167000000.0,0.0,1593000000.0,0.0,0.033,5.76,5700000000.0,7293000000.0,0.227,7293000000.0,5700000000.0,5700000000.0,7.92,7.81,7.92,10063000000.0,10137750000.0,10063000000.0,113983436555.0,20.0,15.629,5494000000.0,9.522,1.0,15000000000.0,0.467,19823000000.0,0.0,34428000000.0,33249250000.0,4134000000.0,98000000.0,98000000.0,0.0,34533000000.0,9222000000.0,25311000000.0,101450436555.0,-500000000.0,-4748000000.0,-860000000.0,3249000000.0,-3316000000.0,-1124000000.0,-6444000000.0,-192000000.0,7070000000.0,-2000000.0,4570000000.0,4570000000.0,4570000000.0,0.0,12000000.0,0.142,8826000000.0,6174000000.0,2228000000.0,0.727,10.082,22.199,22.275,10191000000.0,0.0,176.42,3.157,3.168,4791000000.0,42135000000.0,32136000000.0,32136000000.0,1911000000.0,0.111,0.451,0.171,0.177,278000000.0,7029000000.0,1.0,575050655.0,577000000,585100000.0,55.695,24836000000.0,0.0,1130000000.0,194000000.0,43.043,3749000000.0
2,MMM,MRY,2018-12-31,2018-12-31,2018-12-31,2021-09-07,-6866000000.0,36500000000.0,37282000000.0,13709000000.0,22791000000.0,0.879,16.646,-1315000000.0,2853000000.0,2853000000.0,16682000000.0,5363000000.0,1.892,2.721,14622000000.0,1211000000.0,13411000000.0,14622000000.0,0.0,1488000000.0,0.0,0.029,5.44,6986000000.0,8474000000.0,0.259,8474000000.0,6986000000.0,6986000000.0,9.09,8.89,9.09,9796000000.0,10346500000.0,9796000000.0,122609990703.0,18.0,14.469,5124000000.0,8.707,1.0,16083000000.0,0.491,12708000000.0,0.0,28317000000.0,28024500000.0,4366000000.0,380000000.0,380000000.0,0.0,26652000000.0,7244000000.0,19408000000.0,110948990703.0,-200000000.0,859000000.0,-4385000000.0,933000000.0,-3193000000.0,-6701000000.0,222000000.0,669000000.0,6439000000.0,-160000000.0,5349000000.0,5349000000.0,5349000000.0,0.0,14000000.0,0.163,8876000000.0,7207000000.0,2266000000.0,0.598,11.326,20.742,20.961,8738000000.0,0.0,190.54,3.386,3.422,5020000000.0,40636000000.0,32765000000.0,32765000000.0,1821000000.0,0.143,0.517,0.249,0.213,302000000.0,7602000000.0,1.0,582287135.0,588500000,602000000.0,55.675,23792000000.0,0.0,1637000000.0,243000000.0,40.428,6465000000.0
3,MMM,MRY,2017-12-31,2017-12-31,2017-12-31,2021-09-07,-7026000000.0,37987000000.0,35118250000.0,14277000000.0,23710000000.0,0.901,19.352,-1324000000.0,3053000000.0,3053000000.0,16055000000.0,4869000000.0,1.857,2.28,13949000000.0,1853000000.0,12096000000.0,13949000000.0,0.0,1544000000.0,0.0,0.02,4.7,7537000000.0,9081000000.0,0.287,9081000000.0,7537000000.0,7537000000.0,8.13,7.93,8.13,11563000000.0,11572250000.0,11563000000.0,149020280380.0,20.0,16.41,4916000000.0,8.228,1.0,15602000000.0,0.493,13449000000.0,0.0,27747000000.0,26182750000.0,4034000000.0,1076000000.0,1076000000.0,0.0,26365000000.0,7687000000.0,18678000000.0,140188280380.0,655000000.0,-958000000.0,-1334000000.0,1603000000.0,-2803000000.0,-2655000000.0,-3086000000.0,-798000000.0,6240000000.0,156000000.0,4858000000.0,4858000000.0,4858000000.0,0.0,11000000.0,0.153,7910000000.0,7692000000.0,1945000000.0,0.578,12.124,28.857,28.951,8866000000.0,0.0,235.37,4.428,4.442,4911000000.0,39115000000.0,31657000000.0,31657000000.0,1870000000.0,0.138,0.42,0.288,0.238,324000000.0,6626000000.0,1.0,595608108.0,597500000,612700000.0,52.982,24538000000.0,0.0,2679000000.0,310000000.0,41.068,6590000000.0
4,MMM,MRY,2016-12-31,2016-12-31,2016-12-31,2021-09-07,-7245000000.0,32906000000.0,33293500000.0,11726000000.0,21180000000.0,0.904,17.03,-1362000000.0,2398000000.0,2398000000.0,15118000000.0,5058000000.0,1.886,2.191,11650000000.0,972000000.0,10678000000.0,11650000000.0,0.0,1474000000.0,0.0,0.025,4.44,7045000000.0,8519000000.0,0.283,8519000000.0,7045000000.0,7045000000.0,8.35,8.16,8.35,10298000000.0,11481750000.0,10298000000.0,117456855227.0,17.0,13.788,5300000000.0,8.765,1.0,14991000000.0,0.498,11486000000.0,0.0,24453000000.0,24548500000.0,3385000000.0,280000000.0,280000000.0,0.0,22563000000.0,6219000000.0,16344000000.0,107403855227.0,600000000.0,126000000.0,-2949000000.0,1043000000.0,-2678000000.0,-4626000000.0,-1403000000.0,-163000000.0,6662000000.0,-33000000.0,5050000000.0,5050000000.0,5050000000.0,0.0,8000000.0,0.168,7964000000.0,7027000000.0,1798000000.0,0.532,10.43,21.268,21.386,8516000000.0,0.0,178.57,3.567,3.586,4392000000.0,37907000000.0,30109000000.0,30109000000.0,1764000000.0,0.152,0.44,0.287,0.234,298000000.0,6311000000.0,1.0,601466401.0,604700000,618700000.0,49.792,21420000000.0,0.0,1995000000.0,299000000.0,35.423,5507000000.0
5,MMM,MRY,2015-12-31,2015-12-31,2015-12-31,2021-09-07,-6359000000.0,32883000000.0,32043000000.0,10986000000.0,21897000000.0,0.945,18.269,-1428000000.0,1798000000.0,1798000000.0,15383000000.0,4841000000.0,1.543,1.874,10797000000.0,2044000000.0,8753000000.0,10797000000.0,0.0,1435000000.0,0.0,0.027,4.1,6815000000.0,8250000000.0,0.273,8250000000.0,6815000000.0,6815000000.0,7.72,7.58,7.72,11429000000.0,12656250000.0,11429000000.0,102398996830.0,15.0,12.412,4992000000.0,7.98,1.0,14891000000.0,0.492,11850000000.0,0.0,22914000000.0,23080000000.0,3518000000.0,244000000.0,118000000.0,126000000.0,21415000000.0,7118000000.0,14297000000.0,92750996830.0,-99000000.0,-2791000000.0,-4603000000.0,3482000000.0,-2561000000.0,-3648000000.0,-2817000000.0,1300000000.0,6420000000.0,-54000000.0,4833000000.0,4833000000.0,4833000000.0,0.0,8000000.0,0.16,7945000000.0,6946000000.0,1694000000.0,0.531,8.115,19.191,19.513,8515000000.0,0.0,150.64,3.064,3.113,4154000000.0,36296000000.0,30274000000.0,30274000000.0,1763000000.0,0.151,0.382,0.295,0.225,122000000.0,6229000000.0,1.0,615712937.0,625600000,637200000.0,48.392,21033000000.0,0.0,1982000000.0,332000000.0,33.621,3868000000.0
6,MMM,MRY,2014-12-31,2014-12-31,2014-12-31,2021-09-07,-6289000000.0,31209000000.0,32875500000.0,12303000000.0,18906000000.0,0.968,20.193,-1358000000.0,1897000000.0,1897000000.0,16447000000.0,4998000000.0,2.063,1.378,6811000000.0,106000000.0,6705000000.0,6811000000.0,0.0,1408000000.0,0.0,0.021,3.42,7126000000.0,8534000000.0,0.268,8534000000.0,7126000000.0,6984000000.0,7.63,7.49,7.63,13109000000.0,16021000000.0,13109000000.0,110714352117.0,16.0,12.973,5268000000.0,8.115,1.0,15374000000.0,0.483,8485000000.0,142000000.0,21674000000.0,21979000000.0,3706000000.0,1556000000.0,1439000000.0,117000000.0,18067000000.0,5964000000.0,12103000000.0,105299352117.0,-684000000.0,-94000000.0,-4684000000.0,1010000000.0,-2216000000.0,-6603000000.0,-596000000.0,754000000.0,6626000000.0,-111000000.0,4956000000.0,4956000000.0,4956000000.0,0.0,42000000.0,0.156,8239000000.0,7135000000.0,1807000000.0,0.448,8.033,21.247,21.536,8489000000.0,0.0,164.32,3.309,3.352,4238000000.0,34317000000.0,31821000000.0,31821000000.0,1770000000.0,0.151,0.309,0.324,0.224,113000000.0,6469000000.0,1.0,640818842.0,649200000,662000000.0,49.016,22724000000.0,0.0,2028000000.0,435000000.0,35.003,6339000000.0
7,MMM,MRY,2013-12-31,2013-12-31,2013-12-31,2021-09-07,-3913000000.0,33550000000.0,33828250000.0,12733000000.0,20817000000.0,0.913,25.667,-1537000000.0,2581000000.0,2581000000.0,16106000000.0,4721000000.0,1.698,0.891,6009000000.0,1683000000.0,4326000000.0,6009000000.0,0.0,1371000000.0,0.0,0.018,2.54,6645000000.0,8016000000.0,0.26,8016000000.0,6645000000.0,6500000000.0,6.83,6.72,6.83,17502000000.0,17814000000.0,17502000000.0,97863072480.0,15.0,12.208,4280000000.0,6.277,1.0,14765000000.0,0.478,9033000000.0,145000000.0,20447000000.0,21189250000.0,3864000000.0,2331000000.0,756000000.0,1575000000.0,15602000000.0,7498000000.0,8104000000.0,94426072480.0,-302000000.0,8000000.0,-3603000000.0,-37000000.0,-1730000000.0,-5246000000.0,-856000000.0,627000000.0,5817000000.0,-17000000.0,4659000000.0,4659000000.0,4659000000.0,0.0,62000000.0,0.151,8099000000.0,6666000000.0,1799000000.0,0.372,5.395,20.267,20.534,8652000000.0,0.0,140.25,3.059,3.098,4253000000.0,32416000000.0,30871000000.0,30871000000.0,1715000000.0,0.138,0.262,0.314,0.215,148000000.0,6384000000.0,1.0,673269679.0,681900000,693600000.0,45.272,24517000000.0,0.0,1841000000.0,417000000.0,35.954,5235000000.0
8,MMM,MRY,2012-12-31,2012-12-31,2012-12-31,2021-09-07,-4750000000.0,33876000000.0,33427250000.0,13630000000.0,20246000000.0,0.895,25.328,-1443000000.0,2883000000.0,2883000000.0,15685000000.0,4511000000.0,2.198,0.901,6001000000.0,1085000000.0,4916000000.0,6001000000.0,0.0,1288000000.0,0.0,0.025,2.36,6455000000.0,7743000000.0,0.259,7743000000.0,6455000000.0,6284000000.0,6.4,6.32,6.4,17575000000.0,16951750000.0,17575000000.0,67574819162.0,10.0,8.727,3857000000.0,5.558,1.0,14219000000.0,0.475,9310000000.0,171000000.0,21484000000.0,21462000000.0,3837000000.0,2973000000.0,1648000000.0,1325000000.0,15836000000.0,6200000000.0,9636000000.0,64245819162.0,664000000.0,-1046000000.0,-1192000000.0,722000000.0,-1635000000.0,-2058000000.0,-2686000000.0,-211000000.0,5300000000.0,108000000.0,4444000000.0,4444000000.0,4444000000.0,0.0,67000000.0,0.149,7736000000.0,6483000000.0,1762000000.0,0.369,3.656,14.457,14.508,8378000000.0,0.0,92.85,2.148,2.155,4061000000.0,30679000000.0,29904000000.0,29904000000.0,1634000000.0,0.133,0.262,0.301,0.216,161000000.0,6102000000.0,1.0,691931278.0,693900000,703300000.0,43.096,24566000000.0,0.0,1840000000.0,371000000.0,35.403,7430000000.0
9,MMM,MRY,2011-12-31,2011-12-31,2011-12-31,2021-09-07,-5025000000.0,31616000000.0,31785500000.0,12240000000.0,19376000000.0,0.932,21.764,-1324000000.0,2219000000.0,2219000000.0,15693000000.0,4357000000.0,2.25,1.022,5166000000.0,682000000.0,4484000000.0,5166000000.0,0.0,1236000000.0,0.0,0.027,2.2,6143000000.0,7379000000.0,0.249,7379000000.0,6143000000.0,5957000000.0,6.05,5.96,6.05,15420000000.0,16553000000.0,15420000000.0,60063035778.0,10.0,8.14,3960000000.0,5.589,1.0,13918000000.0,0.47,8963000000.0,186000000.0,20159000000.0,19455250000.0,3416000000.0,2512000000.0,1461000000.0,1051000000.0,15754000000.0,5441000000.0,10313000000.0,57280035778.0,-1158000000.0,-649000000.0,-1799000000.0,-307000000.0,-1555000000.0,-3675000000.0,-2718000000.0,-745000000.0,5284000000.0,-49000000.0,4283000000.0,4283000000.0,4283000000.0,0.0,74000000.0,0.145,7740000000.0,6178000000.0,1643000000.0,0.364,3.715,13.374,13.509,7666000000.0,0.0,81.73,1.934,1.956,3867000000.0,28348000000.0,29611000000.0,29611000000.0,1570000000.0,0.135,0.259,0.316,0.207,200000000.0,6170000000.0,1.0,700844681.0,708500000,719000000.0,41.794,22653000000.0,0.0,1674000000.0,355000000.0,31.973,6799000000.0
10,MMM,MRY,2010-12-31,2010-12-31,2010-12-31,2021-09-07,-3543000000.0,30156000000.0,29184750000.0,12215000000.0,17941000000.0,0.914,21.946,-1066000000.0,3377000000.0,3377000000.0,13831000000.0,4163000000.0,2.006,0.903,5452000000.0,1269000000.0,4183000000.0,5452000000.0,0.0,1120000000.0,0.0,0.024,2.1,5878000000.0,6998000000.0,0.262,6998000000.0,5878000000.0,5677000000.0,5.72,5.63,5.72,15663000000.0,14676000000.0,15663000000.0,62984338863.0,11.0,9.0,4108000000.0,5.756,1.0,12831000000.0,0.481,8640000000.0,201000000.0,17502000000.0,18473750000.0,3155000000.0,1787000000.0,1101000000.0,686000000.0,14139000000.0,6089000000.0,8050000000.0,61692338863.0,337000000.0,-1830000000.0,-188000000.0,-472000000.0,-1500000000.0,-2184000000.0,-2626000000.0,273000000.0,5174000000.0,-27000000.0,4085000000.0,4085000000.0,4085000000.0,0.0,78000000.0,0.153,6913000000.0,5918000000.0,1662000000.0,0.367,3.939,15.102,15.087,7279000000.0,0.0,86.3,2.314,2.31,3615000000.0,25995000000.0,26662000000.0,26662000000.0,1434000000.0,0.14,0.278,0.318,0.22,221000000.0,5479000000.0,1.0,714859083.0,713700000,725500000.0,37.357,21516000000.0,0.0,1592000000.0,358000000.0,30.147,6126000000.0
11,MMM,MRY,2009-12-31,2009-12-31,2009-12-31,2021-09-07,-3754000000.0,27250000000.0,26329000000.0,10795000000.0,16455000000.0,0.878,18.221,-829000000.0,3040000000.0,3040000000.0,12109000000.0,3244000000.0,2.204,1.093,5710000000.0,613000000.0,5097000000.0,5710000000.0,0.0,1157000000.0,0.0,0.025,2.04,4800000000.0,5957000000.0,0.258,5957000000.0,4800000000.0,4581000000.0,4.56,4.52,4.56,12764000000.0,11416000000.0,12764000000.0,61412910016.0,13.0,10.309,4112000000.0,5.87,1.0,11014000000.0,0.476,7174000000.0,219000000.0,17849000000.0,17391750000.0,2639000000.0,1672000000.0,744000000.0,928000000.0,13948000000.0,4897000000.0,9051000000.0,58526910016.0,1191000000.0,-69000000.0,414000000.0,-1014000000.0,-1431000000.0,-2014000000.0,-1732000000.0,-839000000.0,4941000000.0,-4000000.0,3193000000.0,3193000000.0,3193000000.0,0.0,51000000.0,0.138,6200000000.0,4814000000.0,1453000000.0,0.447,4.585,18.33,18.129,7000000000.0,0.0,82.67,2.531,2.504,3250000000.0,23753000000.0,23123000000.0,23123000000.0,1293000000.0,0.121,0.28,0.276,0.208,203000000.0,4907000000.0,1.0,707958268.0,700500000,706700000.0,33.009,20076000000.0,0.0,1388000000.0,252000000.0,28.66,5898000000.0
12,MMM,MRY,2008-12-31,2008-12-31,2008-12-31,2021-09-07,-3646000000.0,25793000000.0,26882250000.0,9598000000.0,16195000000.0,0.94,14.13,-1384000000.0,1849000000.0,1849000000.0,13379000000.0,3520000000.0,1.644,1.568,6718000000.0,1552000000.0,5166000000.0,6718000000.0,0.0,1153000000.0,0.0,0.035,2.0,5263000000.0,6416000000.0,0.254,6416000000.0,5263000000.0,5048000000.0,4.95,4.89,4.95,9880000000.0,11762750000.0,9880000000.0,44668632829.0,8.0,6.962,3149000000.0,4.504,1.0,11890000000.0,0.471,7151000000.0,215000000.0,17672000000.0,18067250000.0,3013000000.0,836000000.0,373000000.0,463000000.0,15489000000.0,5839000000.0,9650000000.0,39872632829.0,-47000000.0,-1306000000.0,-1342000000.0,1037000000.0,-1398000000.0,-1766000000.0,-2399000000.0,291000000.0,4533000000.0,-415000000.0,3460000000.0,3460000000.0,3460000000.0,0.0,60000000.0,0.137,6672000000.0,5218000000.0,1301000000.0,0.404,4.036,11.524,11.624,6886000000.0,0.0,57.54,1.578,1.592,3195000000.0,22227000000.0,25269000000.0,25269000000.0,1404000000.0,0.129,0.294,0.291,0.208,181000000.0,5245000000.0,1.0,692955037.0,699200000,707200000.0,36.14,18642000000.0,0.0,1588000000.0,350000000.0,26.662,3759000000.0
13,MMM,MRY,2007-12-31,2007-12-31,2007-12-31,2021-09-07,-747000000.0,24694000000.0,23651000000.0,9838000000.0,14856000000.0,1.034,16.354,-1319000000.0,1896000000.0,1896000000.0,12735000000.0,4151000000.0,1.835,1.102,4920000000.0,901000000.0,4019000000.0,4920000000.0,0.0,1072000000.0,0.0,0.023,1.92,6270000000.0,7342000000.0,0.3,7342000000.0,6270000000.0,6060000000.0,5.7,5.6,5.7,11747000000.0,10760750000.0,11747000000.0,63693467003.0,10.0,8.675,2927000000.0,4.075,1.0,11727000000.0,0.479,5390000000.0,210000000.0,16966000000.0,14857250000.0,2852000000.0,1357000000.0,579000000.0,778000000.0,12947000000.0,5362000000.0,7585000000.0,60139467003.0,449000000.0,358000000.0,-2443000000.0,1251000000.0,-1380000000.0,-2518000000.0,-1367000000.0,-406000000.0,4246000000.0,88000000.0,4096000000.0,4096000000.0,4096000000.0,0.0,55000000.0,0.167,5534000000.0,6193000000.0,1505000000.0,0.337,5.12,14.682,14.793,6582000000.0,0.0,84.32,2.458,2.476,3362000000.0,20316000000.0,24462000000.0,24462000000.0,1368000000.0,0.173,0.381,0.422,0.256,154000000.0,5015000000.0,1.0,713228973.0,718300000,732000000.0,34.055,19304000000.0,0.0,1964000000.0,543000000.0,26.875,4476000000.0
14,MMM,MRY,2006-12-31,2006-12-31,2006-12-31,2021-09-07,-1873000000.0,21294000000.0,21905750000.0,8946000000.0,12348000000.0,1.046,13.323,-1119000000.0,1447000000.0,1447000000.0,11713000000.0,3851000000.0,1.222,1.138,3553000000.0,2506000000.0,1047000000.0,3553000000.0,0.0,1079000000.0,0.0,0.024,1.84,5696000000.0,6775000000.0,0.296,6775000000.0,5696000000.0,5574000000.0,5.15,5.06,5.15,9959000000.0,10863250000.0,9959000000.0,60186011030.0,11.0,8.884,2720000000.0,3.639,1.0,11210000000.0,0.489,4790000000.0,122000000.0,11287000000.0,13394500000.0,2601000000.0,951000000.0,471000000.0,480000000.0,11335000000.0,7323000000.0,4012000000.0,57385011030.0,375000000.0,321000000.0,-1828000000.0,1135000000.0,-1376000000.0,-2061000000.0,-1460000000.0,-662000000.0,3839000000.0,57000000.0,3851000000.0,3851000000.0,3851000000.0,0.0,0.0,0.168,5514000000.0,5696000000.0,1402000000.0,0.357,5.762,14.901,15.132,5907000000.0,0.0,77.93,2.503,2.541,3102000000.0,17933000000.0,22923000000.0,22923000000.0,1522000000.0,0.176,0.354,0.425,0.248,140000000.0,5066000000.0,1.0,736366111.0,747500000,761000000.0,30.666,16504000000.0,0.0,1723000000.0,1134000000.0,22.079,1623000000.0
15,MMM,MRY,2005-12-31,2005-12-31,2005-12-31,2021-09-07,-411000000.0,20541000000.0,20554750000.0,7115000000.0,13426000000.0,1.03,13.59,-902000000.0,1072000000.0,1072000000.0,10408000000.0,3111000000.0,1.358,0.976,2381000000.0,1072000000.0,1309000000.0,2381000000.0,0.0,986000000.0,0.0,0.022,1.68,4820000000.0,5806000000.0,0.274,5806000000.0,4820000000.0,4738000000.0,4.07,3.98,4.07,10395000000.0,10258000000.0,10395000000.0,60316766115.0,13.0,10.389,3302000000.0,4.317,1.0,10759000000.0,0.508,4016000000.0,82000000.0,12596000000.0,11993750000.0,2162000000.0,272000000.0,0.0,272000000.0,10146000000.0,5238000000.0,4908000000.0,58894766115.0,-1685000000.0,-1293000000.0,-1832000000.0,-485000000.0,-1286000000.0,-3625000000.0,-2241000000.0,-46000000.0,4204000000.0,-23000000.0,3111000000.0,3111000000.0,3111000000.0,0.0,0.0,0.147,5905000000.0,4854000000.0,1256000000.0,0.413,5.666,18.931,19.042,5593000000.0,0.0,77.5,2.782,2.801,2838000000.0,15715000000.0,21167000000.0,21167000000.0,1274000000.0,0.151,0.303,0.402,0.228,101000000.0,4631000000.0,1.0,759932466.0,764900000,781300000.0,27.673,16525000000.0,0.0,1627000000.0,989000000.0,21.604,1877000000.0
16,MMM,MRY,2004-12-31,2004-12-31,2004-12-31,2021-09-07,132000000.0,20708000000.0,18778000000.0,8720000000.0,11988000000.0,1.066,13.297,-868000000.0,2757000000.0,2757000000.0,10002000000.0,2841000000.0,1.436,0.995,2821000000.0,2094000000.0,727000000.0,2821000000.0,0.0,999000000.0,0.0,0.018,1.44,4310000000.0,5309000000.0,0.265,5309000000.0,4310000000.0,4241000000.0,3.64,3.56,3.64,10378000000.0,8908000000.0,10378000000.0,64355267160.0,15.0,12.122,3360000000.0,4.305,1.0,10009000000.0,0.5,2932000000.0,69000000.0,11769000000.0,10888250000.0,1897000000.0,227000000.0,0.0,227000000.0,10330000000.0,6071000000.0,4259000000.0,63894267160.0,921000000.0,-73000000.0,-1283000000.0,-111000000.0,-1125000000.0,-2480000000.0,-938000000.0,3000000.0,4228000000.0,111000000.0,2841000000.0,2841000000.0,2841000000.0,0.0,0.0,0.142,5683000000.0,4326000000.0,1168000000.0,0.396,6.157,22.49,22.547,5711000000.0,0.0,82.07,3.193,3.201,2792000000.0,15649000000.0,20011000000.0,20011000000.0,1246000000.0,0.151,0.319,0.396,0.215,198000000.0,4437000000.0,1.0,778533778.0,780500000,797300000.0,25.639,17776000000.0,0.0,1400000000.0,867000000.0,22.775,2649000000.0
17,MMM,MRY,2003-12-31,2003-12-31,2003-12-31,2021-09-07,-1554000000.0,17600000000.0,16702000000.0,7720000000.0,9880000000.0,1.092,10.073,-548000000.0,1836000000.0,1836000000.0,9285000000.0,2403000000.0,1.519,1.232,2937000000.0,1202000000.0,1735000000.0,2937000000.0,0.0,964000000.0,0.0,0.016,1.32,3689000000.0,4653000000.0,0.255,4653000000.0,3689000000.0,3605000000.0,3.07,3.02,3.07,7885000000.0,7166000000.0,7885000000.0,68452604296.0,19.0,14.711,3225000000.0,4.12,1.0,8947000000.0,0.491,2693000000.0,84000000.0,10926000000.0,11152750000.0,1816000000.0,218000000.0,0.0,218000000.0,9715000000.0,5082000000.0,4633000000.0,66738604296.0,1218000000.0,-439000000.0,-130000000.0,-440000000.0,-1034000000.0,-1627000000.0,-969000000.0,18000000.0,3773000000.0,41000000.0,2403000000.0,2403000000.0,2403000000.0,0.0,0.0,0.132,5234000000.0,3713000000.0,1087000000.0,0.43,8.464,27.773,27.697,5609000000.0,0.0,85.03,3.661,3.651,2714000000.0,14010000000.0,18232000000.0,18232000000.0,1147000000.0,0.144,0.335,0.331,0.202,0.0,3994000000.0,1.0,784883033.0,782800000,795300000.0,23.291,14907000000.0,0.0,1202000000.0,880000000.0,19.043,2638000000.0
18,MMM,MRY,2002-12-31,2002-12-31,2002-12-31,2021-09-07,-2026000000.0,15329000000.0,15110000000.0,6059000000.0,9270000000.0,1.081,7.683,-680000000.0,618000000.0,618000000.0,8496000000.0,1974000000.0,1.359,1.558,3377000000.0,1237000000.0,2140000000.0,3377000000.0,0.0,954000000.0,0.0,0.02,1.24,3020000000.0,3974000000.0,0.243,3974000000.0,3020000000.0,2940000000.0,2.53,2.5,2.53,5993000000.0,6254500000.0,5993000000.0,50229246205.0,17.0,12.639,2312000000.0,2.964,1.0,7836000000.0,0.48,2167000000.0,80000000.0,11464000000.0,11570250000.0,1931000000.0,238000000.0,0.0,238000000.0,9336000000.0,4457000000.0,4879000000.0,48111246205.0,2000000.0,-1258000000.0,-420000000.0,445000000.0,-968000000.0,-1021000000.0,-1927000000.0,11000000.0,2992000000.0,-42000000.0,1974000000.0,1974000000.0,1974000000.0,0.0,0.0,0.121,4790000000.0,3046000000.0,945000000.0,0.49,8.028,24.372,24.368,5621000000.0,0.0,61.65,2.946,2.944,2527000000.0,12748000000.0,16332000000.0,16332000000.0,1070000000.0,0.131,0.316,0.261,0.185,0.0,3720000000.0,1.0,780393288.0,780000000,791000000.0,20.938,13162000000.0,0.0,966000000.0,518000000.0,16.874,1602000000.0
19,MMM,MRY,2001-12-31,2001-12-31,2001-12-31,2021-09-07,-1205000000.0,14606000000.0,15123000000.0,6296000000.0,8310000000.0,1.062,7.717,-867000000.0,616000000.0,616000000.0,8749000000.0,1430000000.0,1.396,1.4,2893000000.0,1373000000.0,1520000000.0,2893000000.0,0.0,1089000000.0,0.0,0.02,1.2,2256000000.0,3345000000.0,0.208,3345000000.0,2256000000.0,2132000000.0,1.81,1.79,1.81,6086000000.0,6211500000.0,6086000000.0,48918480687.0,22.0,14.624,2211000000.0,2.804,1.0,7305000000.0,0.455,1250000000.0,124000000.0,11124000000.0,12266500000.0,2091000000.0,275000000.0,0.0,275000000.0,8520000000.0,4509000000.0,4011000000.0,46344480687.0,314000000.0,-218000000.0,-860000000.0,109000000.0,-948000000.0,-1716000000.0,-1050000000.0,35000000.0,3078000000.0,2000000.0,1430000000.0,1430000000.0,1430000000.0,0.0,0.0,0.089,5032000000.0,2273000000.0,753000000.0,0.663,7.615,32.409,32.652,5615000000.0,0.0,59.1,2.887,2.903,2482000000.0,11914000000.0,16054000000.0,16054000000.0,1084000000.0,0.095,0.23,0.184,0.141,0.0,4036000000.0,1.0,784170570.0,788600000,799900000.0,20.358,13356000000.0,0.0,702000000.0,596000000.0,16.936,1787000000.0
20,MMM,MRY,2000-12-31,2000-12-31,2000-12-31,2021-09-07,-914000000.0,14522000000.0,14526500000.0,6379000000.0,8143000000.0,1.15,8.252,-1011000000.0,302000000.0,302000000.0,8787000000.0,1782000000.0,1.342,1.224,2837000000.0,1866000000.0,971000000.0,2837000000.0,0.0,1025000000.0,0.0,0.019,1.16,2918000000.0,3943000000.0,0.236,3943000000.0,2918000000.0,2807000000.0,2.25,2.225,2.25,6531000000.0,6412500000.0,6531000000.0,49980232532.0,17.0,12.676,1315000000.0,1.662,1.0,7912000000.0,0.474,0.0,111000000.0,12303000000.0,12391250000.0,2312000000.0,310000000.0,0.0,310000000.0,7991000000.0,4754000000.0,3237000000.0,47529232532.0,-85000000.0,-471000000.0,-389000000.0,236000000.0,-918000000.0,-1131000000.0,-1373000000.0,109000000.0,2326000000.0,93000000.0,1782000000.0,1782000000.0,1782000000.0,0.0,0.0,0.107,4854000000.0,3058000000.0,932000000.0,0.516,7.277,26.672,26.778,5823000000.0,0.0,60.25,2.846,2.855,2891000000.0,11517000000.0,16699000000.0,16699000000.0,1101000000.0,0.123,0.278,0.235,0.175,0.0,3938000000.0,1.0,788866930.0,791400000,799800000.0,21.101,14522000000.0,0.0,1025000000.0,462000000.0,18.35,1625000000.0
21,MMM,MRY,1999-12-31,1999-12-31,1999-12-31,2021-09-07,-588000000.0,13896000000.0,13728500000.0,6066000000.0,7830000000.0,1.147,7.822,-942000000.0,387000000.0,387000000.0,8126000000.0,1763000000.0,1.588,1.21,2610000000.0,1130000000.0,1480000000.0,2610000000.0,0.0,900000000.0,0.0,0.023,1.12,2904000000.0,3804000000.0,0.242,3804000000.0,2904000000.0,2795000000.0,2.195,2.17,2.195,6289000000.0,6200250000.0,6289000000.0,41170540598.0,14.0,10.823,2139000000.0,2.66,1.0,7622000000.0,0.484,0.0,109000000.0,12300000000.0,12047250000.0,2030000000.0,487000000.0,0.0,487000000.0,7607000000.0,3819000000.0,3788000000.0,39282540598.0,176000000.0,-125000000.0,-478000000.0,-341000000.0,-901000000.0,-1771000000.0,-1114000000.0,-47000000.0,3081000000.0,-20000000.0,1763000000.0,1763000000.0,1763000000.0,0.0,0.0,0.112,4666000000.0,2956000000.0,1008000000.0,0.51,6.246,22.282,22.296,5776000000.0,0.0,48.94,2.494,2.499,2778000000.0,10741000000.0,15748000000.0,15748000000.0,1056000000.0,0.128,0.284,0.241,0.184,0.0,3712000000.0,1.0,802667360.0,804000000,813000000.0,19.587,13896000000.0,0.0,1032000000.0,464000000.0,17.284,2247000000.0
22,MMM,MRY,1998-12-31,1998-12-31,1998-12-31,2021-09-07,0.0,14153000000.0,13913250000.0,6219000000.0,7934000000.0,1.085,7.359,-1428000000.0,211000000.0,211000000.0,8020000000.0,1175000000.0,1.473,1.384,3106000000.0,1492000000.0,1614000000.0,3106000000.0,0.0,866000000.0,0.0,0.039,1.375,1999000000.0,2865000000.0,0.19,2865000000.0,1999000000.0,1860000000.0,1.455,1.44,1.455,5936000000.0,5969250000.0,5936000000.0,31465731662.0,16.0,10.983,989000000.0,1.226,1.0,7074000000.0,0.469,0.0,139000000.0,12826000000.0,12373750000.0,2219000000.0,860000000.0,237000000.0,623000000.0,8217000000.0,4222000000.0,3995000000.0,28547731662.0,-19000000.0,-143000000.0,-369000000.0,571000000.0,-887000000.0,-781000000.0,-1572000000.0,-1000000.0,2417000000.0,-83000000.0,1175000000.0,1175000000.0,1175000000.0,0.0,0.0,0.078,5035000000.0,2039000000.0,868000000.0,0.945,4.809,24.296,24.443,5566000000.0,0.0,35.565,1.891,1.901,2666000000.0,9980000000.0,15094000000.0,15094000000.0,1028000000.0,0.084,0.197,0.162,0.132,0.0,3553000000.0,1.0,802691738.0,806600000,816000000.0,18.713,14153000000.0,0.0,685000000.0,261000000.0,17.546,1997000000.0
23,MMM,MRY,1997-12-31,1997-12-31,1997-12-31,2021-09-07,0.0,13238000000.0,13387250000.0,6168000000.0,7070000000.0,1.126,7.18,-1368000000.0,230000000.0,230000000.0,8580000000.0,2121000000.0,1.549,1.234,2514000000.0,1499000000.0,1015000000.0,2514000000.0,0.0,870000000.0,0.0,0.026,1.06,3456000000.0,4326000000.0,0.287,4326000000.0,3456000000.0,3362000000.0,2.57,2.53,2.57,5926000000.0,6208750000.0,5926000000.0,34945279258.0,10.0,8.078,338000000.0,0.409,1.0,6490000000.0,0.431,0.0,94000000.0,11539000000.0,11476750000.0,2399000000.0,860000000.0,247000000.0,613000000.0,7312000000.0,3983000000.0,3329000000.0,33535279258.0,-353000000.0,1022000000.0,-1338000000.0,477000000.0,-876000000.0,-1759000000.0,-357000000.0,-11000000.0,1706000000.0,57000000.0,2121000000.0,2121000000.0,2121000000.0,0.0,0.0,0.141,3815000000.0,2675000000.0,898000000.0,0.412,5.659,15.811,15.965,5034000000.0,0.0,41.03,2.225,2.247,2434000000.0,,15070000000.0,15070000000.0,0.0,0.158,0.342,0.301,0.229,0.0,3815000000.0,1.0,817335590.0,825400000,837400000.0,18.258,13238000000.0,0.0,1241000000.0,238000000.0,16.038,2185000000.0
24,MMM,MRY,1996-12-31,1996-12-31,1996-12-31,2021-09-07,0.0,13364000000.0,13596750000.0,6486000000.0,6878000000.0,1.047,7.513,-1043000000.0,583000000.0,583000000.0,8099000000.0,1526000000.0,1.799,1.127,1968000000.0,1117000000.0,851000000.0,1968000000.0,0.0,883000000.0,0.0,0.052,2.16,2491000000.0,3374000000.0,0.237,3374000000.0,2491000000.0,2412000000.0,1.825,1.81,1.825,6284000000.0,6411750000.0,6284000000.0,36105407961.0,14.0,10.701,1168000000.0,1.396,1.0,6137000000.0,0.431,0.0,79000000.0,11143000000.0,10984500000.0,2264000000.0,746000000.0,161000000.0,585000000.0,7080000000.0,3606000000.0,3474000000.0,34693407961.0,98000000.0,-201000000.0,-264000000.0,82000000.0,-803000000.0,-906000000.0,-1261000000.0,0.0,2211000000.0,54000000.0,1526000000.0,1526000000.0,1526000000.0,-10000000.0,0.0,0.107,3646000000.0,2491000000.0,895000000.0,1.184,5.521,22.735,22.74,4844000000.0,0.0,41.5,2.437,2.438,2504000000.0,8756000000.0,14236000000.0,14236000000.0,0.0,0.112,0.238,0.227,0.175,0.0,3646000000.0,1.0,835985734.0,836400000,844200000.0,17.021,13364000000.0,0.0,886000000.0,201000000.0,15.978,2880000000.0
25,MMM,MRY,1995-12-31,1995-12-31,1995-12-31,2021-09-07,0.0,14183000000.0,14415500000.0,6395000000.0,7788000000.0,0.934,8.199,-1034000000.0,485000000.0,485000000.0,7720000000.0,976000000.0,1.717,1.06,2025000000.0,822000000.0,1203000000.0,2025000000.0,0.0,859000000.0,0.0,0.028,0.94,1863000000.0,2722000000.0,0.202,2722000000.0,1863000000.0,1761000000.0,1.16,1.155,1.16,6884000000.0,7143000000.0,6884000000.0,29567043995.0,16.0,10.862,1226000000.0,1.46,1.0,5740000000.0,0.426,0.0,102000000.0,11999000000.0,12279750000.0,2206000000.0,852000000.0,287000000.0,565000000.0,7299000000.0,3724000000.0,3575000000.0,27856043995.0,188000000.0,33000000.0,-137000000.0,26000000.0,-790000000.0,-901000000.0,-1208000000.0,0.0,2260000000.0,37000000.0,976000000.0,976000000.0,976000000.0,330000000.0,0.0,0.073,3519000000.0,2221000000.0,762000000.0,0.81,4.046,28.541,28.612,4638000000.0,0.0,33.19,2.07,2.07,2398000000.0,9164000000.0,13460000000.0,13460000000.0,0.0,0.068,0.137,0.152,0.138,0.0,3440000000.0,1.0,839290268.0,839600000,845000000.0,16.031,14183000000.0,0.0,785000000.0,214000000.0,16.893,2671000000.0
26,MMM,MRY,1994-12-31,1994-12-31,1994-12-31,2021-09-07,0.0,13068000000.0,,5608000000.0,7460000000.0,,7.96,-918000000.0,297000000.0,297000000.0,6829000000.0,1322000000.0,1.722,0.941,1948000000.0,917000000.0,1031000000.0,1948000000.0,0.0,872000000.0,0.0,0.033,0.88,2123000000.0,2995000000.0,0.247,2995000000.0,2123000000.0,2053000000.0,1.565,,1.565,6734000000.0,,6734000000.0,,,,1011000000.0,1.195,1.0,5319000000.0,0.438,0.0,70000000.0,11463000000.0,,2138000000.0,726000000.0,194000000.0,532000000.0,6334000000.0,3256000000.0,3078000000.0,,23000000.0,-70000000.0,-551000000.0,555000000.0,-744000000.0,-740000000.0,-1171000000.0,0.0,1929000000.0,5000000.0,1322000000.0,1322000000.0,1322000000.0,-115000000.0,0.0,0.109,3224000000.0,2095000000.0,820000000.0,0.562,,,17.054,4362000000.0,0.0,26.69,,1.859,2328000000.0,9039000000.0,12148000000.0,12148000000.0,0.0,,,,0.175,0.0,3224000000.0,1.0,,846000000,,14.359,13068000000.0,0.0,731000000.0,110000000.0,15.447,2352000000.0
27,MMM,MRY,1993-12-31,1993-12-31,1993-12-31,2021-09-07,,,,,,,,-850000000.0,,,6336000000.0,1263000000.0,,,,,,,,852000000.0,,0.031,0.83,1975000000.0,2827000000.0,0.256,2827000000.0,1975000000.0,1936000000.0,1.455,,1.455,,,,,,,1241000000.0,1.429,1.0,4717000000.0,0.427,,39000000.0,,,,,,,,,,,-108000000.0,-33000000.0,-525000000.0,118000000.0,-721000000.0,-1128000000.0,-1092000000.0,0.0,2091000000.0,21000000.0,1263000000.0,1263000000.0,1263000000.0,-130000000.0,0.0,0.114,2921000000.0,1796000000.0,,0.57,,,18.686,,0.0,27.188,,2.137,,,11053000000.0,11053000000.0,0.0,,,,0.179,0.0,2921000000.0,1.0,,868600000,,12.725,,,673000000.0,,,
0,MMM,MRQ,2021-06-30,2021-06-30,2021-06-30,2021-09-07,-7486000000.0,48307000000.0,,16343000000.0,31964000000.0,,24.867,-383000000.0,4695000000.0,4695000000.0,4719000000.0,1525000000.0,1.731,2.339,19119000000.0,2249000000.0,16870000000.0,19119000000.0,0.0,472000000.0,0.0,0.03,1.48,1939000000.0,2411000000.0,0.269,2411000000.0,1939000000.0,1939000000.0,2.62,2.59,2.62,14448000000.0,,14448000000.0,129567845647.0,18.0,13.935,1504000000.0,2.589,1.0,4231000000.0,0.473,19294000000.0,0.0,33997000000.0,,4842000000.0,805000000.0,805000000.0,0.0,33791000000.0,9440000000.0,24351000000.0,115140845647.0,59000000.0,0.0,-316000000.0,-1000000.0,-858000000.0,-1183000000.0,-674000000.0,-292000000.0,1887000000.0,29000000.0,1524000000.0,1524000000.0,1524000000.0,0.0,1000000.0,0.17,2260000000.0,1971000000.0,2931000000.0,0.565,7.969,19.351,19.341,10230000000.0,0.0,198.63,3.315,3.323,4991000000.0,44824000000.0,8950000000.0,8950000000.0,514000000.0,,,,,53000000.0,1746000000.0,1.0,579675002.0,581000000,588600000.0,15.404,29013000000.0,0.0,415000000.0,247000000.0,49.936,6903000000.0
1,MMM,MRQ,2021-03-31,2021-03-31,2021-03-31,2021-09-07,-7767000000.0,47180000000.0,,15345000000.0,31835000000.0,,23.704,-278000000.0,4636000000.0,4636000000.0,4525000000.0,1627000000.0,1.835,2.424,19063000000.0,1635000000.0,17428000000.0,19063000000.0,0.0,460000000.0,0.0,0.031,1.48,1943000000.0,2403000000.0,0.271,2403000000.0,1943000000.0,1943000000.0,2.8,2.77,2.8,13760000000.0,,13760000000.0,126606988000.0,18.0,14.018,1410000000.0,2.429,1.0,4326000000.0,0.489,19351000000.0,0.0,33893000000.0,,4458000000.0,501000000.0,501000000.0,0.0,33352000000.0,8363000000.0,24989000000.0,111580988000.0,2000000.0,0.0,62000000.0,-444000000.0,-858000000.0,-1251000000.0,-369000000.0,-110000000.0,1688000000.0,-66000000.0,1624000000.0,1624000000.0,1624000000.0,0.0,3000000.0,0.183,2332000000.0,1994000000.0,2670000000.0,0.529,8.109,19.466,19.443,10111000000.0,0.0,192.68,3.385,3.394,4817000000.0,44255000000.0,8851000000.0,8851000000.0,524000000.0,,,,,131000000.0,1808000000.0,1.0,579100000.0,580500000,586300000.0,15.247,27829000000.0,0.0,319000000.0,277000000.0,47.94,6982000000.0
2,MMM,MRQ,2020-12-31,2020-12-31,2020-12-31,2021-09-07,-7721000000.0,47344000000.0,,14982000000.0,32362000000.0,,22.23,-323000000.0,4634000000.0,4634000000.0,4388000000.0,1390000000.0,1.885,2.675,19660000000.0,1062000000.0,18598000000.0,19660000000.0,0.0,498000000.0,0.0,0.034,1.47,1705000000.0,2203000000.0,0.257,2203000000.0,1705000000.0,1705000000.0,2.4,2.38,2.4,12867000000.0,,12867000000.0,117156696056.0,17.0,13.602,2192000000.0,3.787,1.0,4195000000.0,0.489,19637000000.0,0.0,34785000000.0,,4239000000.0,404000000.0,404000000.0,0.0,34413000000.0,7948000000.0,26465000000.0,100822696056.0,513000000.0,0.0,102000000.0,-1005000000.0,-848000000.0,-1802000000.0,-259000000.0,62000000.0,2515000000.0,59000000.0,1389000000.0,1389000000.0,1389000000.0,0.0,1000000.0,0.162,2346000000.0,1849000000.0,2561000000.0,0.613,7.836,18.726,18.754,10285000000.0,0.0,174.79,3.133,3.137,4705000000.0,43821000000.0,8583000000.0,8583000000.0,456000000.0,,,,,46000000.0,1890000000.0,1.0,576821878.0,578800000,584000000.0,14.829,27707000000.0,0.0,316000000.0,300000000.0,47.87,7034000000.0
3,MMM,MRQ,2020-09-30,2020-09-30,2020-09-30,2021-09-07,-7960000000.0,45390000000.0,,14110000000.0,31280000000.0,,20.561,-355000000.0,4121000000.0,4121000000.0,4303000000.0,1417000000.0,1.904,2.815,20455000000.0,1421000000.0,19034000000.0,20455000000.0,0.0,481000000.0,0.0,0.037,1.47,1800000000.0,2281000000.0,0.273,2281000000.0,1800000000.0,1800000000.0,2.45,2.43,2.45,11880000000.0,,11880000000.0,109664794220.0,18.0,13.496,2125000000.0,3.678,1.0,4047000000.0,0.485,19461000000.0,0.0,34853000000.0,,3984000000.0,440000000.0,440000000.0,0.0,33447000000.0,7410000000.0,26037000000.0,92266794220.0,-98000000.0,3000000.0,89000000.0,-1337000000.0,-847000000.0,-2097000000.0,-523000000.0,-172000000.0,2480000000.0,42000000.0,1413000000.0,1413000000.0,1413000000.0,0.0,4000000.0,0.169,2138000000.0,1909000000.0,2208000000.0,0.6,7.767,18.468,18.497,10060000000.0,0.0,160.18,2.91,2.919,4623000000.0,43285000000.0,8350000000.0,8350000000.0,461000000.0,,,,,44000000.0,1677000000.0,1.0,576019442.0,577800000,582400000.0,14.451,25929000000.0,0.0,387000000.0,220000000.0,44.875,6700000000.0
4,MMM,MRQ,2020-06-30,2020-06-30,2020-06-30,2021-09-07,-8286000000.0,45079000000.0,,14106000000.0,30973000000.0,,18.816,-370000000.0,4219000000.0,4219000000.0,3805000000.0,1303000000.0,1.937,3.147,21617000000.0,1734000000.0,19883000000.0,21617000000.0,0.0,492000000.0,0.0,0.037,1.47,1653000000.0,2145000000.0,0.299,2145000000.0,1653000000.0,1653000000.0,2.26,2.25,2.26,10857000000.0,,10857000000.0,108813881912.0,17.0,13.294,1535000000.0,2.66,1.0,3371000000.0,0.47,19393000000.0,0.0,35802000000.0,,4168000000.0,247000000.0,247000000.0,0.0,34164000000.0,7282000000.0,26882000000.0,89724881912.0,-34000000.0,487000000.0,86000000.0,-1740000000.0,-846000000.0,-2509000000.0,577000000.0,453000000.0,1905000000.0,-7000000.0,1306000000.0,1306000000.0,1306000000.0,0.0,-3000000.0,0.182,1631000000.0,1740000000.0,1975000000.0,0.65,8.264,17.368,17.41,9929000000.0,0.0,155.99,2.862,2.871,4459000000.0,42759000000.0,7176000000.0,7176000000.0,424000000.0,,,,,52000000.0,1594000000.0,1.0,575196371.0,577000000,580800000.0,12.437,25686000000.0,0.0,347000000.0,371000000.0,44.516,6824000000.0
5,MMM,MRQ,2020-03-31,2020-03-31,2020-03-31,2021-09-07,-8414000000.0,46212000000.0,,15090000000.0,31122000000.0,,17.592,-325000000.0,4253000000.0,4253000000.0,4109000000.0,1310000000.0,1.652,3.548,23342000000.0,3492000000.0,19850000000.0,23342000000.0,0.0,440000000.0,0.0,0.042,1.47,1586000000.0,2026000000.0,0.251,2026000000.0,1586000000.0,1586000000.0,2.27,2.25,2.27,10147000000.0,,10147000000.0,97389156000.0,16.0,12.394,888000000.0,1.54,1.0,3966000000.0,0.491,19503000000.0,0.0,36664000000.0,,4217000000.0,224000000.0,224000000.0,0.0,36003000000.0,9134000000.0,26869000000.0,78575156000.0,1900000000.0,61000000.0,-216000000.0,2207000000.0,-847000000.0,1108000000.0,-375000000.0,-111000000.0,1213000000.0,-46000000.0,1308000000.0,1308000000.0,1308000000.0,0.0,2000000.0,0.162,2303000000.0,1663000000.0,2207000000.0,0.648,7.744,15.756,15.782,10014000000.0,0.0,136.51,2.429,2.434,4821000000.0,42345000000.0,8075000000.0,8075000000.0,537000000.0,,,,,120000000.0,1768000000.0,1.0,575600000.0,576800000,581500000.0,14.0,26709000000.0,0.0,278000000.0,136000000.0,46.305,5956000000.0
6,MMM,MRQ,2019-12-31,2019-12-31,2019-12-31,2021-09-07,-8139000000.0,44659000000.0,,12971000000.0,31688000000.0,,17.458,-506000000.0,2353000000.0,2353000000.0,4325000000.0,970000000.0,1.407,3.432,21167000000.0,3042000000.0,18125000000.0,21167000000.0,0.0,463000000.0,0.0,0.033,1.44,1211000000.0,1674000000.0,0.206,1674000000.0,1211000000.0,1211000000.0,1.68,1.66,1.68,10063000000.0,,10063000000.0,113983436555.0,20.0,15.629,1832000000.0,3.178,1.0,3786000000.0,0.467,19823000000.0,0.0,34428000000.0,,4134000000.0,98000000.0,98000000.0,0.0,34533000000.0,9222000000.0,25311000000.0,101450436555.0,-5378000000.0,-4280000000.0,-54000000.0,-1530000000.0,-828000000.0,-2451000000.0,-5299000000.0,-540000000.0,2338000000.0,34000000.0,969000000.0,969000000.0,969000000.0,0.0,1000000.0,0.119,2461000000.0,1325000000.0,2228000000.0,0.857,10.082,22.199,22.275,10191000000.0,0.0,176.42,3.157,3.168,4791000000.0,42135000000.0,8111000000.0,8111000000.0,521000000.0,,,,,48000000.0,1940000000.0,1.0,575050655.0,576400000,582700000.0,14.072,24836000000.0,0.0,242000000.0,194000000.0,43.088,3749000000.0
7,MMM,MRQ,2019-09-30,2019-09-30,2019-09-30,2021-09-07,-7388000000.0,42550000000.0,,18020000000.0,24530000000.0,,18.564,-261000000.0,7731000000.0,7731000000.0,4188000000.0,1588000000.0,2.304,2.97,20264000000.0,2201000000.0,18063000000.0,20264000000.0,0.0,379000000.0,0.0,0.035,1.44,1961000000.0,2340000000.0,0.293,2340000000.0,1961000000.0,1961000000.0,2.75,2.72,2.75,10702000000.0,,10702000000.0,108398875820.0,17.0,14.063,1761000000.0,3.055,1.0,3803000000.0,0.476,13257000000.0,0.0,34005000000.0,,4007000000.0,30000000.0,30000000.0,0.0,31786000000.0,7821000000.0,23965000000.0,94575875820.0,4882000000.0,230000000.0,-70000000.0,3826000000.0,-828000000.0,2804000000.0,90000000.0,94000000.0,2022000000.0,-34000000.0,1583000000.0,1583000000.0,1583000000.0,0.0,5000000.0,0.198,1792000000.0,2011000000.0,2079000000.0,0.524,8.837,19.114,19.206,9725000000.0,0.0,164.4,2.958,2.965,5020000000.0,42085000000.0,7991000000.0,7991000000.0,443000000.0,,,,,48000000.0,1455000000.0,1.0,575279050.0,576500000,583000000.0,13.861,29293000000.0,0.0,378000000.0,137000000.0,50.812,10199000000.0
8,MMM,MRQ,2019-06-30,2019-06-30,2019-06-30,2021-09-07,-7272000000.0,38969000000.0,,14051000000.0,24918000000.0,,17.454,-419000000.0,2849000000.0,2849000000.0,4313000000.0,1131000000.0,1.934,2.859,16672000000.0,1139000000.0,15533000000.0,16672000000.0,0.0,376000000.0,0.0,0.032,1.44,1442000000.0,1818000000.0,0.222,1818000000.0,1442000000.0,1442000000.0,1.95,1.92,1.95,10083000000.0,,10083000000.0,114135805218.0,18.0,14.852,1243000000.0,2.152,1.0,3858000000.0,0.472,13538000000.0,0.0,31989000000.0,,4300000000.0,139000000.0,139000000.0,0.0,28827000000.0,7265000000.0,21562000000.0,99917805218.0,-89000000.0,0.0,-250000000.0,-638000000.0,-830000000.0,-1735000000.0,-10000000.0,396000000.0,1662000000.0,-6000000.0,1127000000.0,1127000000.0,1127000000.0,0.0,4000000.0,0.138,2156000000.0,1702000000.0,2130000000.0,0.738,9.91,20.358,20.514,9877000000.0,0.0,173.34,3.11,3.117,5374000000.0,41362000000.0,8171000000.0,8171000000.0,470000000.0,,,,,52000000.0,1686000000.0,1.0,576426706.0,577700000,586100000.0,14.144,25431000000.0,0.0,315000000.0,223000000.0,44.021,6786000000.0
9,MMM,MRQ,2019-03-31,2019-03-31,2019-03-31,2021-09-07,-7552000000.0,39140000000.0,,14374000000.0,24766000000.0,,16.802,-390000000.0,2938000000.0,2938000000.0,4310000000.0,893000000.0,2.017,3.028,17156000000.0,1045000000.0,16111000000.0,17156000000.0,0.0,375000000.0,0.0,0.027,1.44,1086000000.0,1461000000.0,0.186,1461000000.0,1086000000.0,1086000000.0,1.54,1.51,1.54,9703000000.0,,9703000000.0,131408724000.0,18.0,15.294,658000000.0,1.139,1.0,3553000000.0,0.452,13658000000.0,0.0,32575000000.0,,4538000000.0,539000000.0,539000000.0,0.0,29383000000.0,7125000000.0,22258000000.0,119639724000.0,85000000.0,-698000000.0,-486000000.0,1591000000.0,-830000000.0,258000000.0,-1225000000.0,-142000000.0,1048000000.0,4000000.0,891000000.0,891000000.0,891000000.0,0.0,2000000.0,0.113,2417000000.0,1136000000.0,2309000000.0,0.935,12.33,21.22,21.554,9626000000.0,0.0,207.78,3.698,3.709,5173000000.0,41159000000.0,7863000000.0,7863000000.0,477000000.0,,,,,130000000.0,1948000000.0,1.0,575800000.0,577500000,588500000.0,13.616,25482000000.0,0.0,195000000.0,183000000.0,44.125,7249000000.0
10,MMM,MRQ,2018-12-31,2018-12-31,2018-12-31,2021-09-07,-6866000000.0,36500000000.0,,13709000000.0,22791000000.0,,16.869,-412000000.0,2853000000.0,2853000000.0,4060000000.0,1349000000.0,1.892,2.721,14622000000.0,1211000000.0,13411000000.0,14622000000.0,0.0,371000000.0,0.0,0.029,1.36,1718000000.0,2089000000.0,0.263,2089000000.0,1718000000.0,1718000000.0,2.32,2.28,2.32,9796000000.0,,9796000000.0,122609990703.0,18.0,14.469,1846000000.0,3.179,1.0,3885000000.0,0.489,12708000000.0,0.0,28317000000.0,,4366000000.0,380000000.0,380000000.0,0.0,26652000000.0,7244000000.0,19408000000.0,110948990703.0,-332000000.0,40000000.0,-1185000000.0,-160000000.0,-787000000.0,-2152000000.0,-416000000.0,-45000000.0,2258000000.0,-22000000.0,1347000000.0,1347000000.0,1347000000.0,0.0,2000000.0,0.17,2102000000.0,1783000000.0,2266000000.0,0.586,11.326,20.742,20.961,8738000000.0,0.0,190.54,3.386,3.422,5020000000.0,40636000000.0,7945000000.0,7945000000.0,437000000.0,,,,,44000000.0,1682000000.0,1.0,582287135.0,580700000,592700000.0,13.682,23792000000.0,0.0,371000000.0,243000000.0,40.971,6465000000.0
11,MMM,MRQ,2018-09-30,2018-09-30,2018-09-30,2021-09-07,-6968000000.0,37275000000.0,,14419000000.0,22856000000.0,,17.5,-330000000.0,3185000000.0,3185000000.0,4159000000.0,1546000000.0,1.966,2.631,14846000000.0,1307000000.0,13539000000.0,14846000000.0,0.0,355000000.0,0.0,0.025,1.36,1962000000.0,2317000000.0,0.284,2317000000.0,1962000000.0,1962000000.0,2.64,2.58,2.64,10248000000.0,,10248000000.0,135323325528.0,20.0,16.102,1809000000.0,3.089,1.0,3993000000.0,0.49,12849000000.0,0.0,28751000000.0,,4437000000.0,338000000.0,338000000.0,0.0,26964000000.0,7336000000.0,19628000000.0,123605325528.0,384000000.0,0.0,-968000000.0,319000000.0,-794000000.0,-1453000000.0,-269000000.0,42000000.0,2139000000.0,-33000000.0,1543000000.0,1543000000.0,1543000000.0,0.0,3000000.0,0.189,1977000000.0,2016000000.0,2029000000.0,0.515,12.061,27.316,27.472,8630000000.0,0.0,210.71,3.767,3.761,5329000000.0,40120000000.0,8152000000.0,8152000000.0,430000000.0,,,,,50000000.0,1547000000.0,1.0,586613476.0,585600000,598400000.0,13.921,24426000000.0,0.0,419000000.0,186000000.0,41.711,7083000000.0
12,MMM,MRQ,2018-06-30,2018-06-30,2018-06-30,2021-09-07,-7019000000.0,36778000000.0,,13890000000.0,22888000000.0,,17.526,-352000000.0,2801000000.0,2801000000.0,4227000000.0,1862000000.0,1.56,2.542,14519000000.0,3225000000.0,11294000000.0,14519000000.0,0.0,380000000.0,0.0,0.026,1.36,2345000000.0,2725000000.0,0.325,2725000000.0,2345000000.0,2345000000.0,3.14,3.07,3.14,10365000000.0,,10365000000.0,128960145715.0,19.0,15.249,1547000000.0,2.616,1.0,4163000000.0,0.496,12894000000.0,0.0,26700000000.0,,4238000000.0,385000000.0,385000000.0,0.0,26350000000.0,8902000000.0,17448000000.0,116791145715.0,-690000000.0,779000000.0,-1514000000.0,-807000000.0,-802000000.0,-3142000000.0,626000000.0,199000000.0,1899000000.0,-73000000.0,1857000000.0,1857000000.0,1857000000.0,0.0,5000000.0,0.221,1762000000.0,2401000000.0,1871000000.0,0.433,11.268,26.477,26.512,8645000000.0,0.0,196.72,3.557,3.544,5383000000.0,39442000000.0,8390000000.0,8390000000.0,468000000.0,,,,,49000000.0,1800000000.0,1.0,593692282.0,591400000,604200000.0,14.187,23884000000.0,0.0,488000000.0,293000000.0,40.386,4988000000.0
13,MMM,MRQ,2018-03-31,2018-03-31,2018-03-31,2021-09-07,-6803000000.0,38575000000.0,,14818000000.0,23757000000.0,,18.412,-221000000.0,3491000000.0,3491000000.0,4236000000.0,606000000.0,1.654,2.509,15660000000.0,3449000000.0,12211000000.0,15660000000.0,0.0,382000000.0,0.0,0.022,1.36,961000000.0,1343000000.0,0.162,1343000000.0,961000000.0,961000000.0,1.01,0.98,1.01,10977000000.0,,10977000000.0,141620160000.0,21.0,17.162,-78000000.0,-0.131,1.0,4042000000.0,0.488,13455000000.0,0.0,28330000000.0,,4295000000.0,604000000.0,604000000.0,0.0,27536000000.0,8959000000.0,18577000000.0,130724160000.0,438000000.0,40000000.0,-718000000.0,1581000000.0,-810000000.0,46000000.0,281000000.0,473000000.0,143000000.0,-32000000.0,602000000.0,602000000.0,602000000.0,0.0,4000000.0,0.073,3035000000.0,1007000000.0,1874000000.0,1.347,11.909,31.599,31.677,8864000000.0,0.0,219.52,4.053,4.058,5252000000.0,38453000000.0,8278000000.0,8278000000.0,486000000.0,,,,,159000000.0,2573000000.0,1.0,595500000.0,596200000,612700000.0,13.885,25120000000.0,0.0,359000000.0,282000000.0,42.134,5859000000.0
14,MMM,MRQ,2017-12-31,2017-12-31,2017-12-31,2021-09-07,-7026000000.0,37987000000.0,,14277000000.0,23710000000.0,,19.391,-428000000.0,3053000000.0,3053000000.0,4094000000.0,525000000.0,1.857,2.28,13949000000.0,1853000000.0,12096000000.0,13949000000.0,0.0,349000000.0,0.0,0.02,1.175,1670000000.0,2019000000.0,0.253,2019000000.0,1670000000.0,1670000000.0,0.88,0.85,0.88,11563000000.0,,11563000000.0,149020280380.0,20.0,16.41,1432000000.0,2.401,1.0,3896000000.0,0.488,13449000000.0,0.0,27747000000.0,,4034000000.0,1076000000.0,1076000000.0,0.0,26365000000.0,7687000000.0,18678000000.0,140188280380.0,222000000.0,-1808000000.0,-352000000.0,2193000000.0,-699000000.0,1044000000.0,-2732000000.0,-488000000.0,1860000000.0,50000000.0,523000000.0,523000000.0,523000000.0,0.0,2000000.0,0.065,2107000000.0,1789000000.0,1945000000.0,1.335,12.124,28.857,28.951,8866000000.0,0.0,235.37,4.428,4.442,4911000000.0,39115000000.0,7990000000.0,7990000000.0,448000000.0,,,,,58000000.0,1755000000.0,1.0,595608108.0,596300000,613300000.0,13.399,24538000000.0,0.0,1147000000.0,310000000.0,41.15,6590000000.0
15,MMM,MRQ,2017-09-30,2017-09-30,2017-09-30,2021-09-07,-6913000000.0,35237000000.0,,13656000000.0,21581000000.0,,20.325,-320000000.0,2831000000.0,2831000000.0,4059000000.0,1433000000.0,2.07,1.897,11663000000.0,835000000.0,10828000000.0,11663000000.0,0.0,377000000.0,0.0,0.022,1.175,1993000000.0,2370000000.0,0.29,2370000000.0,1993000000.0,1993000000.0,2.39,2.33,2.39,12146000000.0,,12146000000.0,133908424155.0,18.0,15.012,1430000000.0,2.393,1.0,4113000000.0,0.503,11396000000.0,0.0,26075000000.0,,3975000000.0,742000000.0,586000000.0,156000000.0,23035000000.0,6598000000.0,16437000000.0,125261424155.0,177000000.0,-12000000.0,-294000000.0,173000000.0,-701000000.0,-843000000.0,-781000000.0,-446000000.0,1750000000.0,51000000.0,1429000000.0,1429000000.0,1429000000.0,0.0,4000000.0,0.175,2105000000.0,2008000000.0,1824000000.0,0.492,10.313,22.816,22.89,8658000000.0,0.0,209.9,4.041,4.047,5156000000.0,39454000000.0,8172000000.0,8172000000.0,468000000.0,,,,,60000000.0,1637000000.0,1.0,596767147.0,597600000,612700000.0,13.675,23841000000.0,0.0,564000000.0,374000000.0,39.895,7058000000.0
16,MMM,MRQ,2017-06-30,2017-06-30,2017-06-30,2021-09-07,-6989000000.0,33957000000.0,,12641000000.0,21316000000.0,,19.38,-290000000.0,2654000000.0,2654000000.0,4020000000.0,1585000000.0,2.219,1.925,11301000000.0,213000000.0,11088000000.0,11301000000.0,0.0,380000000.0,0.0,0.022,1.175,2140000000.0,2520000000.0,0.323,2520000000.0,2140000000.0,2140000000.0,2.65,2.58,2.65,11591000000.0,,11591000000.0,133877307327.0,18.0,15.165,1352000000.0,2.26,1.0,3790000000.0,0.485,11306000000.0,0.0,25601000000.0,,3838000000.0,294000000.0,140000000.0,154000000.0,22313000000.0,5697000000.0,16616000000.0,124339307327.0,481000000.0,809000000.0,-313000000.0,-695000000.0,-701000000.0,-1705000000.0,517000000.0,-2000000.0,1642000000.0,27000000.0,1583000000.0,1583000000.0,1583000000.0,0.0,2000000.0,0.203,1637000000.0,2153000000.0,1782000000.0,0.443,10.727,23.069,23.184,8566000000.0,0.0,208.19,4.072,4.078,4919000000.0,38793000000.0,7810000000.0,7810000000.0,478000000.0,,,,,59000000.0,1620000000.0,1.0,597239576.0,598100000,612800000.0,13.058,22651000000.0,0.0,557000000.0,432000000.0,37.872,6944000000.0
17,MMM,MRQ,2017-03-31,2017-03-31,2017-03-31,2021-09-07,-6949000000.0,33292000000.0,,11901000000.0,21391000000.0,,18.373,-286000000.0,2173000000.0,2173000000.0,3882000000.0,1326000000.0,1.985,2.025,11711000000.0,909000000.0,10802000000.0,11711000000.0,0.0,438000000.0,0.0,0.024,1.175,1734000000.0,2172000000.0,0.283,2172000000.0,1734000000.0,1734000000.0,2.21,2.16,2.21,10989000000.0,,10989000000.0,123322946000.0,18.0,14.432,702000000.0,1.174,1.0,3803000000.0,0.495,11527000000.0,0.0,25308000000.0,,3612000000.0,291000000.0,141000000.0,150000000.0,22252000000.0,5995000000.0,16257000000.0,114070946000.0,-225000000.0,53000000.0,-375000000.0,-68000000.0,-702000000.0,-1151000000.0,-90000000.0,138000000.0,988000000.0,28000000.0,1323000000.0,1323000000.0,1323000000.0,0.0,3000000.0,0.172,2061000000.0,1742000000.0,1701000000.0,0.532,10.38,22.376,22.616,8551000000.0,0.0,191.33,3.754,3.766,4722000000.0,38094000000.0,7685000000.0,7685000000.0,476000000.0,,,,,147000000.0,1614000000.0,1.0,596200000.0,598100000,612000000.0,12.849,21765000000.0,0.0,411000000.0,433000000.0,36.39,5906000000.0
18,MMM,MRQ,2016-12-31,2016-12-31,2016-12-31,2021-09-07,-7245000000.0,32906000000.0,,11726000000.0,21180000000.0,,17.158,-396000000.0,2398000000.0,2398000000.0,3794000000.0,1156000000.0,1.886,2.191,11650000000.0,972000000.0,10678000000.0,11650000000.0,0.0,384000000.0,0.0,0.025,1.11,1474000000.0,1858000000.0,0.254,1858000000.0,1474000000.0,1609000000.0,1.92,1.88,1.92,10298000000.0,,10298000000.0,117456855227.0,17.0,13.788,1813000000.0,3.021,1.0,3535000000.0,0.482,11486000000.0,-135000000.0,24453000000.0,,3385000000.0,280000000.0,280000000.0,0.0,22563000000.0,6219000000.0,16344000000.0,107403855227.0,90000000.0,87000000.0,-861000000.0,-299000000.0,-664000000.0,-1846000000.0,-230000000.0,79000000.0,2209000000.0,-43000000.0,1155000000.0,1155000000.0,1155000000.0,0.0,1000000.0,0.158,2066000000.0,1469000000.0,1798000000.0,0.578,10.43,21.268,21.386,8516000000.0,0.0,178.57,3.567,3.586,4392000000.0,37907000000.0,7329000000.0,7329000000.0,450000000.0,,,,,54000000.0,1687000000.0,1.0,601466401.0,600200000,613900000.0,12.211,21420000000.0,0.0,454000000.0,299000000.0,35.688,5507000000.0
19,MMM,MRQ,2016-09-30,2016-09-30,2016-09-30,2021-09-07,-6146000000.0,34051000000.0,,12179000000.0,21872000000.0,,19.858,-347000000.0,2308000000.0,2308000000.0,3847000000.0,1331000000.0,1.903,1.833,12361000000.0,1282000000.0,11079000000.0,12361000000.0,0.0,368000000.0,0.0,0.025,1.11,1910000000.0,2278000000.0,0.295,2278000000.0,1910000000.0,1860000000.0,2.2,2.15,2.2,12002000000.0,,12002000000.0,116574463283.0,17.0,13.852,1561000000.0,2.583,1.0,3862000000.0,0.501,11852000000.0,50000000.0,25852000000.0,,3611000000.0,499000000.0,358000000.0,141000000.0,22003000000.0,6400000000.0,15603000000.0,106513463283.0,620000000.0,-13000000.0,-645000000.0,567000000.0,-670000000.0,-752000000.0,-543000000.0,-181000000.0,1908000000.0,7000000.0,1329000000.0,1329000000.0,1329000000.0,0.0,2000000.0,0.172,1958000000.0,1904000000.0,1621000000.0,0.505,8.875,21.592,21.703,8671000000.0,0.0,176.23,3.541,3.541,4743000000.0,37745000000.0,7709000000.0,7709000000.0,427000000.0,,,,,51000000.0,1531000000.0,1.0,604400291.0,604400000,618800000.0,12.755,22199000000.0,0.0,531000000.0,364000000.0,36.729,5779000000.0
20,MMM,MRQ,2016-06-30,2016-06-30,2016-06-30,2021-09-07,-6184000000.0,33235000000.0,,11436000000.0,21799000000.0,,19.598,-323000000.0,1688000000.0,1688000000.0,3799000000.0,1293000000.0,1.577,1.791,11749000000.0,2450000000.0,9299000000.0,11749000000.0,0.0,366000000.0,0.0,0.024,1.11,1871000000.0,2237000000.0,0.292,2237000000.0,1871000000.0,1833000000.0,2.13,2.08,2.13,11894000000.0,,11894000000.0,116014824494.0,17.0,13.854,962000000.0,1.585,1.0,3863000000.0,0.504,11833000000.0,38000000.0,24209000000.0,,3613000000.0,312000000.0,177000000.0,135000000.0,21298000000.0,7254000000.0,14044000000.0,106212824494.0,351000000.0,0.0,-573000000.0,637000000.0,-672000000.0,-602000000.0,-350000000.0,0.0,1285000000.0,18000000.0,1291000000.0,1291000000.0,1291000000.0,0.0,2000000.0,0.168,1997000000.0,1866000000.0,1650000000.0,0.521,8.93,21.676,21.863,8604000000.0,0.0,175.12,3.531,3.533,4667000000.0,37194000000.0,7662000000.0,7662000000.0,437000000.0,,,,,49000000.0,1560000000.0,1.0,606514530.0,606900000,620900000.0,12.625,21402000000.0,0.0,542000000.0,169000000.0,35.264,4182000000.0
21,MMM,MRQ,2016-03-31,2016-03-31,2016-03-31,2021-09-07,-6261000000.0,32982000000.0,,10874000000.0,22108000000.0,,19.317,-296000000.0,1337000000.0,1337000000.0,3678000000.0,1278000000.0,1.515,1.808,11139000000.0,2212000000.0,8927000000.0,11139000000.0,0.0,356000000.0,0.0,0.025,1.11,1790000000.0,2146000000.0,0.29,2146000000.0,1790000000.0,1743000000.0,2.1,2.05,2.1,11733000000.0,,11733000000.0,109816512933.0,16.0,13.191,964000000.0,1.587,1.0,3731000000.0,0.504,11926000000.0,47000000.0,23680000000.0,,3627000000.0,306000000.0,176000000.0,130000000.0,21208000000.0,7178000000.0,14030000000.0,100817512933.0,-461000000.0,52000000.0,-870000000.0,138000000.0,-672000000.0,-1426000000.0,-280000000.0,-61000000.0,1260000000.0,-15000000.0,1275000000.0,1275000000.0,1275000000.0,0.0,3000000.0,0.172,1943000000.0,1788000000.0,1581000000.0,0.529,8.593,20.537,20.986,8614000000.0,0.0,166.63,3.349,3.362,4485000000.0,36785000000.0,7409000000.0,7409000000.0,450000000.0,,,,,144000000.0,1493000000.0,1.0,605038186.0,607400000,621300000.0,12.198,21056000000.0,0.0,468000000.0,590000000.0,34.666,3696000000.0
22,MMM,MRQ,2015-12-31,2015-12-31,2015-12-31,2021-09-07,-6359000000.0,32883000000.0,,10986000000.0,21897000000.0,,18.608,-430000000.0,1798000000.0,1798000000.0,3827000000.0,1039000000.0,1.543,1.874,10797000000.0,2044000000.0,8753000000.0,10797000000.0,0.0,397000000.0,0.0,0.027,1.025,1358000000.0,1755000000.0,0.24,1755000000.0,1358000000.0,1462000000.0,1.69,1.66,1.69,11429000000.0,,11429000000.0,102398996830.0,15.0,12.412,1908000000.0,3.106,1.0,3471000000.0,0.476,11850000000.0,-104000000.0,22914000000.0,,3518000000.0,244000000.0,118000000.0,126000000.0,21415000000.0,7118000000.0,14297000000.0,92750996830.0,193000000.0,100000000.0,-1017000000.0,-305000000.0,-628000000.0,-1954000000.0,-206000000.0,44000000.0,2338000000.0,15000000.0,1038000000.0,1038000000.0,1038000000.0,0.0,1000000.0,0.142,1971000000.0,1500000000.0,1694000000.0,0.607,8.115,19.191,19.513,8515000000.0,0.0,150.64,3.064,3.113,4154000000.0,36296000000.0,7298000000.0,7298000000.0,433000000.0,,,,,26000000.0,1585000000.0,1.0,615712937.0,614200000,625200000.0,11.882,21033000000.0,0.0,424000000.0,332000000.0,34.245,3868000000.0
23,MMM,MRQ,2015-09-30,2015-09-30,2015-09-30,2021-09-07,-6467000000.0,33258000000.0,,11608000000.0,21650000000.0,,19.636,-351000000.0,1605000000.0,1605000000.0,3877000000.0,1298000000.0,1.651,1.726,11253000000.0,2279000000.0,8974000000.0,11253000000.0,0.0,355000000.0,0.0,0.028,1.025,1881000000.0,2236000000.0,0.29,2236000000.0,1881000000.0,1843000000.0,2.09,2.05,2.09,12186000000.0,,12186000000.0,94104156634.0,13.0,11.052,1313000000.0,2.116,1.0,3835000000.0,0.497,11986000000.0,38000000.0,23888000000.0,,3709000000.0,278000000.0,153000000.0,125000000.0,21034000000.0,7032000000.0,14002000000.0,88570156634.0,-1378000000.0,-2757000000.0,-1455000000.0,1911000000.0,-635000000.0,-220000000.0,-2777000000.0,328000000.0,1664000000.0,-45000000.0,1296000000.0,1296000000.0,1296000000.0,0.0,2000000.0,0.168,1959000000.0,1876000000.0,1600000000.0,0.49,7.268,17.807,17.991,8470000000.0,0.0,141.77,2.885,2.866,4610000000.0,36235000000.0,7712000000.0,7712000000.0,429000000.0,,,,,38000000.0,1530000000.0,1.0,624745409.0,620600000,631200000.0,12.427,21272000000.0,0.0,547000000.0,105000000.0,34.277,4576000000.0
24,MMM,MRQ,2015-06-30,2015-06-30,2015-06-30,2021-09-07,-6233000000.0,31388000000.0,,13431000000.0,17957000000.0,,20.74,-360000000.0,2983000000.0,2983000000.0,3858000000.0,1303000000.0,2.636,1.394,8517000000.0,86000000.0,8431000000.0,8517000000.0,0.0,344000000.0,0.0,0.024,1.025,1844000000.0,2188000000.0,0.285,2188000000.0,1844000000.0,1809000000.0,2.06,2.02,2.06,13093000000.0,,13093000000.0,102678812442.0,14.0,12.039,978000000.0,1.549,1.0,3828000000.0,0.498,8340000000.0,35000000.0,23487000000.0,,3847000000.0,621000000.0,502000000.0,119000000.0,18258000000.0,5095000000.0,13163000000.0,97878812442.0,1192000000.0,-3000000.0,-1554000000.0,1880000000.0,-646000000.0,-320000000.0,166000000.0,514000000.0,1338000000.0,8000000.0,1300000000.0,1300000000.0,1300000000.0,0.0,3000000.0,0.169,1988000000.0,1840000000.0,1714000000.0,0.498,7.476,19.65,19.757,8389000000.0,0.0,154.3,3.145,3.13,4578000000.0,35615000000.0,7686000000.0,7686000000.0,438000000.0,,,,,21000000.0,1550000000.0,1.0,634340975.0,631300000,643000000.0,12.175,23048000000.0,0.0,509000000.0,327000000.0,36.509,8336000000.0
25,MMM,MRQ,2015-03-31,2015-03-31,2015-03-31,2021-09-07,-6321000000.0,30643000000.0,,12518000000.0,18125000000.0,,21.875,-287000000.0,1791000000.0,1791000000.0,3821000000.0,1201000000.0,2.463,1.199,6591000000.0,132000000.0,6459000000.0,6591000000.0,0.0,339000000.0,0.0,0.022,1.025,1732000000.0,2071000000.0,0.273,2071000000.0,1732000000.0,1701000000.0,1.88,1.85,1.88,13917000000.0,,13917000000.0,109641964005.0,15.0,12.827,793000000.0,1.246,1.0,3757000000.0,0.496,8330000000.0,31000000.0,22031000000.0,,3704000000.0,1133000000.0,1018000000.0,115000000.0,16691000000.0,5082000000.0,11609000000.0,104701964005.0,-106000000.0,-131000000.0,-577000000.0,-4000000.0,-652000000.0,-1154000000.0,0.0,414000000.0,1080000000.0,-32000000.0,1199000000.0,1199000000.0,1199000000.0,0.0,2000000.0,0.158,2027000000.0,1730000000.0,1801000000.0,0.545,7.523,21.16,21.45,8286000000.0,0.0,164.95,3.317,3.324,4408000000.0,35080000000.0,7578000000.0,7578000000.0,463000000.0,,,,,37000000.0,1564000000.0,1.0,634749706.0,636200000,649200000.0,11.911,22313000000.0,0.0,502000000.0,464000000.0,35.072,7436000000.0
26,MMM,MRQ,2014-12-31,2014-12-31,2014-12-31,2021-09-07,-6289000000.0,31209000000.0,,12303000000.0,18906000000.0,,20.544,-471000000.0,1897000000.0,1897000000.0,4027000000.0,1179000000.0,2.063,1.378,6811000000.0,106000000.0,6705000000.0,6811000000.0,0.0,350000000.0,0.0,0.021,0.855,1670000000.0,2020000000.0,0.262,2020000000.0,1670000000.0,1638000000.0,1.85,1.82,1.85,13109000000.0,,13109000000.0,110714352117.0,16.0,12.973,1712000000.0,2.683,1.0,3692000000.0,0.478,8485000000.0,32000000.0,21674000000.0,,3706000000.0,1556000000.0,1439000000.0,117000000.0,18067000000.0,5964000000.0,12103000000.0,105299352117.0,-32000000.0,0.0,-1050000000.0,-438000000.0,-544000000.0,-2130000000.0,-18000000.0,371000000.0,2183000000.0,-67000000.0,1179000000.0,1179000000.0,1179000000.0,0.0,0.0,0.153,2030000000.0,1662000000.0,1807000000.0,0.462,8.033,21.247,21.536,8489000000.0,0.0,164.32,3.309,3.352,4238000000.0,34317000000.0,7719000000.0,7719000000.0,436000000.0,,,,,13000000.0,1594000000.0,1.0,640818842.0,638100000,650900000.0,12.097,22724000000.0,0.0,459000000.0,435000000.0,35.612,6339000000.0
27,MMM,MRQ,2014-09-30,2014-09-30,2014-09-30,2021-09-07,-4108000000.0,32776000000.0,,12681000000.0,20095000000.0,,25.063,-291000000.0,1929000000.0,1929000000.0,4205000000.0,1311000000.0,1.646,1.025,7344000000.0,2119000000.0,5225000000.0,7344000000.0,0.0,350000000.0,0.0,0.023,0.855,1900000000.0,2250000000.0,0.277,2250000000.0,1900000000.0,1872000000.0,2.02,1.98,2.02,16173000000.0,,16173000000.0,96652268747.0,14.0,11.441,1420000000.0,2.201,1.0,3932000000.0,0.483,8729000000.0,28000000.0,21757000000.0,,3945000000.0,1980000000.0,767000000.0,1213000000.0,16570000000.0,7705000000.0,8865000000.0,91804268747.0,-196000000.0,0.0,-1085000000.0,427000000.0,-550000000.0,-1889000000.0,1000000.0,250000000.0,1711000000.0,-19000000.0,1303000000.0,1303000000.0,1303000000.0,0.0,8000000.0,0.16,2031000000.0,1901000000.0,1796000000.0,0.423,5.676,18.812,19.043,8499000000.0,0.0,141.68,2.899,2.887,4711000000.0,34484000000.0,8137000000.0,8137000000.0,434000000.0,,,,,23000000.0,1597000000.0,1.0,647969147.0,645300000,657900000.0,12.61,24047000000.0,0.0,569000000.0,382000000.0,37.265,4976000000.0
28,MMM,MRQ,2014-06-30,2014-06-30,2014-06-30,2021-09-07,-3666000000.0,33970000000.0,,13193000000.0,20777000000.0,,26.617,-306000000.0,2125000000.0,2125000000.0,4184000000.0,1283000000.0,1.874,0.929,6973000000.0,1650000000.0,5323000000.0,6973000000.0,0.0,358000000.0,0.0,0.021,0.855,1849000000.0,2207000000.0,0.271,2207000000.0,1849000000.0,1804000000.0,1.94,1.91,1.94,17354000000.0,,17354000000.0,98341844748.0,14.0,11.884,1334000000.0,2.046,1.0,3950000000.0,0.486,9025000000.0,45000000.0,22753000000.0,,4093000000.0,2201000000.0,884000000.0,1317000000.0,16124000000.0,7040000000.0,9084000000.0,93718844748.0,171000000.0,-94000000.0,-1108000000.0,447000000.0,-556000000.0,-1185000000.0,-292000000.0,135000000.0,1640000000.0,8000000.0,1267000000.0,1267000000.0,1267000000.0,0.0,16000000.0,0.156,2094000000.0,1856000000.0,1844000000.0,0.441,5.4,19.496,19.812,8685000000.0,0.0,143.24,2.98,2.97,4759000000.0,33836000000.0,8134000000.0,8134000000.0,448000000.0,,,,,6000000.0,1646000000.0,1.0,654278447.0,652000000,664600000.0,12.475,24945000000.0,0.0,537000000.0,478000000.0,38.259,6153000000.0
29,MMM,MRQ,2014-03-31,2014-03-31,2014-03-31,2021-09-07,-3841000000.0,33547000000.0,,12762000000.0,20785000000.0,,26.376,-290000000.0,1954000000.0,1954000000.0,4031000000.0,1225000000.0,1.713,0.895,6577000000.0,2176000000.0,4401000000.0,6577000000.0,0.0,350000000.0,0.0,0.02,0.855,1707000000.0,2057000000.0,0.263,2057000000.0,1707000000.0,1670000000.0,1.83,1.79,1.83,17448000000.0,,17448000000.0,93328828464.0,14.0,11.524,802000000.0,1.212,1.0,3800000000.0,0.485,8988000000.0,37000000.0,21732000000.0,,3972000000.0,2340000000.0,860000000.0,1480000000.0,15623000000.0,7450000000.0,8173000000.0,89900828464.0,-627000000.0,0.0,-1441000000.0,574000000.0,-566000000.0,-1399000000.0,-287000000.0,-2000000.0,1092000000.0,-33000000.0,1207000000.0,1207000000.0,1207000000.0,0.0,18000000.0,0.154,2084000000.0,1716000000.0,1866000000.0,0.467,5.153,18.978,19.297,8630000000.0,0.0,135.66,2.894,2.888,4598000000.0,33312000000.0,7831000000.0,7831000000.0,452000000.0,,,,,71000000.0,1632000000.0,1.0,662692234.0,661500000,674500000.0,11.838,24559000000.0,0.0,463000000.0,481000000.0,37.126,5312000000.0
30,MMM,MRQ,2013-12-31,2013-12-31,2013-12-31,2021-09-07,-3913000000.0,33550000000.0,,12733000000.0,20817000000.0,,26.185,-501000000.0,2581000000.0,2581000000.0,3976000000.0,1116000000.0,1.698,0.891,6009000000.0,1683000000.0,4326000000.0,6009000000.0,0.0,357000000.0,0.0,0.018,0.635,1577000000.0,1934000000.0,0.256,1934000000.0,1577000000.0,1545000000.0,1.65,1.62,1.65,17502000000.0,,17502000000.0,97863072480.0,15.0,12.208,1492000000.0,2.232,1.0,3593000000.0,0.475,9033000000.0,32000000.0,20447000000.0,,3864000000.0,2331000000.0,756000000.0,1575000000.0,15602000000.0,7498000000.0,8104000000.0,94426072480.0,241000000.0,0.0,-1437000000.0,197000000.0,-423000000.0,-1603000000.0,-154000000.0,314000000.0,1993000000.0,5000000.0,1103000000.0,1103000000.0,1103000000.0,0.0,13000000.0,0.146,2014000000.0,1579000000.0,1799000000.0,0.385,5.395,20.267,20.534,8652000000.0,0.0,140.25,3.059,3.098,4253000000.0,32416000000.0,7569000000.0,7569000000.0,438000000.0,,,,,19000000.0,1576000000.0,1.0,673269679.0,668400000,681300000.0,11.324,24517000000.0,0.0,442000000.0,417000000.0,36.68,5235000000.0
31,MMM,MRQ,2013-09-30,2013-09-30,2013-09-30,2021-09-07,-4810000000.0,33604000000.0,,13282000000.0,20322000000.0,,26.178,-336000000.0,2340000000.0,2340000000.0,4148000000.0,1245000000.0,1.785,0.863,5777000000.0,2244000000.0,3533000000.0,5777000000.0,0.0,343000000.0,0.0,0.021,0.635,1734000000.0,2077000000.0,0.262,2077000000.0,1734000000.0,1701000000.0,1.81,1.78,1.81,17796000000.0,,17796000000.0,84616919015.0,13.0,10.774,815000000.0,1.199,1.0,3768000000.0,0.476,9087000000.0,33000000.0,20515000000.0,,3948000000.0,2668000000.0,971000000.0,1697000000.0,15352000000.0,7439000000.0,7913000000.0,81612919015.0,-602000000.0,0.0,-1274000000.0,-221000000.0,-431000000.0,-1916000000.0,38000000.0,365000000.0,1151000000.0,125000000.0,1230000000.0,1230000000.0,1230000000.0,0.0,15000000.0,0.155,2029000000.0,1739000000.0,1718000000.0,0.351,4.586,17.949,18.065,8448000000.0,0.0,119.41,2.659,2.645,4594000000.0,32412000000.0,7916000000.0,7916000000.0,420000000.0,,,,,30000000.0,1609000000.0,1.0,683468043.0,679800000,691800000.0,11.645,24517000000.0,0.0,471000000.0,373000000.0,36.065,5843000000.0
32,MMM,MRQ,2013-06-30,2013-06-30,2013-06-30,2021-09-07,-5166000000.0,34130000000.0,,13983000000.0,20147000000.0,,25.975,-386000000.0,2942000000.0,2942000000.0,4013000000.0,1213000000.0,2.207,0.884,5946000000.0,1062000000.0,4884000000.0,5946000000.0,0.0,335000000.0,0.0,0.022,0.635,1696000000.0,2031000000.0,0.262,2031000000.0,1696000000.0,1655000000.0,1.74,1.71,1.74,17876000000.0,,17876000000.0,78480781697.0,12.0,10.103,1293000000.0,1.879,1.0,3739000000.0,0.482,9017000000.0,41000000.0,21782000000.0,,3919000000.0,3006000000.0,1310000000.0,1696000000.0,15811000000.0,6335000000.0,9476000000.0,75472781697.0,14000000.0,8000000.0,-825000000.0,-4000000.0,-436000000.0,-1241000000.0,-335000000.0,44000000.0,1679000000.0,-89000000.0,1197000000.0,1197000000.0,1197000000.0,0.0,16000000.0,0.154,2037000000.0,1702000000.0,1920000000.0,0.365,4.222,16.854,16.875,8329000000.0,0.0,109.35,2.493,2.486,4542000000.0,31716000000.0,7752000000.0,7752000000.0,427000000.0,,,,,30000000.0,1610000000.0,1.0,690194620.0,688200000,699100000.0,11.264,25113000000.0,0.0,458000000.0,460000000.0,36.491,7648000000.0
33,MMM,MRQ,2013-03-31,2013-03-31,2013-03-31,2021-09-07,-5001000000.0,34029000000.0,,13855000000.0,20174000000.0,,26.164,-314000000.0,2928000000.0,2928000000.0,3969000000.0,1147000000.0,2.334,0.857,5936000000.0,1072000000.0,4864000000.0,5936000000.0,0.0,336000000.0,0.0,0.023,0.635,1638000000.0,1974000000.0,0.259,1974000000.0,1638000000.0,1599000000.0,1.63,1.61,1.63,18082000000.0,,18082000000.0,76470864009.0,12.0,9.833,680000000.0,0.984,1.0,3665000000.0,0.48,9087000000.0,39000000.0,22013000000.0,,3819000000.0,3061000000.0,1448000000.0,1613000000.0,15501000000.0,5937000000.0,9564000000.0,73352864009.0,45000000.0,0.0,-67000000.0,-9000000.0,-440000000.0,-486000000.0,-405000000.0,-96000000.0,994000000.0,-58000000.0,1129000000.0,1129000000.0,1129000000.0,0.0,18000000.0,0.148,2019000000.0,1646000000.0,1820000000.0,0.39,4.057,16.491,16.559,8318000000.0,0.0,106.31,2.441,2.445,4418000000.0,31073000000.0,7634000000.0,7634000000.0,430000000.0,,,,,69000000.0,1589000000.0,1.0,689990255.0,691100000,702100000.0,11.046,24942000000.0,0.0,470000000.0,392000000.0,36.09,7918000000.0
34,MMM,MRQ,2012-12-31,2012-12-31,2012-12-31,2021-09-07,-4750000000.0,33876000000.0,,13630000000.0,20246000000.0,,25.416,-481000000.0,2883000000.0,2883000000.0,3991000000.0,1004000000.0,2.198,0.901,6001000000.0,1085000000.0,4916000000.0,6001000000.0,0.0,332000000.0,0.0,0.025,0.59,1440000000.0,1772000000.0,0.24,1772000000.0,1440000000.0,1396000000.0,1.43,1.41,1.43,17575000000.0,,17575000000.0,67574819162.0,10.0,8.727,1257000000.0,1.818,1.0,3396000000.0,0.46,9310000000.0,44000000.0,21484000000.0,,3837000000.0,2973000000.0,1648000000.0,1325000000.0,15836000000.0,6200000000.0,9636000000.0,64245819162.0,-146000000.0,-798000000.0,-474000000.0,-475000000.0,-407000000.0,-1344000000.0,-552000000.0,727000000.0,1738000000.0,12000000.0,991000000.0,991000000.0,991000000.0,0.0,13000000.0,0.134,1953000000.0,1443000000.0,1762000000.0,0.413,3.656,14.457,14.508,8378000000.0,0.0,92.85,2.148,2.155,4061000000.0,30679000000.0,7387000000.0,7387000000.0,418000000.0,,,,,33000000.0,1535000000.0,1.0,691931278.0,691500000,701500000.0,10.683,24566000000.0,0.0,405000000.0,371000000.0,35.526,7430000000.0
35,MMM,MRQ,2012-09-30,2012-09-30,2012-09-30,2021-09-07,-4548000000.0,34479000000.0,,14494000000.0,19985000000.0,,25.46,-351000000.0,3029000000.0,3029000000.0,3935000000.0,1180000000.0,2.198,0.926,6358000000.0,1506000000.0,4852000000.0,6358000000.0,0.0,322000000.0,0.0,0.025,0.59,1669000000.0,1991000000.0,0.266,1991000000.0,1669000000.0,1625000000.0,1.68,1.65,1.68,17644000000.0,,17644000000.0,66890744770.0,11.0,8.753,994000000.0,1.434,1.0,3562000000.0,0.475,9063000000.0,44000000.0,22150000000.0,,3842000000.0,3531000000.0,1989000000.0,1542000000.0,16338000000.0,6595000000.0,9743000000.0,63891744770.0,-279000000.0,-104000000.0,-34000000.0,5000000.0,-408000000.0,-443000000.0,-1280000000.0,-835000000.0,1345000000.0,99000000.0,1161000000.0,1161000000.0,1161000000.0,0.0,19000000.0,0.155,1884000000.0,1678000000.0,1805000000.0,0.351,3.621,14.498,14.577,7939000000.0,0.0,92.42,2.158,2.163,4409000000.0,30150000000.0,7497000000.0,7497000000.0,397000000.0,,,,,24000000.0,1487000000.0,1.0,691319463.0,693000000,703100000.0,10.818,25416000000.0,0.0,464000000.0,301000000.0,36.675,7899000000.0
36,MMM,MRQ,2012-06-30,2012-06-30,2012-06-30,2021-09-07,-5012000000.0,33339000000.0,,14088000000.0,19251000000.0,,23.63,-354000000.0,3308000000.0,3308000000.0,3870000000.0,1186000000.0,2.469,1.004,6307000000.0,650000000.0,5657000000.0,6307000000.0,0.0,321000000.0,0.0,0.025,0.59,1719000000.0,2040000000.0,0.271,2040000000.0,1719000000.0,1676000000.0,1.68,1.66,1.68,16406000000.0,,16406000000.0,65012935501.0,10.0,8.625,1035000000.0,1.491,1.0,3664000000.0,0.486,8911000000.0,43000000.0,21720000000.0,,3656000000.0,2778000000.0,1595000000.0,1183000000.0,16466000000.0,5707000000.0,10759000000.0,62170935501.0,976000000.0,-144000000.0,-373000000.0,1219000000.0,-410000000.0,451000000.0,-811000000.0,-316000000.0,1389000000.0,-53000000.0,1167000000.0,1167000000.0,1167000000.0,0.0,19000000.0,0.155,1936000000.0,1728000000.0,1792000000.0,0.351,3.79,14.345,14.452,7706000000.0,0.0,89.6,2.098,2.099,4364000000.0,29465000000.0,7534000000.0,7534000000.0,408000000.0,,,,,29000000.0,1528000000.0,1.0,693872048.0,694300000,702600000.0,10.851,24428000000.0,0.0,509000000.0,440000000.0,35.184,8381000000.0
37,MMM,MRQ,2012-03-31,2012-03-31,2012-03-31,2021-09-07,-4785000000.0,32015000000.0,,12853000000.0,19162000000.0,,23.223,-257000000.0,2332000000.0,2332000000.0,3889000000.0,1141000000.0,2.377,0.951,5174000000.0,664000000.0,4510000000.0,5174000000.0,0.0,313000000.0,0.0,0.025,0.59,1627000000.0,1940000000.0,0.259,1940000000.0,1627000000.0,1587000000.0,1.61,1.59,1.61,16182000000.0,,16182000000.0,64907249097.0,10.0,8.696,571000000.0,0.819,1.0,3597000000.0,0.48,8955000000.0,40000000.0,20494000000.0,,3561000000.0,2322000000.0,1399000000.0,923000000.0,15396000000.0,5408000000.0,9988000000.0,61960249097.0,113000000.0,0.0,-311000000.0,-27000000.0,-410000000.0,-722000000.0,-43000000.0,213000000.0,828000000.0,50000000.0,1125000000.0,1125000000.0,1125000000.0,0.0,16000000.0,0.15,1963000000.0,1634000000.0,1779000000.0,0.366,3.829,14.319,14.506,7755000000.0,0.0,89.21,2.08,2.087,4323000000.0,28858000000.0,7486000000.0,7486000000.0,411000000.0,,,,,75000000.0,1552000000.0,1.0,694543763.0,696800000,706100000.0,10.743,23060000000.0,0.0,462000000.0,423000000.0,33.094,7445000000.0
38,MMM,MRQ,2011-12-31,2011-12-31,2011-12-31,2021-09-07,-5025000000.0,31616000000.0,,12240000000.0,19376000000.0,,21.988,-474000000.0,2219000000.0,2219000000.0,3824000000.0,974000000.0,2.25,1.022,5166000000.0,682000000.0,4484000000.0,5166000000.0,0.0,317000000.0,0.0,0.027,0.55,1354000000.0,1671000000.0,0.236,1671000000.0,1354000000.0,1309000000.0,1.37,1.35,1.37,15420000000.0,,15420000000.0,60063035778.0,10.0,8.14,1264000000.0,1.802,1.0,3265000000.0,0.461,8963000000.0,45000000.0,20159000000.0,,3416000000.0,2512000000.0,1461000000.0,1051000000.0,15754000000.0,5441000000.0,10313000000.0,57280035778.0,-1157000000.0,-118000000.0,-457000000.0,-928000000.0,-384000000.0,-1777000000.0,-1134000000.0,-548000000.0,1738000000.0,16000000.0,954000000.0,954000000.0,954000000.0,0.0,20000000.0,0.135,1901000000.0,1364000000.0,1643000000.0,0.401,3.715,13.374,13.509,7666000000.0,0.0,81.73,1.934,1.956,3867000000.0,28348000000.0,7089000000.0,7089000000.0,379000000.0,,,,,42000000.0,1522000000.0,1.0,700844681.0,701300000,707600000.0,10.108,22653000000.0,0.0,355000000.0,355000000.0,32.301,6799000000.0
39,MMM,MRQ,2011-09-30,2011-09-30,2011-09-30,2021-09-07,-3339000000.0,32115000000.0,,13669000000.0,18446000000.0,,23.976,-329000000.0,3376000000.0,3376000000.0,4027000000.0,1103000000.0,2.217,0.867,6159000000.0,1204000000.0,4955000000.0,6159000000.0,0.0,311000000.0,0.0,0.03,0.55,1576000000.0,1887000000.0,0.251,1887000000.0,1576000000.0,1528000000.0,1.54,1.52,1.54,16968000000.0,,16968000000.0,53161570128.0,9.0,7.294,1033000000.0,1.46,1.0,3504000000.0,0.465,9092000000.0,48000000.0,19641000000.0,,3604000000.0,2091000000.0,1486000000.0,605000000.0,14703000000.0,6165000000.0,8538000000.0,50937570128.0,0.0,-44000000.0,-737000000.0,668000000.0,-388000000.0,-461000000.0,-775000000.0,-402000000.0,1362000000.0,-126000000.0,1088000000.0,1088000000.0,1088000000.0,0.0,15000000.0,0.144,1923000000.0,1581000000.0,1689000000.0,0.357,3.002,11.966,11.985,7509000000.0,0.0,71.79,1.743,1.738,4259000000.0,27784000000.0,7531000000.0,7531000000.0,389000000.0,,,,,35000000.0,1534000000.0,1.0,709535731.0,707700000,715500000.0,10.642,23023000000.0,0.0,440000000.0,421000000.0,32.532,7504000000.0
40,MMM,MRQ,2011-06-30,2011-06-30,2011-06-30,2021-09-07,-2961000000.0,32282000000.0,,13537000000.0,18745000000.0,,24.292,-292000000.0,3376000000.0,3376000000.0,4040000000.0,1177000000.0,2.182,0.839,5600000000.0,1116000000.0,4484000000.0,5600000000.0,0.0,319000000.0,0.0,0.023,0.55,1647000000.0,1966000000.0,0.256,1966000000.0,1647000000.0,1597000000.0,1.63,1.6,1.63,17330000000.0,,17330000000.0,70270262596.0,12.0,9.696,1159000000.0,1.625,1.0,3640000000.0,0.474,9258000000.0,50000000.0,19045000000.0,,3717000000.0,1721000000.0,1148000000.0,573000000.0,14540000000.0,6203000000.0,8337000000.0,67398262596.0,629000000.0,-16000000.0,-303000000.0,-62000000.0,-391000000.0,-740000000.0,-85000000.0,223000000.0,1451000000.0,3000000.0,1160000000.0,1160000000.0,1160000000.0,0.0,17000000.0,0.151,1985000000.0,1655000000.0,1851000000.0,0.337,3.889,15.766,15.808,7624000000.0,0.0,94.85,2.359,2.368,4385000000.0,27110000000.0,7680000000.0,7680000000.0,404000000.0,,,,,22000000.0,1581000000.0,1.0,710577360.0,713400000,726500000.0,10.765,23024000000.0,0.0,437000000.0,365000000.0,32.274,7334000000.0
41,MMM,MRQ,2011-03-31,2011-03-31,2011-03-31,2021-09-07,-3237000000.0,31129000000.0,,12645000000.0,18484000000.0,,23.182,-229000000.0,2747000000.0,2747000000.0,3802000000.0,1103000000.0,2.143,0.863,5619000000.0,1133000000.0,4486000000.0,5619000000.0,0.0,289000000.0,0.0,0.023,0.55,1566000000.0,1855000000.0,0.254,1855000000.0,1566000000.0,1523000000.0,1.52,1.49,1.52,16494000000.0,,16494000000.0,68628858943.0,11.0,9.612,504000000.0,0.708,1.0,3509000000.0,0.48,9125000000.0,43000000.0,18976000000.0,,3489000000.0,1805000000.0,1285000000.0,520000000.0,14242000000.0,5900000000.0,8342000000.0,66553858943.0,-630000000.0,-471000000.0,-302000000.0,15000000.0,-392000000.0,-697000000.0,-724000000.0,-18000000.0,733000000.0,58000000.0,1081000000.0,1081000000.0,1081000000.0,0.0,22000000.0,0.148,1931000000.0,1578000000.0,1815000000.0,0.362,4.035,15.711,15.741,7503000000.0,0.0,93.5,2.409,2.408,4209000000.0,26521000000.0,7311000000.0,7311000000.0,398000000.0,,,,,101000000.0,1533000000.0,1.0,711805978.0,711500000,726400000.0,10.275,22004000000.0,0.0,442000000.0,393000000.0,30.926,6745000000.0
42,MMM,MRQ,2010-12-31,2010-12-31,2010-12-31,2021-09-07,-3543000000.0,30156000000.0,,12215000000.0,17941000000.0,,21.919,-508000000.0,3377000000.0,3377000000.0,3575000000.0,943000000.0,2.006,0.903,5452000000.0,1269000000.0,4183000000.0,5452000000.0,0.0,283000000.0,0.0,0.024,0.525,1297000000.0,1580000000.0,0.236,1580000000.0,1297000000.0,1247000000.0,1.3,1.27,1.3,15663000000.0,,15663000000.0,62984338863.0,11.0,9.0,1123000000.0,1.572,1.0,3134000000.0,0.467,8640000000.0,50000000.0,17502000000.0,,3155000000.0,1787000000.0,1101000000.0,686000000.0,14139000000.0,6089000000.0,8050000000.0,61692338863.0,-1089000000.0,-1782000000.0,-278000000.0,-315000000.0,-376000000.0,-959000000.0,-1749000000.0,541000000.0,1631000000.0,-12000000.0,928000000.0,928000000.0,928000000.0,0.0,15000000.0,0.138,1833000000.0,1301000000.0,1662000000.0,0.404,3.939,15.102,15.087,7279000000.0,0.0,86.3,2.314,2.31,3615000000.0,25995000000.0,6709000000.0,6709000000.0,388000000.0,,,,,36000000.0,1445000000.0,1.0,714859083.0,714600000,727600000.0,9.388,21516000000.0,0.0,319000000.0,358000000.0,30.109,6126000000.0
43,MMM,MRQ,2010-09-30,2010-09-30,2010-09-30,2021-09-07,-3366000000.0,30065000000.0,,14048000000.0,16017000000.0,,21.714,-225000000.0,4466000000.0,4466000000.0,3583000000.0,1125000000.0,2.604,0.918,5758000000.0,653000000.0,5105000000.0,5758000000.0,0.0,278000000.0,0.0,0.024,0.525,1568000000.0,1846000000.0,0.269,1846000000.0,1568000000.0,1517000000.0,1.55,1.53,1.55,15504000000.0,,15504000000.0,64490877581.0,11.0,9.144,1098000000.0,1.538,1.0,3291000000.0,0.479,7178000000.0,51000000.0,18784000000.0,,3215000000.0,1966000000.0,1387000000.0,579000000.0,14232000000.0,5395000000.0,8837000000.0,61835877581.0,1444000000.0,-18000000.0,97000000.0,-89000000.0,-375000000.0,-464000000.0,498000000.0,744000000.0,1323000000.0,87000000.0,1106000000.0,1106000000.0,1106000000.0,0.0,19000000.0,0.161,1715000000.0,1576000000.0,1649000000.0,0.339,3.988,15.111,15.08,6915000000.0,0.0,86.71,2.371,2.374,3869000000.0,25493000000.0,6874000000.0,6874000000.0,354000000.0,,,,,50000000.0,1361000000.0,1.0,713134328.0,714000000,725200000.0,9.627,22887000000.0,0.0,411000000.0,316000000.0,32.055,8653000000.0
44,MMM,MRQ,2010-06-30,2010-06-30,2010-06-30,2021-09-07,-4016000000.0,28496000000.0,,12891000000.0,15605000000.0,,19.554,-179000000.0,3022000000.0,3022000000.0,3435000000.0,1140000000.0,2.371,1.019,5677000000.0,728000000.0,4949000000.0,5677000000.0,0.0,272000000.0,0.0,0.026,0.525,1587000000.0,1859000000.0,0.276,1859000000.0,1587000000.0,1535000000.0,1.57,1.54,1.57,13971000000.0,,13971000000.0,59255246691.0,10.0,8.503,959000000.0,1.342,1.0,3296000000.0,0.49,6888000000.0,52000000.0,18826000000.0,,2980000000.0,2626000000.0,1909000000.0,717000000.0,14233000000.0,5437000000.0,8796000000.0,56325246691.0,174000000.0,-13000000.0,-138000000.0,-30000000.0,-375000000.0,-486000000.0,-388000000.0,-259000000.0,1138000000.0,-90000000.0,1121000000.0,1121000000.0,1121000000.0,0.0,19000000.0,0.167,1700000000.0,1596000000.0,1756000000.0,0.334,4.032,14.285,14.207,6715000000.0,0.0,78.99,2.218,2.223,3745000000.0,24788000000.0,6731000000.0,6731000000.0,350000000.0,,,,,35000000.0,1350000000.0,1.0,713068068.0,714500000,725700000.0,9.421,21608000000.0,0.0,414000000.0,386000000.0,30.242,7454000000.0
45,MMM,MRQ,2010-03-31,2010-03-31,2010-03-31,2021-09-07,-3747000000.0,28022000000.0,,12106000000.0,15916000000.0,,19.059,-154000000.0,2848000000.0,2848000000.0,3238000000.0,955000000.0,2.352,1.045,5778000000.0,698000000.0,5080000000.0,5778000000.0,0.0,287000000.0,0.0,0.025,0.525,1426000000.0,1713000000.0,0.27,1713000000.0,1426000000.0,1378000000.0,1.31,1.29,1.31,13566000000.0,,13566000000.0,62149558316.0,11.0,9.421,928000000.0,1.304,1.0,3110000000.0,0.49,7021000000.0,48000000.0,18783000000.0,,2798000000.0,2457000000.0,1759000000.0,698000000.0,14171000000.0,5148000000.0,9023000000.0,59479558316.0,-192000000.0,-17000000.0,131000000.0,-38000000.0,-374000000.0,-275000000.0,-987000000.0,-753000000.0,1082000000.0,-12000000.0,930000000.0,930000000.0,930000000.0,0.0,25000000.0,0.147,1665000000.0,1445000000.0,1582000000.0,0.401,4.384,16.499,16.354,6859000000.0,0.0,83.57,2.439,2.44,3569000000.0,24231000000.0,6348000000.0,6348000000.0,342000000.0,,,,,100000000.0,1323000000.0,1.0,711733377.0,711800000,723500000.0,8.918,21001000000.0,0.0,448000000.0,550000000.0,29.504,6958000000.0
46,MMM,MRQ,2009-12-31,2009-12-31,2009-12-31,2021-09-07,-3754000000.0,27250000000.0,,10795000000.0,16455000000.0,,18.005,-262000000.0,3040000000.0,3040000000.0,3189000000.0,951000000.0,2.204,1.093,5710000000.0,613000000.0,5097000000.0,5710000000.0,0.0,298000000.0,0.0,0.025,0.51,1337000000.0,1635000000.0,0.267,1635000000.0,1337000000.0,1283000000.0,1.32,1.31,1.32,12764000000.0,,12764000000.0,61412910016.0,13.0,10.309,782000000.0,1.103,1.0,2933000000.0,0.479,7174000000.0,54000000.0,17849000000.0,,2639000000.0,1672000000.0,744000000.0,928000000.0,13948000000.0,4897000000.0,9051000000.0,58526910016.0,-199000000.0,-9000000.0,133000000.0,-380000000.0,-361000000.0,-597000000.0,-656000000.0,-396000000.0,1044000000.0,10000000.0,935000000.0,935000000.0,935000000.0,0.0,16000000.0,0.153,1591000000.0,1342000000.0,1453000000.0,0.386,4.585,18.33,18.129,7000000000.0,0.0,82.67,2.531,2.504,3250000000.0,23753000000.0,6122000000.0,6122000000.0,326000000.0,,,,,31000000.0,1265000000.0,1.0,707958268.0,708900000,719900000.0,8.636,20076000000.0,0.0,348000000.0,252000000.0,28.32,5898000000.0
47,MMM,MRQ,2009-09-30,2009-09-30,2009-09-30,2021-09-07,-3368000000.0,27633000000.0,,11196000000.0,16437000000.0,,17.587,-170000000.0,3239000000.0,3239000000.0,3171000000.0,971000000.0,1.942,1.19,6125000000.0,921000000.0,5204000000.0,6125000000.0,0.0,290000000.0,0.0,0.028,0.51,1472000000.0,1762000000.0,0.285,1762000000.0,1472000000.0,1417000000.0,1.36,1.35,1.36,12360000000.0,,12360000000.0,55020064856.0,13.0,10.174,1566000000.0,2.228,1.0,3022000000.0,0.488,7253000000.0,55000000.0,17500000000.0,,2635000000.0,1322000000.0,697000000.0,625000000.0,14714000000.0,5766000000.0,8948000000.0,51536064856.0,643000000.0,-48000000.0,62000000.0,6000000.0,-361000000.0,-290000000.0,-701000000.0,-483000000.0,1736000000.0,-102000000.0,957000000.0,957000000.0,957000000.0,0.0,14000000.0,0.155,1544000000.0,1478000000.0,1404000000.0,0.375,4.17,18.445,18.404,6923000000.0,0.0,73.8,2.289,2.304,3638000000.0,23252000000.0,6193000000.0,6193000000.0,335000000.0,,,,,40000000.0,1209000000.0,1.0,698320662.0,702800000,710800000.0,8.812,20380000000.0,0.0,460000000.0,540000000.0,28.998,5430000000.0
48,MMM,MRQ,2009-06-30,2009-06-30,2009-06-30,2021-09-07,-3683000000.0,26095000000.0,,9898000000.0,16197000000.0,,15.504,-168000000.0,2596000000.0,2596000000.0,2977000000.0,792000000.0,1.861,1.377,6080000000.0,908000000.0,5172000000.0,6080000000.0,0.0,298000000.0,0.0,0.034,0.51,1189000000.0,1487000000.0,0.26,1487000000.0,1189000000.0,1134000000.0,1.12,1.12,1.12,10803000000.0,,10803000000.0,46134472630.0,11.0,8.448,1298000000.0,1.863,1.0,2742000000.0,0.479,7120000000.0,55000000.0,17141000000.0,,2601000000.0,791000000.0,378000000.0,413000000.0,14874000000.0,5318000000.0,9556000000.0,41732472630.0,964000000.0,-3000000.0,185000000.0,-42000000.0,-355000000.0,-220000000.0,-357000000.0,-180000000.0,1466000000.0,75000000.0,783000000.0,783000000.0,783000000.0,0.0,9000000.0,0.137,1551000000.0,1191000000.0,1243000000.0,0.455,3.863,14.757,14.73,6899000000.0,0.0,60.1,1.824,1.831,3456000000.0,22707000000.0,5719000000.0,5719000000.0,309000000.0,,,,,49000000.0,1242000000.0,1.0,694383904.0,696800000,700300000.0,8.208,18975000000.0,0.0,351000000.0,501000000.0,27.232,4580000000.0
49,MMM,MRQ,2009-03-31,2009-03-31,2009-03-31,2021-09-07,-4091000000.0,24338000000.0,,8647000000.0,15691000000.0,,14.04,-229000000.0,1632000000.0,1632000000.0,2772000000.0,530000000.0,1.829,1.458,6034000000.0,946000000.0,5088000000.0,6034000000.0,0.0,271000000.0,0.0,0.04,0.51,802000000.0,1073000000.0,0.211,1073000000.0,802000000.0,747000000.0,0.75,0.74,0.75,9737000000.0,,9737000000.0,39364316164.0,9.0,6.896,466000000.0,0.672,1.0,2317000000.0,0.455,6935000000.0,55000000.0,17077000000.0,,2660000000.0,605000000.0,247000000.0,358000000.0,14197000000.0,4728000000.0,9469000000.0,34495316164.0,-217000000.0,-9000000.0,34000000.0,-598000000.0,-354000000.0,-907000000.0,-18000000.0,220000000.0,695000000.0,13000000.0,518000000.0,518000000.0,518000000.0,0.0,12000000.0,0.102,1514000000.0,803000000.0,1124000000.0,0.68,3.543,11.537,11.536,6744000000.0,0.0,49.72,1.444,1.443,3099000000.0,22369000000.0,5089000000.0,5089000000.0,323000000.0,,,,,83000000.0,1191000000.0,1.0,693791556.0,693500000,695900000.0,7.338,17403000000.0,0.0,229000000.0,314000000.0,25.094,3919000000.0
50,MMM,MRQ,2008-12-31,2008-12-31,2008-12-31,2021-09-07,-3646000000.0,25793000000.0,,9598000000.0,16195000000.0,,14.259,-456000000.0,1849000000.0,1849000000.0,3101000000.0,541000000.0,1.644,1.568,6718000000.0,1552000000.0,5166000000.0,6718000000.0,0.0,307000000.0,0.0,0.035,0.5,779000000.0,1086000000.0,0.197,1086000000.0,779000000.0,722000000.0,0.78,0.78,0.78,9880000000.0,,9880000000.0,44668632829.0,8.0,6.962,669000000.0,0.966,1.0,2408000000.0,0.437,7151000000.0,57000000.0,17672000000.0,,3013000000.0,836000000.0,373000000.0,463000000.0,15489000000.0,5839000000.0,9650000000.0,39872632829.0,-391000000.0,-560000000.0,-2000000.0,-457000000.0,-346000000.0,-863000000.0,-390000000.0,626000000.0,1125000000.0,-263000000.0,536000000.0,536000000.0,536000000.0,0.0,5000000.0,0.097,1653000000.0,755000000.0,1301000000.0,0.641,4.036,11.524,11.624,6886000000.0,0.0,57.54,1.578,1.592,3195000000.0,22227000000.0,5509000000.0,5509000000.0,346000000.0,,,,,38000000.0,1307000000.0,1.0,692955037.0,692900000,696700000.0,7.951,18642000000.0,0.0,186000000.0,350000000.0,26.904,3759000000.0
51,MMM,MRQ,2008-09-30,2008-09-30,2008-09-30,2021-09-07,-1065000000.0,27609000000.0,,10788000000.0,16821000000.0,,17.543,-302000000.0,2240000000.0,2240000000.0,3432000000.0,1010000000.0,1.539,1.263,7036000000.0,2257000000.0,4779000000.0,7036000000.0,0.0,293000000.0,0.0,0.029,0.5,1522000000.0,1815000000.0,0.277,1815000000.0,1522000000.0,1470000000.0,1.43,1.41,1.43,12201000000.0,,12201000000.0,52209034361.0,9.0,7.56,866000000.0,1.245,1.0,3126000000.0,0.477,6836000000.0,52000000.0,18561000000.0,,3078000000.0,1664000000.0,727000000.0,937000000.0,15408000000.0,7008000000.0,8400000000.0,47748034361.0,693000000.0,-282000000.0,-475000000.0,1181000000.0,-348000000.0,214000000.0,-542000000.0,-15000000.0,1168000000.0,-147000000.0,991000000.0,991000000.0,991000000.0,0.0,19000000.0,0.151,1613000000.0,1513000000.0,1557000000.0,0.35,3.913,12.648,12.697,6809000000.0,0.0,68.31,1.839,1.83,3763000000.0,22070000000.0,6558000000.0,6558000000.0,344000000.0,,,,,41000000.0,1269000000.0,1.0,698990402.0,695500000,703100000.0,9.429,20773000000.0,0.0,479000000.0,570000000.0,29.868,3780000000.0
52,MMM,MRQ,2008-06-30,2008-06-30,2008-06-30,2021-09-07,-451000000.0,27358000000.0,,10539000000.0,16819000000.0,,17.854,-332000000.0,1547000000.0,1547000000.0,3510000000.0,963000000.0,1.508,1.183,6008000000.0,1913000000.0,4095000000.0,6008000000.0,0.0,285000000.0,0.0,0.028,0.5,1449000000.0,1734000000.0,0.257,1734000000.0,1449000000.0,1398000000.0,1.35,1.33,1.35,12535000000.0,,12535000000.0,52466367195.0,9.0,7.716,911000000.0,1.298,1.0,3229000000.0,0.479,6768000000.0,51000000.0,18064000000.0,,3175000000.0,1524000000.0,455000000.0,1069000000.0,14823000000.0,6987000000.0,7836000000.0,49011367195.0,-1180000000.0,-448000000.0,-434000000.0,-809000000.0,-351000000.0,-1432000000.0,-1003000000.0,-166000000.0,1243000000.0,12000000.0,945000000.0,945000000.0,945000000.0,0.0,18000000.0,0.14,1780000000.0,1449000000.0,1658000000.0,0.37,3.91,13.091,13.155,6919000000.0,0.0,69.59,1.916,1.91,3943000000.0,21437000000.0,6739000000.0,6739000000.0,363000000.0,,,,,64000000.0,1394000000.0,1.0,704287501.0,702100000,712000000.0,9.598,20590000000.0,0.0,453000000.0,643000000.0,29.326,3552000000.0
53,MMM,MRQ,2008-03-31,2008-03-31,2008-03-31,2021-09-07,-355000000.0,26769000000.0,,11325000000.0,15444000000.0,,17.601,-294000000.0,2727000000.0,2727000000.0,3336000000.0,1006000000.0,1.69,1.153,6182000000.0,2042000000.0,4140000000.0,6182000000.0,0.0,268000000.0,0.0,0.025,0.5,1513000000.0,1781000000.0,0.276,1781000000.0,1513000000.0,1458000000.0,1.4,1.38,1.4,12435000000.0,,12435000000.0,59035497323.0,10.0,8.74,703000000.0,0.995,1.0,3127000000.0,0.484,5552000000.0,55000000.0,17972000000.0,,3021000000.0,1529000000.0,567000000.0,962000000.0,14334000000.0,6700000000.0,7634000000.0,56011497323.0,831000000.0,-16000000.0,-431000000.0,1122000000.0,-353000000.0,315000000.0,-464000000.0,-154000000.0,997000000.0,-17000000.0,988000000.0,988000000.0,988000000.0,0.0,18000000.0,0.153,1626000000.0,1501000000.0,1557000000.0,0.357,4.504,15.073,15.163,6775000000.0,0.0,79.15,2.242,2.238,3776000000.0,20929000000.0,6463000000.0,6463000000.0,351000000.0,,,,,38000000.0,1275000000.0,1.0,707662632.0,706500000,717200000.0,9.148,21217000000.0,0.0,470000000.0,710000000.0,30.031,4625000000.0
54,MMM,MRQ,2007-12-31,2007-12-31,2007-12-31,2021-09-07,-747000000.0,24694000000.0,,9838000000.0,14856000000.0,,16.519,-378000000.0,1896000000.0,1896000000.0,3298000000.0,906000000.0,1.835,1.102,4920000000.0,901000000.0,4019000000.0,4920000000.0,0.0,276000000.0,0.0,0.023,0.48,1300000000.0,1576000000.0,0.254,1576000000.0,1300000000.0,1229000000.0,1.2,1.18,1.2,11747000000.0,,11747000000.0,63693467003.0,10.0,8.675,1149000000.0,1.616,1.0,2908000000.0,0.469,5390000000.0,71000000.0,16966000000.0,,2852000000.0,1357000000.0,579000000.0,778000000.0,12947000000.0,5362000000.0,7585000000.0,60139467003.0,221000000.0,-284000000.0,-376000000.0,-377000000.0,-341000000.0,-1081000000.0,-189000000.0,473000000.0,1527000000.0,-36000000.0,851000000.0,851000000.0,851000000.0,0.0,55000000.0,0.137,1638000000.0,1270000000.0,1505000000.0,0.4,5.12,14.682,14.793,6582000000.0,0.0,84.32,2.458,2.476,3362000000.0,20316000000.0,6206000000.0,6206000000.0,359000000.0,,,,,37000000.0,1274000000.0,1.0,713228973.0,711100000,725100000.0,8.727,19304000000.0,0.0,378000000.0,543000000.0,27.147,4476000000.0
55,MMM,MRQ,2007-09-30,2007-09-30,2007-09-30,2021-09-07,-1353000000.0,24355000000.0,,10400000000.0,13955000000.0,,15.353,-316000000.0,1675000000.0,1675000000.0,3240000000.0,960000000.0,1.456,1.22,5229000000.0,2405000000.0,2824000000.0,5229000000.0,0.0,263000000.0,0.0,0.02,0.48,1446000000.0,1709000000.0,0.277,1709000000.0,1446000000.0,1393000000.0,1.34,1.32,1.34,10970000000.0,,10970000000.0,70072660945.0,10.0,8.84,719000000.0,1.006,1.0,2937000000.0,0.475,5135000000.0,53000000.0,15633000000.0,,2794000000.0,1875000000.0,1024000000.0,851000000.0,13385000000.0,7141000000.0,6244000000.0,66985660945.0,327000000.0,-61000000.0,-351000000.0,740000000.0,-343000000.0,52000000.0,-827000000.0,-450000000.0,1035000000.0,67000000.0,960000000.0,960000000.0,960000000.0,0.0,0.0,0.155,1512000000.0,1425000000.0,1503000000.0,0.358,6.106,15.152,15.366,6340000000.0,0.0,93.58,2.787,2.782,3703000000.0,19852000000.0,6177000000.0,6177000000.0,338000000.0,,,,,35000000.0,1174000000.0,1.0,715811722.0,714500000,729900000.0,8.645,19220000000.0,0.0,433000000.0,711000000.0,26.9,3259000000.0
56,MMM,MRQ,2007-06-30,2007-06-30,2007-06-30,2021-09-07,-1658000000.0,22816000000.0,,9454000000.0,13362000000.0,,14.298,-325000000.0,1348000000.0,1348000000.0,3175000000.0,917000000.0,1.282,1.221,4435000000.0,2669000000.0,1766000000.0,4435000000.0,0.0,279000000.0,0.0,0.022,0.48,1410000000.0,1689000000.0,0.275,1689000000.0,1410000000.0,1362000000.0,1.28,1.25,1.28,10272000000.0,,10272000000.0,65411565132.0,10.0,8.375,779000000.0,1.084,1.0,2967000000.0,0.483,4987000000.0,48000000.0,13541000000.0,,2779000000.0,1383000000.0,531000000.0,852000000.0,12544000000.0,7375000000.0,5169000000.0,62506565132.0,-349000000.0,-59000000.0,-650000000.0,-173000000.0,-346000000.0,-1125000000.0,-364000000.0,20000000.0,1104000000.0,36000000.0,917000000.0,917000000.0,917000000.0,0.0,0.0,0.149,1570000000.0,1397000000.0,1472000000.0,0.375,6.085,14.353,14.587,6119000000.0,0.0,86.79,2.635,2.629,3620000000.0,19319000000.0,6142000000.0,6142000000.0,352000000.0,,,,,56000000.0,1286000000.0,1.0,720204691.0,718400000,731700000.0,8.55,17829000000.0,0.0,445000000.0,841000000.0,24.818,2079000000.0
57,MMM,MRQ,2007-03-31,2007-03-31,2007-03-31,2021-09-07,-1749000000.0,22739000000.0,,9726000000.0,13013000000.0,,13.786,-300000000.0,1697000000.0,1697000000.0,3022000000.0,1368000000.0,1.296,1.262,4602000000.0,2831000000.0,1771000000.0,4602000000.0,0.0,254000000.0,0.0,0.024,0.48,2114000000.0,2368000000.0,0.399,2368000000.0,2114000000.0,2076000000.0,1.88,1.85,1.88,10054000000.0,,10054000000.0,58196869071.0,9.0,7.726,280000000.0,0.384,1.0,2915000000.0,0.491,4851000000.0,38000000.0,13289000000.0,,2714000000.0,1397000000.0,589000000.0,808000000.0,12685000000.0,7504000000.0,5181000000.0,56090869071.0,250000000.0,762000000.0,-1066000000.0,1061000000.0,-350000000.0,-364000000.0,13000000.0,-449000000.0,580000000.0,21000000.0,1368000000.0,1368000000.0,1368000000.0,0.0,0.0,0.23,814000000.0,2101000000.0,1441000000.0,0.255,5.579,12.984,13.087,5991000000.0,0.0,76.43,2.411,2.396,3444000000.0,18905000000.0,5937000000.0,5937000000.0,319000000.0,,,,,26000000.0,1281000000.0,1.0,733885504.0,729300000,741300000.0,8.141,17888000000.0,0.0,708000000.0,915000000.0,24.528,2222000000.0
58,MMM,MRQ,2006-12-31,2006-12-31,2006-12-31,2021-09-07,-1873000000.0,21294000000.0,,8946000000.0,12348000000.0,,13.546,-409000000.0,1447000000.0,1447000000.0,3162000000.0,1176000000.0,1.222,1.138,3553000000.0,2506000000.0,1047000000.0,3553000000.0,0.0,351000000.0,0.0,0.024,0.46,1810000000.0,2161000000.0,0.374,2161000000.0,1810000000.0,1772000000.0,1.59,1.56,1.59,9959000000.0,,9959000000.0,60186011030.0,11.0,8.884,913000000.0,1.242,1.0,2620000000.0,0.453,4790000000.0,38000000.0,11287000000.0,,2601000000.0,951000000.0,471000000.0,480000000.0,11335000000.0,7323000000.0,4012000000.0,57385011030.0,448000000.0,789000000.0,-233000000.0,-284000000.0,-339000000.0,-823000000.0,-31000000.0,-411000000.0,1322000000.0,-20000000.0,1176000000.0,1176000000.0,1176000000.0,0.0,0.0,0.203,810000000.0,1810000000.0,1402000000.0,0.289,5.762,14.901,15.132,5907000000.0,0.0,77.93,2.503,2.541,3102000000.0,17933000000.0,5782000000.0,5782000000.0,509000000.0,,,,,9000000.0,1375000000.0,1.0,736366111.0,735200000,748700000.0,7.865,16504000000.0,0.0,596000000.0,1134000000.0,22.448,1623000000.0
59,MMM,MRQ,2006-09-30,2006-09-30,2006-09-30,2021-09-07,-138000000.0,22683000000.0,,8309000000.0,14374000000.0,,14.738,-284000000.0,999000000.0,999000000.0,2990000000.0,894000000.0,1.211,1.065,3800000000.0,2570000000.0,1230000000.0,3800000000.0,0.0,249000000.0,0.0,0.024,0.46,1343000000.0,1592000000.0,0.272,1592000000.0,1343000000.0,1306000000.0,1.2,1.18,1.2,10983000000.0,,10983000000.0,57779731286.0,11.0,9.603,815000000.0,1.094,1.0,2868000000.0,0.49,4492000000.0,37000000.0,14129000000.0,,2632000000.0,529000000.0,130000000.0,399000000.0,11700000000.0,6863000000.0,4837000000.0,56055731286.0,12000000.0,-380000000.0,-1192000000.0,1078000000.0,-342000000.0,-487000000.0,-590000000.0,74000000.0,1099000000.0,-10000000.0,894000000.0,894000000.0,894000000.0,0.0,0.0,0.153,1526000000.0,1342000000.0,1373000000.0,0.383,5.104,16.386,16.356,5782000000.0,0.0,74.42,2.495,2.469,3332000000.0,17127000000.0,5858000000.0,5858000000.0,340000000.0,,,,,44000000.0,1186000000.0,1.0,753234766.0,745200000,756200000.0,7.861,18191000000.0,0.0,412000000.0,848000000.0,24.411,1446000000.0
60,MMM,MRQ,2006-06-30,2006-06-30,2006-06-30,2021-09-07,-187000000.0,22033000000.0,,8101000000.0,13932000000.0,,15.259,-252000000.0,987000000.0,987000000.0,2840000000.0,882000000.0,1.493,0.912,2711000000.0,1458000000.0,1253000000.0,2711000000.0,0.0,233000000.0,0.0,0.022,0.46,1179000000.0,1412000000.0,0.248,1412000000.0,1179000000.0,1154000000.0,1.17,1.15,1.17,11522000000.0,,11522000000.0,62617061874.0,13.0,10.529,548000000.0,0.726,1.0,2848000000.0,0.501,4073000000.0,25000000.0,14258000000.0,,2557000000.0,602000000.0,259000000.0,343000000.0,10511000000.0,5426000000.0,5085000000.0,60895061874.0,75000000.0,-66000000.0,-252000000.0,72000000.0,-348000000.0,-523000000.0,-251000000.0,67000000.0,800000000.0,49000000.0,882000000.0,882000000.0,882000000.0,0.0,0.0,0.155,1673000000.0,1175000000.0,1343000000.0,0.393,5.285,18.086,18.151,5643000000.0,0.0,80.77,2.769,2.774,3171000000.0,16591000000.0,5688000000.0,5688000000.0,351000000.0,,,,,69000000.0,1322000000.0,1.0,753931681.0,755100000,770400000.0,7.533,17960000000.0,0.0,272000000.0,741000000.0,23.785,2675000000.0
61,MMM,MRQ,2006-03-31,2006-03-31,2006-03-31,2021-09-07,-330000000.0,21613000000.0,,7921000000.0,13692000000.0,,14.567,-174000000.0,912000000.0,912000000.0,2721000000.0,899000000.0,1.452,0.967,2634000000.0,1343000000.0,1291000000.0,2634000000.0,0.0,246000000.0,0.0,0.023,0.46,1364000000.0,1610000000.0,0.288,1610000000.0,1364000000.0,1342000000.0,1.19,1.17,1.19,10989000000.0,,10989000000.0,58454105300.0,12.0,9.71,444000000.0,0.589,1.0,2874000000.0,0.514,3974000000.0,22000000.0,13904000000.0,,2379000000.0,668000000.0,384000000.0,284000000.0,10624000000.0,5457000000.0,5167000000.0,57145105300.0,-160000000.0,-22000000.0,-151000000.0,269000000.0,-347000000.0,-228000000.0,-588000000.0,-392000000.0,618000000.0,38000000.0,899000000.0,899000000.0,899000000.0,0.0,0.0,0.161,1505000000.0,1369000000.0,1342000000.0,0.387,5.2,17.643,17.768,5574000000.0,0.0,75.69,2.646,2.644,3105000000.0,16215000000.0,5595000000.0,5595000000.0,322000000.0,,,,,18000000.0,1183000000.0,1.0,754988840.0,754400000,768600000.0,7.416,17639000000.0,0.0,443000000.0,932000000.0,23.381,2464000000.0
62,MMM,MRQ,2005-12-31,2005-12-31,2005-12-31,2021-09-07,-411000000.0,20541000000.0,,7115000000.0,13426000000.0,,13.719,-274000000.0,1072000000.0,1072000000.0,2622000000.0,746000000.0,1.358,0.976,2381000000.0,1072000000.0,1309000000.0,2381000000.0,0.0,252000000.0,0.0,0.022,0.42,1151000000.0,1403000000.0,0.263,1403000000.0,1151000000.0,1128000000.0,0.99,0.97,0.99,10395000000.0,,10395000000.0,60316766115.0,13.0,10.389,892000000.0,1.177,1.0,2703000000.0,0.508,4016000000.0,23000000.0,12596000000.0,,2162000000.0,272000000.0,0.0,272000000.0,10146000000.0,5238000000.0,4908000000.0,58894766115.0,-776000000.0,-29000000.0,-490000000.0,-893000000.0,-318000000.0,-1755000000.0,-277000000.0,26000000.0,1166000000.0,90000000.0,746000000.0,746000000.0,746000000.0,0.0,0.0,0.14,1513000000.0,1190000000.0,1256000000.0,0.424,5.666,18.931,19.042,5593000000.0,0.0,77.5,2.782,2.801,2838000000.0,15715000000.0,5325000000.0,5325000000.0,322000000.0,,,,,-32000000.0,1191000000.0,1.0,759932466.0,757700000,771700000.0,7.028,16525000000.0,0.0,382000000.0,989000000.0,21.809,1877000000.0
63,MMM,MRQ,2005-09-30,2005-09-30,2005-09-30,2021-09-07,-283000000.0,21366000000.0,,8167000000.0,13199000000.0,,13.444,-204000000.0,1848000000.0,1848000000.0,2635000000.0,840000000.0,1.187,1.085,3270000000.0,2582000000.0,688000000.0,3270000000.0,0.0,255000000.0,0.0,0.022,0.42,1267000000.0,1522000000.0,0.283,1522000000.0,1267000000.0,1247000000.0,1.1,1.08,1.1,10247000000.0,,10247000000.0,56169681113.0,12.0,10.202,709000000.0,0.93,1.0,2747000000.0,0.51,3980000000.0,20000000.0,11929000000.0,,2098000000.0,275000000.0,0.0,275000000.0,11119000000.0,6879000000.0,4240000000.0,56125681113.0,83000000.0,-1264000000.0,-444000000.0,1399000000.0,-321000000.0,656000000.0,-1481000000.0,-13000000.0,913000000.0,-5000000.0,840000000.0,840000000.0,840000000.0,0.0,0.0,0.156,1480000000.0,1267000000.0,1249000000.0,0.382,5.477,19.116,19.204,5604000000.0,0.0,73.36,2.681,2.671,3061000000.0,16944000000.0,5382000000.0,5382000000.0,314000000.0,,,,,133000000.0,1166000000.0,1.0,765071989.0,762200000,777100000.0,7.061,17386000000.0,0.0,407000000.0,1008000000.0,22.81,1288000000.0
64,MMM,MRQ,2005-06-30,2005-06-30,2005-06-30,2021-09-07,-291000000.0,19557000000.0,,7948000000.0,11609000000.0,,13.151,-209000000.0,1765000000.0,1765000000.0,2602000000.0,754000000.0,1.498,0.936,1809000000.0,1103000000.0,706000000.0,1809000000.0,0.0,237000000.0,0.0,0.022,0.42,1248000000.0,1485000000.0,0.281,1485000000.0,1248000000.0,1229000000.0,0.98,0.96,0.98,10100000000.0,,10100000000.0,55878925822.0,13.0,10.333,945000000.0,1.23,1.0,2692000000.0,0.509,2752000000.0,19000000.0,11543000000.0,,2020000000.0,274000000.0,0.0,274000000.0,9457000000.0,5306000000.0,4151000000.0,55639925822.0,-904000000.0,0.0,-422000000.0,-1098000000.0,-323000000.0,-1808000000.0,-181000000.0,28000000.0,1154000000.0,-69000000.0,754000000.0,754000000.0,754000000.0,0.0,0.0,0.142,1448000000.0,1244000000.0,1201000000.0,0.429,5.509,19.38,19.488,5516000000.0,0.0,72.3,2.711,2.706,2951000000.0,16446000000.0,5294000000.0,5294000000.0,318000000.0,,,,,0.0,1130000000.0,1.0,769570205.0,768000000,785000000.0,6.893,16805000000.0,0.0,475000000.0,1187000000.0,21.882,2642000000.0
65,MMM,MRQ,2005-03-31,2005-03-31,2005-03-31,2021-09-07,-35000000.0,20755000000.0,,8922000000.0,11833000000.0,,13.334,-215000000.0,2669000000.0,2669000000.0,2549000000.0,771000000.0,1.43,1.017,2908000000.0,2201000000.0,707000000.0,2908000000.0,0.0,242000000.0,0.0,0.018,0.42,1154000000.0,1396000000.0,0.27,1396000000.0,1154000000.0,1134000000.0,1.0,0.97,1.0,10290000000.0,,10290000000.0,66252899792.0,15.0,12.393,756000000.0,0.98,1.0,2617000000.0,0.507,2850000000.0,20000000.0,11907000000.0,,1980000000.0,280000000.0,0.0,280000000.0,10465000000.0,6237000000.0,4228000000.0,66188899792.0,-88000000.0,0.0,-476000000.0,107000000.0,-324000000.0,-718000000.0,-302000000.0,-87000000.0,971000000.0,-39000000.0,771000000.0,771000000.0,771000000.0,0.0,0.0,0.149,1464000000.0,1153000000.0,1201000000.0,0.42,6.432,22.903,23.035,5624000000.0,0.0,85.69,3.271,3.267,2899000000.0,16051000000.0,5166000000.0,5166000000.0,320000000.0,,,,,0.0,1144000000.0,1.0,772422684.0,771700000,791400000.0,6.694,17905000000.0,0.0,363000000.0,950000000.0,23.202,2685000000.0
66,MMM,MRQ,2004-12-31,2004-12-31,2004-12-31,2021-09-07,132000000.0,20708000000.0,,8720000000.0,11988000000.0,,13.374,-290000000.0,2757000000.0,2757000000.0,2657000000.0,571000000.0,1.436,0.995,2821000000.0,2094000000.0,727000000.0,2821000000.0,0.0,259000000.0,0.0,0.018,0.36,844000000.0,1103000000.0,0.217,1103000000.0,844000000.0,827000000.0,0.74,0.72,0.74,10378000000.0,,10378000000.0,64355267160.0,15.0,12.122,979000000.0,1.262,1.0,2434000000.0,0.478,2932000000.0,17000000.0,11769000000.0,,1897000000.0,227000000.0,0.0,227000000.0,10330000000.0,6071000000.0,4259000000.0,63894267160.0,557000000.0,0.0,-471000000.0,160000000.0,-280000000.0,-521000000.0,-291000000.0,-1000000.0,1269000000.0,100000000.0,571000000.0,571000000.0,571000000.0,0.0,0.0,0.112,1594000000.0,840000000.0,1168000000.0,0.486,6.157,22.49,22.547,5711000000.0,0.0,82.07,3.193,3.201,2792000000.0,15649000000.0,5091000000.0,5091000000.0,392000000.0,,,,,198000000.0,1202000000.0,1.0,778533778.0,776000000,793700000.0,6.561,17776000000.0,0.0,256000000.0,867000000.0,22.907,2649000000.0
67,MMM,MRQ,2004-09-30,2004-09-30,2004-09-30,2021-09-07,-1540000000.0,18064000000.0,,8297000000.0,9767000000.0,,11.14,-220000000.0,2200000000.0,2200000000.0,2457000000.0,775000000.0,1.573,1.077,2661000000.0,1377000000.0,1284000000.0,2661000000.0,0.0,243000000.0,0.0,0.018,0.36,1181000000.0,1424000000.0,0.287,1424000000.0,1181000000.0,1164000000.0,0.99,0.97,0.99,8696000000.0,,8696000000.0,62939782981.0,14.0,11.673,502000000.0,0.643,1.0,2512000000.0,0.506,2789000000.0,17000000.0,10463000000.0,,1953000000.0,217000000.0,0.0,217000000.0,9368000000.0,5273000000.0,4095000000.0,62592782981.0,-114000000.0,13000000.0,-372000000.0,15000000.0,-281000000.0,-646000000.0,-212000000.0,-5000000.0,722000000.0,22000000.0,775000000.0,775000000.0,775000000.0,0.0,0.0,0.156,1329000000.0,1183000000.0,1116000000.0,0.364,7.198,21.666,21.672,5468000000.0,0.0,79.97,3.187,3.179,2853000000.0,15233000000.0,4969000000.0,4969000000.0,282000000.0,,,,,0.0,1047000000.0,1.0,782703301.0,780600000,796200000.0,6.366,15275000000.0,0.0,389000000.0,877000000.0,19.568,3024000000.0
68,MMM,MRQ,2004-06-30,2004-06-30,2004-06-30,2021-09-07,-1624000000.0,18362000000.0,,8627000000.0,9735000000.0,,10.808,-210000000.0,2314000000.0,2314000000.0,2452000000.0,773000000.0,1.542,1.171,2661000000.0,1358000000.0,1303000000.0,2661000000.0,0.0,245000000.0,0.0,0.015,0.36,1178000000.0,1423000000.0,0.284,1423000000.0,1178000000.0,1162000000.0,0.99,0.97,0.99,8457000000.0,,8457000000.0,71404095002.0,17.0,13.642,1085000000.0,1.387,1.0,2560000000.0,0.511,2799000000.0,16000000.0,10316000000.0,,1940000000.0,211000000.0,0.0,211000000.0,9905000000.0,5594000000.0,4311000000.0,70398095002.0,496000000.0,-6000000.0,-136000000.0,-153000000.0,-282000000.0,-582000000.0,-216000000.0,0.0,1295000000.0,-1000000.0,773000000.0,773000000.0,773000000.0,0.0,0.0,0.154,1374000000.0,1186000000.0,1108000000.0,0.364,8.324,25.35,25.355,5456000000.0,0.0,90.01,3.65,3.652,2913000000.0,14763000000.0,5012000000.0,5012000000.0,290000000.0,,,,,0.0,1084000000.0,1.0,782114154.0,782500000,799700000.0,6.405,15563000000.0,0.0,389000000.0,1094000000.0,19.889,3033000000.0
69,MMM,MRQ,2004-03-31,2004-03-31,2004-03-31,2021-09-07,-1570000000.0,17978000000.0,,8063000000.0,9915000000.0,,10.347,-148000000.0,1818000000.0,1818000000.0,2436000000.0,722000000.0,1.562,1.219,2824000000.0,1106000000.0,1718000000.0,2824000000.0,0.0,252000000.0,0.0,0.016,0.36,1107000000.0,1359000000.0,0.275,1359000000.0,1107000000.0,1088000000.0,0.92,0.9,0.92,8101000000.0,,8101000000.0,65256264869.0,16.0,13.038,794000000.0,1.014,1.0,2503000000.0,0.507,2816000000.0,19000000.0,11005000000.0,,1880000000.0,211000000.0,0.0,211000000.0,9877000000.0,5163000000.0,4714000000.0,64155264869.0,-18000000.0,-80000000.0,-304000000.0,-133000000.0,-282000000.0,-731000000.0,-219000000.0,9000000.0,942000000.0,-10000000.0,722000000.0,722000000.0,722000000.0,0.0,0.0,0.146,1386000000.0,1117000000.0,1066000000.0,0.391,7.919,24.459,24.439,5512000000.0,0.0,81.87,3.403,3.4,2904000000.0,14383000000.0,4939000000.0,4939000000.0,282000000.0,,,,,0.0,1104000000.0,1.0,783623609.0,782900000,799500000.0,6.309,15162000000.0,0.0,366000000.0,986000000.0,19.366,2900000000.0
70,MMM,MRQ,2003-12-31,2003-12-31,2003-12-31,2021-09-07,-1554000000.0,17600000000.0,,7720000000.0,9880000000.0,,10.05,-220000000.0,1836000000.0,1836000000.0,2429000000.0,619000000.0,1.519,1.232,2937000000.0,1202000000.0,1735000000.0,2937000000.0,0.0,247000000.0,0.0,0.016,0.33,939000000.0,1186000000.0,0.251,1186000000.0,939000000.0,924000000.0,0.79,0.77,0.79,7885000000.0,,7885000000.0,68452604296.0,19.0,14.711,1046000000.0,1.333,1.0,2289000000.0,0.485,2693000000.0,15000000.0,10926000000.0,,1816000000.0,218000000.0,0.0,218000000.0,9715000000.0,5082000000.0,4633000000.0,66738604296.0,557000000.0,-11000000.0,-161000000.0,-68000000.0,-259000000.0,-492000000.0,-233000000.0,-2000000.0,1266000000.0,16000000.0,619000000.0,619000000.0,619000000.0,0.0,0.0,0.131,1347000000.0,942000000.0,1087000000.0,0.418,8.464,27.773,27.697,5609000000.0,0.0,85.03,3.661,3.651,2714000000.0,14010000000.0,4718000000.0,4718000000.0,331000000.0,,,,,0.0,1016000000.0,1.0,784883033.0,784600000,801000000.0,6.013,14907000000.0,0.0,305000000.0,880000000.0,18.999,2638000000.0
71,MMM,MRQ,2003-09-30,2003-09-30,2003-09-30,2021-09-07,-1675000000.0,16797000000.0,,7342000000.0,9455000000.0,,9.569,-144000000.0,1279000000.0,1279000000.0,2322000000.0,663000000.0,1.478,1.237,2993000000.0,1255000000.0,1738000000.0,2993000000.0,0.0,242000000.0,0.0,0.019,0.33,1024000000.0,1266000000.0,0.274,1266000000.0,1024000000.0,1002000000.0,0.85,0.83,0.85,7508000000.0,,7508000000.0,56129283820.0,16.0,12.526,473000000.0,0.603,1.0,2294000000.0,0.497,2594000000.0,22000000.0,10949000000.0,,1882000000.0,214000000.0,0.0,214000000.0,9289000000.0,4968000000.0,4321000000.0,54082283820.0,305000000.0,-4000000.0,41000000.0,-23000000.0,-260000000.0,-238000000.0,-122000000.0,26000000.0,617000000.0,48000000.0,663000000.0,663000000.0,663000000.0,0.0,0.0,0.144,1264000000.0,1030000000.0,969000000.0,0.388,7.203,23.565,23.573,5467000000.0,0.0,69.07,3.064,3.07,2791000000.0,13649000000.0,4616000000.0,4616000000.0,270000000.0,,,,,0.0,994000000.0,1.0,783006860.0,784600000,797500000.0,5.883,14203000000.0,0.0,339000000.0,825000000.0,18.102,2374000000.0
72,MMM,MRQ,2003-06-30,2003-06-30,2003-06-30,2021-09-07,-1744000000.0,16566000000.0,,7037000000.0,9529000000.0,,8.896,-133000000.0,974000000.0,974000000.0,2323000000.0,619000000.0,1.458,1.382,3021000000.0,1059000000.0,1962000000.0,3021000000.0,0.0,241000000.0,0.0,0.02,0.33,953000000.0,1194000000.0,0.261,1194000000.0,953000000.0,929000000.0,0.79,0.78,0.79,6955000000.0,,6955000000.0,53167750102.0,16.0,12.408,993000000.0,1.27,1.0,2257000000.0,0.493,2533000000.0,24000000.0,11253000000.0,,1990000000.0,233000000.0,0.0,233000000.0,9611000000.0,4827000000.0,4784000000.0,50409750102.0,413000000.0,-8000000.0,3000000.0,-311000000.0,-258000000.0,-575000000.0,-149000000.0,-8000000.0,1126000000.0,11000000.0,619000000.0,619000000.0,619000000.0,0.0,0.0,0.135,1297000000.0,960000000.0,972000000.0,0.418,7.248,23.156,23.198,5555000000.0,0.0,64.49,2.934,2.935,2771000000.0,13256000000.0,4580000000.0,4580000000.0,276000000.0,,,,,0.0,1021000000.0,1.0,781667702.0,781800000,792300000.0,5.858,14033000000.0,0.0,310000000.0,813000000.0,17.95,2210000000.0
73,MMM,MRQ,2003-03-31,2003-03-31,2003-03-31,2021-09-07,-1985000000.0,15845000000.0,,6464000000.0,9381000000.0,,8.096,-51000000.0,561000000.0,561000000.0,2211000000.0,502000000.0,1.378,1.509,3319000000.0,1200000000.0,2119000000.0,3319000000.0,0.0,234000000.0,0.0,0.019,0.33,773000000.0,1007000000.0,0.233,1007000000.0,773000000.0,750000000.0,0.64,0.63,0.64,6316000000.0,,6316000000.0,53456252450.0,17.0,13.255,713000000.0,0.914,1.0,2107000000.0,0.488,2428000000.0,23000000.0,11483000000.0,,1957000000.0,221000000.0,0.0,221000000.0,9529000000.0,4692000000.0,4837000000.0,50697252450.0,-57000000.0,-416000000.0,-13000000.0,-38000000.0,-257000000.0,-322000000.0,-465000000.0,2000000.0,764000000.0,-34000000.0,502000000.0,502000000.0,502000000.0,0.0,0.0,0.116,1326000000.0,781000000.0,963000000.0,0.516,8.027,25.048,25.145,5550000000.0,0.0,65.0,3.025,3.025,2643000000.0,12935000000.0,4318000000.0,4318000000.0,270000000.0,,,,,0.0,963000000.0,1.0,779957730.0,780100000,790600000.0,5.535,13417000000.0,0.0,248000000.0,652000000.0,17.199,1772000000.0
74,MMM,MRQ,2002-12-31,2002-12-31,2002-12-31,2021-09-07,-2026000000.0,15329000000.0,,6059000000.0,9270000000.0,,7.677,-194000000.0,618000000.0,618000000.0,2114000000.0,511000000.0,1.359,1.558,3377000000.0,1237000000.0,2140000000.0,3377000000.0,0.0,226000000.0,0.0,0.02,0.31,788000000.0,1014000000.0,0.245,1014000000.0,788000000.0,766000000.0,0.65,0.65,0.65,5993000000.0,,5993000000.0,50229246205.0,17.0,12.639,805000000.0,1.031,1.0,2024000000.0,0.489,2167000000.0,22000000.0,11464000000.0,,1931000000.0,238000000.0,0.0,238000000.0,9336000000.0,4457000000.0,4879000000.0,48111246205.0,-203000000.0,-1171000000.0,-33000000.0,427000000.0,-243000000.0,151000000.0,-1361000000.0,4000000.0,999000000.0,8000000.0,511000000.0,511000000.0,511000000.0,0.0,0.0,0.123,1228000000.0,796000000.0,945000000.0,0.477,8.028,24.372,24.368,5621000000.0,0.0,61.65,2.946,2.944,2527000000.0,12748000000.0,4138000000.0,4138000000.0,273000000.0,,,,,0.0,955000000.0,1.0,780393288.0,780600000,791300000.0,5.301,13162000000.0,0.0,255000000.0,518000000.0,16.861,1602000000.0
75,MMM,MRQ,2002-09-30,2002-09-30,2002-09-30,2021-09-07,-1139000000.0,15719000000.0,,6556000000.0,9163000000.0,,8.521,-148000000.0,821000000.0,821000000.0,2115000000.0,545000000.0,1.453,1.366,2939000000.0,1261000000.0,1678000000.0,2939000000.0,0.0,232000000.0,0.0,0.022,0.31,838000000.0,1070000000.0,0.258,1070000000.0,838000000.0,819000000.0,0.7,0.69,0.7,6643000000.0,,6643000000.0,44880628880.0,16.0,11.709,249000000.0,0.319,1.0,2028000000.0,0.49,1412000000.0,19000000.0,11914000000.0,,1945000000.0,247000000.0,0.0,247000000.0,9076000000.0,4511000000.0,4565000000.0,42901628880.0,156000000.0,-87000000.0,-41000000.0,303000000.0,-242000000.0,0.0,-238000000.0,-3000000.0,397000000.0,-3000000.0,545000000.0,545000000.0,545000000.0,0.0,0.0,0.132,1177000000.0,851000000.0,867000000.0,0.443,6.458,23.266,23.305,5451000000.0,0.0,55.0,2.673,2.672,2585000000.0,12510000000.0,4143000000.0,4143000000.0,264000000.0,,,,,0.0,913000000.0,1.0,780029616.0,779600000,790000000.0,5.314,14307000000.0,0.0,274000000.0,580000000.0,18.352,2045000000.0
76,MMM,MRQ,2002-06-30,2002-06-30,2002-06-30,2021-09-07,-1080000000.0,14961000000.0,,6623000000.0,8338000000.0,,8.179,-193000000.0,665000000.0,665000000.0,2231000000.0,466000000.0,1.582,1.345,2644000000.0,806000000.0,1838000000.0,2644000000.0,0.0,246000000.0,0.0,0.02,0.31,696000000.0,942000000.0,0.226,942000000.0,696000000.0,676000000.0,0.595,0.59,0.595,6380000000.0,,6380000000.0,50174794652.0,19.0,13.657,732000000.0,0.938,1.0,1930000000.0,0.464,1314000000.0,20000000.0,11440000000.0,,1998000000.0,250000000.0,0.0,250000000.0,8581000000.0,4186000000.0,4395000000.0,47889794652.0,75000000.0,0.0,-50000000.0,-296000000.0,-241000000.0,-605000000.0,-185000000.0,8000000.0,925000000.0,-60000000.0,466000000.0,466000000.0,466000000.0,0.0,0.0,0.112,1244000000.0,686000000.0,835000000.0,0.521,7.506,28.287,28.472,5552000000.0,0.0,61.5,3.018,3.023,2795000000.0,12227000000.0,4161000000.0,4161000000.0,269000000.0,,,,,0.0,975000000.0,1.0,778695848.0,780000000,792200000.0,5.335,13647000000.0,0.0,210000000.0,678000000.0,17.496,2437000000.0
77,MMM,MRQ,2002-03-31,2002-03-31,2002-03-31,2021-09-07,-1224000000.0,14431000000.0,,6273000000.0,8158000000.0,,7.697,-145000000.0,590000000.0,590000000.0,2036000000.0,452000000.0,1.564,1.404,2875000000.0,984000000.0,1891000000.0,2875000000.0,0.0,250000000.0,0.0,0.021,0.31,698000000.0,948000000.0,0.244,948000000.0,698000000.0,679000000.0,0.58,0.57,0.58,6002000000.0,,6002000000.0,47145706475.0,21.0,14.213,526000000.0,0.675,1.0,1854000000.0,0.477,1241000000.0,19000000.0,11463000000.0,,2000000000.0,262000000.0,0.0,262000000.0,8429000000.0,4012000000.0,4417000000.0,44868706475.0,-26000000.0,0.0,-296000000.0,11000000.0,-242000000.0,-567000000.0,-143000000.0,2000000.0,671000000.0,13000000.0,452000000.0,452000000.0,452000000.0,0.0,0.0,0.116,1141000000.0,713000000.0,781000000.0,0.534,7.476,31.399,31.593,5488000000.0,0.0,57.5,2.843,2.841,2610000000.0,12078000000.0,3890000000.0,3890000000.0,264000000.0,,,,,0.0,877000000.0,1.0,780325330.0,779800000,790400000.0,4.988,13190000000.0,0.0,227000000.0,595000000.0,16.915,2261000000.0
78,MMM,MRQ,2001-12-31,2001-12-31,2001-12-31,2021-09-07,-1205000000.0,14606000000.0,,6296000000.0,8310000000.0,,7.777,-147000000.0,616000000.0,616000000.0,2131000000.0,381000000.0,1.396,1.4,2893000000.0,1373000000.0,1520000000.0,2893000000.0,0.0,291000000.0,0.0,0.02,0.3,582000000.0,873000000.0,0.226,873000000.0,582000000.0,556000000.0,0.485,0.48,0.485,6086000000.0,,6086000000.0,48918480687.0,22.0,14.624,671000000.0,0.857,1.0,1725000000.0,0.447,1250000000.0,26000000.0,11124000000.0,,2091000000.0,275000000.0,0.0,275000000.0,8520000000.0,4509000000.0,4011000000.0,46344480687.0,177000000.0,-21000000.0,-121000000.0,-174000000.0,-235000000.0,-490000000.0,-144000000.0,24000000.0,818000000.0,-7000000.0,381000000.0,381000000.0,381000000.0,0.0,0.0,0.099,1143000000.0,582000000.0,753000000.0,0.619,7.615,32.409,32.652,5615000000.0,0.0,59.1,2.887,2.903,2482000000.0,11914000000.0,3856000000.0,3856000000.0,262000000.0,,,,,0.0,969000000.0,1.0,784170570.0,782600000,793600000.0,4.927,13356000000.0,0.0,175000000.0,596000000.0,17.066,1787000000.0
79,MMM,MRQ,2001-09-30,2001-09-30,2001-09-30,2021-09-07,-1091000000.0,15205000000.0,,6556000000.0,8649000000.0,,7.835,-195000000.0,439000000.0,439000000.0,2156000000.0,394000000.0,1.31,1.466,3013000000.0,1588000000.0,1425000000.0,3013000000.0,0.0,295000000.0,0.0,0.024,0.3,616000000.0,911000000.0,0.23,911000000.0,616000000.0,589000000.0,0.5,0.495,0.5,6166000000.0,,6166000000.0,41541939065.0,19.0,12.513,625000000.0,0.794,1.0,1805000000.0,0.456,0.0,27000000.0,12773000000.0,,2242000000.0,281000000.0,0.0,281000000.0,9039000000.0,5006000000.0,4033000000.0,38781939065.0,-127000000.0,2000000.0,-213000000.0,-240000000.0,-236000000.0,-729000000.0,-194000000.0,-1000000.0,820000000.0,-24000000.0,394000000.0,394000000.0,394000000.0,0.0,0.0,0.099,1185000000.0,620000000.0,1189000000.0,0.6,6.29,28.205,28.276,5813000000.0,0.0,49.2,2.378,2.374,2851000000.0,11785000000.0,3961000000.0,3961000000.0,261000000.0,,,,,0.0,924000000.0,1.0,788250794.0,787000000,796800000.0,5.033,15205000000.0,0.0,195000000.0,620000000.0,19.32,1550000000.0
80,MMM,MRQ,2001-06-30,2001-06-30,2001-06-30,2021-09-07,-1169000000.0,15317000000.0,,6791000000.0,8526000000.0,,7.73,-253000000.0,566000000.0,566000000.0,2266000000.0,202000000.0,1.23,1.502,3326000000.0,2086000000.0,1240000000.0,3326000000.0,0.0,256000000.0,0.0,0.021,0.3,329000000.0,585000000.0,0.144,585000000.0,329000000.0,296000000.0,0.255,0.25,0.255,6121000000.0,,6121000000.0,47855809878.0,20.0,13.708,472000000.0,0.596,1.0,1807000000.0,0.444,0.0,33000000.0,12557000000.0,,2299000000.0,284000000.0,0.0,284000000.0,9196000000.0,5520000000.0,3676000000.0,45173809878.0,-9000000.0,-16000000.0,-307000000.0,79000000.0,-238000000.0,-483000000.0,-272000000.0,-3000000.0,725000000.0,21000000.0,202000000.0,202000000.0,202000000.0,0.0,0.0,0.05,1473000000.0,334000000.0,1154000000.0,1.176,7.38,30.523,30.508,5819000000.0,0.0,57.05,2.718,2.718,2951000000.0,11639000000.0,4073000000.0,4073000000.0,283000000.0,,,,,0.0,1190000000.0,1.0,791828394.0,791800000,804400000.0,5.144,15317000000.0,0.0,94000000.0,561000000.0,19.345,1271000000.0
81,MMM,MRQ,2001-03-31,2001-03-31,2001-03-31,2021-09-07,-1107000000.0,15364000000.0,,6825000000.0,8539000000.0,,8.167,-272000000.0,575000000.0,575000000.0,2196000000.0,453000000.0,1.256,1.374,3257000000.0,2302000000.0,955000000.0,3257000000.0,0.0,247000000.0,0.0,0.023,0.3,729000000.0,976000000.0,0.234,976000000.0,729000000.0,691000000.0,0.57,0.565,0.57,6473000000.0,,6473000000.0,43694192970.0,15.0,11.215,443000000.0,0.559,1.0,1968000000.0,0.473,0.0,38000000.0,12612000000.0,,2341000000.0,274000000.0,0.0,274000000.0,8891000000.0,5434000000.0,3457000000.0,41159192970.0,273000000.0,-183000000.0,-219000000.0,444000000.0,-239000000.0,-14000000.0,-440000000.0,15000000.0,715000000.0,12000000.0,453000000.0,453000000.0,453000000.0,0.0,0.0,0.109,1231000000.0,737000000.0,1162000000.0,0.526,6.359,23.546,23.507,5853000000.0,0.0,51.95,2.452,2.453,2948000000.0,11703000000.0,4164000000.0,4164000000.0,278000000.0,,,,,0.0,953000000.0,1.0,792284754.0,792600000,804800000.0,5.254,15364000000.0,0.0,238000000.0,593000000.0,19.384,1391000000.0
82,MMM,MRQ,2000-12-31,2000-12-31,2000-12-31,2021-09-07,-914000000.0,14522000000.0,,6379000000.0,8143000000.0,,8.278,-342000000.0,302000000.0,302000000.0,2220000000.0,326000000.0,1.342,1.224,2837000000.0,1866000000.0,971000000.0,2837000000.0,0.0,288000000.0,0.0,0.019,0.29,560000000.0,848000000.0,0.206,848000000.0,560000000.0,530000000.0,0.415,0.405,0.415,6531000000.0,,6531000000.0,49980232532.0,17.0,12.676,216000000.0,0.274,1.0,1891000000.0,0.46,0.0,30000000.0,12303000000.0,,2312000000.0,310000000.0,0.0,310000000.0,7991000000.0,4754000000.0,3237000000.0,47529232532.0,-21000000.0,-165000000.0,84000000.0,31000000.0,-229000000.0,-104000000.0,-489000000.0,18000000.0,558000000.0,14000000.0,326000000.0,326000000.0,326000000.0,0.0,0.0,0.079,1244000000.0,647000000.0,932000000.0,0.699,7.277,26.672,26.778,5823000000.0,0.0,60.25,2.846,2.855,2891000000.0,11517000000.0,4111000000.0,4111000000.0,276000000.0,,,,,0.0,984000000.0,1.0,788866930.0,789000000,799200000.0,5.21,14522000000.0,0.0,204000000.0,462000000.0,18.406,1625000000.0
83,MMM,MRQ,2000-09-30,2000-09-30,2000-09-30,2021-09-07,-792000000.0,14682000000.0,,6651000000.0,8031000000.0,,8.146,-183000000.0,323000000.0,323000000.0,2295000000.0,499000000.0,1.377,1.281,2774000000.0,1633000000.0,1141000000.0,2774000000.0,0.0,280000000.0,0.0,0.025,0.29,802000000.0,1082000000.0,0.253,1082000000.0,802000000.0,773000000.0,0.63,0.625,0.63,6437000000.0,,6437000000.0,38666930252.0,13.0,9.543,413000000.0,0.523,1.0,1975000000.0,0.463,0.0,29000000.0,12303000000.0,,2236000000.0,514000000.0,0.0,514000000.0,8245000000.0,4830000000.0,3415000000.0,36022930252.0,-97000000.0,-10000000.0,-85000000.0,-237000000.0,-229000000.0,-595000000.0,-101000000.0,92000000.0,596000000.0,3000000.0,499000000.0,499000000.0,499000000.0,0.0,0.0,0.117,1156000000.0,819000000.0,1077000000.0,0.46,5.596,18.959,19.065,5536000000.0,0.0,45.565,2.157,2.156,3057000000.0,11446000000.0,4270000000.0,4270000000.0,275000000.0,,,,,0.0,1000000000.0,1.0,790583348.0,790200000,798000000.0,5.404,14682000000.0,0.0,274000000.0,754000000.0,18.58,1821000000.0
84,MMM,MRQ,2000-06-30,2000-06-30,2000-06-30,2021-09-07,-605000000.0,14933000000.0,,6754000000.0,8179000000.0,,8.118,-248000000.0,420000000.0,420000000.0,2181000000.0,470000000.0,1.358,1.325,3064000000.0,1871000000.0,1193000000.0,3064000000.0,0.0,229000000.0,0.0,0.027,0.29,761000000.0,990000000.0,0.233,990000000.0,761000000.0,735000000.0,0.595,0.59,0.595,6423000000.0,,6423000000.0,35181139032.0,12.0,8.941,343000000.0,0.434,1.0,2062000000.0,0.486,0.0,26000000.0,12603000000.0,,2252000000.0,575000000.0,16000000.0,559000000.0,8510000000.0,4974000000.0,3536000000.0,32852139032.0,206000000.0,-296000000.0,-107000000.0,490000000.0,-229000000.0,128000000.0,-550000000.0,-6000000.0,591000000.0,37000000.0,470000000.0,470000000.0,470000000.0,0.0,0.0,0.111,1285000000.0,777000000.0,1078000000.0,0.487,5.115,17.662,17.811,5710000000.0,0.0,41.5,2.0,1.999,3009000000.0,11173000000.0,4243000000.0,4243000000.0,287000000.0,,,,,0.0,998000000.0,1.0,791617808.0,791200000,798400000.0,5.363,14933000000.0,0.0,265000000.0,708000000.0,18.874,1780000000.0
85,MMM,MRQ,2000-03-31,2000-03-31,2000-03-31,2021-09-07,-614000000.0,13969000000.0,,6107000000.0,7862000000.0,,7.869,-238000000.0,214000000.0,214000000.0,2091000000.0,487000000.0,1.549,1.232,2543000000.0,1094000000.0,1449000000.0,2543000000.0,0.0,228000000.0,0.0,0.026,0.29,795000000.0,1023000000.0,0.251,1023000000.0,795000000.0,769000000.0,0.61,0.605,0.61,6259000000.0,,6259000000.0,37522076290.0,12.0,9.466,343000000.0,0.431,1.0,1984000000.0,0.487,0.0,26000000.0,12356000000.0,,2107000000.0,589000000.0,62000000.0,527000000.0,7710000000.0,3942000000.0,3768000000.0,35299076290.0,-173000000.0,0.0,-281000000.0,-48000000.0,-231000000.0,-560000000.0,-233000000.0,5000000.0,581000000.0,39000000.0,487000000.0,487000000.0,487000000.0,0.0,0.0,0.12,1169000000.0,815000000.0,984000000.0,0.475,5.64,18.917,19.045,5604000000.0,0.0,44.28,2.2,2.195,2810000000.0,10975000000.0,4075000000.0,4075000000.0,263000000.0,,,,,0.0,956000000.0,1.0,797178778.0,795400000,803800000.0,5.123,13969000000.0,0.0,282000000.0,576000000.0,17.562,2165000000.0
86,MMM,MRQ,1999-12-31,1999-12-31,1999-12-31,2021-09-07,-588000000.0,13896000000.0,,6066000000.0,7830000000.0,,7.851,-215000000.0,387000000.0,387000000.0,1523000000.0,444000000.0,1.588,1.21,2610000000.0,1130000000.0,1480000000.0,2610000000.0,0.0,231000000.0,0.0,0.023,0.28,726000000.0,957000000.0,0.233,957000000.0,726000000.0,700000000.0,0.555,0.545,0.555,6289000000.0,,6289000000.0,41170540598.0,14.0,10.823,426000000.0,0.532,1.0,2589000000.0,0.63,0.0,26000000.0,12300000000.0,,2030000000.0,487000000.0,0.0,487000000.0,7607000000.0,3819000000.0,3788000000.0,39282540598.0,85000000.0,-368000000.0,-265000000.0,556000000.0,-224000000.0,65000000.0,-592000000.0,-54000000.0,641000000.0,-29000000.0,444000000.0,444000000.0,444000000.0,0.0,0.0,0.108,1847000000.0,742000000.0,1008000000.0,0.505,6.246,22.282,22.296,5776000000.0,0.0,48.94,2.494,2.499,2778000000.0,10741000000.0,4112000000.0,4112000000.0,1056000000.0,,,,,0.0,793000000.0,1.0,802667360.0,801000000,813000000.0,5.134,13896000000.0,0.0,256000000.0,464000000.0,17.348,2247000000.0
87,MMM,MRQ,1999-09-30,1999-09-30,1999-09-30,2021-09-07,-551000000.0,13905000000.0,,6583000000.0,7322000000.0,,7.921,-214000000.0,302000000.0,302000000.0,2253000000.0,459000000.0,1.703,1.183,2190000000.0,640000000.0,1550000000.0,2190000000.0,0.0,220000000.0,0.0,0.023,0.28,745000000.0,965000000.0,0.241,965000000.0,745000000.0,719000000.0,0.57,0.565,0.57,6370000000.0,,6370000000.0,40730858184.0,16.0,11.82,513000000.0,0.638,1.0,1744000000.0,0.436,0.0,26000000.0,11928000000.0,,2051000000.0,624000000.0,188000000.0,436000000.0,7535000000.0,3865000000.0,3670000000.0,38687858184.0,44000000.0,42000000.0,-190000000.0,-99000000.0,-225000000.0,-554000000.0,-169000000.0,7000000.0,727000000.0,40000000.0,459000000.0,459000000.0,459000000.0,0.0,0.0,0.115,983000000.0,761000000.0,975000000.0,0.491,6.073,25.286,25.346,5460000000.0,0.0,48.03,2.497,2.493,2848000000.0,10536000000.0,3997000000.0,3997000000.0,0.0,,,,,0.0,979000000.0,1.0,805493612.0,804200000,813600000.0,4.97,13905000000.0,0.0,260000000.0,600000000.0,17.29,2718000000.0
88,MMM,MRQ,1999-06-30,1999-06-30,1999-06-30,2021-09-07,-670000000.0,13367000000.0,,6238000000.0,7129000000.0,,7.655,-224000000.0,258000000.0,258000000.0,2188000000.0,476000000.0,1.695,1.165,2301000000.0,748000000.0,1553000000.0,2301000000.0,0.0,226000000.0,0.0,0.026,0.28,793000000.0,1019000000.0,0.264,1019000000.0,793000000.0,767000000.0,0.59,0.585,0.59,6173000000.0,,6173000000.0,37472452570.0,18.0,12.453,661000000.0,0.82,1.0,1675000000.0,0.434,0.0,26000000.0,11730000000.0,,2021000000.0,574000000.0,217000000.0,357000000.0,7194000000.0,3680000000.0,3514000000.0,35005452570.0,5000000.0,201000000.0,-58000000.0,-558000000.0,-227000000.0,-852000000.0,-24000000.0,0.0,885000000.0,-4000000.0,476000000.0,476000000.0,476000000.0,0.0,0.0,0.123,871000000.0,804000000.0,885000000.0,0.475,5.671,28.027,28.136,5398000000.0,0.0,43.47,2.293,2.297,2712000000.0,10330000000.0,3863000000.0,3863000000.0,0.0,,,,,0.0,975000000.0,1.0,805278412.0,806400000,814800000.0,4.79,13367000000.0,0.0,291000000.0,596000000.0,16.576,2558000000.0
89,MMM,MRQ,1999-03-31,1999-03-31,1999-03-31,2021-09-07,-681000000.0,13746000000.0,,6056000000.0,7690000000.0,,7.419,-289000000.0,253000000.0,253000000.0,2162000000.0,384000000.0,1.521,1.303,2720000000.0,1151000000.0,1569000000.0,2720000000.0,0.0,223000000.0,0.0,0.031,0.28,640000000.0,863000000.0,0.229,863000000.0,640000000.0,609000000.0,0.475,0.475,0.475,5969000000.0,,5969000000.0,31346824123.0,16.0,11.022,539000000.0,0.67,1.0,1614000000.0,0.427,0.0,31000000.0,12231000000.0,,2092000000.0,737000000.0,98000000.0,639000000.0,7777000000.0,3982000000.0,3795000000.0,28451824123.0,42000000.0,0.0,35000000.0,-240000000.0,-225000000.0,-430000000.0,-329000000.0,0.0,828000000.0,-27000000.0,384000000.0,384000000.0,384000000.0,0.0,0.0,0.102,965000000.0,649000000.0,913000000.0,0.589,4.767,24.549,24.738,5516000000.0,0.0,35.375,1.876,1.876,2647000000.0,10121000000.0,3776000000.0,3776000000.0,0.0,,,,,0.0,965000000.0,1.0,804291848.0,804600000,811800000.0,4.693,13746000000.0,0.0,225000000.0,418000000.0,17.084,2074000000.0
90,MMM,MRQ,1998-12-31,1998-12-31,1998-12-31,2021-09-07,0.0,14153000000.0,,6219000000.0,7934000000.0,,7.381,-372000000.0,211000000.0,211000000.0,1543000000.0,211000000.0,1.473,1.384,3106000000.0,1492000000.0,1614000000.0,3106000000.0,0.0,222000000.0,0.0,0.039,0.275,377000000.0,599000000.0,0.155,599000000.0,377000000.0,344000000.0,0.26,0.26,0.26,5936000000.0,,5936000000.0,31465731662.0,16.0,10.983,547000000.0,0.68,1.0,2315000000.0,0.6,0.0,33000000.0,12826000000.0,,2219000000.0,860000000.0,237000000.0,623000000.0,8217000000.0,4222000000.0,3995000000.0,28547731662.0,7000000.0,-152000000.0,-8000000.0,-78000000.0,-221000000.0,-384000000.0,-448000000.0,-1000000.0,919000000.0,-80000000.0,211000000.0,211000000.0,211000000.0,0.0,0.0,0.055,1894000000.0,421000000.0,868000000.0,1.058,4.809,24.296,24.443,5566000000.0,0.0,35.565,1.891,1.901,2666000000.0,9980000000.0,3858000000.0,3858000000.0,1028000000.0,,,,,0.0,715000000.0,1.0,802691738.0,804200000,811800000.0,4.797,14153000000.0,0.0,133000000.0,261000000.0,17.599,1997000000.0
91,MMM,MRQ,1998-09-30,1998-09-30,1998-09-30,2021-09-07,0.0,13965000000.0,,6490000000.0,7475000000.0,,7.306,-344000000.0,204000000.0,204000000.0,2219000000.0,178000000.0,1.442,1.373,3122000000.0,1696000000.0,1426000000.0,3122000000.0,0.0,217000000.0,0.0,0.037,0.275,311000000.0,528000000.0,0.14,528000000.0,311000000.0,274000000.0,0.22,0.22,0.22,5884000000.0,,5884000000.0,32550776084.0,15.0,10.589,387000000.0,0.481,1.0,1547000000.0,0.411,0.0,37000000.0,12383000000.0,,2428000000.0,800000000.0,177000000.0,623000000.0,8081000000.0,4500000000.0,3581000000.0,29761776084.0,-15000000.0,2000000.0,-197000000.0,66000000.0,-221000000.0,-352000000.0,-356000000.0,0.0,731000000.0,-38000000.0,178000000.0,178000000.0,178000000.0,0.0,0.0,0.047,1250000000.0,297000000.0,878000000.0,1.25,5.058,22.377,22.398,5311000000.0,0.0,36.845,1.991,1.985,2664000000.0,,3766000000.0,3766000000.0,0.0,,,,,0.0,947000000.0,1.0,807756170.0,805400000,813400000.0,4.676,13965000000.0,0.0,96000000.0,261000000.0,17.339,1990000000.0
92,MMM,MRQ,1998-06-30,1998-06-30,1998-06-30,2021-09-07,0.0,13878000000.0,,6366000000.0,7512000000.0,,7.475,-374000000.0,219000000.0,219000000.0,2162000000.0,386000000.0,1.452,1.296,3008000000.0,1787000000.0,1221000000.0,3008000000.0,0.0,214000000.0,0.0,0.033,0.275,640000000.0,854000000.0,0.227,854000000.0,640000000.0,605000000.0,0.475,0.47,0.475,6044000000.0,,6044000000.0,35805401657.0,11.0,8.395,18000000.0,0.022,1.0,1608000000.0,0.427,0.0,35000000.0,12284000000.0,,2467000000.0,790000000.0,185000000.0,605000000.0,7834000000.0,4383000000.0,3451000000.0,33248401657.0,39000000.0,7000000.0,-104000000.0,325000000.0,-223000000.0,-21000000.0,-367000000.0,0.0,392000000.0,35000000.0,386000000.0,386000000.0,386000000.0,0.0,0.0,0.102,967000000.0,641000000.0,901000000.0,0.579,5.501,15.992,16.116,5266000000.0,0.0,41.095,2.215,2.214,2612000000.0,,3770000000.0,3770000000.0,0.0,,,,,0.0,967000000.0,1.0,809061970.0,808600000,820000000.0,4.662,13878000000.0,0.0,219000000.0,334000000.0,17.163,1983000000.0
93,MMM,MRQ,1998-03-31,1998-03-31,1998-03-31,2021-09-07,0.0,13657000000.0,,6372000000.0,7285000000.0,,7.434,-338000000.0,180000000.0,180000000.0,2096000000.0,400000000.0,1.513,1.271,2737000000.0,1521000000.0,1216000000.0,2737000000.0,0.0,213000000.0,0.0,0.03,0.55,671000000.0,884000000.0,0.239,884000000.0,671000000.0,637000000.0,0.495,0.49,0.495,6013000000.0,,6013000000.0,39051896620.0,11.0,9.048,37000000.0,0.046,1.0,1604000000.0,0.434,0.0,34000000.0,12002000000.0,,2479000000.0,838000000.0,248000000.0,590000000.0,7644000000.0,4212000000.0,3432000000.0,36767896620.0,-50000000.0,0.0,-60000000.0,258000000.0,-222000000.0,-24000000.0,-401000000.0,0.0,375000000.0,0.0,400000000.0,400000000.0,400000000.0,0.0,0.0,0.108,924000000.0,680000000.0,846000000.0,1.111,6.115,17.417,17.636,5154000000.0,0.0,45.5,2.442,2.444,2583000000.0,,3700000000.0,3700000000.0,0.0,,,,,0.0,924000000.0,1.0,808085640.0,808800000,820000000.0,4.575,13657000000.0,0.0,237000000.0,411000000.0,16.886,2160000000.0
94,MMM,MRQ,1997-12-31,1997-12-31,1997-12-31,2021-09-07,0.0,13238000000.0,,6168000000.0,7070000000.0,,7.285,-366000000.0,230000000.0,230000000.0,2162000000.0,366000000.0,1.549,1.234,2514000000.0,1499000000.0,1015000000.0,2514000000.0,0.0,216000000.0,0.0,0.026,0.265,592000000.0,808000000.0,0.218,808000000.0,592000000.0,572000000.0,0.455,0.445,0.455,5926000000.0,,5926000000.0,34945279258.0,10.0,8.078,-226000000.0,-0.278,1.0,1551000000.0,0.418,0.0,20000000.0,11539000000.0,,2399000000.0,860000000.0,247000000.0,613000000.0,7312000000.0,3983000000.0,3329000000.0,33535279258.0,-76000000.0,22000000.0,-403000000.0,779000000.0,-215000000.0,161000000.0,-392000000.0,-11000000.0,140000000.0,15000000.0,366000000.0,366000000.0,366000000.0,0.0,0.0,0.099,954000000.0,597000000.0,898000000.0,0.582,5.659,15.811,15.965,5034000000.0,0.0,41.03,2.225,2.247,2434000000.0,,3713000000.0,3713000000.0,0.0,,,,,0.0,954000000.0,1.0,817335590.0,813400000,824200000.0,4.565,13238000000.0,0.0,206000000.0,238000000.0,16.275,2185000000.0
95,MMM,MRQ,1997-09-30,1997-09-30,1997-09-30,2021-09-07,-387000000.0,13421000000.0,,6623000000.0,6798000000.0,,7.665,-346000000.0,306000000.0,306000000.0,2173000000.0,927000000.0,1.902,1.122,1716000000.0,585000000.0,1131000000.0,1716000000.0,0.0,220000000.0,0.0,0.022,0.265,1499000000.0,1719000000.0,0.449,1719000000.0,1499000000.0,1476000000.0,1.125,1.105,1.125,6324000000.0,,6324000000.0,40172369142.0,12.0,9.197,297000000.0,0.36,1.0,1653000000.0,0.432,0.0,23000000.0,11348000000.0,,2373000000.0,845000000.0,222000000.0,623000000.0,7097000000.0,3483000000.0,3614000000.0,38431369142.0,-85000000.0,1000000000.0,-659000000.0,-501000000.0,-220000000.0,-1402000000.0,658000000.0,0.0,643000000.0,16000000.0,927000000.0,927000000.0,927000000.0,0.0,0.0,0.242,952000000.0,701000000.0,908000000.0,0.236,6.077,17.959,17.892,4914000000.0,0.0,46.25,2.566,2.547,2640000000.0,9744000000.0,3826000000.0,3826000000.0,0.0,,,,,0.0,952000000.0,1.0,830948522.0,825000000,838400000.0,4.638,13421000000.0,0.0,549000000.0,548000000.0,16.268,3140000000.0
96,MMM,MRQ,1997-06-30,1997-06-30,1997-06-30,2021-09-07,-297000000.0,13594000000.0,,6718000000.0,6876000000.0,,7.64,-360000000.0,391000000.0,391000000.0,2156000000.0,418000000.0,1.9,1.141,2132000000.0,1014000000.0,1118000000.0,2132000000.0,0.0,217000000.0,0.0,0.043,0.265,688000000.0,905000000.0,0.237,905000000.0,688000000.0,660000000.0,0.505,0.495,0.505,6349000000.0,,6349000000.0,44190809690.0,17.0,12.594,181000000.0,0.218,1.0,1661000000.0,0.435,0.0,28000000.0,11800000000.0,,2370000000.0,735000000.0,121000000.0,614000000.0,7245000000.0,3535000000.0,3710000000.0,42581809690.0,18000000.0,0.0,-146000000.0,154000000.0,-220000000.0,-212000000.0,-325000000.0,0.0,541000000.0,14000000.0,418000000.0,418000000.0,418000000.0,0.0,0.0,0.11,972000000.0,689000000.0,910000000.0,0.525,6.707,26.432,26.434,4976000000.0,0.0,51.15,2.882,2.876,2668000000.0,9061000000.0,3817000000.0,3817000000.0,0.0,,,,,0.0,972000000.0,1.0,832488948.0,831000000,843800000.0,4.593,13594000000.0,0.0,242000000.0,225000000.0,16.359,3183000000.0
97,MMM,MRQ,1997-03-31,1997-03-31,1997-03-31,2021-09-07,-326000000.0,13296000000.0,,6437000000.0,6859000000.0,,7.484,-296000000.0,373000000.0,373000000.0,2089000000.0,410000000.0,1.747,1.132,1982000000.0,1151000000.0,831000000.0,1982000000.0,0.0,217000000.0,0.0,0.052,0.265,677000000.0,894000000.0,0.241,894000000.0,677000000.0,654000000.0,0.495,0.485,0.495,6236000000.0,,6236000000.0,36657767594.0,14.0,10.613,86000000.0,0.103,1.0,1625000000.0,0.438,0.0,23000000.0,11220000000.0,,2304000000.0,760000000.0,163000000.0,597000000.0,7060000000.0,3685000000.0,3375000000.0,35272767594.0,-210000000.0,0.0,-130000000.0,45000000.0,-221000000.0,-306000000.0,-298000000.0,0.0,382000000.0,12000000.0,410000000.0,410000000.0,410000000.0,0.0,0.0,0.11,937000000.0,688000000.0,887000000.0,0.535,5.656,22.41,22.448,4826000000.0,0.0,42.315,2.436,2.435,2612000000.0,8921000000.0,3714000000.0,3714000000.0,0.0,,,,,0.0,937000000.0,1.0,833575980.0,833200000,846200000.0,4.458,13296000000.0,0.0,244000000.0,247000000.0,15.958,2752000000.0
98,MMM,MRQ,1996-12-31,1996-12-31,1996-12-31,2021-09-07,0.0,13364000000.0,,6486000000.0,6878000000.0,,7.529,-284000000.0,583000000.0,583000000.0,2054000000.0,385000000.0,1.799,1.127,1968000000.0,1117000000.0,851000000.0,1968000000.0,0.0,224000000.0,0.0,0.052,0.245,626000000.0,850000000.0,0.235,850000000.0,626000000.0,601000000.0,0.46,,0.46,6284000000.0,,6284000000.0,36105407961.0,14.0,10.701,530000000.0,0.635,1.0,1569000000.0,0.433,0.0,25000000.0,11143000000.0,,2264000000.0,746000000.0,161000000.0,585000000.0,7080000000.0,3606000000.0,3474000000.0,34693407961.0,-1000000.0,-201000000.0,-146000000.0,-28000000.0,-204000000.0,-380000000.0,-470000000.0,0.0,814000000.0,35000000.0,385000000.0,385000000.0,385000000.0,-10000000.0,0.0,0.106,940000000.0,629000000.0,895000000.0,0.533,5.521,22.735,22.74,4844000000.0,0.0,41.5,2.437,2.438,2504000000.0,8756000000.0,3623000000.0,3623000000.0,0.0,,,,,0.0,940000000.0,1.0,835985734.0,834600000,,4.341,13364000000.0,0.0,216000000.0,201000000.0,16.012,2880000000.0
99,MMM,MRQ,1996-09-30,1996-09-30,1996-09-30,2021-09-07,-125000000.0,13689000000.0,,7044000000.0,6645000000.0,,7.525,-272000000.0,584000000.0,584000000.0,2069000000.0,398000000.0,1.619,1.175,1996000000.0,1305000000.0,691000000.0,1996000000.0,0.0,219000000.0,0.0,0.062,1.445,641000000.0,860000000.0,0.237,860000000.0,641000000.0,619000000.0,0.475,,0.475,6295000000.0,,6295000000.0,30402887997.0,16.0,10.777,75000000.0,0.09,1.0,1554000000.0,0.429,0.0,22000000.0,10750000000.0,,2256000000.0,791000000.0,201000000.0,590000000.0,7394000000.0,4351000000.0,3043000000.0,29236887997.0,-49000000.0,0.0,-81000000.0,165000000.0,-205000000.0,-105000000.0,-281000000.0,0.0,347000000.0,-10000000.0,398000000.0,398000000.0,398000000.0,0.0,0.0,0.11,916000000.0,638000000.0,971000000.0,3.042,4.644,28.005,28.012,4753000000.0,0.0,34.875,2.101,2.096,2741000000.0,8620000000.0,3623000000.0,3623000000.0,0.0,,,,,0.0,916000000.0,1.0,838333706.0,836600000,,4.331,13689000000.0,0.0,221000000.0,248000000.0,16.363,2693000000.0
100,MMM,MRQ,1996-06-30,1996-06-30,1996-06-30,2021-09-07,-126000000.0,13211000000.0,,6642000000.0,6569000000.0,,7.275,-255000000.0,633000000.0,633000000.0,1986000000.0,381000000.0,1.669,1.168,1799000000.0,1118000000.0,681000000.0,1799000000.0,0.0,223000000.0,0.0,0.027,0.235,627000000.0,850000000.0,0.241,850000000.0,627000000.0,612000000.0,0.455,,0.455,6095000000.0,,6095000000.0,30117506671.0,16.0,10.996,279000000.0,0.333,1.0,1536000000.0,0.436,0.0,15000000.0,10397000000.0,,2136000000.0,764000000.0,184000000.0,580000000.0,7116000000.0,3980000000.0,3136000000.0,28728506671.0,106000000.0,0.0,0.0,-49000000.0,-197000000.0,-181000000.0,-246000000.0,0.0,534000000.0,-1000000.0,381000000.0,381000000.0,381000000.0,0.0,0.0,0.108,908000000.0,628000000.0,828000000.0,0.516,4.713,29.019,29.078,4614000000.0,0.0,34.312,2.102,2.104,2613000000.0,8370000000.0,3522000000.0,3522000000.0,0.0,,,,,0.0,908000000.0,1.0,837260668.0,837800000,,4.204,13211000000.0,0.0,231000000.0,271000000.0,15.769,2662000000.0
101,MMM,MRQ,1996-03-31,1996-03-31,1996-03-31,2021-09-07,-130000000.0,14123000000.0,,6452000000.0,7671000000.0,,8.331,-232000000.0,527000000.0,527000000.0,1990000000.0,362000000.0,1.67,1.025,1916000000.0,932000000.0,984000000.0,1916000000.0,0.0,217000000.0,0.0,0.029,0.235,597000000.0,814000000.0,0.235,814000000.0,597000000.0,580000000.0,0.435,,0.435,6973000000.0,,6973000000.0,28726028415.0,16.0,10.631,284000000.0,0.339,1.0,1478000000.0,0.426,0.0,17000000.0,11648000000.0,,2137000000.0,763000000.0,187000000.0,576000000.0,7150000000.0,3864000000.0,3286000000.0,27186028415.0,42000000.0,0.0,-37000000.0,-6000000.0,-197000000.0,-240000000.0,-264000000.0,0.0,516000000.0,30000000.0,362000000.0,362000000.0,362000000.0,0.0,0.0,0.104,882000000.0,596000000.0,813000000.0,0.54,3.899,28.26,28.384,4625000000.0,0.0,32.5,2.004,2.005,2539000000.0,9294000000.0,3468000000.0,3468000000.0,0.0,,,,,0.0,882000000.0,1.0,836493182.0,837000000,,4.143,14123000000.0,0.0,218000000.0,280000000.0,16.873,2588000000.0
102,MMM,MRQ,1995-12-31,1995-12-31,1995-12-31,2021-09-07,0.0,14183000000.0,,6395000000.0,7788000000.0,,8.205,-226000000.0,485000000.0,485000000.0,1943000000.0,-97000000.0,1.717,1.06,2025000000.0,822000000.0,1203000000.0,2025000000.0,0.0,222000000.0,0.0,0.028,0.235,75000000.0,297000000.0,0.09,297000000.0,75000000.0,52000000.0,-0.12,,-0.12,6884000000.0,,6884000000.0,29567043995.0,16.0,10.862,533000000.0,0.635,1.0,1362000000.0,0.412,0.0,23000000.0,11999000000.0,,2206000000.0,852000000.0,287000000.0,565000000.0,7299000000.0,3724000000.0,3575000000.0,27856043995.0,141000000.0,33000000.0,-82000000.0,-105000000.0,-198000000.0,-385000000.0,-267000000.0,0.0,759000000.0,34000000.0,-97000000.0,-97000000.0,-97000000.0,363000000.0,0.0,-0.029,915000000.0,447000000.0,762000000.0,-1.958,4.046,28.541,28.612,4638000000.0,0.0,33.19,2.07,2.07,2398000000.0,9164000000.0,3305000000.0,3305000000.0,0.0,,,,,0.0,836000000.0,1.0,839290268.0,839000000,,3.939,14183000000.0,0.0,149000000.0,214000000.0,16.905,2671000000.0
103,MMM,MRQ,1995-09-30,1995-09-30,1995-09-30,2021-09-07,-72000000.0,14525000000.0,,7613000000.0,6912000000.0,,8.654,-265000000.0,344000000.0,344000000.0,1942000000.0,344000000.0,1.99,0.998,2055000000.0,842000000.0,1213000000.0,2055000000.0,0.0,211000000.0,0.0,0.033,0.235,567000000.0,778000000.0,0.231,778000000.0,567000000.0,541000000.0,0.41,,0.41,7268000000.0,,7268000000.0,25375578551.0,11.0,8.504,169000000.0,0.201,1.0,1428000000.0,0.424,0.0,26000000.0,12410000000.0,,2994000000.0,777000000.0,204000000.0,573000000.0,7257000000.0,3826000000.0,3431000000.0,23691578551.0,-53000000.0,0.0,-42000000.0,-3000000.0,-197000000.0,-242000000.0,-310000000.0,0.0,434000000.0,65000000.0,344000000.0,344000000.0,344000000.0,-5000000.0,0.0,0.102,855000000.0,573000000.0,913000000.0,0.573,3.26,16.862,16.83,5275000000.0,0.0,28.19,2.138,2.137,3189000000.0,9472000000.0,3370000000.0,3370000000.0,0.0,,,,,0.0,855000000.0,1.0,840424922.0,839800000,,4.013,14525000000.0,0.0,197000000.0,269000000.0,17.296,3787000000.0
104,MMM,MRQ,1995-06-30,1995-06-30,1995-06-30,2021-09-07,66000000.0,14751000000.0,,7783000000.0,6968000000.0,,8.679,-293000000.0,397000000.0,397000000.0,1949000000.0,353000000.0,1.992,1.022,2081000000.0,850000000.0,1231000000.0,2081000000.0,0.0,217000000.0,0.0,0.032,0.235,596000000.0,813000000.0,0.237,813000000.0,596000000.0,570000000.0,0.42,,0.42,7294000000.0,,7294000000.0,25684996325.0,11.0,8.455,186000000.0,0.221,1.0,1475000000.0,0.431,0.0,26000000.0,12528000000.0,,3054000000.0,764000000.0,192000000.0,572000000.0,7457000000.0,3907000000.0,3550000000.0,24096996325.0,42000000.0,0.0,-6000000.0,135000000.0,-198000000.0,-69000000.0,-341000000.0,0.0,479000000.0,-27000000.0,353000000.0,353000000.0,353000000.0,-7000000.0,0.0,0.103,889000000.0,586000000.0,936000000.0,0.56,3.304,17.188,17.18,5330000000.0,0.0,28.69,2.09,2.091,3237000000.0,9337000000.0,3424000000.0,3424000000.0,0.0,,,,,0.0,889000000.0,1.0,839909248.0,840400000,,4.074,14751000000.0,0.0,217000000.0,231000000.0,17.552,3876000000.0
105,MMM,MRQ,1995-03-31,1995-03-31,1995-03-31,2021-09-07,51000000.0,14203000000.0,,7436000000.0,6767000000.0,,8.487,-250000000.0,355000000.0,355000000.0,1886000000.0,376000000.0,2.06,0.993,1943000000.0,730000000.0,1213000000.0,1943000000.0,0.0,209000000.0,0.0,0.031,0.235,625000000.0,834000000.0,0.248,834000000.0,625000000.0,598000000.0,0.45,,0.45,7126000000.0,,7126000000.0,,,,338000000.0,0.403,1.0,1475000000.0,0.439,0.0,27000000.0,12182000000.0,,2940000000.0,745000000.0,191000000.0,554000000.0,7077000000.0,3609000000.0,3468000000.0,24411962293.0,58000000.0,0.0,-7000000.0,-1000000.0,-197000000.0,-205000000.0,-290000000.0,0.0,588000000.0,-35000000.0,376000000.0,376000000.0,376000000.0,-21000000.0,0.0,0.112,860000000.0,615000000.0,938000000.0,0.522,3.426,17.537,17.562,5237000000.0,0.0,29.065,2.055,2.055,3153000000.0,9199000000.0,3361000000.0,3361000000.0,0.0,,,,,0.0,860000000.0,1.0,839909248.0,839600000,,4.003,14203000000.0,0.0,222000000.0,257000000.0,16.916,3827000000.0
106,MMM,MRQ,1994-12-31,1994-12-31,1994-12-31,2021-09-07,0.0,13068000000.0,,5608000000.0,7460000000.0,,8.005,-121000000.0,297000000.0,297000000.0,132000000.0,332000000.0,1.722,0.941,1948000000.0,917000000.0,1031000000.0,1948000000.0,0.0,70000000.0,0.0,0.033,0.22,489000000.0,559000000.0,0.605,559000000.0,489000000.0,482000000.0,0.395,,0.395,6734000000.0,,6734000000.0,,,,372000000.0,0.442,1.0,792000000.0,0.857,0.0,7000000.0,11463000000.0,,2138000000.0,726000000.0,194000000.0,532000000.0,6334000000.0,3256000000.0,3078000000.0,,-7000000.0,-70000000.0,-43000000.0,72000000.0,-185000000.0,-156000000.0,-351000000.0,0.0,493000000.0,7000000.0,332000000.0,332000000.0,332000000.0,-115000000.0,0.0,0.359,390000000.0,402000000.0,820000000.0,0.557,,,17.054,4362000000.0,0.0,26.69,,1.859,2328000000.0,9039000000.0,924000000.0,924000000.0,0.0,,,,,0.0,390000000.0,1.0,,841200000,,1.098,13068000000.0,0.0,150000000.0,110000000.0,15.535,2352000000.0
107,MMM,MRQ,1994-09-30,1994-09-30,1994-09-30,2021-09-07,,,,,,,,-296000000.0,,,2282000000.0,341000000.0,,,,,,,,267000000.0,,0.031,0.22,565000000.0,832000000.0,0.218,832000000.0,565000000.0,540000000.0,0.405,,0.405,,,,,,,291000000.0,0.345,1.0,1538000000.0,0.403,,25000000.0,,,,,,,,,,,-5000000.0,0.0,-120000000.0,48000000.0,-185000000.0,-257000000.0,-312000000.0,0.0,587000000.0,-23000000.0,341000000.0,341000000.0,341000000.0,0.0,0.0,0.089,964000000.0,574000000.0,,0.543,,,,,0.0,27.625,,,,,3820000000.0,3820000000.0,0.0,,,,,0.0,964000000.0,1.0,,842800000,,4.533,,,199000000.0,,,
108,MMM,MRQ,1994-06-30,1994-06-30,1994-06-30,2021-09-07,,,,,,,,-258000000.0,,,2247000000.0,343000000.0,,,,,,,,270000000.0,,0.034,0.22,565000000.0,835000000.0,0.221,835000000.0,565000000.0,544000000.0,0.405,,0.405,,,,,,,155000000.0,0.183,1.0,1525000000.0,0.404,,21000000.0,,,,,,,,,,,-81000000.0,0.0,-62000000.0,-9000000.0,-186000000.0,-257000000.0,-253000000.0,0.0,413000000.0,16000000.0,343000000.0,343000000.0,343000000.0,0.0,0.0,0.091,955000000.0,570000000.0,,0.543,,,,,0.0,24.815,,,,,3772000000.0,3772000000.0,0.0,,,,,0.0,955000000.0,1.0,,845800000,,4.46,,,201000000.0,,,
109,MMM,MRQ,1994-03-31,1994-03-31,1994-03-31,2021-09-07,,,,,,,,-243000000.0,,,2168000000.0,306000000.0,,,,,,,,265000000.0,,0.034,0.22,504000000.0,769000000.0,0.212,769000000.0,504000000.0,487000000.0,0.36,,0.36,,,,,,,193000000.0,0.226,1.0,1464000000.0,0.403,,17000000.0,,,,,,,,,,,116000000.0,0.0,-326000000.0,444000000.0,-188000000.0,-70000000.0,-255000000.0,0.0,436000000.0,5000000.0,306000000.0,306000000.0,306000000.0,0.0,0.0,0.084,915000000.0,549000000.0,,0.611,,,,,0.0,24.75,,,,,3632000000.0,3632000000.0,0.0,,,,,0.0,915000000.0,1.0,,853400000,,4.256,,,181000000.0,,,
0,MMM,MRT,2021-06-30,2021-06-30,2021-06-30,2021-09-07,-7486000000.0,48307000000.0,47055250000.0,16343000000.0,31964000000.0,0.738,24.867,-1339000000.0,4695000000.0,4695000000.0,17935000000.0,5959000000.0,1.731,2.339,19119000000.0,2249000000.0,16870000000.0,19119000000.0,0.0,1911000000.0,0.0,0.03,5.9,7387000000.0,9298000000.0,0.268,9298000000.0,7387000000.0,7387000000.0,10.27,10.17,10.27,14448000000.0,13238750000.0,14448000000.0,129567845647.0,18.0,13.935,7231000000.0,12.446,1.0,16799000000.0,0.484,19294000000.0,0.0,33997000000.0,34382000000.0,4842000000.0,805000000.0,805000000.0,0.0,33791000000.0,9440000000.0,24351000000.0,115140845647.0,476000000.0,3000000.0,-63000000.0,-2787000000.0,-3411000000.0,-6333000000.0,-1825000000.0,-512000000.0,8570000000.0,64000000.0,5950000000.0,5950000000.0,5950000000.0,0.0,9000000.0,0.171,9076000000.0,7723000000.0,2931000000.0,0.574,7.969,19.351,19.341,10230000000.0,0.0,198.63,3.315,3.323,4991000000.0,44824000000.0,34734000000.0,34734000000.0,1955000000.0,0.126,0.449,0.215,0.213,274000000.0,7121000000.0,1.0,579675002.0,581000000,588600000.0,59.783,29013000000.0,0.0,1437000000.0,247000000.0,49.936,6903000000.0
1,MMM,MRT,2021-03-31,2021-03-31,2021-03-31,2021-09-07,-7767000000.0,47180000000.0,46248250000.0,15345000000.0,31835000000.0,0.713,23.704,-1326000000.0,4636000000.0,4636000000.0,17021000000.0,5737000000.0,1.835,2.424,19063000000.0,1635000000.0,17428000000.0,19063000000.0,0.0,1931000000.0,0.0,0.031,5.89,7101000000.0,9032000000.0,0.274,9032000000.0,7101000000.0,7101000000.0,9.91,9.83,9.91,13760000000.0,12341000000.0,13760000000.0,126606988000.0,18.0,14.018,7262000000.0,12.51,1.0,15939000000.0,0.484,19351000000.0,0.0,33893000000.0,34833250000.0,4458000000.0,501000000.0,501000000.0,0.0,33352000000.0,8363000000.0,24989000000.0,111580988000.0,383000000.0,490000000.0,339000000.0,-4526000000.0,-3399000000.0,-7659000000.0,-574000000.0,233000000.0,8588000000.0,28000000.0,5732000000.0,5732000000.0,5732000000.0,0.0,5000000.0,0.174,8447000000.0,7492000000.0,2670000000.0,0.594,8.109,19.466,19.443,10111000000.0,0.0,192.68,3.385,3.394,4817000000.0,44255000000.0,32960000000.0,32960000000.0,1865000000.0,0.124,0.464,0.204,0.215,273000000.0,6969000000.0,1.0,579100000.0,580500000,586300000.0,56.779,27829000000.0,0.0,1369000000.0,277000000.0,47.94,6982000000.0
2,MMM,MRT,2020-12-31,2020-12-31,2020-12-31,2021-09-07,-7721000000.0,47344000000.0,46006250000.0,14982000000.0,32362000000.0,0.7,22.277,-1373000000.0,4634000000.0,4634000000.0,16605000000.0,5388000000.0,1.885,2.675,19660000000.0,1062000000.0,18598000000.0,19660000000.0,0.0,1911000000.0,0.0,0.034,5.88,6702000000.0,8613000000.0,0.268,8613000000.0,6702000000.0,6702000000.0,9.32,9.25,9.32,12867000000.0,11437750000.0,12867000000.0,117156696056.0,17.0,13.602,6740000000.0,11.669,1.0,15579000000.0,0.484,19637000000.0,0.0,34785000000.0,35526000000.0,4239000000.0,404000000.0,404000000.0,0.0,34413000000.0,7948000000.0,26465000000.0,100822696056.0,2281000000.0,551000000.0,61000000.0,-1875000000.0,-3388000000.0,-5300000000.0,-580000000.0,232000000.0,8113000000.0,48000000.0,5384000000.0,5384000000.0,5384000000.0,0.0,4000000.0,0.167,8418000000.0,7161000000.0,2561000000.0,0.631,7.836,18.726,18.754,10285000000.0,0.0,174.79,3.133,3.137,4705000000.0,43821000000.0,32184000000.0,32184000000.0,1878000000.0,0.117,0.471,0.189,0.208,262000000.0,6929000000.0,1.0,576821878.0,577600000,582200000.0,55.72,27707000000.0,0.0,1318000000.0,300000000.0,47.969,7034000000.0
3,MMM,MRT,2020-09-30,2020-09-30,2020-09-30,2021-09-07,-7960000000.0,45390000000.0,45335000000.0,14110000000.0,31280000000.0,0.7,20.561,-1556000000.0,4121000000.0,4121000000.0,16542000000.0,5000000000.0,1.904,2.815,20455000000.0,1421000000.0,19034000000.0,20455000000.0,0.0,1876000000.0,0.0,0.037,5.85,6250000000.0,8126000000.0,0.256,8126000000.0,6250000000.0,6250000000.0,8.66,8.59,8.66,11880000000.0,10736750000.0,11880000000.0,109664794220.0,18.0,13.496,6380000000.0,11.042,1.0,15170000000.0,0.478,19461000000.0,0.0,34853000000.0,35436750000.0,3984000000.0,440000000.0,440000000.0,0.0,33447000000.0,7410000000.0,26037000000.0,92266794220.0,-3610000000.0,-3729000000.0,-95000000.0,-2400000000.0,-3368000000.0,-5949000000.0,-5620000000.0,-370000000.0,7936000000.0,23000000.0,4996000000.0,4996000000.0,4996000000.0,0.0,4000000.0,0.158,8533000000.0,6637000000.0,2208000000.0,0.676,7.767,18.468,18.497,10060000000.0,0.0,160.18,2.91,2.919,4623000000.0,43285000000.0,31712000000.0,31712000000.0,1943000000.0,0.11,0.465,0.176,0.197,264000000.0,6979000000.0,1.0,576019442.0,577800000,582400000.0,54.884,25929000000.0,0.0,1254000000.0,220000000.0,44.875,6700000000.0
4,MMM,MRT,2020-06-30,2020-06-30,2020-06-30,2021-09-07,-8286000000.0,45079000000.0,44625000000.0,14106000000.0,30973000000.0,0.703,18.816,-1462000000.0,4219000000.0,4219000000.0,16427000000.0,5171000000.0,1.937,3.147,21617000000.0,1734000000.0,19883000000.0,21617000000.0,0.0,1774000000.0,0.0,0.037,5.82,6411000000.0,8185000000.0,0.261,8185000000.0,6411000000.0,6411000000.0,8.96,8.88,8.96,10857000000.0,10442250000.0,10857000000.0,108813881912.0,17.0,13.294,6016000000.0,10.426,1.0,14926000000.0,0.476,19393000000.0,0.0,35802000000.0,35224750000.0,4168000000.0,247000000.0,247000000.0,0.0,34164000000.0,7282000000.0,26882000000.0,89724881912.0,1370000000.0,-3502000000.0,-254000000.0,2763000000.0,-3349000000.0,-1048000000.0,-5007000000.0,-104000000.0,7478000000.0,-53000000.0,5166000000.0,5166000000.0,5166000000.0,0.0,5000000.0,0.165,8187000000.0,6739000000.0,1975000000.0,0.65,8.264,17.368,17.41,9929000000.0,0.0,155.99,2.862,2.871,4459000000.0,42759000000.0,31353000000.0,31353000000.0,1925000000.0,0.116,0.495,0.182,0.204,268000000.0,6757000000.0,1.0,575196371.0,577000000,580800000.0,54.338,25686000000.0,0.0,1245000000.0,371000000.0,44.516,6824000000.0
5,MMM,MRT,2020-03-31,2020-03-31,2020-03-31,2021-09-07,-8414000000.0,46212000000.0,43097500000.0,15090000000.0,31122000000.0,0.751,17.592,-1511000000.0,4253000000.0,4253000000.0,16935000000.0,4999000000.0,1.652,3.548,23342000000.0,3492000000.0,19850000000.0,23342000000.0,0.0,1658000000.0,0.0,0.042,5.79,6200000000.0,7858000000.0,0.243,7858000000.0,6200000000.0,6200000000.0,8.65,8.55,8.65,10147000000.0,10248750000.0,10147000000.0,97389156000.0,16.0,12.394,5724000000.0,9.924,1.0,15413000000.0,0.476,19503000000.0,0.0,36664000000.0,34271500000.0,4217000000.0,224000000.0,224000000.0,0.0,36003000000.0,9134000000.0,26869000000.0,78575156000.0,1315000000.0,-3989000000.0,-590000000.0,3865000000.0,-3333000000.0,-274000000.0,-5594000000.0,-161000000.0,7235000000.0,-52000000.0,4987000000.0,4987000000.0,4987000000.0,0.0,12000000.0,0.154,8712000000.0,6701000000.0,2207000000.0,0.669,7.744,15.756,15.782,10014000000.0,0.0,136.51,2.429,2.434,4821000000.0,42345000000.0,32348000000.0,32348000000.0,1971000000.0,0.116,0.487,0.181,0.192,268000000.0,6849000000.0,1.0,575600000.0,576800000,581500000.0,56.082,26709000000.0,0.0,1213000000.0,136000000.0,46.305,5956000000.0
6,MMM,MRT,2019-12-31,2019-12-31,2019-12-31,2021-09-07,-8139000000.0,44659000000.0,41329500000.0,12971000000.0,31688000000.0,0.778,17.44,-1576000000.0,2353000000.0,2353000000.0,17136000000.0,4582000000.0,1.407,3.432,21167000000.0,3042000000.0,18125000000.0,21167000000.0,0.0,1593000000.0,0.0,0.033,5.76,5700000000.0,7293000000.0,0.227,7293000000.0,5700000000.0,5700000000.0,7.92,7.81,7.92,10063000000.0,10137750000.0,10063000000.0,113983436555.0,20.0,15.629,5494000000.0,9.522,1.0,15000000000.0,0.467,19823000000.0,0.0,34428000000.0,33249250000.0,4134000000.0,98000000.0,98000000.0,0.0,34533000000.0,9222000000.0,25311000000.0,101450436555.0,-500000000.0,-4748000000.0,-860000000.0,3249000000.0,-3316000000.0,-1124000000.0,-6444000000.0,-192000000.0,7070000000.0,-2000000.0,4570000000.0,4570000000.0,4570000000.0,0.0,12000000.0,0.142,8826000000.0,6174000000.0,2228000000.0,0.727,10.082,22.199,22.275,10191000000.0,0.0,176.42,3.157,3.168,4791000000.0,42135000000.0,32136000000.0,32136000000.0,1911000000.0,0.111,0.451,0.171,0.177,278000000.0,7029000000.0,1.0,575050655.0,577000000,585100000.0,55.695,24836000000.0,0.0,1130000000.0,194000000.0,43.043,3749000000.0
7,MMM,MRT,2019-09-30,2019-09-30,2019-09-30,2021-09-07,-7388000000.0,42550000000.0,39289750000.0,18020000000.0,24530000000.0,0.814,18.564,-1482000000.0,7731000000.0,7731000000.0,16871000000.0,4961000000.0,2.304,2.97,20264000000.0,2201000000.0,18063000000.0,20264000000.0,0.0,1501000000.0,0.0,0.035,5.68,6207000000.0,7708000000.0,0.241,7708000000.0,6207000000.0,6207000000.0,8.56,8.43,8.56,10702000000.0,10071000000.0,10702000000.0,108398875820.0,17.0,14.063,5508000000.0,9.554,1.0,15099000000.0,0.472,13257000000.0,0.0,34005000000.0,31721500000.0,4007000000.0,30000000.0,30000000.0,0.0,31786000000.0,7821000000.0,23965000000.0,94575875820.0,4546000000.0,-428000000.0,-1991000000.0,4619000000.0,-3275000000.0,-825000000.0,-1561000000.0,303000000.0,6990000000.0,-58000000.0,4948000000.0,4948000000.0,4948000000.0,0.0,13000000.0,0.155,8467000000.0,6632000000.0,2079000000.0,0.664,8.837,19.114,19.206,9725000000.0,0.0,164.4,2.958,2.965,5020000000.0,42085000000.0,31970000000.0,31970000000.0,1827000000.0,0.126,0.491,0.196,0.194,274000000.0,6771000000.0,1.0,575279050.0,576500000,583000000.0,55.455,29293000000.0,0.0,1259000000.0,137000000.0,50.812,10199000000.0
8,MMM,MRT,2019-06-30,2019-06-30,2019-06-30,2021-09-07,-7272000000.0,38969000000.0,37971000000.0,14051000000.0,24918000000.0,0.846,17.454,-1551000000.0,2849000000.0,2849000000.0,16842000000.0,4919000000.0,1.934,2.859,16672000000.0,1139000000.0,15533000000.0,16672000000.0,0.0,1477000000.0,0.0,0.032,5.6,6208000000.0,7685000000.0,0.239,7685000000.0,6208000000.0,6208000000.0,8.45,8.29,8.45,10083000000.0,9957500000.0,10083000000.0,114135805218.0,18.0,14.852,5556000000.0,9.617,1.0,15289000000.0,0.476,13538000000.0,0.0,31989000000.0,30408000000.0,4300000000.0,139000000.0,139000000.0,0.0,28827000000.0,7265000000.0,21562000000.0,99917805218.0,48000000.0,-658000000.0,-2889000000.0,1112000000.0,-3241000000.0,-5082000000.0,-1920000000.0,251000000.0,7107000000.0,-57000000.0,4908000000.0,4908000000.0,4908000000.0,0.0,11000000.0,0.153,8652000000.0,6637000000.0,2130000000.0,0.663,9.91,20.358,20.514,9877000000.0,0.0,173.34,3.11,3.117,5374000000.0,41362000000.0,32131000000.0,32131000000.0,1814000000.0,0.129,0.493,0.204,0.193,276000000.0,6863000000.0,1.0,576426706.0,577700000,586100000.0,55.619,25431000000.0,0.0,1300000000.0,223000000.0,44.021,6786000000.0
9,MMM,MRT,2019-03-31,2019-03-31,2019-03-31,2021-09-07,-7552000000.0,39140000000.0,37423250000.0,14374000000.0,24766000000.0,0.864,16.802,-1484000000.0,2938000000.0,2938000000.0,16756000000.0,5650000000.0,2.017,3.028,17156000000.0,1045000000.0,16111000000.0,17156000000.0,0.0,1481000000.0,0.0,0.027,5.52,7111000000.0,8592000000.0,0.266,8592000000.0,7111000000.0,7111000000.0,9.64,9.44,9.64,9703000000.0,10028000000.0,9703000000.0,131408724000.0,18.0,15.294,5860000000.0,10.147,1.0,15594000000.0,0.482,13658000000.0,0.0,32575000000.0,29085750000.0,4538000000.0,539000000.0,539000000.0,0.0,29383000000.0,7125000000.0,22258000000.0,119639724000.0,-553000000.0,121000000.0,-4153000000.0,943000000.0,-3213000000.0,-6489000000.0,-1284000000.0,54000000.0,7344000000.0,-124000000.0,5638000000.0,5638000000.0,5638000000.0,0.0,12000000.0,0.174,8258000000.0,7336000000.0,2309000000.0,0.573,12.33,21.22,21.554,9626000000.0,0.0,207.78,3.698,3.709,5173000000.0,41159000000.0,32350000000.0,32350000000.0,1812000000.0,0.151,0.562,0.244,0.22,273000000.0,6977000000.0,1.0,575800000.0,577500000,588500000.0,56.017,25482000000.0,0.0,1473000000.0,183000000.0,44.125,7249000000.0
10,MMM,MRT,2018-12-31,2018-12-31,2018-12-31,2021-09-07,-6866000000.0,36500000000.0,37282000000.0,13709000000.0,22791000000.0,0.879,16.646,-1315000000.0,2853000000.0,2853000000.0,16682000000.0,5363000000.0,1.892,2.721,14622000000.0,1211000000.0,13411000000.0,14622000000.0,0.0,1488000000.0,0.0,0.029,5.44,6986000000.0,8474000000.0,0.259,8474000000.0,6986000000.0,6986000000.0,9.09,8.89,9.09,9796000000.0,10346500000.0,9796000000.0,122609990703.0,18.0,14.469,5124000000.0,8.707,1.0,16083000000.0,0.491,12708000000.0,0.0,28317000000.0,28024500000.0,4366000000.0,380000000.0,380000000.0,0.0,26652000000.0,7244000000.0,19408000000.0,110948990703.0,-200000000.0,859000000.0,-4385000000.0,933000000.0,-3193000000.0,-6701000000.0,222000000.0,669000000.0,6439000000.0,-160000000.0,5349000000.0,5349000000.0,5349000000.0,0.0,14000000.0,0.163,8876000000.0,7207000000.0,2266000000.0,0.598,11.326,20.742,20.961,8738000000.0,0.0,190.54,3.386,3.422,5020000000.0,40636000000.0,32765000000.0,32765000000.0,1821000000.0,0.143,0.517,0.249,0.213,302000000.0,7602000000.0,1.0,582287135.0,588500000,602000000.0,55.675,23792000000.0,0.0,1637000000.0,243000000.0,40.428,6465000000.0
11,MMM,MRT,2018-09-30,2018-09-30,2018-09-30,2021-09-07,-6968000000.0,37275000000.0,37653750000.0,14419000000.0,22856000000.0,0.871,17.5,-1331000000.0,3185000000.0,3185000000.0,16716000000.0,4539000000.0,1.966,2.631,14846000000.0,1307000000.0,13539000000.0,14846000000.0,0.0,1466000000.0,0.0,0.025,5.255,6938000000.0,8404000000.0,0.256,8404000000.0,6938000000.0,6938000000.0,7.67,7.48,7.67,10248000000.0,10788250000.0,10248000000.0,135323325528.0,20.0,16.102,4710000000.0,8.043,1.0,16094000000.0,0.491,12849000000.0,0.0,28751000000.0,27882000000.0,4437000000.0,338000000.0,338000000.0,0.0,26964000000.0,7336000000.0,19628000000.0,123605325528.0,354000000.0,-989000000.0,-3552000000.0,3286000000.0,-3105000000.0,-3505000000.0,-2094000000.0,226000000.0,6041000000.0,-88000000.0,4525000000.0,4525000000.0,4525000000.0,0.0,14000000.0,0.138,8881000000.0,7213000000.0,2029000000.0,0.685,12.061,27.316,27.472,8630000000.0,0.0,210.71,3.767,3.761,5329000000.0,40120000000.0,32810000000.0,32810000000.0,1832000000.0,0.12,0.419,0.249,0.211,316000000.0,7675000000.0,1.0,586613476.0,585600000,598400000.0,56.028,24426000000.0,0.0,2413000000.0,186000000.0,41.711,7083000000.0
12,MMM,MRT,2018-06-30,2018-06-30,2018-06-30,2021-09-07,-7019000000.0,36778000000.0,37144250000.0,13890000000.0,22888000000.0,0.884,17.526,-1321000000.0,2801000000.0,2801000000.0,16616000000.0,4426000000.0,1.56,2.542,14519000000.0,3225000000.0,11294000000.0,14519000000.0,0.0,1488000000.0,0.0,0.026,5.07,6969000000.0,8457000000.0,0.258,8457000000.0,6969000000.0,6969000000.0,7.42,7.23,7.42,10365000000.0,11262750000.0,10365000000.0,128960145715.0,19.0,15.249,4331000000.0,7.323,1.0,16214000000.0,0.494,12894000000.0,0.0,26700000000.0,27213000000.0,4238000000.0,385000000.0,385000000.0,0.0,26350000000.0,8902000000.0,17448000000.0,116791145715.0,147000000.0,-1001000000.0,-2878000000.0,3140000000.0,-3012000000.0,-2895000000.0,-2606000000.0,-262000000.0,5652000000.0,-4000000.0,4411000000.0,4411000000.0,4411000000.0,0.0,15000000.0,0.134,9009000000.0,7205000000.0,1871000000.0,0.683,11.268,26.477,26.512,8645000000.0,0.0,196.72,3.557,3.544,5383000000.0,39442000000.0,32830000000.0,32830000000.0,1870000000.0,0.119,0.392,0.256,0.212,326000000.0,7765000000.0,1.0,593692282.0,591400000,604200000.0,55.512,23884000000.0,0.0,2558000000.0,293000000.0,40.386,4988000000.0
13,MMM,MRT,2018-03-31,2018-03-31,2018-03-31,2021-09-07,-6803000000.0,38575000000.0,36439000000.0,14818000000.0,23757000000.0,0.885,18.412,-1259000000.0,3491000000.0,3491000000.0,16409000000.0,4149000000.0,1.654,2.509,15660000000.0,3449000000.0,12211000000.0,15660000000.0,0.0,1488000000.0,0.0,0.022,4.885,6764000000.0,8252000000.0,0.256,8252000000.0,6764000000.0,6764000000.0,6.93,6.74,6.93,10977000000.0,11569250000.0,10977000000.0,141620160000.0,21.0,17.162,4136000000.0,6.937,1.0,15841000000.0,0.491,13455000000.0,0.0,28330000000.0,26938250000.0,4295000000.0,604000000.0,604000000.0,0.0,27536000000.0,8959000000.0,18577000000.0,130724160000.0,1318000000.0,-971000000.0,-1677000000.0,3252000000.0,-2911000000.0,-1458000000.0,-2715000000.0,-463000000.0,5395000000.0,96000000.0,4137000000.0,4137000000.0,4137000000.0,0.0,12000000.0,0.128,8884000000.0,6957000000.0,1874000000.0,0.705,11.909,31.599,31.677,8864000000.0,0.0,219.52,4.053,4.058,5252000000.0,38453000000.0,32250000000.0,32250000000.0,1880000000.0,0.114,0.358,0.251,0.21,336000000.0,7585000000.0,1.0,595500000.0,596200000,612700000.0,54.093,25120000000.0,0.0,2627000000.0,282000000.0,42.134,5859000000.0
14,MMM,MRT,2017-12-31,2017-12-31,2017-12-31,2021-09-07,-7026000000.0,37987000000.0,35118250000.0,14277000000.0,23710000000.0,0.901,19.352,-1324000000.0,3053000000.0,3053000000.0,16055000000.0,4869000000.0,1.857,2.28,13949000000.0,1853000000.0,12096000000.0,13949000000.0,0.0,1544000000.0,0.0,0.02,4.7,7537000000.0,9081000000.0,0.287,9081000000.0,7537000000.0,7537000000.0,8.13,7.93,8.13,11563000000.0,11572250000.0,11563000000.0,149020280380.0,20.0,16.41,4916000000.0,8.228,1.0,15602000000.0,0.493,13449000000.0,0.0,27747000000.0,26182750000.0,4034000000.0,1076000000.0,1076000000.0,0.0,26365000000.0,7687000000.0,18678000000.0,140188280380.0,655000000.0,-958000000.0,-1334000000.0,1603000000.0,-2803000000.0,-2655000000.0,-3086000000.0,-798000000.0,6240000000.0,156000000.0,4858000000.0,4858000000.0,4858000000.0,0.0,11000000.0,0.153,7910000000.0,7692000000.0,1945000000.0,0.578,12.124,28.857,28.951,8866000000.0,0.0,235.37,4.428,4.442,4911000000.0,39115000000.0,31657000000.0,31657000000.0,1870000000.0,0.138,0.42,0.288,0.238,324000000.0,6626000000.0,1.0,595608108.0,597500000,612700000.0,52.982,24538000000.0,0.0,2679000000.0,310000000.0,41.068,6590000000.0
15,MMM,MRT,2017-09-30,2017-09-30,2017-09-30,2021-09-07,-6913000000.0,35237000000.0,33848000000.0,13656000000.0,21581000000.0,0.916,20.325,-1292000000.0,2831000000.0,2831000000.0,15755000000.0,5500000000.0,2.07,1.897,11663000000.0,835000000.0,10828000000.0,11663000000.0,0.0,1579000000.0,0.0,0.022,4.635,7341000000.0,8920000000.0,0.288,8920000000.0,7341000000.0,7476000000.0,9.17,8.95,9.17,12146000000.0,11256000000.0,12146000000.0,133908424155.0,18.0,15.012,5297000000.0,8.864,1.0,15241000000.0,0.492,11396000000.0,-135000000.0,26075000000.0,25359250000.0,3975000000.0,742000000.0,586000000.0,156000000.0,23035000000.0,6598000000.0,16437000000.0,125261424155.0,523000000.0,937000000.0,-1843000000.0,-889000000.0,-2768000000.0,-5545000000.0,-584000000.0,-231000000.0,6589000000.0,63000000.0,5490000000.0,5490000000.0,5490000000.0,0.0,10000000.0,0.177,7869000000.0,7372000000.0,1824000000.0,0.505,10.313,22.816,22.89,8658000000.0,0.0,209.9,4.041,4.047,5156000000.0,39454000000.0,30996000000.0,30996000000.0,1872000000.0,0.162,0.488,0.289,0.237,320000000.0,6558000000.0,1.0,596767147.0,597600000,612700000.0,51.867,23841000000.0,0.0,1986000000.0,374000000.0,39.895,7058000000.0
16,MMM,MRT,2017-06-30,2017-06-30,2017-06-30,2021-09-07,-6989000000.0,33957000000.0,33551500000.0,12641000000.0,21316000000.0,0.91,19.38,-1319000000.0,2654000000.0,2654000000.0,15543000000.0,5398000000.0,2.219,1.925,11301000000.0,213000000.0,11088000000.0,11301000000.0,0.0,1570000000.0,0.0,0.022,4.57,7258000000.0,8828000000.0,0.289,8828000000.0,7258000000.0,7343000000.0,8.98,8.77,8.98,11591000000.0,11220000000.0,11591000000.0,133877307327.0,18.0,15.165,5428000000.0,9.075,1.0,14990000000.0,0.491,11306000000.0,-85000000.0,25601000000.0,25303500000.0,3838000000.0,294000000.0,140000000.0,154000000.0,22313000000.0,5697000000.0,16616000000.0,124339307327.0,966000000.0,936000000.0,-2194000000.0,-495000000.0,-2737000000.0,-5454000000.0,-346000000.0,34000000.0,6747000000.0,19000000.0,5390000000.0,5390000000.0,5390000000.0,0.0,8000000.0,0.177,7722000000.0,7268000000.0,1782000000.0,0.509,10.727,23.069,23.184,8566000000.0,0.0,208.19,4.072,4.078,4919000000.0,38793000000.0,30533000000.0,30533000000.0,1831000000.0,0.161,0.48,0.287,0.238,311000000.0,6452000000.0,1.0,597239576.0,598100000,612800000.0,51.05,22651000000.0,0.0,1953000000.0,432000000.0,37.872,6944000000.0
17,MMM,MRT,2017-03-31,2017-03-31,2017-03-31,2021-09-07,-6949000000.0,33292000000.0,33371000000.0,11901000000.0,21391000000.0,0.911,18.373,-1352000000.0,2173000000.0,2173000000.0,15322000000.0,5106000000.0,1.985,2.025,11711000000.0,909000000.0,10802000000.0,11711000000.0,0.0,1556000000.0,0.0,0.024,4.505,6989000000.0,8545000000.0,0.281,8545000000.0,6989000000.0,7036000000.0,8.46,8.27,8.46,10989000000.0,11295750000.0,10989000000.0,123322946000.0,18.0,14.432,5038000000.0,8.423,1.0,15063000000.0,0.496,11527000000.0,-47000000.0,25308000000.0,24955500000.0,3612000000.0,291000000.0,141000000.0,150000000.0,22252000000.0,5995000000.0,16257000000.0,114070946000.0,836000000.0,127000000.0,-2454000000.0,837000000.0,-2708000000.0,-4351000000.0,-1213000000.0,36000000.0,6390000000.0,10000000.0,5098000000.0,5098000000.0,5098000000.0,0.0,8000000.0,0.168,8082000000.0,6981000000.0,1701000000.0,0.533,10.38,22.376,22.616,8551000000.0,0.0,191.33,3.754,3.766,4722000000.0,38094000000.0,30385000000.0,30385000000.0,1790000000.0,0.153,0.451,0.28,0.23,301000000.0,6392000000.0,1.0,596200000.0,598100000,612000000.0,50.803,21765000000.0,0.0,1938000000.0,433000000.0,36.39,5906000000.0
18,MMM,MRT,2016-12-31,2016-12-31,2016-12-31,2021-09-07,-7245000000.0,32906000000.0,33293500000.0,11726000000.0,21180000000.0,0.904,17.03,-1362000000.0,2398000000.0,2398000000.0,15118000000.0,5058000000.0,1.886,2.191,11650000000.0,972000000.0,10678000000.0,11650000000.0,0.0,1474000000.0,0.0,0.025,4.44,7045000000.0,8519000000.0,0.283,8519000000.0,7045000000.0,7045000000.0,8.35,8.16,8.35,10298000000.0,11481750000.0,10298000000.0,117456855227.0,17.0,13.788,5300000000.0,8.765,1.0,14991000000.0,0.498,11486000000.0,0.0,24453000000.0,24548500000.0,3385000000.0,280000000.0,280000000.0,0.0,22563000000.0,6219000000.0,16344000000.0,107403855227.0,600000000.0,126000000.0,-2949000000.0,1043000000.0,-2678000000.0,-4626000000.0,-1403000000.0,-163000000.0,6662000000.0,-33000000.0,5050000000.0,5050000000.0,5050000000.0,0.0,8000000.0,0.168,7964000000.0,7027000000.0,1798000000.0,0.532,10.43,21.268,21.386,8516000000.0,0.0,178.57,3.567,3.586,4392000000.0,37907000000.0,30109000000.0,30109000000.0,1764000000.0,0.152,0.44,0.287,0.234,298000000.0,6311000000.0,1.0,601466401.0,604700000,618700000.0,49.792,21420000000.0,0.0,1995000000.0,299000000.0,35.423,5507000000.0
19,MMM,MRT,2016-09-30,2016-09-30,2016-09-30,2021-09-07,-6146000000.0,34051000000.0,33287750000.0,12179000000.0,21872000000.0,0.904,19.858,-1396000000.0,2308000000.0,2308000000.0,15151000000.0,4941000000.0,1.903,1.833,12361000000.0,1282000000.0,11079000000.0,12361000000.0,0.0,1487000000.0,0.0,0.025,4.355,6929000000.0,8416000000.0,0.28,8416000000.0,6929000000.0,6898000000.0,8.12,7.94,8.12,12002000000.0,11764500000.0,12002000000.0,116574463283.0,17.0,13.852,5395000000.0,8.926,1.0,14927000000.0,0.496,11852000000.0,31000000.0,25852000000.0,24163750000.0,3611000000.0,499000000.0,358000000.0,141000000.0,22003000000.0,6400000000.0,15603000000.0,106513463283.0,703000000.0,139000000.0,-3105000000.0,1037000000.0,-2642000000.0,-4734000000.0,-1379000000.0,-198000000.0,6791000000.0,25000000.0,4933000000.0,4933000000.0,4933000000.0,0.0,8000000.0,0.164,7869000000.0,7058000000.0,1621000000.0,0.536,8.875,21.592,21.703,8671000000.0,0.0,176.23,3.541,3.541,4743000000.0,37745000000.0,30078000000.0,30078000000.0,1747000000.0,0.148,0.419,0.287,0.23,270000000.0,6169000000.0,1.0,604400291.0,604400000,618800000.0,49.765,22199000000.0,0.0,1965000000.0,364000000.0,36.729,5779000000.0
20,MMM,MRT,2016-06-30,2016-06-30,2016-06-30,2021-09-07,-6184000000.0,33235000000.0,33089500000.0,11436000000.0,21799000000.0,0.909,19.598,-1400000000.0,1688000000.0,1688000000.0,15181000000.0,4908000000.0,1.577,1.791,11749000000.0,2450000000.0,9299000000.0,11749000000.0,0.0,1474000000.0,0.0,0.024,4.27,6900000000.0,8374000000.0,0.278,8374000000.0,6900000000.0,6881000000.0,8.01,7.84,8.01,11894000000.0,11810500000.0,11894000000.0,116014824494.0,17.0,13.854,5147000000.0,8.481,1.0,14900000000.0,0.495,11833000000.0,19000000.0,24209000000.0,23672750000.0,3613000000.0,312000000.0,177000000.0,135000000.0,21298000000.0,7254000000.0,14044000000.0,106212824494.0,-1295000000.0,-2605000000.0,-3915000000.0,2381000000.0,-2607000000.0,-4202000000.0,-3613000000.0,311000000.0,6547000000.0,-27000000.0,4900000000.0,4900000000.0,4900000000.0,0.0,8000000.0,0.163,7870000000.0,7030000000.0,1650000000.0,0.533,8.93,21.676,21.863,8604000000.0,0.0,175.12,3.531,3.533,4667000000.0,37194000000.0,30081000000.0,30081000000.0,1749000000.0,0.148,0.415,0.291,0.229,257000000.0,6168000000.0,1.0,606514530.0,606900000,620900000.0,49.565,21402000000.0,0.0,1981000000.0,169000000.0,35.264,4182000000.0
21,MMM,MRT,2016-03-31,2016-03-31,2016-03-31,2021-09-07,-6261000000.0,32982000000.0,32627750000.0,10874000000.0,22108000000.0,0.923,19.317,-1437000000.0,1337000000.0,1337000000.0,15240000000.0,4918000000.0,1.515,1.808,11139000000.0,2212000000.0,8927000000.0,11139000000.0,0.0,1452000000.0,0.0,0.025,4.185,6873000000.0,8325000000.0,0.277,8325000000.0,6873000000.0,6857000000.0,7.94,7.78,7.94,11733000000.0,12110250000.0,11733000000.0,109816512933.0,16.0,13.191,5163000000.0,8.5,1.0,14865000000.0,0.494,11926000000.0,16000000.0,23680000000.0,23492250000.0,3627000000.0,306000000.0,176000000.0,130000000.0,21208000000.0,7178000000.0,14030000000.0,100817512933.0,-454000000.0,-2608000000.0,-4896000000.0,3624000000.0,-2581000000.0,-3920000000.0,-3097000000.0,825000000.0,6600000000.0,-37000000.0,4909000000.0,4909000000.0,4909000000.0,0.0,9000000.0,0.163,7861000000.0,7004000000.0,1581000000.0,0.527,8.593,20.537,20.986,8614000000.0,0.0,166.63,3.349,3.362,4485000000.0,36785000000.0,30105000000.0,30105000000.0,1750000000.0,0.15,0.405,0.293,0.228,229000000.0,6158000000.0,1.0,605038186.0,607400000,621300000.0,49.564,21056000000.0,0.0,1948000000.0,590000000.0,34.666,3696000000.0
22,MMM,MRT,2015-12-31,2015-12-31,2015-12-31,2021-09-07,-6359000000.0,32883000000.0,32043000000.0,10986000000.0,21897000000.0,0.945,18.269,-1428000000.0,1798000000.0,1798000000.0,15383000000.0,4841000000.0,1.543,1.874,10797000000.0,2044000000.0,8753000000.0,10797000000.0,0.0,1435000000.0,0.0,0.027,4.1,6815000000.0,8250000000.0,0.273,8250000000.0,6815000000.0,6815000000.0,7.72,7.58,7.72,11429000000.0,12656250000.0,11429000000.0,102398996830.0,15.0,12.412,4992000000.0,7.98,1.0,14891000000.0,0.492,11850000000.0,0.0,22914000000.0,23080000000.0,3518000000.0,244000000.0,118000000.0,126000000.0,21415000000.0,7118000000.0,14297000000.0,92750996830.0,-99000000.0,-2791000000.0,-4603000000.0,3482000000.0,-2561000000.0,-3648000000.0,-2817000000.0,1300000000.0,6420000000.0,-54000000.0,4833000000.0,4833000000.0,4833000000.0,0.0,8000000.0,0.16,7945000000.0,6946000000.0,1694000000.0,0.531,8.115,19.191,19.513,8515000000.0,0.0,150.64,3.064,3.113,4154000000.0,36296000000.0,30274000000.0,30274000000.0,1763000000.0,0.151,0.382,0.295,0.225,122000000.0,6229000000.0,1.0,615712937.0,625600000,637200000.0,48.392,21033000000.0,0.0,1982000000.0,332000000.0,33.621,3868000000.0
23,MMM,MRT,2015-09-30,2015-09-30,2015-09-30,2021-09-07,-6467000000.0,33258000000.0,31624500000.0,11608000000.0,21650000000.0,0.971,19.636,-1469000000.0,1605000000.0,1605000000.0,15583000000.0,4981000000.0,1.651,1.726,11253000000.0,2279000000.0,8974000000.0,11253000000.0,0.0,1388000000.0,0.0,0.028,3.93,7127000000.0,8515000000.0,0.277,8515000000.0,7127000000.0,6991000000.0,7.88,7.74,7.88,12186000000.0,13076250000.0,12186000000.0,94104156634.0,13.0,11.052,4796000000.0,7.728,1.0,15112000000.0,0.492,11986000000.0,136000000.0,23888000000.0,22770000000.0,3709000000.0,278000000.0,153000000.0,125000000.0,21034000000.0,7032000000.0,14002000000.0,88570156634.0,-324000000.0,-2891000000.0,-4636000000.0,3349000000.0,-2477000000.0,-3824000000.0,-2629000000.0,1627000000.0,6265000000.0,-136000000.0,4974000000.0,4974000000.0,4974000000.0,0.0,7000000.0,0.162,8004000000.0,7108000000.0,1600000000.0,0.499,7.268,17.807,17.991,8470000000.0,0.0,141.77,2.885,2.866,4610000000.0,36235000000.0,30695000000.0,30695000000.0,1766000000.0,0.157,0.38,0.313,0.232,109000000.0,6238000000.0,1.0,624745409.0,620600000,631200000.0,49.46,21272000000.0,0.0,2017000000.0,105000000.0,34.277,4576000000.0
24,MMM,MRT,2015-06-30,2015-06-30,2015-06-30,2021-09-07,-6233000000.0,31388000000.0,31504000000.0,13431000000.0,17957000000.0,0.988,20.74,-1409000000.0,2983000000.0,2983000000.0,15911000000.0,4994000000.0,2.636,1.394,8517000000.0,86000000.0,8431000000.0,8517000000.0,0.0,1383000000.0,0.0,0.024,3.76,7146000000.0,8529000000.0,0.274,8529000000.0,7146000000.0,7020000000.0,7.81,7.67,7.81,13093000000.0,14073000000.0,13093000000.0,102678812442.0,14.0,12.039,4903000000.0,7.767,1.0,15209000000.0,0.489,8340000000.0,126000000.0,23487000000.0,22237250000.0,3847000000.0,621000000.0,502000000.0,119000000.0,18258000000.0,5095000000.0,13163000000.0,97878812442.0,858000000.0,-134000000.0,-4266000000.0,1865000000.0,-2392000000.0,-5493000000.0,149000000.0,1549000000.0,6312000000.0,-110000000.0,4981000000.0,4981000000.0,4981000000.0,0.0,13000000.0,0.16,8076000000.0,7133000000.0,1714000000.0,0.481,7.476,19.65,19.757,8389000000.0,0.0,154.3,3.145,3.13,4578000000.0,35615000000.0,31120000000.0,31120000000.0,1771000000.0,0.158,0.354,0.321,0.23,94000000.0,6305000000.0,1.0,634340975.0,631300000,643000000.0,49.295,23048000000.0,0.0,2039000000.0,327000000.0,36.509,8336000000.0
25,MMM,MRT,2015-03-31,2015-03-31,2015-03-31,2021-09-07,-6321000000.0,30643000000.0,32149500000.0,12518000000.0,18125000000.0,0.982,21.875,-1355000000.0,1791000000.0,1791000000.0,16237000000.0,4974000000.0,2.463,1.199,6591000000.0,132000000.0,6459000000.0,6591000000.0,0.0,1397000000.0,0.0,0.022,3.59,7151000000.0,8548000000.0,0.271,8548000000.0,7151000000.0,7015000000.0,7.69,7.56,7.69,13917000000.0,15138250000.0,13917000000.0,109641964005.0,15.0,12.827,5259000000.0,8.266,1.0,15331000000.0,0.486,8330000000.0,136000000.0,22031000000.0,22053750000.0,3704000000.0,1133000000.0,1018000000.0,115000000.0,16691000000.0,5082000000.0,11609000000.0,104701964005.0,-163000000.0,-225000000.0,-3820000000.0,432000000.0,-2302000000.0,-6358000000.0,-309000000.0,1170000000.0,6614000000.0,-110000000.0,4948000000.0,4948000000.0,4948000000.0,0.0,26000000.0,0.157,8182000000.0,7149000000.0,1801000000.0,0.467,7.523,21.16,21.45,8286000000.0,0.0,164.95,3.317,3.324,4408000000.0,35080000000.0,31568000000.0,31568000000.0,1781000000.0,0.154,0.327,0.324,0.227,79000000.0,6401000000.0,1.0,634749706.0,636200000,649200000.0,49.62,22313000000.0,0.0,2067000000.0,464000000.0,35.072,7436000000.0
26,MMM,MRT,2014-12-31,2014-12-31,2014-12-31,2021-09-07,-6289000000.0,31209000000.0,32875500000.0,12303000000.0,18906000000.0,0.968,20.193,-1358000000.0,1897000000.0,1897000000.0,16447000000.0,4998000000.0,2.063,1.378,6811000000.0,106000000.0,6705000000.0,6811000000.0,0.0,1408000000.0,0.0,0.021,3.42,7126000000.0,8534000000.0,0.268,8534000000.0,7126000000.0,6984000000.0,7.63,7.49,7.63,13109000000.0,16021000000.0,13109000000.0,110714352117.0,16.0,12.973,5268000000.0,8.115,1.0,15374000000.0,0.483,8485000000.0,142000000.0,21674000000.0,21979000000.0,3706000000.0,1556000000.0,1439000000.0,117000000.0,18067000000.0,5964000000.0,12103000000.0,105299352117.0,-684000000.0,-94000000.0,-4684000000.0,1010000000.0,-2216000000.0,-6603000000.0,-596000000.0,754000000.0,6626000000.0,-111000000.0,4956000000.0,4956000000.0,4956000000.0,0.0,42000000.0,0.156,8239000000.0,7135000000.0,1807000000.0,0.448,8.033,21.247,21.536,8489000000.0,0.0,164.32,3.309,3.352,4238000000.0,34317000000.0,31821000000.0,31821000000.0,1770000000.0,0.151,0.309,0.324,0.224,113000000.0,6469000000.0,1.0,640818842.0,649200000,662000000.0,49.016,22724000000.0,0.0,2028000000.0,435000000.0,35.003,6339000000.0
27,MMM,MRT,2014-09-30,2014-09-30,2014-09-30,2021-09-07,-4108000000.0,32776000000.0,33460750000.0,12681000000.0,20095000000.0,0.947,25.063,-1388000000.0,1929000000.0,1929000000.0,16396000000.0,4935000000.0,1.646,1.025,7344000000.0,2119000000.0,5225000000.0,7344000000.0,0.0,1415000000.0,0.0,0.023,3.2,7033000000.0,8448000000.0,0.267,8448000000.0,7033000000.0,6891000000.0,7.44,7.3,7.44,16173000000.0,17119250000.0,16173000000.0,96652268747.0,14.0,11.441,5048000000.0,7.823,1.0,15275000000.0,0.482,8729000000.0,142000000.0,21757000000.0,21672250000.0,3945000000.0,1980000000.0,767000000.0,1213000000.0,16570000000.0,7705000000.0,8865000000.0,91804268747.0,-411000000.0,-94000000.0,-5071000000.0,1645000000.0,-2095000000.0,-6076000000.0,-732000000.0,697000000.0,6436000000.0,-39000000.0,4880000000.0,4880000000.0,4880000000.0,0.0,55000000.0,0.154,8223000000.0,7052000000.0,1796000000.0,0.43,5.676,18.812,19.043,8499000000.0,0.0,141.68,2.899,2.887,4711000000.0,34484000000.0,31671000000.0,31671000000.0,1772000000.0,0.146,0.285,0.325,0.222,119000000.0,6451000000.0,1.0,647969147.0,645300000,657900000.0,49.079,24047000000.0,0.0,2011000000.0,382000000.0,37.265,4976000000.0
28,MMM,MRT,2014-06-30,2014-06-30,2014-06-30,2021-09-07,-3666000000.0,33970000000.0,33667750000.0,13193000000.0,20777000000.0,0.934,26.617,-1433000000.0,2125000000.0,2125000000.0,16339000000.0,4869000000.0,1.874,0.929,6973000000.0,1650000000.0,5323000000.0,6973000000.0,0.0,1408000000.0,0.0,0.021,2.98,6867000000.0,8275000000.0,0.263,8275000000.0,6867000000.0,6720000000.0,7.23,7.1,7.23,17354000000.0,17525000000.0,17354000000.0,98341844748.0,14.0,11.884,4443000000.0,6.814,1.0,15111000000.0,0.48,9025000000.0,147000000.0,22753000000.0,21361750000.0,4093000000.0,2201000000.0,884000000.0,1317000000.0,16124000000.0,7040000000.0,9084000000.0,93718844748.0,-817000000.0,-94000000.0,-5260000000.0,997000000.0,-1976000000.0,-6103000000.0,-695000000.0,812000000.0,5876000000.0,105000000.0,4807000000.0,4807000000.0,4807000000.0,0.0,62000000.0,0.153,8221000000.0,6890000000.0,1844000000.0,0.412,5.4,19.496,19.812,8685000000.0,0.0,143.24,2.98,2.97,4759000000.0,33836000000.0,31450000000.0,31450000000.0,1758000000.0,0.143,0.274,0.321,0.218,126000000.0,6463000000.0,1.0,654278447.0,652000000,664600000.0,48.236,24945000000.0,0.0,1913000000.0,478000000.0,38.259,6153000000.0
29,MMM,MRT,2014-03-31,2014-03-31,2014-03-31,2021-09-07,-3841000000.0,33547000000.0,33707750000.0,12762000000.0,20785000000.0,0.922,26.376,-1513000000.0,1954000000.0,1954000000.0,16168000000.0,4799000000.0,1.713,0.895,6577000000.0,2176000000.0,4401000000.0,6577000000.0,0.0,1385000000.0,0.0,0.02,2.76,6714000000.0,8099000000.0,0.261,8099000000.0,6714000000.0,6571000000.0,7.03,6.9,7.03,17448000000.0,17655500000.0,17448000000.0,93328828464.0,14.0,11.524,4402000000.0,6.655,1.0,14900000000.0,0.48,8988000000.0,143000000.0,21732000000.0,21119000000.0,3972000000.0,2340000000.0,860000000.0,1480000000.0,15623000000.0,7450000000.0,8173000000.0,89900828464.0,-974000000.0,8000000.0,-4977000000.0,546000000.0,-1856000000.0,-6159000000.0,-738000000.0,721000000.0,5915000000.0,8000000.0,4737000000.0,4737000000.0,4737000000.0,0.0,62000000.0,0.152,8164000000.0,6736000000.0,1866000000.0,0.393,5.153,18.978,19.297,8630000000.0,0.0,135.66,2.894,2.888,4598000000.0,33312000000.0,31068000000.0,31068000000.0,1737000000.0,0.141,0.268,0.318,0.216,150000000.0,6427000000.0,1.0,662692234.0,661500000,674500000.0,46.966,24559000000.0,0.0,1834000000.0,481000000.0,37.126,5312000000.0
30,MMM,MRT,2013-12-31,2013-12-31,2013-12-31,2021-09-07,-3913000000.0,33550000000.0,33828250000.0,12733000000.0,20817000000.0,0.913,25.667,-1537000000.0,2581000000.0,2581000000.0,16106000000.0,4721000000.0,1.698,0.891,6009000000.0,1683000000.0,4326000000.0,6009000000.0,0.0,1371000000.0,0.0,0.018,2.54,6645000000.0,8016000000.0,0.26,8016000000.0,6645000000.0,6500000000.0,6.83,6.72,6.83,17502000000.0,17814000000.0,17502000000.0,97863072480.0,15.0,12.208,4280000000.0,6.277,1.0,14765000000.0,0.478,9033000000.0,145000000.0,20447000000.0,21189250000.0,3864000000.0,2331000000.0,756000000.0,1575000000.0,15602000000.0,7498000000.0,8104000000.0,94426072480.0,-302000000.0,8000000.0,-3603000000.0,-37000000.0,-1730000000.0,-5246000000.0,-856000000.0,627000000.0,5817000000.0,-17000000.0,4659000000.0,4659000000.0,4659000000.0,0.0,62000000.0,0.151,8099000000.0,6666000000.0,1799000000.0,0.372,5.395,20.267,20.534,8652000000.0,0.0,140.25,3.059,3.098,4253000000.0,32416000000.0,30871000000.0,30871000000.0,1715000000.0,0.138,0.262,0.314,0.215,148000000.0,6384000000.0,1.0,673269679.0,681900000,693600000.0,45.272,24517000000.0,0.0,1841000000.0,417000000.0,35.954,5235000000.0
31,MMM,MRT,2013-09-30,2013-09-30,2013-09-30,2021-09-07,-4810000000.0,33604000000.0,33909750000.0,13282000000.0,20322000000.0,0.905,26.178,-1517000000.0,2340000000.0,2340000000.0,16121000000.0,4609000000.0,1.785,0.863,5777000000.0,2244000000.0,3533000000.0,5777000000.0,0.0,1346000000.0,0.0,0.021,2.495,6508000000.0,7854000000.0,0.256,7854000000.0,6508000000.0,6351000000.0,6.61,6.51,6.61,17796000000.0,17832250000.0,17796000000.0,84616919015.0,13.0,10.774,4045000000.0,5.95,1.0,14568000000.0,0.475,9087000000.0,157000000.0,20515000000.0,21448500000.0,3948000000.0,2668000000.0,971000000.0,1697000000.0,15352000000.0,7439000000.0,7913000000.0,81612919015.0,-689000000.0,-790000000.0,-2640000000.0,-709000000.0,-1714000000.0,-4987000000.0,-1254000000.0,1040000000.0,5562000000.0,-10000000.0,4547000000.0,4547000000.0,4547000000.0,0.0,62000000.0,0.148,8038000000.0,6530000000.0,1718000000.0,0.377,4.586,17.949,18.065,8448000000.0,0.0,119.41,2.659,2.645,4594000000.0,32412000000.0,30689000000.0,30689000000.0,1695000000.0,0.134,0.255,0.303,0.212,162000000.0,6343000000.0,1.0,683468043.0,679800000,691800000.0,45.144,24517000000.0,0.0,1804000000.0,373000000.0,36.065,5843000000.0
32,MMM,MRT,2013-06-30,2013-06-30,2013-06-30,2021-09-07,-5166000000.0,34130000000.0,34128500000.0,13983000000.0,20147000000.0,0.887,25.975,-1532000000.0,2942000000.0,2942000000.0,15908000000.0,4544000000.0,2.207,0.884,5946000000.0,1062000000.0,4884000000.0,5946000000.0,0.0,1325000000.0,0.0,0.022,2.45,6443000000.0,7768000000.0,0.257,7768000000.0,6443000000.0,6275000000.0,6.48,6.38,6.48,17876000000.0,17794250000.0,17876000000.0,78480781697.0,12.0,10.103,4224000000.0,6.138,1.0,14362000000.0,0.474,9017000000.0,168000000.0,21782000000.0,21857250000.0,3919000000.0,3006000000.0,1310000000.0,1696000000.0,15811000000.0,6335000000.0,9476000000.0,75472781697.0,-366000000.0,-894000000.0,-1400000000.0,-483000000.0,-1691000000.0,-3514000000.0,-2572000000.0,-160000000.0,5756000000.0,-36000000.0,4478000000.0,4478000000.0,4478000000.0,0.0,66000000.0,0.148,7893000000.0,6469000000.0,1920000000.0,0.378,4.222,16.854,16.875,8329000000.0,0.0,109.35,2.493,2.486,4542000000.0,31716000000.0,30270000000.0,30270000000.0,1672000000.0,0.131,0.252,0.295,0.213,156000000.0,6221000000.0,1.0,690194620.0,688200000,699100000.0,43.984,25113000000.0,0.0,1797000000.0,460000000.0,36.491,7648000000.0
33,MMM,MRT,2013-03-31,2013-03-31,2013-03-31,2021-09-07,-5001000000.0,34029000000.0,33930750000.0,13855000000.0,20174000000.0,0.886,26.164,-1500000000.0,2928000000.0,2928000000.0,15765000000.0,4517000000.0,2.334,0.857,5936000000.0,1072000000.0,4864000000.0,5936000000.0,0.0,1311000000.0,0.0,0.023,2.405,6466000000.0,7777000000.0,0.259,7777000000.0,6466000000.0,6296000000.0,6.42,6.33,6.42,18082000000.0,17426750000.0,18082000000.0,76470864009.0,12.0,9.833,3966000000.0,5.739,1.0,14287000000.0,0.475,9087000000.0,170000000.0,22013000000.0,21841750000.0,3819000000.0,3061000000.0,1448000000.0,1613000000.0,15501000000.0,5937000000.0,9564000000.0,73352864009.0,596000000.0,-1046000000.0,-948000000.0,740000000.0,-1665000000.0,-1822000000.0,-3048000000.0,-520000000.0,5466000000.0,0.0,4448000000.0,4448000000.0,4448000000.0,0.0,69000000.0,0.148,7792000000.0,6495000000.0,1820000000.0,0.375,4.057,16.491,16.559,8318000000.0,0.0,106.31,2.441,2.445,4418000000.0,31073000000.0,30052000000.0,30052000000.0,1653000000.0,0.131,0.255,0.296,0.215,155000000.0,6139000000.0,1.0,689990255.0,691100000,702100000.0,43.484,24942000000.0,0.0,1848000000.0,392000000.0,36.09,7918000000.0
34,MMM,MRT,2012-12-31,2012-12-31,2012-12-31,2021-09-07,-4750000000.0,33876000000.0,33427250000.0,13630000000.0,20246000000.0,0.895,25.328,-1443000000.0,2883000000.0,2883000000.0,15685000000.0,4511000000.0,2.198,0.901,6001000000.0,1085000000.0,4916000000.0,6001000000.0,0.0,1288000000.0,0.0,0.025,2.36,6455000000.0,7743000000.0,0.259,7743000000.0,6455000000.0,6284000000.0,6.4,6.32,6.4,17575000000.0,16951750000.0,17575000000.0,67574819162.0,10.0,8.727,3857000000.0,5.558,1.0,14219000000.0,0.475,9310000000.0,171000000.0,21484000000.0,21462000000.0,3837000000.0,2973000000.0,1648000000.0,1325000000.0,15836000000.0,6200000000.0,9636000000.0,64245819162.0,664000000.0,-1046000000.0,-1192000000.0,722000000.0,-1635000000.0,-2058000000.0,-2686000000.0,-211000000.0,5300000000.0,108000000.0,4444000000.0,4444000000.0,4444000000.0,0.0,67000000.0,0.149,7736000000.0,6483000000.0,1762000000.0,0.369,3.656,14.457,14.508,8378000000.0,0.0,92.85,2.148,2.155,4061000000.0,30679000000.0,29904000000.0,29904000000.0,1634000000.0,0.133,0.262,0.301,0.216,161000000.0,6102000000.0,1.0,691931278.0,693900000,703300000.0,43.096,24566000000.0,0.0,1840000000.0,371000000.0,35.403,7430000000.0
35,MMM,MRT,2012-09-30,2012-09-30,2012-09-30,2021-09-07,-4548000000.0,34479000000.0,32862250000.0,14494000000.0,19985000000.0,0.901,25.46,-1436000000.0,3029000000.0,3029000000.0,15518000000.0,4481000000.0,2.198,0.926,6358000000.0,1506000000.0,4852000000.0,6358000000.0,0.0,1273000000.0,0.0,0.025,2.32,6369000000.0,7642000000.0,0.258,7642000000.0,6369000000.0,6197000000.0,6.34,6.25,6.34,17644000000.0,16413000000.0,17644000000.0,66890744770.0,11.0,8.753,3864000000.0,5.576,1.0,14088000000.0,0.476,9063000000.0,172000000.0,22150000000.0,21130750000.0,3842000000.0,3531000000.0,1989000000.0,1542000000.0,16338000000.0,6595000000.0,9743000000.0,63891744770.0,-347000000.0,-366000000.0,-1175000000.0,269000000.0,-1612000000.0,-2491000000.0,-3268000000.0,-1486000000.0,5300000000.0,112000000.0,4407000000.0,4407000000.0,4407000000.0,0.0,74000000.0,0.149,7684000000.0,6404000000.0,1805000000.0,0.366,3.621,14.498,14.577,7939000000.0,0.0,92.42,2.158,2.163,4409000000.0,30150000000.0,29606000000.0,29606000000.0,1595000000.0,0.134,0.269,0.301,0.215,170000000.0,6089000000.0,1.0,691319463.0,693000000,703100000.0,42.722,25416000000.0,0.0,1790000000.0,301000000.0,36.675,7899000000.0
36,MMM,MRT,2012-06-30,2012-06-30,2012-06-30,2021-09-07,-5012000000.0,33339000000.0,32271250000.0,14088000000.0,19251000000.0,0.918,23.63,-1414000000.0,3308000000.0,3308000000.0,15610000000.0,4404000000.0,2.469,1.004,6307000000.0,650000000.0,5657000000.0,6307000000.0,0.0,1262000000.0,0.0,0.025,2.28,6276000000.0,7538000000.0,0.254,7538000000.0,6276000000.0,6100000000.0,6.2,6.12,6.2,16406000000.0,16244000000.0,16406000000.0,65012935501.0,10.0,8.625,3903000000.0,5.621,1.0,14030000000.0,0.473,8911000000.0,176000000.0,21720000000.0,20503500000.0,3656000000.0,2778000000.0,1595000000.0,1183000000.0,16466000000.0,5707000000.0,10759000000.0,62170935501.0,-68000000.0,-306000000.0,-1878000000.0,932000000.0,-1592000000.0,-2509000000.0,-2763000000.0,-1053000000.0,5317000000.0,-113000000.0,4334000000.0,4334000000.0,4334000000.0,0.0,70000000.0,0.146,7723000000.0,6307000000.0,1792000000.0,0.368,3.79,14.345,14.452,7706000000.0,0.0,89.6,2.098,2.099,4364000000.0,29465000000.0,29640000000.0,29640000000.0,1587000000.0,0.134,0.267,0.306,0.212,181000000.0,6136000000.0,1.0,693872048.0,694300000,702600000.0,42.69,24428000000.0,0.0,1766000000.0,440000000.0,35.184,8381000000.0
37,MMM,MRT,2012-03-31,2012-03-31,2012-03-31,2021-09-07,-4785000000.0,32015000000.0,32007000000.0,12853000000.0,19162000000.0,0.931,23.223,-1352000000.0,2332000000.0,2332000000.0,15780000000.0,4395000000.0,2.377,0.951,5174000000.0,664000000.0,4510000000.0,5174000000.0,0.0,1260000000.0,0.0,0.025,2.24,6204000000.0,7464000000.0,0.251,7464000000.0,6204000000.0,6021000000.0,6.15,6.06,6.15,16182000000.0,16475000000.0,16182000000.0,64907249097.0,10.0,8.696,4027000000.0,5.779,1.0,14006000000.0,0.47,8955000000.0,183000000.0,20494000000.0,19834750000.0,3561000000.0,2322000000.0,1399000000.0,923000000.0,15396000000.0,5408000000.0,9988000000.0,61960249097.0,-415000000.0,-178000000.0,-1808000000.0,-349000000.0,-1573000000.0,-3700000000.0,-2037000000.0,-514000000.0,5379000000.0,-57000000.0,4327000000.0,4327000000.0,4327000000.0,0.0,68000000.0,0.145,7772000000.0,6234000000.0,1779000000.0,0.364,3.829,14.319,14.506,7755000000.0,0.0,89.21,2.08,2.087,4323000000.0,28858000000.0,29786000000.0,29786000000.0,1583000000.0,0.135,0.263,0.313,0.208,174000000.0,6189000000.0,1.0,694543763.0,696800000,706100000.0,42.747,23060000000.0,0.0,1694000000.0,423000000.0,33.094,7445000000.0
38,MMM,MRT,2011-12-31,2011-12-31,2011-12-31,2021-09-07,-5025000000.0,31616000000.0,31785500000.0,12240000000.0,19376000000.0,0.932,21.764,-1324000000.0,2219000000.0,2219000000.0,15693000000.0,4357000000.0,2.25,1.022,5166000000.0,682000000.0,4484000000.0,5166000000.0,0.0,1236000000.0,0.0,0.027,2.2,6143000000.0,7379000000.0,0.249,7379000000.0,6143000000.0,5957000000.0,6.05,5.96,6.05,15420000000.0,16553000000.0,15420000000.0,60063035778.0,10.0,8.14,3960000000.0,5.589,1.0,13918000000.0,0.47,8963000000.0,186000000.0,20159000000.0,19455250000.0,3416000000.0,2512000000.0,1461000000.0,1051000000.0,15754000000.0,5441000000.0,10313000000.0,57280035778.0,-1158000000.0,-649000000.0,-1799000000.0,-307000000.0,-1555000000.0,-3675000000.0,-2718000000.0,-745000000.0,5284000000.0,-49000000.0,4283000000.0,4283000000.0,4283000000.0,0.0,74000000.0,0.145,7740000000.0,6178000000.0,1643000000.0,0.364,3.715,13.374,13.509,7666000000.0,0.0,81.73,1.934,1.956,3867000000.0,28348000000.0,29611000000.0,29611000000.0,1570000000.0,0.135,0.259,0.316,0.207,200000000.0,6170000000.0,1.0,700844681.0,708500000,719000000.0,41.794,22653000000.0,0.0,1674000000.0,355000000.0,31.973,6799000000.0
39,MMM,MRT,2011-09-30,2011-09-30,2011-09-30,2021-09-07,-3339000000.0,32115000000.0,31420500000.0,13669000000.0,18446000000.0,0.93,23.976,-1358000000.0,3376000000.0,3376000000.0,15444000000.0,4326000000.0,2.217,0.867,6159000000.0,1204000000.0,4955000000.0,6159000000.0,0.0,1202000000.0,0.0,0.03,2.175,6086000000.0,7288000000.0,0.249,7288000000.0,6086000000.0,5895000000.0,5.99,5.88,5.99,16968000000.0,16613750000.0,16968000000.0,53161570128.0,9.0,7.294,3819000000.0,5.396,1.0,13787000000.0,0.472,9092000000.0,191000000.0,19641000000.0,18791000000.0,3604000000.0,2091000000.0,1486000000.0,605000000.0,14703000000.0,6165000000.0,8538000000.0,50937570128.0,-1090000000.0,-2313000000.0,-1620000000.0,306000000.0,-1547000000.0,-2857000000.0,-3333000000.0,344000000.0,5177000000.0,-77000000.0,4257000000.0,4257000000.0,4257000000.0,0.0,69000000.0,0.146,7672000000.0,6115000000.0,1689000000.0,0.363,3.002,11.966,11.985,7509000000.0,0.0,71.79,1.743,1.738,4259000000.0,27784000000.0,29231000000.0,29231000000.0,1579000000.0,0.135,0.256,0.324,0.208,194000000.0,6093000000.0,1.0,709535731.0,707700000,715500000.0,41.304,23023000000.0,0.0,1638000000.0,421000000.0,32.532,7504000000.0
40,MMM,MRT,2011-06-30,2011-06-30,2011-06-30,2021-09-07,-2961000000.0,32282000000.0,30908000000.0,13537000000.0,18745000000.0,0.924,24.292,-1254000000.0,3376000000.0,3376000000.0,15000000000.0,4348000000.0,2.182,0.839,5600000000.0,1116000000.0,4484000000.0,5600000000.0,0.0,1169000000.0,0.0,0.023,2.15,6078000000.0,7247000000.0,0.254,7247000000.0,6078000000.0,5884000000.0,6.0,5.89,6.0,17330000000.0,16247750000.0,17330000000.0,70270262596.0,12.0,9.696,3884000000.0,5.444,1.0,13574000000.0,0.475,9258000000.0,194000000.0,19045000000.0,18576750000.0,3717000000.0,1721000000.0,1148000000.0,573000000.0,14540000000.0,6203000000.0,8337000000.0,67398262596.0,354000000.0,-2287000000.0,-786000000.0,-451000000.0,-1534000000.0,-2860000000.0,-2060000000.0,1490000000.0,5138000000.0,136000000.0,4275000000.0,4275000000.0,4275000000.0,0.0,73000000.0,0.15,7464000000.0,6110000000.0,1851000000.0,0.358,3.889,15.766,15.808,7624000000.0,0.0,94.85,2.359,2.368,4385000000.0,27110000000.0,28574000000.0,28574000000.0,1544000000.0,0.138,0.263,0.327,0.213,209000000.0,5920000000.0,1.0,710577360.0,713400000,726500000.0,40.053,23024000000.0,0.0,1609000000.0,365000000.0,32.274,7334000000.0
41,MMM,MRT,2011-03-31,2011-03-31,2011-03-31,2021-09-07,-3237000000.0,31129000000.0,29961500000.0,12645000000.0,18484000000.0,0.922,23.182,-1141000000.0,2747000000.0,2747000000.0,14395000000.0,4311000000.0,2.143,0.863,5619000000.0,1133000000.0,4486000000.0,5619000000.0,0.0,1122000000.0,0.0,0.023,2.125,6018000000.0,7140000000.0,0.258,7140000000.0,6018000000.0,5822000000.0,5.94,5.83,5.94,16494000000.0,15408000000.0,16494000000.0,68628858943.0,11.0,9.612,3684000000.0,5.178,1.0,13230000000.0,0.479,9125000000.0,196000000.0,18976000000.0,18522000000.0,3489000000.0,1805000000.0,1285000000.0,520000000.0,14242000000.0,5900000000.0,8342000000.0,66553858943.0,-101000000.0,-2284000000.0,-621000000.0,-419000000.0,-1518000000.0,-2606000000.0,-2363000000.0,1008000000.0,4825000000.0,43000000.0,4236000000.0,4236000000.0,4236000000.0,0.0,75000000.0,0.153,7179000000.0,6051000000.0,1815000000.0,0.358,4.035,15.711,15.741,7503000000.0,0.0,93.5,2.409,2.408,4209000000.0,26521000000.0,27625000000.0,27625000000.0,1490000000.0,0.141,0.275,0.325,0.218,222000000.0,5689000000.0,1.0,711805978.0,711500000,726400000.0,38.826,22004000000.0,0.0,1586000000.0,393000000.0,30.926,6745000000.0
42,MMM,MRT,2010-12-31,2010-12-31,2010-12-31,2021-09-07,-3543000000.0,30156000000.0,29184750000.0,12215000000.0,17941000000.0,0.914,21.946,-1066000000.0,3377000000.0,3377000000.0,13831000000.0,4163000000.0,2.006,0.903,5452000000.0,1269000000.0,4183000000.0,5452000000.0,0.0,1120000000.0,0.0,0.024,2.1,5878000000.0,6998000000.0,0.262,6998000000.0,5878000000.0,5677000000.0,5.72,5.63,5.72,15663000000.0,14676000000.0,15663000000.0,62984338863.0,11.0,9.0,4108000000.0,5.756,1.0,12831000000.0,0.481,8640000000.0,201000000.0,17502000000.0,18473750000.0,3155000000.0,1787000000.0,1101000000.0,686000000.0,14139000000.0,6089000000.0,8050000000.0,61692338863.0,337000000.0,-1830000000.0,-188000000.0,-472000000.0,-1500000000.0,-2184000000.0,-2626000000.0,273000000.0,5174000000.0,-27000000.0,4085000000.0,4085000000.0,4085000000.0,0.0,78000000.0,0.153,6913000000.0,5918000000.0,1662000000.0,0.367,3.939,15.102,15.087,7279000000.0,0.0,86.3,2.314,2.31,3615000000.0,25995000000.0,26662000000.0,26662000000.0,1434000000.0,0.14,0.278,0.318,0.22,221000000.0,5479000000.0,1.0,714859083.0,713700000,725500000.0,37.357,21516000000.0,0.0,1592000000.0,358000000.0,30.147,6126000000.0
43,MMM,MRT,2010-09-30,2010-09-30,2010-09-30,2021-09-07,-3366000000.0,30065000000.0,28458250000.0,14048000000.0,16017000000.0,0.916,21.714,-820000000.0,4466000000.0,4466000000.0,13445000000.0,4171000000.0,2.604,0.918,5758000000.0,653000000.0,5105000000.0,5758000000.0,0.0,1135000000.0,0.0,0.024,2.085,5918000000.0,7053000000.0,0.27,7053000000.0,5918000000.0,5713000000.0,5.75,5.67,5.75,15504000000.0,13951250000.0,15504000000.0,64490877581.0,11.0,9.144,3767000000.0,5.276,1.0,12630000000.0,0.484,7178000000.0,205000000.0,18784000000.0,18560500000.0,3215000000.0,1966000000.0,1387000000.0,579000000.0,14232000000.0,5395000000.0,8837000000.0,61835877581.0,1227000000.0,-57000000.0,223000000.0,-537000000.0,-1485000000.0,-1822000000.0,-1533000000.0,-664000000.0,4587000000.0,-5000000.0,4092000000.0,4092000000.0,4092000000.0,0.0,79000000.0,0.157,6671000000.0,5959000000.0,1649000000.0,0.363,3.988,15.111,15.08,6915000000.0,0.0,86.71,2.371,2.374,3869000000.0,25493000000.0,26075000000.0,26075000000.0,1372000000.0,0.144,0.293,0.319,0.227,216000000.0,5299000000.0,1.0,713134328.0,714000000,725200000.0,36.52,22887000000.0,0.0,1621000000.0,316000000.0,32.055,8653000000.0
44,MMM,MRT,2010-06-30,2010-06-30,2010-06-30,2021-09-07,-4016000000.0,28496000000.0,27850250000.0,12891000000.0,15605000000.0,0.912,19.554,-765000000.0,3022000000.0,3022000000.0,13033000000.0,4017000000.0,2.371,1.019,5677000000.0,728000000.0,4949000000.0,5677000000.0,0.0,1147000000.0,0.0,0.026,2.07,5822000000.0,6969000000.0,0.274,6969000000.0,5822000000.0,5613000000.0,5.56,5.49,5.56,13971000000.0,13165250000.0,13971000000.0,59255246691.0,10.0,8.503,4235000000.0,5.927,1.0,12361000000.0,0.487,6888000000.0,209000000.0,18826000000.0,18239500000.0,2980000000.0,2626000000.0,1909000000.0,717000000.0,14233000000.0,5437000000.0,8796000000.0,56325246691.0,426000000.0,-87000000.0,188000000.0,-442000000.0,-1471000000.0,-1648000000.0,-2732000000.0,-1891000000.0,5000000000.0,-194000000.0,3943000000.0,3943000000.0,3943000000.0,0.0,74000000.0,0.155,6500000000.0,5861000000.0,1756000000.0,0.372,4.032,14.285,14.207,6715000000.0,0.0,78.99,2.218,2.223,3745000000.0,24788000000.0,25394000000.0,25394000000.0,1353000000.0,0.142,0.3,0.319,0.229,206000000.0,5147000000.0,1.0,713068068.0,714500000,725700000.0,35.541,21608000000.0,0.0,1670000000.0,386000000.0,30.242,7454000000.0
45,MMM,MRT,2010-03-31,2010-03-31,2010-03-31,2021-09-07,-3747000000.0,28022000000.0,27250000000.0,12106000000.0,15916000000.0,0.895,19.059,-754000000.0,2848000000.0,2848000000.0,12575000000.0,3669000000.0,2.352,1.045,5778000000.0,698000000.0,5080000000.0,5778000000.0,0.0,1173000000.0,0.0,0.025,2.055,5424000000.0,6597000000.0,0.271,6597000000.0,5424000000.0,5212000000.0,5.11,5.07,5.11,13566000000.0,12373250000.0,13566000000.0,62149558316.0,11.0,9.421,4574000000.0,6.426,1.0,11807000000.0,0.484,7021000000.0,212000000.0,18783000000.0,17818250000.0,2798000000.0,2457000000.0,1759000000.0,698000000.0,14171000000.0,5148000000.0,9023000000.0,59479558316.0,1216000000.0,-77000000.0,511000000.0,-454000000.0,-1451000000.0,-1382000000.0,-2701000000.0,-1812000000.0,5328000000.0,-29000000.0,3605000000.0,3605000000.0,3605000000.0,0.0,64000000.0,0.148,6351000000.0,5456000000.0,1582000000.0,0.402,4.384,16.499,16.354,6859000000.0,0.0,83.57,2.439,2.44,3569000000.0,24231000000.0,24382000000.0,24382000000.0,1312000000.0,0.132,0.291,0.304,0.222,220000000.0,5039000000.0,1.0,711733377.0,711800000,723500000.0,34.254,21001000000.0,0.0,1607000000.0,550000000.0,29.504,6958000000.0
46,MMM,MRT,2009-12-31,2009-12-31,2009-12-31,2021-09-07,-3754000000.0,27250000000.0,26329000000.0,10795000000.0,16455000000.0,0.878,18.221,-829000000.0,3040000000.0,3040000000.0,12109000000.0,3244000000.0,2.204,1.093,5710000000.0,613000000.0,5097000000.0,5710000000.0,0.0,1157000000.0,0.0,0.025,2.04,4800000000.0,5957000000.0,0.258,5957000000.0,4800000000.0,4581000000.0,4.56,4.52,4.56,12764000000.0,11416000000.0,12764000000.0,61412910016.0,13.0,10.309,4112000000.0,5.87,1.0,11014000000.0,0.476,7174000000.0,219000000.0,17849000000.0,17391750000.0,2639000000.0,1672000000.0,744000000.0,928000000.0,13948000000.0,4897000000.0,9051000000.0,58526910016.0,1191000000.0,-69000000.0,414000000.0,-1014000000.0,-1431000000.0,-2014000000.0,-1732000000.0,-839000000.0,4941000000.0,-4000000.0,3193000000.0,3193000000.0,3193000000.0,0.0,51000000.0,0.138,6200000000.0,4814000000.0,1453000000.0,0.447,4.585,18.33,18.129,7000000000.0,0.0,82.67,2.531,2.504,3250000000.0,23753000000.0,23123000000.0,23123000000.0,1293000000.0,0.121,0.28,0.276,0.208,203000000.0,4907000000.0,1.0,707958268.0,700500000,706700000.0,33.009,20076000000.0,0.0,1388000000.0,252000000.0,28.66,5898000000.0
47,MMM,MRT,2009-09-30,2009-09-30,2009-09-30,2021-09-07,-3368000000.0,27633000000.0,25964750000.0,11196000000.0,16437000000.0,0.867,17.587,-1023000000.0,3239000000.0,3239000000.0,12021000000.0,2834000000.0,1.942,1.19,6125000000.0,921000000.0,5204000000.0,6125000000.0,0.0,1166000000.0,0.0,0.028,2.03,4242000000.0,5408000000.0,0.24,5408000000.0,4242000000.0,4020000000.0,4.01,3.99,4.01,12360000000.0,10695000000.0,12360000000.0,55020064856.0,13.0,10.174,3999000000.0,5.69,1.0,10489000000.0,0.466,7253000000.0,222000000.0,17500000000.0,17347500000.0,2635000000.0,1322000000.0,697000000.0,625000000.0,14714000000.0,5766000000.0,8948000000.0,51536064856.0,999000000.0,-620000000.0,279000000.0,-1091000000.0,-1416000000.0,-2280000000.0,-1466000000.0,183000000.0,5022000000.0,-277000000.0,2794000000.0,2794000000.0,2794000000.0,0.0,40000000.0,0.124,6262000000.0,4227000000.0,1404000000.0,0.506,4.17,18.445,18.404,6923000000.0,0.0,73.8,2.289,2.304,3638000000.0,23252000000.0,22510000000.0,22510000000.0,1313000000.0,0.108,0.261,0.245,0.188,210000000.0,4949000000.0,1.0,698320662.0,702800000,710800000.0,32.029,20380000000.0,0.0,1226000000.0,540000000.0,28.998,5430000000.0
48,MMM,MRT,2009-06-30,2009-06-30,2009-06-30,2021-09-07,-3683000000.0,26095000000.0,25958750000.0,9898000000.0,16197000000.0,0.881,15.504,-1155000000.0,2596000000.0,2596000000.0,12282000000.0,2873000000.0,1.861,1.377,6080000000.0,908000000.0,5172000000.0,6080000000.0,0.0,1169000000.0,0.0,0.034,2.02,4292000000.0,5461000000.0,0.239,5461000000.0,4292000000.0,4073000000.0,4.08,4.05,4.08,10803000000.0,10655250000.0,10803000000.0,46134472630.0,11.0,8.448,3299000000.0,4.735,1.0,10593000000.0,0.463,7120000000.0,219000000.0,17141000000.0,17612750000.0,2601000000.0,791000000.0,378000000.0,413000000.0,14874000000.0,5318000000.0,9556000000.0,41732472630.0,1049000000.0,-854000000.0,-258000000.0,84000000.0,-1403000000.0,-1776000000.0,-1307000000.0,651000000.0,4454000000.0,-322000000.0,2828000000.0,2828000000.0,2828000000.0,0.0,45000000.0,0.124,6331000000.0,4262000000.0,1243000000.0,0.495,3.863,14.757,14.73,6899000000.0,0.0,60.1,1.824,1.831,3456000000.0,22707000000.0,22875000000.0,22875000000.0,1322000000.0,0.109,0.265,0.244,0.188,211000000.0,5009000000.0,1.0,694383904.0,696800000,700300000.0,32.829,18975000000.0,0.0,1245000000.0,501000000.0,27.232,4580000000.0
49,MMM,MRT,2009-03-31,2009-03-31,2009-03-31,2021-09-07,-4091000000.0,24338000000.0,26274500000.0,8647000000.0,15691000000.0,0.909,14.04,-1319000000.0,1632000000.0,1632000000.0,12815000000.0,3044000000.0,1.829,1.458,6034000000.0,946000000.0,5088000000.0,6034000000.0,0.0,1156000000.0,0.0,0.04,2.01,4552000000.0,5708000000.0,0.239,5708000000.0,4552000000.0,4337000000.0,4.31,4.26,4.31,9737000000.0,11088250000.0,9737000000.0,39364316164.0,9.0,6.896,2912000000.0,4.199,1.0,11080000000.0,0.464,6935000000.0,215000000.0,17077000000.0,17843500000.0,2660000000.0,605000000.0,247000000.0,358000000.0,14197000000.0,4728000000.0,9469000000.0,34495316164.0,-1095000000.0,-1299000000.0,-877000000.0,-683000000.0,-1399000000.0,-2988000000.0,-1953000000.0,665000000.0,4231000000.0,-385000000.0,2990000000.0,2990000000.0,2990000000.0,0.0,54000000.0,0.125,6560000000.0,4520000000.0,1124000000.0,0.466,3.543,11.537,11.536,6744000000.0,0.0,49.72,1.444,1.443,3099000000.0,22369000000.0,23895000000.0,23895000000.0,1376000000.0,0.114,0.27,0.255,0.191,226000000.0,5161000000.0,1.0,693791556.0,693500000,695900000.0,34.456,17403000000.0,0.0,1347000000.0,314000000.0,25.094,3919000000.0
50,MMM,MRT,2008-12-31,2008-12-31,2008-12-31,2021-09-07,-3646000000.0,25793000000.0,26882250000.0,9598000000.0,16195000000.0,0.94,14.13,-1384000000.0,1849000000.0,1849000000.0,13379000000.0,3520000000.0,1.644,1.568,6718000000.0,1552000000.0,5166000000.0,6718000000.0,0.0,1153000000.0,0.0,0.035,2.0,5263000000.0,6416000000.0,0.254,6416000000.0,5263000000.0,5048000000.0,4.95,4.89,4.95,9880000000.0,11762750000.0,9880000000.0,44668632829.0,8.0,6.962,3149000000.0,4.504,1.0,11890000000.0,0.471,7151000000.0,215000000.0,17672000000.0,18067250000.0,3013000000.0,836000000.0,373000000.0,463000000.0,15489000000.0,5839000000.0,9650000000.0,39872632829.0,-47000000.0,-1306000000.0,-1342000000.0,1037000000.0,-1398000000.0,-1766000000.0,-2399000000.0,291000000.0,4533000000.0,-415000000.0,3460000000.0,3460000000.0,3460000000.0,0.0,60000000.0,0.137,6672000000.0,5218000000.0,1301000000.0,0.404,4.036,11.524,11.624,6886000000.0,0.0,57.54,1.578,1.592,3195000000.0,22227000000.0,25269000000.0,25269000000.0,1404000000.0,0.129,0.294,0.291,0.208,181000000.0,5245000000.0,1.0,692955037.0,699200000,707200000.0,36.14,18642000000.0,0.0,1588000000.0,350000000.0,26.662,3759000000.0
51,MMM,MRT,2008-09-30,2008-09-30,2008-09-30,2021-09-07,-1065000000.0,27609000000.0,26607500000.0,10788000000.0,16821000000.0,0.976,17.543,-1306000000.0,2240000000.0,2240000000.0,13576000000.0,3885000000.0,1.539,1.263,7036000000.0,2257000000.0,4779000000.0,7036000000.0,0.0,1122000000.0,0.0,0.029,1.98,5784000000.0,6906000000.0,0.266,6906000000.0,5784000000.0,5555000000.0,5.38,5.3,5.38,12201000000.0,12229500000.0,12201000000.0,52209034361.0,9.0,7.56,3629000000.0,5.218,1.0,12390000000.0,0.477,6836000000.0,229000000.0,18561000000.0,17890750000.0,3078000000.0,1664000000.0,727000000.0,937000000.0,15408000000.0,7008000000.0,8400000000.0,47748034361.0,565000000.0,-1030000000.0,-1716000000.0,1117000000.0,-1393000000.0,-1984000000.0,-2198000000.0,138000000.0,4935000000.0,-188000000.0,3775000000.0,3775000000.0,3775000000.0,0.0,110000000.0,0.145,6657000000.0,5733000000.0,1557000000.0,0.368,3.913,12.648,12.697,6809000000.0,0.0,68.31,1.839,1.83,3763000000.0,22070000000.0,25966000000.0,25966000000.0,1417000000.0,0.142,0.309,0.323,0.223,180000000.0,5212000000.0,1.0,698990402.0,695500000,703100000.0,37.334,20773000000.0,0.0,1780000000.0,570000000.0,29.868,3780000000.0
52,MMM,MRT,2008-06-30,2008-06-30,2008-06-30,2021-09-07,-451000000.0,27358000000.0,25794000000.0,10539000000.0,16819000000.0,0.992,17.854,-1320000000.0,1547000000.0,1547000000.0,13384000000.0,3835000000.0,1.508,1.183,6008000000.0,1913000000.0,4095000000.0,6008000000.0,0.0,1092000000.0,0.0,0.028,1.96,5708000000.0,6800000000.0,0.266,6800000000.0,5708000000.0,5478000000.0,5.29,5.21,5.29,12535000000.0,11921750000.0,12535000000.0,52466367195.0,9.0,7.716,3482000000.0,4.959,1.0,12201000000.0,0.477,6768000000.0,230000000.0,18064000000.0,17158750000.0,3175000000.0,1524000000.0,455000000.0,1069000000.0,14823000000.0,6987000000.0,7836000000.0,49011367195.0,199000000.0,-809000000.0,-1592000000.0,676000000.0,-1388000000.0,-2146000000.0,-2483000000.0,-297000000.0,4802000000.0,26000000.0,3744000000.0,3744000000.0,3744000000.0,0.0,91000000.0,0.146,6556000000.0,5645000000.0,1658000000.0,0.371,3.91,13.091,13.155,6919000000.0,0.0,69.59,1.916,1.91,3943000000.0,21437000000.0,25585000000.0,25585000000.0,1411000000.0,0.145,0.314,0.333,0.223,174000000.0,5117000000.0,1.0,704287501.0,702100000,712000000.0,36.441,20590000000.0,0.0,1734000000.0,643000000.0,29.326,3552000000.0
53,MMM,MRT,2008-03-31,2008-03-31,2008-03-31,2021-09-07,-355000000.0,26769000000.0,24658500000.0,11325000000.0,15444000000.0,1.013,17.601,-1313000000.0,2727000000.0,2727000000.0,13049000000.0,3789000000.0,1.69,1.153,6182000000.0,2042000000.0,4140000000.0,6182000000.0,0.0,1086000000.0,0.0,0.025,1.94,5669000000.0,6755000000.0,0.27,6755000000.0,5669000000.0,5442000000.0,5.22,5.13,5.22,12435000000.0,11356000000.0,12435000000.0,59035497323.0,10.0,8.74,3350000000.0,4.742,1.0,11939000000.0,0.478,5552000000.0,227000000.0,17972000000.0,16028000000.0,3021000000.0,1529000000.0,567000000.0,962000000.0,14334000000.0,6700000000.0,7634000000.0,56011497323.0,1030000000.0,-420000000.0,-1808000000.0,1312000000.0,-1383000000.0,-1839000000.0,-1844000000.0,-111000000.0,4663000000.0,50000000.0,3716000000.0,3716000000.0,3716000000.0,0.0,73000000.0,0.149,6346000000.0,5593000000.0,1557000000.0,0.372,4.504,15.073,15.163,6775000000.0,0.0,79.15,2.242,2.238,3776000000.0,20929000000.0,24988000000.0,24988000000.0,1400000000.0,0.151,0.327,0.354,0.227,166000000.0,5009000000.0,1.0,707662632.0,706500000,717200000.0,35.369,21217000000.0,0.0,1726000000.0,710000000.0,30.031,4625000000.0
54,MMM,MRT,2007-12-31,2007-12-31,2007-12-31,2021-09-07,-747000000.0,24694000000.0,23651000000.0,9838000000.0,14856000000.0,1.034,16.354,-1319000000.0,1896000000.0,1896000000.0,12735000000.0,4151000000.0,1.835,1.102,4920000000.0,901000000.0,4019000000.0,4920000000.0,0.0,1072000000.0,0.0,0.023,1.92,6270000000.0,7342000000.0,0.3,7342000000.0,6270000000.0,6060000000.0,5.7,5.6,5.7,11747000000.0,10760750000.0,11747000000.0,63693467003.0,10.0,8.675,2927000000.0,4.075,1.0,11727000000.0,0.479,5390000000.0,210000000.0,16966000000.0,14857250000.0,2852000000.0,1357000000.0,579000000.0,778000000.0,12947000000.0,5362000000.0,7585000000.0,60139467003.0,449000000.0,358000000.0,-2443000000.0,1251000000.0,-1380000000.0,-2518000000.0,-1367000000.0,-406000000.0,4246000000.0,88000000.0,4096000000.0,4096000000.0,4096000000.0,0.0,55000000.0,0.167,5534000000.0,6193000000.0,1505000000.0,0.337,5.12,14.682,14.793,6582000000.0,0.0,84.32,2.458,2.476,3362000000.0,20316000000.0,24462000000.0,24462000000.0,1368000000.0,0.173,0.381,0.422,0.256,154000000.0,5015000000.0,1.0,713228973.0,718300000,732000000.0,34.055,19304000000.0,0.0,1964000000.0,543000000.0,26.875,4476000000.0
55,MMM,MRT,2007-09-30,2007-09-30,2007-09-30,2021-09-07,-1353000000.0,24355000000.0,22801000000.0,10400000000.0,13955000000.0,1.054,15.353,-1350000000.0,1675000000.0,1675000000.0,12599000000.0,4421000000.0,1.456,1.22,5229000000.0,2405000000.0,2824000000.0,5229000000.0,0.0,1147000000.0,0.0,0.02,1.9,6780000000.0,7927000000.0,0.33,7927000000.0,6780000000.0,6603000000.0,6.09,5.98,6.09,10970000000.0,10313750000.0,10970000000.0,70072660945.0,10.0,8.84,2691000000.0,3.766,1.0,11439000000.0,0.476,5135000000.0,177000000.0,15633000000.0,13437500000.0,2794000000.0,1875000000.0,1024000000.0,851000000.0,13385000000.0,7141000000.0,6244000000.0,66985660945.0,676000000.0,1431000000.0,-2300000000.0,1344000000.0,-1378000000.0,-2260000000.0,-1209000000.0,-1290000000.0,4041000000.0,104000000.0,4421000000.0,4421000000.0,4421000000.0,0.0,0.0,0.184,4706000000.0,6733000000.0,1503000000.0,0.312,6.106,15.152,15.366,6340000000.0,0.0,93.58,2.787,2.782,3703000000.0,19852000000.0,24038000000.0,24038000000.0,1518000000.0,0.194,0.429,0.505,0.282,126000000.0,5116000000.0,1.0,715811722.0,714500000,729900000.0,33.643,19220000000.0,0.0,2182000000.0,711000000.0,26.9,3259000000.0
56,MMM,MRT,2007-06-30,2007-06-30,2007-06-30,2021-09-07,-1658000000.0,22816000000.0,22383000000.0,9454000000.0,13362000000.0,1.06,14.298,-1318000000.0,1348000000.0,1348000000.0,12349000000.0,4355000000.0,1.282,1.221,4435000000.0,2669000000.0,1766000000.0,4435000000.0,0.0,1133000000.0,0.0,0.022,1.88,6677000000.0,7810000000.0,0.329,7810000000.0,6677000000.0,6516000000.0,5.95,5.84,5.95,10272000000.0,10317000000.0,10272000000.0,65411565132.0,10.0,8.375,2787000000.0,3.879,1.0,11370000000.0,0.479,4987000000.0,161000000.0,13541000000.0,13061500000.0,2779000000.0,1383000000.0,531000000.0,852000000.0,12544000000.0,7375000000.0,5169000000.0,62506565132.0,361000000.0,1112000000.0,-3141000000.0,1682000000.0,-1377000000.0,-2799000000.0,-972000000.0,-766000000.0,4105000000.0,27000000.0,4355000000.0,4355000000.0,4355000000.0,0.0,0.0,0.184,4720000000.0,6650000000.0,1472000000.0,0.316,6.085,14.353,14.587,6119000000.0,0.0,86.79,2.635,2.629,3620000000.0,19319000000.0,23719000000.0,23719000000.0,1520000000.0,0.195,0.422,0.511,0.282,135000000.0,5128000000.0,1.0,720204691.0,718400000,731700000.0,33.016,17829000000.0,0.0,2161000000.0,841000000.0,24.818,2079000000.0
57,MMM,MRT,2007-03-31,2007-03-31,2007-03-31,2021-09-07,-1749000000.0,22739000000.0,22187250000.0,9726000000.0,13013000000.0,1.049,13.786,-1245000000.0,1697000000.0,1697000000.0,12014000000.0,4320000000.0,1.296,1.262,4602000000.0,2831000000.0,1771000000.0,4602000000.0,0.0,1087000000.0,0.0,0.024,1.86,6446000000.0,7533000000.0,0.324,7533000000.0,6446000000.0,6308000000.0,5.84,5.74,5.84,10054000000.0,10629500000.0,10054000000.0,58196869071.0,9.0,7.726,2556000000.0,3.505,1.0,11251000000.0,0.484,4851000000.0,138000000.0,13289000000.0,13240750000.0,2714000000.0,1397000000.0,589000000.0,808000000.0,12685000000.0,7504000000.0,5181000000.0,56090869071.0,785000000.0,1105000000.0,-2743000000.0,1927000000.0,-1379000000.0,-2197000000.0,-859000000.0,-719000000.0,3801000000.0,40000000.0,4320000000.0,4320000000.0,4320000000.0,0.0,0.0,0.186,4823000000.0,6428000000.0,1441000000.0,0.318,5.579,12.984,13.087,5991000000.0,0.0,76.43,2.411,2.396,3444000000.0,18905000000.0,23265000000.0,23265000000.0,1519000000.0,0.195,0.406,0.487,0.277,148000000.0,5164000000.0,1.0,733885504.0,729300000,741300000.0,31.9,17888000000.0,0.0,1988000000.0,915000000.0,24.528,2222000000.0
58,MMM,MRT,2006-12-31,2006-12-31,2006-12-31,2021-09-07,-1873000000.0,21294000000.0,21905750000.0,8946000000.0,12348000000.0,1.046,13.323,-1119000000.0,1447000000.0,1447000000.0,11713000000.0,3851000000.0,1.222,1.138,3553000000.0,2506000000.0,1047000000.0,3553000000.0,0.0,1079000000.0,0.0,0.024,1.84,5696000000.0,6775000000.0,0.296,6775000000.0,5696000000.0,5574000000.0,5.15,5.06,5.15,9959000000.0,10863250000.0,9959000000.0,60186011030.0,11.0,8.884,2720000000.0,3.639,1.0,11210000000.0,0.489,4790000000.0,122000000.0,11287000000.0,13394500000.0,2601000000.0,951000000.0,471000000.0,480000000.0,11335000000.0,7323000000.0,4012000000.0,57385011030.0,375000000.0,321000000.0,-1828000000.0,1135000000.0,-1376000000.0,-2061000000.0,-1460000000.0,-662000000.0,3839000000.0,57000000.0,3851000000.0,3851000000.0,3851000000.0,0.0,0.0,0.168,5514000000.0,5696000000.0,1402000000.0,0.357,5.762,14.901,15.132,5907000000.0,0.0,77.93,2.503,2.541,3102000000.0,17933000000.0,22923000000.0,22923000000.0,1522000000.0,0.176,0.354,0.425,0.248,140000000.0,5066000000.0,1.0,736366111.0,747500000,761000000.0,30.666,16504000000.0,0.0,1723000000.0,1134000000.0,22.079,1623000000.0
59,MMM,MRT,2006-09-30,2006-09-30,2006-09-30,2021-09-07,-138000000.0,22683000000.0,21717500000.0,8309000000.0,14374000000.0,1.034,14.738,-984000000.0,999000000.0,999000000.0,11173000000.0,3421000000.0,1.211,1.065,3800000000.0,2570000000.0,1230000000.0,3800000000.0,0.0,980000000.0,0.0,0.024,1.8,5037000000.0,6017000000.0,0.268,6017000000.0,5037000000.0,4930000000.0,4.55,4.47,4.55,10983000000.0,10972250000.0,10983000000.0,57779731286.0,11.0,9.603,2699000000.0,3.622,1.0,11293000000.0,0.503,4492000000.0,107000000.0,14129000000.0,13721750000.0,2632000000.0,529000000.0,130000000.0,399000000.0,11700000000.0,6863000000.0,4837000000.0,56055731286.0,-849000000.0,-497000000.0,-2085000000.0,526000000.0,-1355000000.0,-2993000000.0,-1706000000.0,-225000000.0,3683000000.0,167000000.0,3421000000.0,3421000000.0,3421000000.0,0.0,0.0,0.152,6217000000.0,5076000000.0,1373000000.0,0.396,5.104,16.386,16.356,5782000000.0,0.0,74.42,2.495,2.469,3332000000.0,17127000000.0,22466000000.0,22466000000.0,1335000000.0,0.158,0.312,0.367,0.224,99000000.0,4882000000.0,1.0,753234766.0,745200000,756200000.0,30.148,18191000000.0,0.0,1509000000.0,848000000.0,24.411,1446000000.0
60,MMM,MRT,2006-06-30,2006-06-30,2006-06-30,2021-09-07,-187000000.0,22033000000.0,21388250000.0,8101000000.0,13932000000.0,1.028,15.259,-904000000.0,987000000.0,987000000.0,10818000000.0,3367000000.0,1.493,0.912,2711000000.0,1458000000.0,1253000000.0,2711000000.0,0.0,986000000.0,0.0,0.022,1.76,4961000000.0,5947000000.0,0.27,5947000000.0,4961000000.0,4871000000.0,4.45,4.37,4.45,11522000000.0,10788250000.0,11522000000.0,62617061874.0,13.0,10.529,2593000000.0,3.434,1.0,11172000000.0,0.508,4073000000.0,90000000.0,14258000000.0,13171750000.0,2557000000.0,602000000.0,259000000.0,343000000.0,10511000000.0,5426000000.0,5085000000.0,60895061874.0,-778000000.0,-1381000000.0,-1337000000.0,847000000.0,-1334000000.0,-1850000000.0,-2597000000.0,-312000000.0,3497000000.0,172000000.0,3367000000.0,3367000000.0,3367000000.0,0.0,0.0,0.153,6171000000.0,5001000000.0,1343000000.0,0.396,5.285,18.086,18.151,5643000000.0,0.0,80.77,2.769,2.774,3171000000.0,16591000000.0,21990000000.0,21990000000.0,1309000000.0,0.157,0.312,0.377,0.226,188000000.0,4862000000.0,1.0,753931681.0,755100000,770400000.0,29.122,17960000000.0,0.0,1504000000.0,741000000.0,23.785,2675000000.0
61,MMM,MRT,2006-03-31,2006-03-31,2006-03-31,2021-09-07,-330000000.0,21613000000.0,20769250000.0,7921000000.0,13692000000.0,1.04,14.567,-861000000.0,912000000.0,912000000.0,10580000000.0,3239000000.0,1.452,0.967,2634000000.0,1343000000.0,1291000000.0,2634000000.0,0.0,990000000.0,0.0,0.023,1.72,5030000000.0,6020000000.0,0.279,6020000000.0,5030000000.0,4946000000.0,4.26,4.18,4.26,10989000000.0,10432750000.0,10989000000.0,58454105300.0,12.0,9.71,2990000000.0,3.963,1.0,11016000000.0,0.51,3974000000.0,84000000.0,13904000000.0,12493000000.0,2379000000.0,668000000.0,384000000.0,284000000.0,10624000000.0,5457000000.0,5167000000.0,57145105300.0,-1757000000.0,-1315000000.0,-1507000000.0,-323000000.0,-1309000000.0,-3135000000.0,-2527000000.0,-351000000.0,3851000000.0,54000000.0,3239000000.0,3239000000.0,3239000000.0,0.0,0.0,0.15,5946000000.0,5070000000.0,1342000000.0,0.404,5.2,17.643,17.768,5574000000.0,0.0,75.69,2.646,2.644,3105000000.0,16215000000.0,21596000000.0,21596000000.0,1276000000.0,0.156,0.31,0.403,0.233,119000000.0,4670000000.0,1.0,754988840.0,754400000,768600000.0,28.627,17639000000.0,0.0,1707000000.0,932000000.0,23.381,2464000000.0
62,MMM,MRT,2005-12-31,2005-12-31,2005-12-31,2021-09-07,-411000000.0,20541000000.0,20554750000.0,7115000000.0,13426000000.0,1.03,13.59,-902000000.0,1072000000.0,1072000000.0,10408000000.0,3111000000.0,1.358,0.976,2381000000.0,1072000000.0,1309000000.0,2381000000.0,0.0,986000000.0,0.0,0.022,1.68,4820000000.0,5806000000.0,0.274,5806000000.0,4820000000.0,4738000000.0,4.07,3.98,4.07,10395000000.0,10258000000.0,10395000000.0,60316766115.0,13.0,10.389,3302000000.0,4.317,1.0,10759000000.0,0.508,4016000000.0,82000000.0,12596000000.0,11993750000.0,2162000000.0,272000000.0,0.0,272000000.0,10146000000.0,5238000000.0,4908000000.0,58894766115.0,-1685000000.0,-1293000000.0,-1832000000.0,-485000000.0,-1286000000.0,-3625000000.0,-2241000000.0,-46000000.0,4204000000.0,-23000000.0,3111000000.0,3111000000.0,3111000000.0,0.0,0.0,0.147,5905000000.0,4854000000.0,1256000000.0,0.413,5.666,18.931,19.042,5593000000.0,0.0,77.5,2.782,2.801,2838000000.0,15715000000.0,21167000000.0,21167000000.0,1274000000.0,0.151,0.303,0.402,0.228,101000000.0,4631000000.0,1.0,759932466.0,764900000,781300000.0,27.673,16525000000.0,0.0,1627000000.0,989000000.0,21.604,1877000000.0
63,MMM,MRT,2005-09-30,2005-09-30,2005-09-30,2021-09-07,-283000000.0,21366000000.0,20596500000.0,8167000000.0,13199000000.0,1.016,13.444,-918000000.0,1848000000.0,1848000000.0,10443000000.0,2936000000.0,1.187,1.085,3270000000.0,2582000000.0,688000000.0,3270000000.0,0.0,993000000.0,0.0,0.022,1.62,4513000000.0,5506000000.0,0.263,5506000000.0,4513000000.0,4437000000.0,3.82,3.73,3.82,10247000000.0,10253750000.0,10247000000.0,56169681113.0,12.0,10.202,3389000000.0,4.446,1.0,10490000000.0,0.501,3980000000.0,76000000.0,11929000000.0,11787000000.0,2098000000.0,275000000.0,0.0,275000000.0,11119000000.0,6879000000.0,4240000000.0,56125681113.0,-352000000.0,-1264000000.0,-1813000000.0,568000000.0,-1248000000.0,-2391000000.0,-2255000000.0,-73000000.0,4307000000.0,-13000000.0,2936000000.0,2936000000.0,2936000000.0,0.0,0.0,0.14,5986000000.0,4504000000.0,1249000000.0,0.424,5.477,19.116,19.204,5604000000.0,0.0,73.36,2.681,2.671,3061000000.0,16944000000.0,20933000000.0,20933000000.0,1344000000.0,0.143,0.286,0.383,0.216,331000000.0,4642000000.0,1.0,765071989.0,762200000,777100000.0,27.464,17386000000.0,0.0,1501000000.0,1008000000.0,22.81,1288000000.0
64,MMM,MRT,2005-06-30,2005-06-30,2005-06-30,2021-09-07,-291000000.0,19557000000.0,19771000000.0,7948000000.0,11609000000.0,1.038,13.151,-934000000.0,1765000000.0,1765000000.0,10265000000.0,2871000000.0,1.498,0.936,1809000000.0,1103000000.0,706000000.0,1809000000.0,0.0,981000000.0,0.0,0.022,1.56,4427000000.0,5408000000.0,0.264,5408000000.0,4427000000.0,4354000000.0,3.71,3.62,3.71,10100000000.0,9866000000.0,10100000000.0,55878925822.0,13.0,10.333,3182000000.0,4.143,1.0,10255000000.0,0.5,2752000000.0,73000000.0,11543000000.0,11420500000.0,2020000000.0,274000000.0,0.0,274000000.0,9457000000.0,5306000000.0,4151000000.0,55639925822.0,-549000000.0,13000000.0,-1741000000.0,-816000000.0,-1208000000.0,-3693000000.0,-986000000.0,-65000000.0,4116000000.0,14000000.0,2871000000.0,2871000000.0,2871000000.0,0.0,0.0,0.14,5835000000.0,4420000000.0,1201000000.0,0.42,5.509,19.38,19.488,5516000000.0,0.0,72.3,2.711,2.706,2951000000.0,16446000000.0,20520000000.0,20520000000.0,1312000000.0,0.145,0.291,0.388,0.216,198000000.0,4523000000.0,1.0,769570205.0,768000000,785000000.0,26.719,16805000000.0,0.0,1483000000.0,1187000000.0,21.882,2642000000.0
65,MMM,MRT,2005-03-31,2005-03-31,2005-03-31,2021-09-07,-35000000.0,20755000000.0,19472250000.0,8922000000.0,11833000000.0,1.039,13.334,-935000000.0,2669000000.0,2669000000.0,10115000000.0,2890000000.0,1.43,1.017,2908000000.0,2201000000.0,707000000.0,2908000000.0,0.0,989000000.0,0.0,0.018,1.5,4357000000.0,5346000000.0,0.264,5346000000.0,4357000000.0,4287000000.0,3.72,3.63,3.72,10290000000.0,9455250000.0,10290000000.0,66252899792.0,15.0,12.393,3322000000.0,4.305,1.0,10123000000.0,0.5,2850000000.0,70000000.0,11907000000.0,11113750000.0,1980000000.0,280000000.0,0.0,280000000.0,10465000000.0,6237000000.0,4228000000.0,66188899792.0,851000000.0,7000000.0,-1455000000.0,129000000.0,-1167000000.0,-2467000000.0,-1021000000.0,-93000000.0,4257000000.0,82000000.0,2890000000.0,2890000000.0,2890000000.0,0.0,0.0,0.143,5761000000.0,4362000000.0,1201000000.0,0.403,6.432,22.903,23.035,5624000000.0,0.0,85.69,3.271,3.267,2899000000.0,16051000000.0,20238000000.0,20238000000.0,1284000000.0,0.148,0.306,0.392,0.215,198000000.0,4477000000.0,1.0,772422684.0,771700000,791400000.0,26.225,17905000000.0,0.0,1397000000.0,950000000.0,23.202,2685000000.0
66,MMM,MRT,2004-12-31,2004-12-31,2004-12-31,2021-09-07,132000000.0,20708000000.0,18778000000.0,8720000000.0,11988000000.0,1.066,13.297,-868000000.0,2757000000.0,2757000000.0,10002000000.0,2841000000.0,1.436,0.995,2821000000.0,2094000000.0,727000000.0,2821000000.0,0.0,999000000.0,0.0,0.018,1.44,4310000000.0,5309000000.0,0.265,5309000000.0,4310000000.0,4241000000.0,3.64,3.56,3.64,10378000000.0,8908000000.0,10378000000.0,64355267160.0,15.0,12.122,3360000000.0,4.305,1.0,10009000000.0,0.5,2932000000.0,69000000.0,11769000000.0,10888250000.0,1897000000.0,227000000.0,0.0,227000000.0,10330000000.0,6071000000.0,4259000000.0,63894267160.0,921000000.0,-73000000.0,-1283000000.0,-111000000.0,-1125000000.0,-2480000000.0,-938000000.0,3000000.0,4228000000.0,111000000.0,2841000000.0,2841000000.0,2841000000.0,0.0,0.0,0.142,5683000000.0,4326000000.0,1168000000.0,0.396,6.157,22.49,22.547,5711000000.0,0.0,82.07,3.193,3.201,2792000000.0,15649000000.0,20011000000.0,20011000000.0,1246000000.0,0.151,0.319,0.396,0.215,198000000.0,4437000000.0,1.0,778533778.0,780500000,797300000.0,25.639,17776000000.0,0.0,1400000000.0,867000000.0,22.775,2649000000.0
67,MMM,MRT,2004-09-30,2004-09-30,2004-09-30,2021-09-07,-1540000000.0,18064000000.0,18001000000.0,8297000000.0,9767000000.0,1.091,11.14,-798000000.0,2200000000.0,2200000000.0,9774000000.0,2889000000.0,1.573,1.077,2661000000.0,1377000000.0,1284000000.0,2661000000.0,0.0,987000000.0,0.0,0.018,1.41,4405000000.0,5392000000.0,0.275,5392000000.0,4405000000.0,4338000000.0,3.69,3.61,3.69,8696000000.0,8284750000.0,8696000000.0,62939782981.0,14.0,11.673,3427000000.0,4.39,1.0,9864000000.0,0.502,2789000000.0,67000000.0,10463000000.0,10677500000.0,1953000000.0,217000000.0,0.0,217000000.0,9368000000.0,5273000000.0,4095000000.0,62592782981.0,921000000.0,-84000000.0,-973000000.0,-339000000.0,-1104000000.0,-2451000000.0,-880000000.0,2000000.0,4225000000.0,27000000.0,2889000000.0,2889000000.0,2889000000.0,0.0,0.0,0.147,5436000000.0,4428000000.0,1116000000.0,0.382,7.198,21.666,21.672,5468000000.0,0.0,79.97,3.187,3.179,2853000000.0,15233000000.0,19638000000.0,19638000000.0,1185000000.0,0.16,0.349,0.413,0.224,0.0,4251000000.0,1.0,782703301.0,780600000,796200000.0,25.158,15275000000.0,0.0,1449000000.0,877000000.0,19.568,3024000000.0
68,MMM,MRT,2004-06-30,2004-06-30,2004-06-30,2021-09-07,-1624000000.0,18362000000.0,17684250000.0,8627000000.0,9735000000.0,1.091,10.808,-722000000.0,2314000000.0,2314000000.0,9639000000.0,2777000000.0,1.542,1.171,2661000000.0,1358000000.0,1303000000.0,2661000000.0,0.0,986000000.0,0.0,0.015,1.38,4248000000.0,5234000000.0,0.271,5234000000.0,4248000000.0,4176000000.0,3.55,3.47,3.55,8457000000.0,7987750000.0,8457000000.0,71404095002.0,17.0,13.642,3398000000.0,4.342,1.0,9646000000.0,0.5,2799000000.0,72000000.0,10316000000.0,10799000000.0,1940000000.0,211000000.0,0.0,211000000.0,9905000000.0,5594000000.0,4311000000.0,70398095002.0,1340000000.0,-101000000.0,-560000000.0,-377000000.0,-1083000000.0,-2043000000.0,-790000000.0,33000000.0,4120000000.0,53000000.0,2777000000.0,2777000000.0,2777000000.0,0.0,0.0,0.144,5371000000.0,4275000000.0,1108000000.0,0.389,8.324,25.35,25.355,5456000000.0,0.0,90.01,3.65,3.652,2913000000.0,14763000000.0,19285000000.0,19285000000.0,1173000000.0,0.157,0.348,0.393,0.22,0.0,4198000000.0,1.0,782114154.0,782500000,799700000.0,24.645,15563000000.0,0.0,1399000000.0,1094000000.0,19.889,3033000000.0
69,MMM,MRT,2004-03-31,2004-03-31,2004-03-31,2021-09-07,-1570000000.0,17978000000.0,17235250000.0,8063000000.0,9915000000.0,1.094,10.347,-645000000.0,1818000000.0,1818000000.0,9510000000.0,2623000000.0,1.562,1.219,2824000000.0,1106000000.0,1718000000.0,2824000000.0,0.0,982000000.0,0.0,0.016,1.35,4023000000.0,5005000000.0,0.265,5005000000.0,4023000000.0,3943000000.0,3.35,3.28,3.35,8101000000.0,7612250000.0,8101000000.0,65256264869.0,16.0,13.038,3306000000.0,4.223,1.0,9343000000.0,0.496,2816000000.0,80000000.0,11005000000.0,11033250000.0,1880000000.0,211000000.0,0.0,211000000.0,9877000000.0,5163000000.0,4714000000.0,64155264869.0,1257000000.0,-103000000.0,-421000000.0,-535000000.0,-1059000000.0,-2036000000.0,-723000000.0,25000000.0,3951000000.0,65000000.0,2623000000.0,2623000000.0,2623000000.0,0.0,0.0,0.139,5294000000.0,4049000000.0,1066000000.0,0.403,7.919,24.459,24.439,5512000000.0,0.0,81.87,3.403,3.4,2904000000.0,14383000000.0,18853000000.0,18853000000.0,1159000000.0,0.152,0.345,0.365,0.213,0.0,4135000000.0,1.0,783623609.0,782900000,799500000.0,24.081,15162000000.0,0.0,1320000000.0,986000000.0,19.366,2900000000.0
70,MMM,MRT,2003-12-31,2003-12-31,2003-12-31,2021-09-07,-1554000000.0,17600000000.0,16702000000.0,7720000000.0,9880000000.0,1.092,10.073,-548000000.0,1836000000.0,1836000000.0,9285000000.0,2403000000.0,1.519,1.232,2937000000.0,1202000000.0,1735000000.0,2937000000.0,0.0,964000000.0,0.0,0.016,1.32,3689000000.0,4653000000.0,0.255,4653000000.0,3689000000.0,3605000000.0,3.07,3.02,3.07,7885000000.0,7166000000.0,7885000000.0,68452604296.0,19.0,14.711,3225000000.0,4.12,1.0,8947000000.0,0.491,2693000000.0,84000000.0,10926000000.0,11152750000.0,1816000000.0,218000000.0,0.0,218000000.0,9715000000.0,5082000000.0,4633000000.0,66738604296.0,1218000000.0,-439000000.0,-130000000.0,-440000000.0,-1034000000.0,-1627000000.0,-969000000.0,18000000.0,3773000000.0,41000000.0,2403000000.0,2403000000.0,2403000000.0,0.0,0.0,0.132,5234000000.0,3713000000.0,1087000000.0,0.43,8.464,27.773,27.697,5609000000.0,0.0,85.03,3.661,3.651,2714000000.0,14010000000.0,18232000000.0,18232000000.0,1147000000.0,0.144,0.335,0.331,0.202,0.0,3994000000.0,1.0,784883033.0,782800000,795300000.0,23.291,14907000000.0,0.0,1202000000.0,880000000.0,19.043,2638000000.0
71,MMM,MRT,2003-09-30,2003-09-30,2003-09-30,2021-09-07,-1675000000.0,16797000000.0,16134250000.0,7342000000.0,9455000000.0,1.094,9.569,-522000000.0,1279000000.0,1279000000.0,8970000000.0,2295000000.0,1.478,1.237,2993000000.0,1255000000.0,1738000000.0,2993000000.0,0.0,943000000.0,0.0,0.019,1.3,3538000000.0,4481000000.0,0.254,4481000000.0,3538000000.0,3447000000.0,2.93,2.89,2.93,7508000000.0,6693000000.0,7508000000.0,56129283820.0,16.0,12.526,2984000000.0,3.803,1.0,8682000000.0,0.492,2594000000.0,91000000.0,10949000000.0,11287250000.0,1882000000.0,214000000.0,0.0,214000000.0,9289000000.0,4968000000.0,4321000000.0,54082283820.0,458000000.0,-1599000000.0,-2000000.0,55000000.0,-1018000000.0,-984000000.0,-2097000000.0,24000000.0,3506000000.0,33000000.0,2295000000.0,2295000000.0,2295000000.0,0.0,0.0,0.13,5115000000.0,3567000000.0,969000000.0,0.444,7.203,23.565,23.573,5467000000.0,0.0,69.07,3.064,3.07,2791000000.0,13649000000.0,17652000000.0,17652000000.0,1089000000.0,0.142,0.343,0.313,0.2,0.0,3933000000.0,1.0,783006860.0,784600000,797500000.0,22.498,14203000000.0,0.0,1152000000.0,825000000.0,18.102,2374000000.0
72,MMM,MRT,2003-06-30,2003-06-30,2003-06-30,2021-09-07,-1744000000.0,16566000000.0,15864750000.0,7037000000.0,9529000000.0,1.083,8.896,-526000000.0,974000000.0,974000000.0,8763000000.0,2177000000.0,1.458,1.382,3021000000.0,1059000000.0,1962000000.0,3021000000.0,0.0,933000000.0,0.0,0.02,1.28,3352000000.0,4285000000.0,0.249,4285000000.0,3352000000.0,3264000000.0,2.78,2.75,2.78,6955000000.0,6476750000.0,6955000000.0,53167750102.0,16.0,12.408,2760000000.0,3.53,1.0,8416000000.0,0.49,2533000000.0,88000000.0,11253000000.0,11528500000.0,1990000000.0,233000000.0,0.0,233000000.0,9611000000.0,4827000000.0,4784000000.0,50409750102.0,309000000.0,-1682000000.0,-84000000.0,381000000.0,-1000000000.0,-746000000.0,-2213000000.0,-5000000.0,3286000000.0,-18000000.0,2177000000.0,2177000000.0,2177000000.0,0.0,0.0,0.127,5028000000.0,3388000000.0,972000000.0,0.46,7.248,23.156,23.198,5555000000.0,0.0,64.49,2.934,2.935,2771000000.0,13256000000.0,17179000000.0,17179000000.0,1083000000.0,0.137,0.336,0.291,0.195,0.0,3852000000.0,1.0,781667702.0,781800000,792300000.0,21.974,14033000000.0,0.0,1087000000.0,813000000.0,17.95,2210000000.0
73,MMM,MRT,2003-03-31,2003-03-31,2003-03-31,2021-09-07,-1985000000.0,15845000000.0,15463500000.0,6464000000.0,9381000000.0,1.084,8.096,-586000000.0,561000000.0,561000000.0,8671000000.0,2024000000.0,1.378,1.509,3319000000.0,1200000000.0,2119000000.0,3319000000.0,0.0,938000000.0,0.0,0.019,1.26,3095000000.0,4033000000.0,0.241,4033000000.0,3095000000.0,3011000000.0,2.585,2.56,2.585,6316000000.0,6333000000.0,6316000000.0,53456252450.0,17.0,13.255,2499000000.0,3.203,1.0,8089000000.0,0.483,2428000000.0,84000000.0,11483000000.0,11575250000.0,1957000000.0,221000000.0,0.0,221000000.0,9529000000.0,4692000000.0,4837000000.0,50697252450.0,-29000000.0,-1674000000.0,-137000000.0,396000000.0,-983000000.0,-776000000.0,-2249000000.0,11000000.0,3085000000.0,-89000000.0,2024000000.0,2024000000.0,2024000000.0,0.0,0.0,0.121,4975000000.0,3114000000.0,963000000.0,0.487,8.027,25.048,25.145,5550000000.0,0.0,65.0,3.025,3.025,2643000000.0,12935000000.0,16760000000.0,16760000000.0,1076000000.0,0.131,0.32,0.267,0.185,0.0,3806000000.0,1.0,779957730.0,780100000,790600000.0,21.484,13417000000.0,0.0,987000000.0,652000000.0,17.199,1772000000.0
74,MMM,MRT,2002-12-31,2002-12-31,2002-12-31,2021-09-07,-2026000000.0,15329000000.0,15110000000.0,6059000000.0,9270000000.0,1.081,7.683,-680000000.0,618000000.0,618000000.0,8496000000.0,1974000000.0,1.359,1.558,3377000000.0,1237000000.0,2140000000.0,3377000000.0,0.0,954000000.0,0.0,0.02,1.24,3020000000.0,3974000000.0,0.243,3974000000.0,3020000000.0,2940000000.0,2.53,2.5,2.53,5993000000.0,6254500000.0,5993000000.0,50229246205.0,17.0,12.639,2312000000.0,2.964,1.0,7836000000.0,0.48,2167000000.0,80000000.0,11464000000.0,11570250000.0,1931000000.0,238000000.0,0.0,238000000.0,9336000000.0,4457000000.0,4879000000.0,48111246205.0,2000000.0,-1258000000.0,-420000000.0,445000000.0,-968000000.0,-1021000000.0,-1927000000.0,11000000.0,2992000000.0,-42000000.0,1974000000.0,1974000000.0,1974000000.0,0.0,0.0,0.121,4790000000.0,3046000000.0,945000000.0,0.49,8.028,24.372,24.368,5621000000.0,0.0,61.65,2.946,2.944,2527000000.0,12748000000.0,16332000000.0,16332000000.0,1070000000.0,0.131,0.316,0.261,0.185,0.0,3720000000.0,1.0,780393288.0,780000000,791000000.0,20.938,13162000000.0,0.0,966000000.0,518000000.0,16.874,1602000000.0
75,MMM,MRT,2002-09-30,2002-09-30,2002-09-30,2021-09-07,-1139000000.0,15719000000.0,14929250000.0,6556000000.0,9163000000.0,1.075,8.521,-633000000.0,821000000.0,821000000.0,8513000000.0,1844000000.0,1.453,1.366,2939000000.0,1261000000.0,1678000000.0,2939000000.0,0.0,1019000000.0,0.0,0.022,1.23,2814000000.0,3833000000.0,0.239,3833000000.0,2814000000.0,2730000000.0,2.36,2.33,2.36,6643000000.0,6277750000.0,6643000000.0,44880628880.0,16.0,11.709,2178000000.0,2.794,1.0,7537000000.0,0.47,1412000000.0,84000000.0,11914000000.0,11485250000.0,1945000000.0,247000000.0,0.0,247000000.0,9076000000.0,4511000000.0,4565000000.0,42901628880.0,382000000.0,-108000000.0,-508000000.0,-156000000.0,-960000000.0,-1662000000.0,-710000000.0,31000000.0,2811000000.0,-57000000.0,1844000000.0,1844000000.0,1844000000.0,0.0,0.0,0.115,4705000000.0,2832000000.0,867000000.0,0.521,6.458,23.266,23.305,5451000000.0,0.0,55.0,2.673,2.672,2585000000.0,12510000000.0,16050000000.0,16050000000.0,1059000000.0,0.124,0.294,0.245,0.175,0.0,3734000000.0,1.0,780029616.0,779600000,790000000.0,20.587,14307000000.0,0.0,886000000.0,580000000.0,18.352,2045000000.0
76,MMM,MRT,2002-06-30,2002-06-30,2002-06-30,2021-09-07,-1080000000.0,14961000000.0,14800750000.0,6623000000.0,8338000000.0,1.072,8.179,-680000000.0,665000000.0,665000000.0,8554000000.0,1693000000.0,1.582,1.345,2644000000.0,806000000.0,1838000000.0,2644000000.0,0.0,1082000000.0,0.0,0.02,1.22,2592000000.0,3674000000.0,0.232,3674000000.0,2592000000.0,2500000000.0,2.16,2.135,2.16,6380000000.0,6158500000.0,6380000000.0,50174794652.0,19.0,13.657,2554000000.0,3.274,1.0,7314000000.0,0.461,1314000000.0,92000000.0,11440000000.0,11700000000.0,1998000000.0,250000000.0,0.0,250000000.0,8581000000.0,4186000000.0,4395000000.0,47889794652.0,99000000.0,-19000000.0,-680000000.0,-699000000.0,-954000000.0,-2391000000.0,-666000000.0,33000000.0,3234000000.0,-78000000.0,1693000000.0,1693000000.0,1693000000.0,0.0,0.0,0.107,4713000000.0,2601000000.0,835000000.0,0.565,7.506,28.287,28.472,5552000000.0,0.0,61.5,3.018,3.023,2795000000.0,12227000000.0,15868000000.0,15868000000.0,1056000000.0,0.114,0.275,0.222,0.163,0.0,3745000000.0,1.0,778695848.0,780000000,792200000.0,20.344,13647000000.0,0.0,807000000.0,678000000.0,17.496,2437000000.0
77,MMM,MRT,2002-03-31,2002-03-31,2002-03-31,2021-09-07,-1224000000.0,14431000000.0,14889750000.0,6273000000.0,8158000000.0,1.06,7.697,-740000000.0,590000000.0,590000000.0,8589000000.0,1429000000.0,1.564,1.404,2875000000.0,984000000.0,1891000000.0,2875000000.0,0.0,1092000000.0,0.0,0.021,1.21,2225000000.0,3317000000.0,0.21,3317000000.0,2225000000.0,2120000000.0,1.82,1.795,1.82,6002000000.0,6093750000.0,6002000000.0,47145706475.0,21.0,14.213,2294000000.0,2.942,1.0,7191000000.0,0.456,1241000000.0,105000000.0,11463000000.0,11979250000.0,2000000000.0,262000000.0,0.0,262000000.0,8429000000.0,4012000000.0,4417000000.0,44868706475.0,15000000.0,-35000000.0,-937000000.0,-324000000.0,-951000000.0,-2269000000.0,-753000000.0,22000000.0,3034000000.0,3000000.0,1429000000.0,1429000000.0,1429000000.0,0.0,0.0,0.091,4942000000.0,2249000000.0,781000000.0,0.665,7.476,31.399,31.593,5488000000.0,0.0,57.5,2.843,2.841,2610000000.0,12078000000.0,15780000000.0,15780000000.0,1070000000.0,0.096,0.235,0.186,0.141,0.0,3960000000.0,1.0,780325330.0,779800000,790400000.0,20.236,13190000000.0,0.0,691000000.0,595000000.0,16.915,2261000000.0
78,MMM,MRT,2001-12-31,2001-12-31,2001-12-31,2021-09-07,-1205000000.0,14606000000.0,15123000000.0,6296000000.0,8310000000.0,1.062,7.717,-867000000.0,616000000.0,616000000.0,8749000000.0,1430000000.0,1.396,1.4,2893000000.0,1373000000.0,1520000000.0,2893000000.0,0.0,1089000000.0,0.0,0.02,1.2,2256000000.0,3345000000.0,0.208,3345000000.0,2256000000.0,2132000000.0,1.81,1.79,1.81,6086000000.0,6211500000.0,6086000000.0,48918480687.0,22.0,14.624,2211000000.0,2.804,1.0,7305000000.0,0.455,1250000000.0,124000000.0,11124000000.0,12266500000.0,2091000000.0,275000000.0,0.0,275000000.0,8520000000.0,4509000000.0,4011000000.0,46344480687.0,314000000.0,-218000000.0,-860000000.0,109000000.0,-948000000.0,-1716000000.0,-1050000000.0,35000000.0,3078000000.0,2000000.0,1430000000.0,1430000000.0,1430000000.0,0.0,0.0,0.089,5032000000.0,2273000000.0,753000000.0,0.663,7.615,32.409,32.652,5615000000.0,0.0,59.1,2.887,2.903,2482000000.0,11914000000.0,16054000000.0,16054000000.0,1084000000.0,0.095,0.23,0.184,0.141,0.0,4036000000.0,1.0,784170570.0,788600000,799900000.0,20.358,13356000000.0,0.0,702000000.0,596000000.0,16.936,1787000000.0
79,MMM,MRT,2001-09-30,2001-09-30,2001-09-30,2021-09-07,-1091000000.0,15205000000.0,15102000000.0,6556000000.0,8649000000.0,1.08,7.835,-1062000000.0,439000000.0,439000000.0,8838000000.0,1375000000.0,1.31,1.466,3013000000.0,1588000000.0,1425000000.0,3013000000.0,0.0,1086000000.0,0.0,0.024,1.19,2234000000.0,3320000000.0,0.204,3320000000.0,2234000000.0,2106000000.0,1.74,1.715,1.74,6166000000.0,6322750000.0,6166000000.0,41541939065.0,19.0,12.513,1756000000.0,2.231,1.0,7471000000.0,0.458,0.0,128000000.0,12773000000.0,12561250000.0,2242000000.0,281000000.0,0.0,281000000.0,9039000000.0,5006000000.0,4033000000.0,38781939065.0,116000000.0,-362000000.0,-655000000.0,314000000.0,-942000000.0,-1330000000.0,-1395000000.0,29000000.0,2818000000.0,23000000.0,1375000000.0,1375000000.0,1375000000.0,0.0,0.0,0.084,5133000000.0,2338000000.0,1189000000.0,0.684,6.29,28.205,28.276,5813000000.0,0.0,49.2,2.378,2.374,2851000000.0,11785000000.0,16309000000.0,16309000000.0,1098000000.0,0.091,0.217,0.178,0.137,0.0,4051000000.0,1.0,788250794.0,787000000,796800000.0,20.723,15205000000.0,0.0,731000000.0,620000000.0,19.32,1550000000.0
80,MMM,MRT,2001-06-30,2001-06-30,2001-06-30,2021-09-07,-1169000000.0,15317000000.0,14971250000.0,6791000000.0,8526000000.0,1.11,7.73,-1050000000.0,566000000.0,566000000.0,8977000000.0,1480000000.0,1.23,1.502,3326000000.0,2086000000.0,1240000000.0,3326000000.0,0.0,1071000000.0,0.0,0.021,1.18,2420000000.0,3491000000.0,0.21,3491000000.0,2420000000.0,2290000000.0,1.87,1.845,1.87,6121000000.0,6390500000.0,6121000000.0,47855809878.0,20.0,13.708,1544000000.0,1.95,1.0,7641000000.0,0.46,0.0,130000000.0,12557000000.0,12443750000.0,2299000000.0,284000000.0,0.0,284000000.0,9196000000.0,5520000000.0,3676000000.0,45173809878.0,146000000.0,-374000000.0,-527000000.0,317000000.0,-935000000.0,-1196000000.0,-1302000000.0,122000000.0,2594000000.0,50000000.0,1480000000.0,1480000000.0,1480000000.0,0.0,0.0,0.089,5104000000.0,2537000000.0,1154000000.0,0.631,7.38,30.523,30.508,5819000000.0,0.0,57.05,2.718,2.718,2951000000.0,11639000000.0,16618000000.0,16618000000.0,1112000000.0,0.099,0.232,0.194,0.146,0.0,4127000000.0,1.0,791828394.0,791800000,804400000.0,20.988,15317000000.0,0.0,810000000.0,561000000.0,19.345,1271000000.0
81,MMM,MRT,2001-03-31,2001-03-31,2001-03-31,2021-09-07,-1107000000.0,15364000000.0,14875250000.0,6825000000.0,8539000000.0,1.129,8.167,-1045000000.0,575000000.0,575000000.0,8892000000.0,1748000000.0,1.256,1.374,3257000000.0,2302000000.0,955000000.0,3257000000.0,0.0,1044000000.0,0.0,0.023,1.17,2852000000.0,3896000000.0,0.232,3896000000.0,2852000000.0,2729000000.0,2.21,2.185,2.21,6473000000.0,6466000000.0,6473000000.0,43694192970.0,15.0,11.215,1415000000.0,1.785,1.0,7896000000.0,0.47,0.0,123000000.0,12612000000.0,12455250000.0,2341000000.0,274000000.0,0.0,274000000.0,8891000000.0,5434000000.0,3457000000.0,41159192970.0,361000000.0,-654000000.0,-327000000.0,728000000.0,-926000000.0,-585000000.0,-1580000000.0,119000000.0,2460000000.0,66000000.0,1748000000.0,1748000000.0,1748000000.0,0.0,0.0,0.104,4916000000.0,2980000000.0,1162000000.0,0.529,6.359,23.546,23.507,5853000000.0,0.0,51.95,2.452,2.453,2948000000.0,11703000000.0,16788000000.0,16788000000.0,1116000000.0,0.118,0.27,0.229,0.17,0.0,3935000000.0,1.0,792284754.0,792600000,804800000.0,21.181,15364000000.0,0.0,981000000.0,593000000.0,19.384,1391000000.0
82,MMM,MRT,2000-12-31,2000-12-31,2000-12-31,2021-09-07,-914000000.0,14522000000.0,14526500000.0,6379000000.0,8143000000.0,1.15,8.252,-1011000000.0,302000000.0,302000000.0,8787000000.0,1782000000.0,1.342,1.224,2837000000.0,1866000000.0,971000000.0,2837000000.0,0.0,1025000000.0,0.0,0.019,1.16,2918000000.0,3943000000.0,0.236,3943000000.0,2918000000.0,2807000000.0,2.25,2.225,2.25,6531000000.0,6412500000.0,6531000000.0,49980232532.0,17.0,12.676,1315000000.0,1.662,1.0,7912000000.0,0.474,0.0,111000000.0,12303000000.0,12391250000.0,2312000000.0,310000000.0,0.0,310000000.0,7991000000.0,4754000000.0,3237000000.0,47529232532.0,-85000000.0,-471000000.0,-389000000.0,236000000.0,-918000000.0,-1131000000.0,-1373000000.0,109000000.0,2326000000.0,93000000.0,1782000000.0,1782000000.0,1782000000.0,0.0,0.0,0.107,4854000000.0,3058000000.0,932000000.0,0.516,7.277,26.672,26.778,5823000000.0,0.0,60.25,2.846,2.855,2891000000.0,11517000000.0,16699000000.0,16699000000.0,1101000000.0,0.123,0.278,0.235,0.175,0.0,3938000000.0,1.0,788866930.0,791400000,799800000.0,21.101,14522000000.0,0.0,1025000000.0,462000000.0,18.35,1625000000.0
83,MMM,MRT,2000-09-30,2000-09-30,2000-09-30,2021-09-07,-792000000.0,14682000000.0,14370000000.0,6651000000.0,8031000000.0,1.162,8.146,-884000000.0,323000000.0,323000000.0,8090000000.0,1900000000.0,1.377,1.281,2774000000.0,1633000000.0,1141000000.0,2774000000.0,0.0,968000000.0,0.0,0.025,1.15,3084000000.0,4052000000.0,0.243,4052000000.0,3084000000.0,2977000000.0,2.39,2.365,2.39,6437000000.0,6352000000.0,6437000000.0,38666930252.0,13.0,9.543,1525000000.0,1.93,1.0,8610000000.0,0.516,0.0,107000000.0,12303000000.0,12390500000.0,2236000000.0,514000000.0,0.0,514000000.0,8245000000.0,4830000000.0,3415000000.0,36022930252.0,21000000.0,-674000000.0,-738000000.0,761000000.0,-913000000.0,-962000000.0,-1476000000.0,37000000.0,2409000000.0,50000000.0,1900000000.0,1900000000.0,1900000000.0,0.0,0.0,0.114,5457000000.0,3153000000.0,1077000000.0,0.481,5.596,18.959,19.065,5536000000.0,0.0,45.565,2.157,2.156,3057000000.0,11446000000.0,16700000000.0,16700000000.0,1881000000.0,0.132,0.299,0.249,0.185,0.0,3747000000.0,1.0,790583348.0,790200000,798000000.0,21.134,14682000000.0,0.0,1077000000.0,754000000.0,18.58,1821000000.0
84,MMM,MRT,2000-06-30,2000-06-30,2000-06-30,2021-09-07,-605000000.0,14933000000.0,14175750000.0,6754000000.0,8179000000.0,1.159,8.118,-915000000.0,420000000.0,420000000.0,8048000000.0,1860000000.0,1.358,1.325,3064000000.0,1871000000.0,1193000000.0,3064000000.0,0.0,908000000.0,0.0,0.027,1.14,3027000000.0,3935000000.0,0.24,3935000000.0,3027000000.0,2923000000.0,2.33,2.305,2.33,6423000000.0,6335250000.0,6423000000.0,35181139032.0,12.0,8.941,1625000000.0,2.054,1.0,8379000000.0,0.51,0.0,104000000.0,12603000000.0,12296750000.0,2252000000.0,575000000.0,16000000.0,559000000.0,8510000000.0,4974000000.0,3536000000.0,32852139032.0,162000000.0,-622000000.0,-843000000.0,899000000.0,-909000000.0,-921000000.0,-1544000000.0,-48000000.0,2540000000.0,87000000.0,1860000000.0,1860000000.0,1860000000.0,0.0,0.0,0.113,5284000000.0,3095000000.0,1078000000.0,0.489,5.115,17.662,17.811,5710000000.0,0.0,41.5,2.0,1.999,3009000000.0,11173000000.0,16427000000.0,16427000000.0,1606000000.0,0.131,0.294,0.246,0.184,0.0,3726000000.0,1.0,791617808.0,791200000,798400000.0,20.762,14933000000.0,0.0,1063000000.0,708000000.0,18.874,1780000000.0
85,MMM,MRT,2000-03-31,2000-03-31,2000-03-31,2021-09-07,-614000000.0,13969000000.0,13784250000.0,6107000000.0,7862000000.0,1.164,7.869,-891000000.0,214000000.0,214000000.0,8055000000.0,1866000000.0,1.549,1.232,2543000000.0,1094000000.0,1449000000.0,2543000000.0,0.0,905000000.0,0.0,0.026,1.13,3059000000.0,3964000000.0,0.247,3964000000.0,3059000000.0,2955000000.0,2.325,2.3,2.325,6259000000.0,6272750000.0,6259000000.0,37522076290.0,12.0,9.466,1943000000.0,2.443,1.0,7992000000.0,0.498,0.0,104000000.0,12356000000.0,12078500000.0,2107000000.0,589000000.0,62000000.0,527000000.0,7710000000.0,3942000000.0,3768000000.0,35299076290.0,-39000000.0,-125000000.0,-794000000.0,-149000000.0,-907000000.0,-1901000000.0,-1018000000.0,-42000000.0,2834000000.0,46000000.0,1866000000.0,1866000000.0,1866000000.0,0.0,0.0,0.116,4870000000.0,3122000000.0,984000000.0,0.486,5.64,18.917,19.045,5604000000.0,0.0,44.28,2.2,2.195,2810000000.0,10975000000.0,16047000000.0,16047000000.0,1319000000.0,0.135,0.297,0.253,0.191,0.0,3703000000.0,1.0,797178778.0,795400000,803800000.0,20.175,13969000000.0,0.0,1089000000.0,576000000.0,17.562,2165000000.0
86,MMM,MRT,1999-12-31,1999-12-31,1999-12-31,2021-09-07,-588000000.0,13896000000.0,13728500000.0,6066000000.0,7830000000.0,1.147,7.822,-942000000.0,387000000.0,387000000.0,8126000000.0,1763000000.0,1.588,1.21,2610000000.0,1130000000.0,1480000000.0,2610000000.0,0.0,900000000.0,0.0,0.023,1.12,2904000000.0,3804000000.0,0.242,3804000000.0,2904000000.0,2795000000.0,2.195,2.17,2.195,6289000000.0,6200250000.0,6289000000.0,41170540598.0,14.0,10.823,2139000000.0,2.66,1.0,7622000000.0,0.484,0.0,109000000.0,12300000000.0,12047250000.0,2030000000.0,487000000.0,0.0,487000000.0,7607000000.0,3819000000.0,3788000000.0,39282540598.0,176000000.0,-125000000.0,-478000000.0,-341000000.0,-901000000.0,-1771000000.0,-1114000000.0,-47000000.0,3081000000.0,-20000000.0,1763000000.0,1763000000.0,1763000000.0,0.0,0.0,0.112,4666000000.0,2956000000.0,1008000000.0,0.51,6.246,22.282,22.296,5776000000.0,0.0,48.94,2.494,2.499,2778000000.0,10741000000.0,15748000000.0,15748000000.0,1056000000.0,0.128,0.284,0.241,0.184,0.0,3712000000.0,1.0,802667360.0,804000000,813000000.0,19.587,13896000000.0,0.0,1032000000.0,464000000.0,17.284,2247000000.0
87,MMM,MRT,1999-09-30,1999-09-30,1999-09-30,2021-09-07,-551000000.0,13905000000.0,13792750000.0,6583000000.0,7322000000.0,1.123,7.921,-1099000000.0,302000000.0,302000000.0,8146000000.0,1530000000.0,1.703,1.183,2190000000.0,640000000.0,1550000000.0,2190000000.0,0.0,891000000.0,0.0,0.023,1.115,2555000000.0,3446000000.0,0.222,3446000000.0,2555000000.0,2439000000.0,1.895,1.885,1.895,6370000000.0,6112000000.0,6370000000.0,40730858184.0,16.0,11.82,2260000000.0,2.81,1.0,7348000000.0,0.474,0.0,116000000.0,11928000000.0,12178750000.0,2051000000.0,624000000.0,188000000.0,436000000.0,7535000000.0,3865000000.0,3670000000.0,38687858184.0,98000000.0,91000000.0,-221000000.0,-975000000.0,-898000000.0,-2220000000.0,-970000000.0,6000000.0,3359000000.0,-71000000.0,1530000000.0,1530000000.0,1530000000.0,0.0,0.0,0.099,4713000000.0,2635000000.0,975000000.0,0.588,6.073,25.286,25.346,5460000000.0,0.0,48.03,2.497,2.493,2848000000.0,10536000000.0,15494000000.0,15494000000.0,1028000000.0,0.111,0.25,0.21,0.165,0.0,3634000000.0,1.0,805493612.0,804200000,813600000.0,19.266,13905000000.0,0.0,909000000.0,600000000.0,17.29,2718000000.0
88,MMM,MRT,1999-06-30,1999-06-30,1999-06-30,2021-09-07,-670000000.0,13367000000.0,13807750000.0,6238000000.0,7129000000.0,1.105,7.655,-1229000000.0,258000000.0,258000000.0,8112000000.0,1249000000.0,1.695,1.165,2301000000.0,748000000.0,1553000000.0,2301000000.0,0.0,888000000.0,0.0,0.026,1.11,2121000000.0,3009000000.0,0.197,3009000000.0,2121000000.0,1994000000.0,1.545,1.54,1.545,6173000000.0,5990500000.0,6173000000.0,37472452570.0,18.0,12.453,2134000000.0,2.646,1.0,7151000000.0,0.469,0.0,127000000.0,11730000000.0,12292500000.0,2021000000.0,574000000.0,217000000.0,357000000.0,7194000000.0,3680000000.0,3514000000.0,35005452570.0,39000000.0,51000000.0,-228000000.0,-810000000.0,-894000000.0,-2018000000.0,-1157000000.0,-1000000.0,3363000000.0,-149000000.0,1249000000.0,1249000000.0,1249000000.0,0.0,0.0,0.082,4980000000.0,2171000000.0,885000000.0,0.718,5.671,28.027,28.136,5398000000.0,0.0,43.47,2.293,2.297,2712000000.0,10330000000.0,15263000000.0,15263000000.0,1028000000.0,0.09,0.208,0.173,0.139,0.0,3602000000.0,1.0,805278412.0,806400000,814800000.0,18.927,13367000000.0,0.0,745000000.0,596000000.0,16.576,2558000000.0
89,MMM,MRT,1999-03-31,1999-03-31,1999-03-31,2021-09-07,-681000000.0,13746000000.0,13935500000.0,6056000000.0,7690000000.0,1.089,7.419,-1379000000.0,253000000.0,253000000.0,8086000000.0,1159000000.0,1.521,1.303,2720000000.0,1151000000.0,1569000000.0,2720000000.0,0.0,876000000.0,0.0,0.031,1.105,1968000000.0,2844000000.0,0.187,2844000000.0,1968000000.0,1832000000.0,1.43,1.425,1.43,5969000000.0,5958250000.0,5969000000.0,31346824123.0,16.0,11.022,1491000000.0,1.853,1.0,7084000000.0,0.467,0.0,136000000.0,12231000000.0,12431000000.0,2092000000.0,737000000.0,98000000.0,639000000.0,7777000000.0,3982000000.0,3795000000.0,28451824123.0,73000000.0,-143000000.0,-274000000.0,73000000.0,-890000000.0,-1187000000.0,-1500000000.0,-1000000.0,2870000000.0,-110000000.0,1159000000.0,1159000000.0,1159000000.0,0.0,0.0,0.076,5076000000.0,2008000000.0,913000000.0,0.773,4.767,24.549,24.738,5516000000.0,0.0,35.375,1.876,1.876,2647000000.0,10121000000.0,15170000000.0,15170000000.0,1028000000.0,0.083,0.195,0.158,0.13,0.0,3594000000.0,1.0,804291848.0,804600000,811800000.0,18.854,13746000000.0,0.0,673000000.0,418000000.0,17.084,2074000000.0
90,MMM,MRT,1998-12-31,1998-12-31,1998-12-31,2021-09-07,0.0,14153000000.0,13913250000.0,6219000000.0,7934000000.0,1.085,7.359,-1428000000.0,211000000.0,211000000.0,8020000000.0,1175000000.0,1.473,1.384,3106000000.0,1492000000.0,1614000000.0,3106000000.0,0.0,866000000.0,0.0,0.039,1.375,1999000000.0,2865000000.0,0.19,2865000000.0,1999000000.0,1860000000.0,1.455,1.44,1.455,5936000000.0,5969250000.0,5936000000.0,31465731662.0,16.0,10.983,989000000.0,1.226,1.0,7074000000.0,0.469,0.0,139000000.0,12826000000.0,12373750000.0,2219000000.0,860000000.0,237000000.0,623000000.0,8217000000.0,4222000000.0,3995000000.0,28547731662.0,-19000000.0,-143000000.0,-369000000.0,571000000.0,-887000000.0,-781000000.0,-1572000000.0,-1000000.0,2417000000.0,-83000000.0,1175000000.0,1175000000.0,1175000000.0,0.0,0.0,0.078,5035000000.0,2039000000.0,868000000.0,0.945,4.809,24.296,24.443,5566000000.0,0.0,35.565,1.891,1.901,2666000000.0,9980000000.0,15094000000.0,15094000000.0,1028000000.0,0.084,0.197,0.162,0.132,0.0,3553000000.0,1.0,802691738.0,806600000,816000000.0,18.713,14153000000.0,0.0,685000000.0,261000000.0,17.546,1997000000.0
91,MMM,MRT,1998-09-30,1998-09-30,1998-09-30,2021-09-07,0.0,13965000000.0,13684500000.0,6490000000.0,7475000000.0,1.092,7.306,-1422000000.0,204000000.0,204000000.0,8639000000.0,1330000000.0,1.442,1.373,3122000000.0,1696000000.0,1426000000.0,3122000000.0,0.0,860000000.0,0.0,0.037,1.365,2214000000.0,3074000000.0,0.206,3074000000.0,2214000000.0,2088000000.0,1.645,1.625,1.645,5884000000.0,5966750000.0,5884000000.0,32550776084.0,15.0,10.589,216000000.0,0.268,1.0,6310000000.0,0.422,0.0,126000000.0,12383000000.0,12052000000.0,2428000000.0,800000000.0,177000000.0,623000000.0,8081000000.0,4500000000.0,3581000000.0,29761776084.0,-102000000.0,31000000.0,-764000000.0,1428000000.0,-881000000.0,-236000000.0,-1516000000.0,-11000000.0,1638000000.0,12000000.0,1330000000.0,1330000000.0,1330000000.0,0.0,0.0,0.089,4095000000.0,2215000000.0,878000000.0,0.83,5.058,22.377,22.398,5311000000.0,0.0,36.845,1.991,1.985,2664000000.0,,14949000000.0,14949000000.0,0.0,0.097,0.223,0.184,0.148,0.0,3792000000.0,1.0,807756170.0,805400000,813400000.0,18.561,13965000000.0,0.0,758000000.0,261000000.0,17.339,1990000000.0
92,MMM,MRT,1998-06-30,1998-06-30,1998-06-30,2021-09-07,0.0,13878000000.0,13548500000.0,6366000000.0,7512000000.0,1.108,7.475,-1424000000.0,219000000.0,219000000.0,8593000000.0,2079000000.0,1.452,1.296,3008000000.0,1787000000.0,1221000000.0,3008000000.0,0.0,863000000.0,0.0,0.033,1.355,3402000000.0,4265000000.0,0.284,4265000000.0,3402000000.0,3290000000.0,2.55,2.51,2.55,6044000000.0,6076750000.0,6044000000.0,35805401657.0,11.0,8.395,126000000.0,0.156,1.0,6416000000.0,0.427,0.0,112000000.0,12284000000.0,11793250000.0,2467000000.0,790000000.0,185000000.0,605000000.0,7834000000.0,4383000000.0,3451000000.0,33248401657.0,-172000000.0,1029000000.0,-1226000000.0,861000000.0,-880000000.0,-1286000000.0,-502000000.0,-11000000.0,1550000000.0,66000000.0,2079000000.0,2079000000.0,2079000000.0,0.0,0.0,0.139,3797000000.0,2619000000.0,901000000.0,0.531,5.501,15.992,16.116,5266000000.0,0.0,41.095,2.215,2.214,2612000000.0,,15009000000.0,15009000000.0,0.0,0.153,0.342,0.288,0.227,0.0,3797000000.0,1.0,809061970.0,808600000,820000000.0,18.562,13878000000.0,0.0,1211000000.0,334000000.0,17.163,1983000000.0
93,MMM,MRT,1998-03-31,1998-03-31,1998-03-31,2021-09-07,0.0,13657000000.0,13477500000.0,6372000000.0,7285000000.0,1.117,7.434,-1410000000.0,180000000.0,180000000.0,8587000000.0,2111000000.0,1.513,1.271,2737000000.0,1521000000.0,1216000000.0,2737000000.0,0.0,866000000.0,0.0,0.03,1.345,3450000000.0,4316000000.0,0.287,4316000000.0,3450000000.0,3345000000.0,2.58,2.535,2.58,6013000000.0,6153000000.0,6013000000.0,39051896620.0,11.0,9.048,289000000.0,0.357,1.0,6469000000.0,0.43,0.0,105000000.0,12002000000.0,11672250000.0,2479000000.0,838000000.0,248000000.0,590000000.0,7644000000.0,4212000000.0,3432000000.0,36767896620.0,-193000000.0,1022000000.0,-1268000000.0,690000000.0,-877000000.0,-1477000000.0,-460000000.0,-11000000.0,1699000000.0,45000000.0,2111000000.0,2111000000.0,2111000000.0,0.0,0.0,0.14,3802000000.0,2667000000.0,846000000.0,0.521,6.115,17.417,17.636,5154000000.0,0.0,45.5,2.442,2.444,2583000000.0,,15056000000.0,15056000000.0,0.0,0.157,0.343,0.296,0.229,0.0,3802000000.0,1.0,808085640.0,808800000,820000000.0,18.615,13657000000.0,0.0,1234000000.0,411000000.0,16.886,2160000000.0
94,MMM,MRT,1997-12-31,1997-12-31,1997-12-31,2021-09-07,0.0,13238000000.0,13387250000.0,6168000000.0,7070000000.0,1.126,7.18,-1368000000.0,230000000.0,230000000.0,8580000000.0,2121000000.0,1.549,1.234,2514000000.0,1499000000.0,1015000000.0,2514000000.0,0.0,870000000.0,0.0,0.026,1.06,3456000000.0,4326000000.0,0.287,4326000000.0,3456000000.0,3362000000.0,2.57,2.53,2.57,5926000000.0,6208750000.0,5926000000.0,34945279258.0,10.0,8.078,338000000.0,0.409,1.0,6490000000.0,0.431,0.0,94000000.0,11539000000.0,11476750000.0,2399000000.0,860000000.0,247000000.0,613000000.0,7312000000.0,3983000000.0,3329000000.0,33535279258.0,-353000000.0,1022000000.0,-1338000000.0,477000000.0,-876000000.0,-1759000000.0,-357000000.0,-11000000.0,1706000000.0,57000000.0,2121000000.0,2121000000.0,2121000000.0,0.0,0.0,0.141,3815000000.0,2675000000.0,898000000.0,0.412,5.659,15.811,15.965,5034000000.0,0.0,41.03,2.225,2.247,2434000000.0,,15070000000.0,15070000000.0,0.0,0.158,0.342,0.301,0.229,0.0,3815000000.0,1.0,817335590.0,825400000,837400000.0,18.258,13238000000.0,0.0,1241000000.0,238000000.0,16.038,2185000000.0
95,MMM,MRT,1997-09-30,1997-09-30,1997-09-30,2021-09-07,-387000000.0,13421000000.0,13418750000.0,6623000000.0,6798000000.0,1.116,7.665,-1286000000.0,306000000.0,306000000.0,8472000000.0,2140000000.0,1.902,1.122,1716000000.0,585000000.0,1131000000.0,1716000000.0,0.0,878000000.0,0.0,0.022,1.04,3490000000.0,4368000000.0,0.292,4368000000.0,3490000000.0,3391000000.0,2.585,,2.585,6324000000.0,6298250000.0,6324000000.0,40172369142.0,12.0,9.197,1094000000.0,1.326,1.0,6508000000.0,0.434,0.0,99000000.0,11348000000.0,11377750000.0,2373000000.0,845000000.0,222000000.0,623000000.0,7097000000.0,3483000000.0,3614000000.0,38431369142.0,-278000000.0,799000000.0,-1081000000.0,-330000000.0,-865000000.0,-2300000000.0,-435000000.0,0.0,2380000000.0,77000000.0,2140000000.0,2140000000.0,2140000000.0,-10000000.0,0.0,0.143,3801000000.0,2707000000.0,908000000.0,0.402,6.077,17.959,17.892,4914000000.0,0.0,46.25,2.566,2.547,2640000000.0,9744000000.0,14980000000.0,14980000000.0,0.0,0.159,0.34,0.307,0.233,0.0,3801000000.0,1.0,830948522.0,825000000,,18.158,13421000000.0,0.0,1251000000.0,548000000.0,16.268,3140000000.0
96,MMM,MRT,1997-06-30,1997-06-30,1997-06-30,2021-09-07,-297000000.0,13594000000.0,13485750000.0,6718000000.0,6876000000.0,1.096,7.64,-1212000000.0,391000000.0,391000000.0,8368000000.0,1611000000.0,1.9,1.141,2132000000.0,1014000000.0,1118000000.0,2132000000.0,0.0,877000000.0,0.0,0.043,2.22,2632000000.0,3509000000.0,0.237,3509000000.0,2632000000.0,2534000000.0,1.935,,1.935,6349000000.0,6291000000.0,6349000000.0,44190809690.0,17.0,12.594,872000000.0,1.049,1.0,6409000000.0,0.434,0.0,98000000.0,11800000000.0,11228250000.0,2370000000.0,735000000.0,121000000.0,614000000.0,7245000000.0,3535000000.0,3710000000.0,42581809690.0,-242000000.0,-201000000.0,-503000000.0,336000000.0,-850000000.0,-1003000000.0,-1374000000.0,0.0,2084000000.0,51000000.0,1611000000.0,1611000000.0,1611000000.0,-10000000.0,0.0,0.109,3765000000.0,2644000000.0,910000000.0,1.147,6.707,26.432,26.434,4976000000.0,0.0,51.15,2.882,2.876,2668000000.0,9061000000.0,14777000000.0,14777000000.0,0.0,0.119,0.256,0.234,0.178,0.0,3765000000.0,1.0,832488948.0,831000000,,17.782,13594000000.0,0.0,923000000.0,225000000.0,16.359,3183000000.0
97,MMM,MRT,1997-03-31,1997-03-31,1997-03-31,2021-09-07,-326000000.0,13296000000.0,13390000000.0,6437000000.0,6859000000.0,1.082,7.484,-1107000000.0,373000000.0,373000000.0,8198000000.0,1574000000.0,1.747,1.132,1982000000.0,1151000000.0,831000000.0,1982000000.0,0.0,883000000.0,0.0,0.052,2.19,2571000000.0,3454000000.0,0.239,3454000000.0,2571000000.0,2486000000.0,1.885,,1.885,6236000000.0,6227500000.0,6236000000.0,36657767594.0,14.0,10.613,970000000.0,1.164,1.0,6284000000.0,0.434,0.0,85000000.0,11220000000.0,10877500000.0,2304000000.0,760000000.0,163000000.0,597000000.0,7060000000.0,3685000000.0,3375000000.0,35272767594.0,-154000000.0,-201000000.0,-357000000.0,133000000.0,-827000000.0,-972000000.0,-1295000000.0,0.0,2077000000.0,36000000.0,1574000000.0,1574000000.0,1574000000.0,-10000000.0,0.0,0.109,3701000000.0,2583000000.0,887000000.0,1.162,5.656,22.41,22.448,4826000000.0,0.0,42.315,2.436,2.435,2612000000.0,8921000000.0,14482000000.0,14482000000.0,0.0,0.118,0.253,0.236,0.178,0.0,3701000000.0,1.0,833575980.0,833200000,,17.381,13296000000.0,0.0,912000000.0,247000000.0,15.958,2752000000.0
98,MMM,MRT,1996-12-31,1996-12-31,1996-12-31,2021-09-07,0.0,13364000000.0,13596750000.0,6486000000.0,6878000000.0,1.047,7.513,-1043000000.0,583000000.0,583000000.0,8099000000.0,1526000000.0,1.799,1.127,1968000000.0,1117000000.0,851000000.0,1968000000.0,0.0,883000000.0,0.0,0.052,2.16,2491000000.0,3374000000.0,0.237,3374000000.0,2491000000.0,2412000000.0,1.825,1.81,1.825,6284000000.0,6411750000.0,6284000000.0,36105407961.0,14.0,10.701,1168000000.0,1.396,1.0,6137000000.0,0.431,0.0,79000000.0,11143000000.0,10984500000.0,2264000000.0,746000000.0,161000000.0,585000000.0,7080000000.0,3606000000.0,3474000000.0,34693407961.0,98000000.0,-201000000.0,-264000000.0,82000000.0,-803000000.0,-906000000.0,-1261000000.0,0.0,2211000000.0,54000000.0,1526000000.0,1526000000.0,1526000000.0,-10000000.0,0.0,0.107,3646000000.0,2491000000.0,895000000.0,1.184,5.521,22.735,22.74,4844000000.0,0.0,41.5,2.437,2.438,2504000000.0,8756000000.0,14236000000.0,14236000000.0,0.0,0.112,0.238,0.227,0.175,0.0,3646000000.0,1.0,835985734.0,836400000,844200000.0,17.021,13364000000.0,0.0,886000000.0,201000000.0,15.978,2880000000.0
99,MMM,MRT,1996-09-30,1996-09-30,1996-09-30,2021-09-07,-125000000.0,13689000000.0,13801500000.0,7044000000.0,6645000000.0,1.008,7.525,-985000000.0,584000000.0,584000000.0,7988000000.0,1044000000.0,1.619,1.175,1996000000.0,1305000000.0,691000000.0,1996000000.0,0.0,881000000.0,0.0,0.062,2.15,1940000000.0,2821000000.0,0.203,2821000000.0,1940000000.0,1863000000.0,1.245,,1.245,6295000000.0,6561750000.0,6295000000.0,30402887997.0,16.0,10.777,1171000000.0,1.4,1.0,5930000000.0,0.426,0.0,77000000.0,10750000000.0,11198500000.0,2256000000.0,791000000.0,201000000.0,590000000.0,7394000000.0,4351000000.0,3043000000.0,29236887997.0,240000000.0,33000000.0,-200000000.0,5000000.0,-797000000.0,-911000000.0,-1058000000.0,0.0,2156000000.0,53000000.0,1044000000.0,1044000000.0,1044000000.0,363000000.0,0.0,0.075,3621000000.0,2309000000.0,971000000.0,1.727,4.644,28.005,28.012,4753000000.0,0.0,34.875,2.101,2.096,2741000000.0,8620000000.0,13918000000.0,13918000000.0,0.0,0.076,0.159,0.173,0.139,0.0,3542000000.0,1.0,838333706.0,836600000,,16.636,13689000000.0,0.0,819000000.0,248000000.0,16.363,2693000000.0
100,MMM,MRT,1996-06-30,1996-06-30,1996-06-30,2021-09-07,-126000000.0,13211000000.0,14010500000.0,6642000000.0,6569000000.0,0.975,7.275,-978000000.0,633000000.0,633000000.0,7861000000.0,990000000.0,1.669,1.168,1799000000.0,1118000000.0,681000000.0,1799000000.0,0.0,873000000.0,0.0,0.027,0.94,1866000000.0,2739000000.0,0.2,2739000000.0,1866000000.0,1785000000.0,1.18,,1.18,6095000000.0,6805000000.0,6095000000.0,30117506671.0,16.0,10.996,1265000000.0,1.51,1.0,5804000000.0,0.425,0.0,81000000.0,10397000000.0,11613500000.0,2136000000.0,764000000.0,184000000.0,580000000.0,7116000000.0,3980000000.0,3136000000.0,28728506671.0,236000000.0,33000000.0,-161000000.0,-163000000.0,-789000000.0,-1048000000.0,-1087000000.0,0.0,2243000000.0,128000000.0,990000000.0,990000000.0,990000000.0,358000000.0,0.0,0.072,3560000000.0,2244000000.0,828000000.0,0.797,4.713,29.019,29.078,4614000000.0,0.0,34.312,2.102,2.104,2613000000.0,8370000000.0,13665000000.0,13665000000.0,0.0,0.071,0.145,0.161,0.137,0.0,3481000000.0,1.0,837260668.0,837800000,,16.311,13211000000.0,0.0,795000000.0,271000000.0,15.769,2662000000.0
101,MMM,MRT,1996-03-31,1996-03-31,1996-03-31,2021-09-07,-130000000.0,14123000000.0,14395500000.0,6452000000.0,7671000000.0,0.942,8.331,-1016000000.0,527000000.0,527000000.0,7824000000.0,962000000.0,1.67,1.025,1916000000.0,932000000.0,984000000.0,1916000000.0,0.0,867000000.0,0.0,0.029,0.94,1835000000.0,2702000000.0,0.199,2702000000.0,1835000000.0,1743000000.0,1.145,,1.145,6973000000.0,7104750000.0,6973000000.0,28726028415.0,16.0,10.631,1172000000.0,1.4,1.0,5743000000.0,0.423,0.0,92000000.0,11648000000.0,12146250000.0,2137000000.0,763000000.0,187000000.0,576000000.0,7150000000.0,3864000000.0,3286000000.0,27186028415.0,172000000.0,33000000.0,-167000000.0,21000000.0,-790000000.0,-936000000.0,-1182000000.0,0.0,2188000000.0,102000000.0,962000000.0,962000000.0,962000000.0,351000000.0,0.0,0.071,3541000000.0,2202000000.0,813000000.0,0.821,3.899,28.26,28.384,4625000000.0,0.0,32.5,2.004,2.005,2539000000.0,9294000000.0,13567000000.0,13567000000.0,0.0,0.067,0.135,0.151,0.135,0.0,3462000000.0,1.0,836493182.0,837000000,,16.209,14123000000.0,0.0,781000000.0,280000000.0,16.873,2588000000.0
102,MMM,MRT,1995-12-31,1995-12-31,1995-12-31,2021-09-07,0.0,14183000000.0,14415500000.0,6395000000.0,7788000000.0,0.934,8.199,-1034000000.0,485000000.0,485000000.0,7720000000.0,976000000.0,1.717,1.06,2025000000.0,822000000.0,1203000000.0,2025000000.0,0.0,859000000.0,0.0,0.028,0.94,1863000000.0,2722000000.0,0.202,2722000000.0,1863000000.0,1761000000.0,1.16,1.155,1.16,6884000000.0,7143000000.0,6884000000.0,29567043995.0,16.0,10.862,1226000000.0,1.46,1.0,5740000000.0,0.426,0.0,102000000.0,11999000000.0,12279750000.0,2206000000.0,852000000.0,287000000.0,565000000.0,7299000000.0,3724000000.0,3575000000.0,27856043995.0,188000000.0,33000000.0,-137000000.0,26000000.0,-790000000.0,-901000000.0,-1208000000.0,0.0,2260000000.0,37000000.0,976000000.0,976000000.0,976000000.0,330000000.0,0.0,0.073,3519000000.0,2221000000.0,762000000.0,0.81,4.046,28.541,28.612,4638000000.0,0.0,33.19,2.07,2.07,2398000000.0,9164000000.0,13460000000.0,13460000000.0,0.0,0.068,0.137,0.152,0.138,0.0,3440000000.0,1.0,839290268.0,839600000,845000000.0,16.031,14183000000.0,0.0,785000000.0,214000000.0,16.893,2671000000.0
103,MMM,MRT,1995-09-30,1995-09-30,1995-09-30,2021-09-07,-72000000.0,14525000000.0,14136750000.0,7613000000.0,6912000000.0,0.784,8.654,-929000000.0,344000000.0,344000000.0,5909000000.0,1405000000.0,1.99,0.998,2055000000.0,842000000.0,1213000000.0,2055000000.0,0.0,707000000.0,0.0,0.033,0.925,2277000000.0,2984000000.0,0.269,2984000000.0,2277000000.0,2191000000.0,1.675,,1.675,7268000000.0,7105500000.0,7268000000.0,25375578551.0,11.0,8.504,1065000000.0,1.268,1.0,5170000000.0,0.467,0.0,86000000.0,12410000000.0,12145750000.0,2994000000.0,777000000.0,204000000.0,573000000.0,7257000000.0,3826000000.0,3431000000.0,23691578551.0,40000000.0,-70000000.0,-98000000.0,203000000.0,-777000000.0,-672000000.0,-1292000000.0,0.0,1994000000.0,10000000.0,1405000000.0,1405000000.0,1405000000.0,-148000000.0,0.0,0.127,2994000000.0,2176000000.0,913000000.0,0.552,3.26,16.862,16.83,5275000000.0,0.0,28.19,2.138,2.137,3189000000.0,9472000000.0,11079000000.0,11079000000.0,0.0,0.099,0.198,0.187,0.206,0.0,2994000000.0,1.0,840424922.0,839800000,,13.192,14525000000.0,0.0,786000000.0,269000000.0,17.296,3787000000.0
104,MMM,MRT,1995-06-30,1995-06-30,1995-06-30,2021-09-07,66000000.0,14751000000.0,,7783000000.0,6968000000.0,,8.679,-960000000.0,397000000.0,397000000.0,6249000000.0,1402000000.0,1.992,1.022,2081000000.0,850000000.0,1231000000.0,2081000000.0,0.0,763000000.0,0.0,0.032,0.91,2275000000.0,3038000000.0,0.264,3038000000.0,2275000000.0,2190000000.0,1.67,,1.67,7294000000.0,,7294000000.0,25684996325.0,11.0,8.455,1187000000.0,1.412,1.0,5280000000.0,0.458,0.0,85000000.0,12528000000.0,,3054000000.0,764000000.0,192000000.0,572000000.0,7457000000.0,3907000000.0,3550000000.0,24096996325.0,88000000.0,-70000000.0,-176000000.0,254000000.0,-765000000.0,-687000000.0,-1294000000.0,0.0,2147000000.0,-78000000.0,1402000000.0,1402000000.0,1402000000.0,-143000000.0,0.0,0.122,3103000000.0,2177000000.0,936000000.0,0.545,3.304,17.188,17.18,5330000000.0,0.0,28.69,2.09,2.091,3237000000.0,9337000000.0,11529000000.0,11529000000.0,0.0,,,,0.197,0.0,3103000000.0,1.0,839909248.0,840400000,,13.718,14751000000.0,0.0,788000000.0,231000000.0,17.552,3876000000.0
105,MMM,MRT,1995-03-31,1995-03-31,1995-03-31,2021-09-07,51000000.0,14203000000.0,,7436000000.0,6767000000.0,,8.487,-925000000.0,355000000.0,355000000.0,6547000000.0,1392000000.0,2.06,0.993,1943000000.0,730000000.0,1213000000.0,1943000000.0,0.0,816000000.0,0.0,0.031,0.895,2244000000.0,3060000000.0,0.258,3060000000.0,2244000000.0,2164000000.0,1.655,,1.655,7126000000.0,,7126000000.0,,,,1156000000.0,1.377,1.0,5330000000.0,0.449,0.0,80000000.0,12182000000.0,,2940000000.0,745000000.0,191000000.0,554000000.0,7077000000.0,3609000000.0,3468000000.0,24411962293.0,-35000000.0,-70000000.0,-232000000.0,110000000.0,-753000000.0,-875000000.0,-1206000000.0,0.0,2081000000.0,-35000000.0,1392000000.0,1392000000.0,1392000000.0,-136000000.0,0.0,0.117,3169000000.0,2161000000.0,938000000.0,0.541,3.426,17.537,17.562,5237000000.0,0.0,29.065,2.055,2.055,3153000000.0,9199000000.0,11877000000.0,11877000000.0,0.0,,,,0.189,0.0,3169000000.0,1.0,839909248.0,839600000,,14.146,14203000000.0,0.0,772000000.0,257000000.0,16.916,3827000000.0
106,MMM,MRT,1994-12-31,1994-12-31,1994-12-31,2021-09-07,0.0,13068000000.0,,5608000000.0,7460000000.0,,7.96,-918000000.0,297000000.0,297000000.0,6829000000.0,1322000000.0,1.722,0.941,1948000000.0,917000000.0,1031000000.0,1948000000.0,0.0,872000000.0,0.0,0.033,0.88,2123000000.0,2995000000.0,0.247,2995000000.0,2123000000.0,2053000000.0,1.565,,1.565,6734000000.0,,6734000000.0,,,,1011000000.0,1.195,1.0,5319000000.0,0.438,0.0,70000000.0,11463000000.0,,2138000000.0,726000000.0,194000000.0,532000000.0,6334000000.0,3256000000.0,3078000000.0,,23000000.0,-70000000.0,-551000000.0,555000000.0,-744000000.0,-740000000.0,-1171000000.0,0.0,1929000000.0,5000000.0,1322000000.0,1322000000.0,1322000000.0,-115000000.0,0.0,0.109,3224000000.0,2095000000.0,820000000.0,0.562,,,17.054,4362000000.0,0.0,26.69,,1.859,2328000000.0,9039000000.0,12148000000.0,12148000000.0,0.0,,,,0.175,0.0,3224000000.0,1.0,,846000000,,14.359,13068000000.0,0.0,731000000.0,110000000.0,15.447,2352000000.0
107,MMM,MRT,1994-09-30,1994-09-30,1994-09-30,2021-09-07,,,,,,,,,,,,,,,,,,,,,,0.031,0.868,,,,,,,,,,,,,,,,,,1.0,,,,,,,,,,,,,,,,,,,,,,,,,,,,,,,,,,,,,,,,27.625,,,,,,,,,,,,,,1.0,,842800000,,,,,,,,
108,MMM,MRT,1994-06-30,1994-06-30,1994-06-30,2021-09-07,,,,,,,,,,,,,,,,,,,,,,0.034,0.855,,,,,,,,,,,,,,,,,,1.0,,,,,,,,,,,,,,,,,,,,,,,,,,,,,,,,,,,,,,,,24.815,,,,,,,,,,,,,,1.0,,845800000,,,,,,,,
109,MMM,MRT,1994-03-31,1994-03-31,1994-03-31,2021-09-07,,,,,,,,,,,,,,,,,,,,,,0.034,0.843,,,,,,,,,,,,,,,,,,1.0,,,,,,,,,,,,,,,,,,,,,,,,,,,,,,,,,,,,,,,,24.75,,,,,,,,,,,,,,1.0,,853400000,,,,,,,,
110,MMM,MRT,1993-12-31,1993-12-31,1993-12-31,2021-09-07,,,,,,,,-850000000.0,,,6336000000.0,1263000000.0,,,,,,,,852000000.0,,0.031,0.83,1975000000.0,2827000000.0,0.256,2827000000.0,1975000000.0,1936000000.0,1.455,,1.455,,,,,,,1241000000.0,1.429,1.0,4717000000.0,0.427,,39000000.0,,,,,,,,,,,-108000000.0,-33000000.0,-525000000.0,118000000.0,-721000000.0,-1128000000.0,-1092000000.0,0.0,2091000000.0,21000000.0,1263000000.0,1263000000.0,1263000000.0,-130000000.0,0.0,0.114,2921000000.0,1796000000.0,,0.57,,,18.686,,0.0,27.188,,2.137,,,11053000000.0,11053000000.0,0.0,,,,0.179,0.0,2921000000.0,1.0,,868600000,,12.725,,,673000000.0,,,
