None,ticker,dimension,calendardate,datekey,reportperiod,lastupdated,accoci,assets,assetsavg,assetsc,assetsnc,assetturnover,bvps,capex,cashneq,cashnequsd,cor,consolinc,currentratio,de,debt,debtc,debtnc,debtusd,deferredrev,depamor,deposits,divyield,dps,ebit,ebitda,ebitdamargin,ebitdausd,ebitusd,ebt,eps,epsdil,epsusd,equity,equityavg,equityusd,ev,evebit,evebitda,fcf,fcfps,fxusd,gp,grossmargin,intangibles,intexp,invcap,invcapavg,inventory,investments,investmentsc,investmentsnc,liabilities,liabilitiesc,liabilitiesnc,marketcap,ncf,ncfbus,ncfcommon,ncfdebt,ncfdiv,ncff,ncfi,ncfinv,ncfo,ncfx,netinc,netinccmn,netinccmnusd,netincdis,netincnci,netmargin,opex,opinc,payables,payoutratio,pb,pe,pe1,ppnenet,prefdivis,price,ps,ps1,receivables,retearn,revenue,revenueusd,rnd,roa,roe,roic,ros,sbcomp,sgna,sharefactor,sharesbas,shareswa,shareswadil,sps,tangibles,taxassets,taxexp,taxliabilities,tbvps,workingcapital
0,PALM,ARY,2009-12-31,2009-07-24,2009-05-31,2019-10-15,1018000,643236000,778307500.0,353579000,289657000,0.945,-3.576,-13452000.0,152400000,152400000,576113000.0,-732188000.0,1.033,-2.554,394000000,4000000,390000000,394000000,31506000,31811000.0,0,0.0,0.0,-302624000.0,-270813000.0,-0.368,-270813000.0,-302624000.0,-327923000.0,-6.51,-6.51,-6.51,-413865000,-291065750.0,-413865000,2270108958.0,-8.0,-8.383,-201964000.0,-1.745,1.0,159759000.0,0.217,215234000,25299000.0,327160000,430263000.0,19716000,118334000,102733000,15601000,1057101000,342442000,714659000,2028508958.0,-24518000.0,0.0,119585000.0,-14446000.0,-439000.0,204015000.0,-38119000.0,-24667000.0,-188512000.0,-1902000.0,-732188000.0,-753473000.0,-753473000.0,0.0,0.0,-1.024,424568000.0,-264809000.0,105628000,0.0,-4.901,-2.692,-2.223,31167000,21285000.0,14.47,2.757,2.276,66452000,-1269672000.0,735872000.0,735872000.0,177210000.0,-0.968,2.589,-0.703,-0.411,23711000.0,229975000.0,1.0,140187212,115725000,115725000.0,6.359,428002000,505000,404265000.0,6258000,3.698,11137000
1,PALM,ARY,2008-12-31,2008-07-25,2008-05-31,2019-10-15,-10745000,1180262000,1292938750.0,540086000,640176000,1.02,1.048,41447000.0,176918000,176918000,916810000.0,-105419000.0,1.313,9.631,398000000,4000000,394000000,398000000,0,36209000.0,0,1.568,9.0,-137831000.0,-101622000.0,-0.077,-101622000.0,-137831000.0,-158228000.0,-1.05,-1.05,-1.05,111020000,385895500.0,111020000,843554968.0,-6.0,-8.301,23909000.0,0.226,1.0,401881000.0,0.305,227380000,20397000.0,762618000,707990000.0,67461000,120394000,81830000,38564000,1069242000,411346000,657896000,622472968.0,48788000.0,-495000.0,28437000.0,378018000.0,-948949000.0,-227264000.0,291895000.0,252443000.0,-17538000.0,1695000.0,-105419000.0,-110935000.0,-110935000.0,0.0,0.0,-0.084,527926000.0,-126045000.0,161642000,-8.571,5.607,-5.611,-5.467,39636000,5516000.0,5.74,0.472,0.461,116430000,-537484000.0,1318691000.0,1318691000.0,202764000.0,-0.086,-0.287,-0.195,-0.105,32141000.0,290480000.0,1.0,108444768,105891000,105891000.0,12.453,952882000,400861000,-52809000.0,7215000,8.999,128740000
2,PALM,ARY,2007-12-31,2007-07-19,2007-05-31,2019-10-15,1643000,1548002000,1502152000.0,937647000,610355000,1.039,10.339,-24651000.0,128130000,128130000,985369000.0,56383000.0,1.949,0.457,0,0,0,0,0,21631000.0,0,0.0,0.0,92427000.0,114058000.0,0.073,114058000.0,92427000.0,92427000.0,0.55,0.54,0.55,1062411000,1026426000.0,1062411000,1582567261.0,17.0,13.875,143540000.0,1.397,1.0,575138000.0,0.369,243654000,0.0,695195000,684024000.0,39168000,419886000,419886000,0,485591000,481023000,4568000,1710697261.0,14669000.0,-19000000.0,-9037000.0,-50816000.0,0.0,-54612000.0,-98910000.0,-11259000.0,168191000.0,0.0,56383000.0,56383000.0,56383000.0,0.0,0.0,0.036,505080000.0,70058000.0,196155000,0.0,1.61,30.341,29.891,96634000,0.0,16.44,1.096,1.083,204335000,-431698000.0,1560507000.0,1560507000.0,190952000.0,0.038,0.055,0.135,0.059,19014000.0,308447000.0,1.0,104057011,102757000,104442000.0,15.186,1304348000,403254000,36044000.0,62006000,12.694,456624000
3,PALM,ARY,2006-12-31,2006-07-28,2006-05-31,2019-10-15,-684000,1487522000,1314515000.0,949999000,537523000,1.201,9.759,-18944000.0,113461000,113461000,1057695000.0,336170000.0,1.911,0.512,35000000,35000000,0,35000000,0,21470000.0,0,0.0,0.0,116647000.0,138117000.0,0.087,138117000.0,116647000.0,116647000.0,3.33,3.19,3.33,983905000,854339750.0,983905000,1482208645.0,13.0,10.732,119256000.0,1.183,1.0,520814000.0,0.33,192321000,0.0,719668000,561232500.0,58010000,409400000,409400000,0,503617000,497072000,6545000,1560669645.0,-14703000.0,0.0,38558000.0,0.0,0.0,38558000.0,-191461000.0,-172517000.0,138200000.0,0.0,336170000.0,336170000.0,336170000.0,0.0,0.0,0.213,415503000.0,105311000.0,184501000,0.0,1.586,4.643,4.529,82990000,0.0,15.08,0.989,0.963,204337000,-488081000.0,1578509000.0,1578509000.0,135959000.0,0.256,0.393,0.208,0.074,0.0,248619000.0,1.0,103492682,100818000,105745000.0,15.657,1295201000,414567000,-219523000.0,50021000,12.847,452927000
4,PALM,ARY,2005-12-31,2005-07-29,2005-05-31,2019-10-15,712000,950032000,916713250.0,552812000,397220000,1.386,5.992,-15279000.0,128164000,128164000,879435000.0,66387000.0,1.718,0.635,35000000,0,35000000,35000000,0,25379000.0,0,0.0,0.0,80531000.0,105910000.0,0.083,105910000.0,80531000.0,80531000.0,0.685,0.645,0.685,581023000,552494750.0,581023000,1325458397.0,16.0,12.515,97769000.0,1.008,1.0,390975000.0,0.308,279534000,0.0,255582000,190857000.0,35544000,241492000,240717000,775000,369009000,321752000,47257000,1418622397.0,29595000.0,0.0,20853000.0,-1600000.0,0.0,19253000.0,-102706000.0,-79927000.0,113048000.0,0.0,66387000.0,66387000.0,66387000.0,0.0,0.0,0.052,313447000.0,77528000.0,135720000,0.0,2.442,21.369,20.832,19158000,0.0,14.27,1.117,1.089,140162000,-824251000.0,1270410000.0,1270410000.0,89804000.0,0.072,0.12,0.422,0.063,0.0,211104000.0,1.0,99412922,96972000,102580000.0,13.101,670498000,36217000,14144000.0,0,6.914,231060000
5,PALM,ARY,2004-12-31,2004-08-05,2004-05-31,2019-10-15,490000,787938000,741044750.0,402502000,385436000,1.282,6.193,-5776000.0,203069000,203069000,676791000.0,-21849000.0,1.549,0.603,35000000,0,35000000,35000000,0,31528000.0,0,0.0,0.0,-15758000.0,15770000.0,0.017,15770000.0,-15758000.0,-15758000.0,-0.275,-0.275,-0.275,491534000,422750750.0,491534000,1699080321.0,-108.0,107.741,-18834000.0,-0.237,1.0,272863000.0,0.287,268342000,0.0,91723000,75866000.0,14030000,57754000,56579000,1175000,296404000,259804000,36600000,1867149321.0,-1898000.0,10114000.0,56447000.0,0.0,0.0,56447000.0,-45287000.0,-49625000.0,-13058000.0,0.0,-21849000.0,-21849000.0,-21849000.0,11634000.0,0.0,-0.023,276943000.0,-4080000.0,112772000,0.0,3.799,-85.457,-70.655,19425000,0.0,19.43,1.966,1.624,120757000,-890638000.0,949654000.0,949654000.0,69367000.0,-0.029,-0.052,-0.208,-0.017,0.0,189393000.0,1.0,96096208,79372000,79372000.0,11.965,519596000,34800000,6091000.0,0,6.546,142698000
6,PALM,ARY,2003-12-31,2003-09-26,2003-05-31,2019-10-15,1235000,576626000,678478750.0,371023000,205603000,1.285,4.056,-11369000.0,242432000,242432000,591329000.0,-442582000.0,1.563,1.361,50000000,0,50000000,50000000,13494000,37605000.0,0,0.0,0.0,-217584000.0,-179979000.0,-0.206,-179979000.0,-217584000.0,-217584000.0,-7.615,-7.615,-7.615,235786000,333504000.0,235786000,370158106.0,-2.0,-2.057,-75269000.0,-1.295,1.0,280617000.0,0.322,69761000,0.0,77087000,159536500.0,22748000,2619000,0,2619000,320840000,237346000,83494000,562590106.0,-36115000.0,0.0,2477000.0,0.0,0.0,22477000.0,5308000.0,16677000.0,-63900000.0,0.0,-442582000.0,-442582000.0,-442582000.0,0.0,0.0,-0.508,496072000.0,-215455000.0,83037000,0.0,2.386,-1.271,-1.261,34622000,0.0,9.6,0.645,0.64,97437000,-868789000.0,871946000.0,871946000.0,110611000.0,-0.652,-1.327,-1.364,-0.25,0.0,228082000.0,1.0,58603136,58138000,58138000.0,14.998,506865000,34800000,224998000.0,0,8.718,133677000
7,PALM,ARY,2003-12-31,2003-08-29,2003-05-31,2019-10-15,1235000,576626000,678478750.0,371023000,205603000,1.285,4.056,-11369000.0,242432000,242432000,591329000.0,-442582000.0,1.563,1.361,50000000,0,50000000,50000000,13494000,37605000.0,0,0.0,0.0,-217584000.0,-179979000.0,-0.206,-179979000.0,-217584000.0,-217584000.0,-7.615,-7.615,-7.615,235786000,333504000.0,235786000,342907647.0,-2.0,-1.905,-75269000.0,-1.295,1.0,280617000.0,0.322,69761000,0.0,77087000,159536500.0,22748000,2619000,0,2619000,320840000,237346000,83494000,535339647.0,-36115000.0,0.0,2477000.0,0.0,0.0,22477000.0,5308000.0,16677000.0,-63900000.0,0.0,-442582000.0,-442582000.0,-442582000.0,0.0,0.0,-0.508,496072000.0,-215455000.0,83037000,0.0,2.27,-1.21,-1.2,34622000,0.0,9.135,0.614,0.609,97437000,-868789000.0,871946000.0,871946000.0,110611000.0,-0.652,-1.327,-1.364,-0.25,0.0,228082000.0,1.0,58603136,58138000,58138000.0,14.998,506865000,34800000,224998000.0,0,8.718,133677000
8,PALM,ARY,2002-12-31,2002-07-30,2002-05-31,2019-10-15,95000,989096000,1038638750.0,478179000,510917000,0.992,12.061,-16169000.0,278547000,278547000,645377000.0,-82168000.0,2.052,0.432,50000000,0,50000000,50000000,15250000,42100000.0,0,0.0,0.0,-107905000.0,-65805000.0,-0.064,-65805000.0,-107905000.0,-107905000.0,-1.4,-1.4,-1.4,690848000,700279000.0,690848000,437511577.0,-4.0,-6.649,-269082000.0,-4.698,1.0,385454000.0,0.374,78370000,0.0,449181000,407382500.0,55004000,20296000,17970000,2326000,298248000,232998000,65250000,666058577.0,-235222000.0,43000.0,3288000.0,50000000.0,0.0,53613000.0,-35922000.0,-19796000.0,-252913000.0,0.0,-82168000.0,-82168000.0,-82168000.0,0.0,0.0,-0.08,494297000.0,-108843000.0,88909000,0.0,0.964,-8.106,-8.214,211556000,0.0,11.5,0.646,0.639,63551000,-426207000.0,1030831000.0,1030831000.0,141013000.0,-0.079,-0.117,-0.265,-0.105,5843000.0,292658000.0,1.0,57918137,57279600,57279600.0,17.996,910726000,254425000,-25737000.0,0,15.9,245181000
9,PALM,ARY,2001-12-31,2001-08-13,2001-06-01,2019-10-15,224000,1297251000,1402748000.0,904153000,393098000,1.112,12.968,-285437000.0,513769000,513769000,1332974000.0,-356476000.0,1.634,0.767,0,0,0,0,9614000,54395000.0,0,0.0,0.0,-524191000.0,-469796000.0,-0.301,-469796000.0,-524191000.0,-524191000.0,-6.3,-6.3,-6.3,734152000,1005594500.0,734152000,2038466611.0,-4.0,-4.339,-449820000.0,-7.945,1.0,226338000.0,0.145,79020000,0.0,150977000,279839000.0,107813000,0,0,0,563099000,553485000,9614000,2552235611.0,-548359000.0,-111382000.0,27495000.0,-1295000.0,0.0,26223000.0,-410199000.0,-13380000.0,-164383000.0,0.0,-356476000.0,-356476000.0,-356476000.0,0.0,0.0,-0.229,797860000.0,-571522000.0,238235000,0.0,3.476,-7.16,-7.143,223422000,0.0,45.0,1.637,1.634,115342000,-344039000.0,1559312000.0,1559312000.0,160265000.0,-0.254,-0.354,-1.873,-0.336,21927000.0,424871000.0,1.0,56716347,56613200,56613200.0,27.543,1218231000,245018000,-167715000.0,0,21.518,350668000
10,PALM,ARY,2000-12-31,2000-08-16,2000-06-02,2019-10-15,-210000,1282676000,,1252958000,29718000,,19.068,-10393000.0,1062128000,1062128000,613083000.0,45910000.0,5.21,0.246,0,0,0,0,13006000,7951000.0,0,0.0,0.0,77813000.0,85764000.0,0.081,85764000.0,77813000.0,77813000.0,0.9,0.9,0.9,1029188000,,1029188000,18006383320.0,231.0,209.953,118466000.0,2.195,1.0,444514000.0,0.42,14330000,0.0,-34264000,,24057000,0,0,0,253488000,240482000,13006000,19068511320.0,1061650000.0,-1648000.0,1172525000.0,-902000.0,0.0,944832000.0,-12041000.0,0.0,128859000.0,0.0,45910000.0,45910000.0,45910000.0,0.0,0.0,0.043,383065000.0,61449000.0,123106000,0.0,18.528,415.345,375.0,13013000,0.0,337.5,18.03,17.224,122276000,12437000.0,1057597000.0,1057597000.0,75768000.0,,,,0.074,0.0,287727000.0,1.0,56499293,53973900,53985100.0,19.595,1268346000,37282000,31903000.0,0,23.499,1012476000
0,PALM,ARQ,2010-03-31,2010-04-02,2010-02-28,2019-10-15,1729000,1007237000,,742849000,264388000,,-1.775,-6864000.0,376282000,376282000,302971000.0,-18529000.0,1.236,-4.381,391000000,4000000,387000000,391000000,50534000,8679000.0,0,0.0,0.0,-14028000.0,-5349000.0,-0.015,-5349000.0,-14028000.0,-18546000.0,-0.13,-0.13,-0.13,-297926000,,-297926000,672862676.0,-2.0,-2.203,-7334000.0,-0.044,1.0,46957000.0,0.134,207484000,4518000.0,213338000,,30619000,229080000,215634000,13446000,1305163000,601133000,704030000,658144676.0,112805000.0,0.0,4701000.0,-1000000.0,0.0,3727000.0,110043000.0,116907000.0,-470000.0,-495000.0,-18529000.0,-22047000.0,-22047000.0,0.0,0.0,-0.063,164817000.0,-117860000.0,189335000,0.0,-2.209,-1.746,-1.605,32944000,3518000.0,3.9,1.129,1.123,104025000,-1542720000.0,349928000.0,349928000.0,51327000.0,,,,,5587000.0,115982000.0,1.0,168755045,167892000,167892000.0,2.084,799753000,302000,-17000.0,6286000,4.763,141716000
1,PALM,ARQ,2009-12-31,2009-12-23,2009-11-30,2019-10-15,9126000,1326923000,,909101000,417822000,,-2.757,-7158000.0,263477000,263477000,72629000.0,-81929000.0,1.072,-4.02,392000000,4000000,388000000,392000000,550784000,7888000.0,0,0.0,0.0,-77583000.0,-69695000.0,-0.892,-69695000.0,-77583000.0,-82129000.0,-0.54,-0.54,-0.54,-439391000,,-439391000,1943557269.0,-5.0,-5.102,9492000.0,0.06,1.0,5484000.0,0.07,210068000,4546000.0,397309000,,38759000,347128000,326532000,20596000,1766314000,848069000,918245000,1815034269.0,153484000.0,0.0,370637000.0,-2238000.0,0.0,369192000.0,-232808000.0,-225650000.0,16650000.0,450000.0,-81929000.0,-85373000.0,-85373000.0,0.0,0.0,-1.093,139948000.0,-134464000.0,165304000,0.0,-4.131,-4.008,-3.395,32786000,3444000.0,10.83,5.61,5.336,72352000,-1684760000.0,78113000.0,78113000.0,50582000.0,,,,,6152000.0,87933000.0,1.0,167593192,159398000,159398000.0,0.49,1116855000,322000,-200000.0,6286000,7.007,61032000
2,PALM,ARQ,2009-09-30,2009-09-17,2009-08-31,2019-10-15,1755000,793951000,,433663000,360288000,,-5.241,-5142000.0,109993000,109993000,70788000.0,-161095000.0,0.617,-2.074,393000000,4000000,389000000,393000000,326190000,7777000.0,0,0.0,0.0,-156441000.0,-148664000.0,-2.186,-148664000.0,-156441000.0,-161030000.0,-1.17,-1.17,-1.17,-738948000,,-738948000,2338244648.0,-6.0,-5.939,-50251000.0,-0.356,1.0,-2784000.0,-0.041,212651000,4589000.0,161185000,,27824000,115341000,101789000,13552000,1532899000,703122000,829777000,2055237648.0,-42407000.0,0.0,10242000.0,-1891000.0,-270000.0,6671000.0,-4452000.0,690000.0,-45109000.0,483000.0,-161095000.0,-164467000.0,-164467000.0,0.0,0.0,-2.418,124668000.0,-127452000.0,98487000,0.0,-2.781,-2.346,-1.981,31007000,3372000.0,14.44,4.703,4.659,76617000,-1602831000.0,68004000.0,68004000.0,43726000.0,,,,,11601000.0,72284000.0,1.0,142329477,141003000,141003000.0,0.482,581300000,455000,65000.0,5900000,4.123,-269459000
3,PALM,ARQ,2009-06-30,2009-07-24,2009-05-31,2019-10-15,1018000,643236000,,353579000,289657000,,-3.08,-3853000.0,152400000,152400000,66706000.0,-91518000.0,1.033,-2.554,394000000,4000000,390000000,394000000,31506000,7162000.0,0,0.0,0.0,-88900000.0,-81738000.0,-0.942,-81738000.0,-88900000.0,-93678000.0,-0.59,-0.59,-0.59,-413865000,,-413865000,2270108958.0,-8.0,-8.383,-76254000.0,-0.567,1.0,20067000.0,0.231,215234000,4778000.0,327160000,,19716000,118334000,102733000,15601000,1057101000,342442000,714659000,2028508958.0,21633000.0,0.0,113130000.0,-1891000.0,-180000.0,111051000.0,-18099000.0,-14246000.0,-72401000.0,1082000.0,-91518000.0,-104974000.0,-104974000.0,0.0,0.0,-1.21,83354000.0,-63287000.0,105628000,0.0,-4.901,-2.692,-2.223,31167000,13456000.0,14.47,2.757,2.276,66452000,-1269672000.0,86773000.0,86773000.0,37893000.0,,,,,4455000.0,47688000.0,1.0,140187212,134382000,134382000.0,0.646,428002000,505000,-2160000.0,6258000,3.185,11137000
4,PALM,ARQ,2009-03-31,2009-04-03,2009-02-28,2019-10-15,-642000,656435000,,373182000,283253000,,-3.851,-4288000.0,130767000,130767000,86414000.0,-95023000.0,1.09,-2.542,395000000,4000000,391000000,395000000,0,7558000.0,0,0.0,0.0,-88436000.0,-80878000.0,-0.892,-80878000.0,-88436000.0,-94377000.0,-0.89,-0.89,-0.89,-425687000,,-425687000,1562695305.0,-6.0,-6.878,-96362000.0,-0.872,1.0,4210000.0,0.046,217829000,5941000.0,360396000,,15332000,107659000,88604000,19055000,1082122000,342443000,739679000,1298462305.0,-12838000.0,0.0,1262000.0,-5642000.0,-135000.0,94808000.0,-15877000.0,-11589000.0,-92074000.0,305000.0,-95023000.0,-98027000.0,-98027000.0,0.0,0.0,-1.082,106403000.0,-102193000.0,97312000,0.0,-3.05,-1.877,-1.488,32534000,3004000.0,9.42,1.374,1.101,52736000,-1178154000.0,90624000.0,90624000.0,42786000.0,,,,,5924000.0,52059000.0,1.0,137841009,110529000,110529000.0,0.82,438606000,644000,646000.0,8214000,3.968,30739000
5,PALM,ARQ,2008-12-31,2009-01-06,2008-11-30,2019-10-15,-2778000,660926000,,371558000,289368000,,-3.747,-2901000.0,143605000,143605000,153477000.0,-506170000.0,0.903,-2.608,396000000,4000000,392000000,396000000,0,7627000.0,0,0.0,0.0,-90071000.0,-82444000.0,-0.43,-82444000.0,-90071000.0,-97757000.0,-4.64,-4.64,-4.64,-411073000,,-411073000,647387215.0,-3.0,-3.297,-23301000.0,-0.212,1.0,38141000.0,0.199,220446000,7686000.0,281303000,,28517000,101528000,80365000,21163000,1071999000,411572000,660427000,394992215.0,-23724000.0,0.0,3675000.0,-1891000.0,-34000.0,1750000.0,-2481000.0,420000.0,-20400000.0,-2593000.0,-506170000.0,-508594000.0,-508594000.0,0.0,0.0,-2.654,115657000.0,-77516000.0,134647000,0.0,-0.961,-0.607,-0.598,33218000,2424000.0,3.57,0.339,0.336,98230000,-1083131000.0,191618000.0,191618000.0,47722000.0,,,,,6332000.0,58756000.0,1.0,110642077,109698000,109698000.0,1.747,440480000,711000,408413000.0,8577000,4.015,-40014000
6,PALM,ARQ,2008-09-30,2008-10-03,2008-08-31,2019-10-15,-4199000,1152633000,,520912000,631721000,,0.797,-2410000.0,167329000,167329000,269516000.0,-39477000.0,1.28,12.347,397000000,4000000,393000000,397000000,0,9464000.0,0,1.531,0.0,-35217000.0,-25753000.0,-0.07,-25753000.0,-35217000.0,-42111000.0,-0.39,-0.39,-0.39,86362000,,86362000,875076693.0,-5.0,-6.278,-6047000.0,-0.056,1.0,97341000.0,0.265,223063000,6894000.0,752193000,,35182000,111620000,80982000,30638000,1066271000,407048000,659223000,645405693.0,-9589000.0,0.0,1518000.0,-5022000.0,-90000.0,-3594000.0,-1662000.0,748000.0,-3637000.0,-696000.0,-39477000.0,-41878000.0,-41878000.0,0.0,0.0,-0.114,119154000.0,-21813000.0,153229000,0.0,7.473,-4.247,-4.141,36871000,2401000.0,5.88,0.487,0.481,141620000,-576961000.0,366857000.0,366857000.0,48809000.0,,,,,7000000.0,71472000.0,1.0,109762873,108291000,108291000.0,3.388,929570000,408114000,-2634000.0,8382000,8.584,113864000
7,PALM,ARQ,2008-06-30,2008-07-25,2008-05-31,2019-10-15,-10745000,1180262000,,540086000,640176000,,1.032,-3349000.0,176918000,176918000,221613000.0,-41066000.0,1.313,9.631,398000000,4000000,394000000,398000000,0,8765000.0,0,1.568,0.0,-46896000.0,-38131000.0,-0.129,-38131000.0,-46896000.0,-54271000.0,-0.41,-0.41,-0.41,111020000,,111020000,843554968.0,-6.0,-8.301,-16857000.0,-0.157,1.0,74542000.0,0.252,227380000,7375000.0,762618000,,67461000,120394000,81830000,38564000,1069242000,411346000,657896000,622472968.0,-85778000.0,0.0,4534000.0,-1272000.0,-180000.0,3070000.0,-77035000.0,-73686000.0,-13508000.0,1695000.0,-41066000.0,-43445000.0,-43445000.0,0.0,0.0,-0.147,116470000.0,-41928000.0,161642000,0.0,5.607,-5.611,-5.467,39636000,2379000.0,5.74,0.472,0.461,116430000,-537484000.0,296155000.0,296155000.0,48025000.0,,,,,5495000.0,66263000.0,1.0,108444768,107562000,107562000.0,2.753,952882000,400861000,-13205000.0,7215000,8.859,128740000
8,PALM,ARQ,2008-03-31,2008-04-07,2008-02-28,2019-10-15,-10649000,1213416000,,564511000,648905000,,1.367,-5799000.0,262696000,262696000,218994000.0,-54664000.0,1.369,7.319,399000000,4000000,395000000,399000000,0,9046000.0,0,1.63,0.0,-59056000.0,-50010000.0,-0.16,-50010000.0,-59056000.0,-67888000.0,-0.53,-0.53,-0.53,145857000,,145857000,728070284.0,-11.0,-22.503,-14331000.0,-0.134,1.0,93150000.0,0.298,232425000,8832000.0,704802000,,40880000,53519000,9258000,44261000,1067559000,412493000,655066000,591766284.0,119025000.0,0.0,822000.0,-1295000.0,-158000.0,-4445000.0,132002000.0,139301000.0,-8532000.0,0.0,-54664000.0,-57021000.0,-57021000.0,0.0,0.0,-0.183,130150000.0,-37000000.0,160642000,0.0,4.057,-11.35,-11.5,38311000,2357000.0,5.52,0.416,0.414,158049000,-496418000.0,312144000.0,312144000.0,48553000.0,,,,,10109000.0,68323000.0,1.0,107204037,106707000,106707000.0,2.925,980991000,398116000,-13224000.0,18137000,9.193,152018000
9,PALM,ARQ,2007-12-31,2008-01-09,2007-11-30,2019-10-15,3379000,1296357000,,610665000,685692000,,2.03,-7286000.0,143671000,143671000,245868000.0,-8848000.0,1.425,5.064,400000000,4000000,396000000,400000000,0,9508000.0,0,1.651,9.0,-34994000.0,-25486000.0,-0.073,-25486000.0,-34994000.0,-39031000.0,-0.09,-0.09,-0.09,213773000,,213773000,839275797.0,91.0,19.687,-20827000.0,-0.198,1.0,103765000.0,0.297,234928000,4037000.0,889330000,,49776000,233151000,149300000,83851000,1082584000,428428000,654156000,582946797.0,-225151000.0,-495000.0,17536000.0,383476000.0,-948611000.0,-229918000.0,18308000.0,26089000.0,-13541000.0,0.0,-8848000.0,-9628000.0,-9628000.0,0.0,0.0,-0.028,146380000.0,-42615000.0,167639000,-100.0,2.727,35.033,32.059,40700000,780000.0,5.45,0.383,0.377,172239000,-441754000.0,349633000.0,349633000.0,53570000.0,,,,,12784000.0,81703000.0,1.0,106962715,105296000,105296000.0,3.32,1061429000,389395000,-30183000.0,20862000,10.08,182237000
10,PALM,ARQ,2007-09-30,2007-10-09,2007-08-31,2019-10-15,1623000,1481720000,,930021000,551699000,,10.317,57881000.0,368822000,368822000,230335000.0,-841000.0,2.334,0.381,0,0,0,0,0,8890000.0,0,0.0,0.0,3115000.0,12005000.0,0.033,12005000.0,3115000.0,2962000.0,-0.01,-0.01,-0.01,1072932000,,1072932000,1301361686.0,20.0,13.859,75924000.0,0.73,1.0,130424000.0,0.362,239228000,153000.0,475210000,,34173000,259248000,259248000,0,408788000,398460000,10328000,1670183686.0,240692000.0,0.0,5545000.0,-2891000.0,0.0,4029000.0,218620000.0,160739000.0,18043000.0,0.0,-841000.0,-841000.0,-841000.0,0.0,0.0,-0.002,134926000.0,-4502000.0,167962000,0.0,1.557,42.782,41.921,38450000,0.0,15.93,1.067,1.058,178998000,-432906000.0,360759000.0,360759000.0,52616000.0,,,,,3753000.0,74191000.0,1.0,104845178,103998000,103998000.0,3.469,1242492000,348347000,3803000.0,9305000,11.947,531561000
11,PALM,ARQ,2007-06-30,2007-07-19,2007-05-31,2019-10-15,1643000,1548002000,,937647000,610355000,,10.294,-5028000.0,128130000,128130000,247869000.0,15352000.0,1.949,0.457,0,0,0,0,0,7803000.0,0,0.0,0.0,23334000.0,31137000.0,0.078,31137000.0,23334000.0,23334000.0,0.15,0.15,0.15,1062411000,,1062411000,1582567261.0,17.0,13.875,37878000.0,0.367,1.0,153425000.0,0.382,243654000,0.0,695195000,,39168000,419886000,419886000,0,485591000,481023000,4568000,1710697261.0,-53840000.0,0.0,11425000.0,-7772000.0,0.0,5845000.0,-102591000.0,-97563000.0,42906000.0,0.0,15352000.0,15352000.0,15352000.0,0.0,0.0,0.038,136317000.0,17108000.0,196155000,0.0,1.61,30.341,29.891,96634000,0.0,16.44,1.096,1.083,204335000,-431698000.0,401294000.0,401294000.0,57189000.0,,,,,3202000.0,78167000.0,1.0,104057011,103207000,104787000.0,3.888,1304348000,403254000,7982000.0,62006000,12.638,456624000
12,PALM,ARQ,2007-03-31,2007-04-05,2007-02-28,2019-10-15,2045000,1515254000,,913003000,602251000,,10.07,-5362000.0,181970000,181970000,259183000.0,11757000.0,1.908,0.473,0,0,0,0,0,7211000.0,0,0.0,0.0,17764000.0,24975000.0,0.061,24975000.0,17764000.0,17764000.0,0.12,0.11,0.12,1028598000,,1028598000,1640769347.0,17.0,14.373,77973000.0,0.763,1.0,151346000.0,0.369,248464000,0.0,606407000,,37505000,324724000,324724000,0,486656000,478413000,8243000,1822739347.0,29555000.0,-19000000.0,4416000.0,-35272000.0,0.0,-29573000.0,-24207000.0,44155000.0,83335000.0,0.0,11757000.0,11757000.0,11757000.0,0.0,0.0,0.029,138763000.0,12583000.0,198616000,0.0,1.772,26.728,27.108,94914000,0.0,17.62,1.167,1.152,213881000,-447050000.0,410529000.0,410529000.0,50619000.0,,,,,4428000.0,84104000.0,1.0,103447182,102142000,103711000.0,4.019,1266790000,400600000,6007000.0,55336000,12.402,434590000
13,PALM,ARQ,2006-12-31,2007-01-09,2006-11-30,2019-10-15,1640000,1502542000,,984627000,517915000,,9.823,-8325000.0,152415000,152415000,253830000.0,12771000.0,2.014,0.495,35000000,35000000,0,35000000,0,3303000.0,0,0.0,0.0,22482000.0,25785000.0,0.066,25785000.0,22482000.0,22482000.0,0.12,0.12,0.12,1005252000,,1005252000,1303617039.0,12.0,10.312,13900000.0,0.136,1.0,139081000.0,0.354,192455000,0.0,703758000,,38859000,368868000,368868000,0,497290000,488914000,8376000,1421032039.0,24850000.0,0.0,-25519000.0,-272000.0,0.0,-24594000.0,27219000.0,35544000.0,22225000.0,0.0,12771000.0,12771000.0,12771000.0,0.0,0.0,0.033,122123000.0,16958000.0,192340000,0.0,1.414,16.451,16.771,93623000,0.0,13.92,0.923,0.925,247440000,-458807000.0,392911000.0,392911000.0,42299000.0,,,,,5279000.0,79484000.0,1.0,102085635,102332000,104056000.0,3.84,1310087000,391908000,9711000.0,45862000,12.802,495713000
14,PALM,ARQ,2006-09-30,2006-10-05,2006-08-31,2019-10-15,717000,1442810000,,896673000,546137000,,9.768,-5936000.0,127565000,127565000,224487000.0,16503000.0,2.101,0.429,35000000,35000000,0,35000000,0,3314000.0,0,0.0,0.0,28847000.0,32161000.0,0.09,32161000.0,28847000.0,28847000.0,0.16,0.16,0.16,1009443000,,1009443000,1430284451.0,11.0,9.973,13789000.0,0.133,1.0,131286000.0,0.369,192795000,0.0,730736000,,51875000,404232000,404232000,0,433367000,426714000,6653000,1522849451.0,14104000.0,0.0,641000.0,-7500000.0,0.0,-6290000.0,669000.0,6605000.0,19725000.0,0.0,16503000.0,16503000.0,16503000.0,0.0,0.0,0.046,107877000.0,23409000.0,147327000,0.0,1.509,4.553,4.419,85952000,0.0,14.65,0.957,0.951,168130000,-471578000.0,355773000.0,355773000.0,40845000.0,,,,,6105000.0,66692000.0,1.0,103948768,103347000,104590000.0,3.443,1250015000,401022000,12344000.0,48576000,12.095,469959000
15,PALM,ARQ,2006-06-30,2006-07-28,2006-05-31,2019-10-15,-684000,1487522000,,949999000,537523000,,9.575,-3258000.0,113461000,113461000,253301000.0,27165000.0,1.911,0.512,35000000,35000000,0,35000000,0,3439000.0,0,0.0,0.0,27797000.0,31236000.0,0.077,31236000.0,27797000.0,27797000.0,0.25,0.24,0.25,983905000,,983905000,1482208645.0,13.0,10.732,-31347000.0,-0.305,1.0,149835000.0,0.372,192321000,0.0,719668000,,58010000,409400000,409400000,0,503617000,497072000,6545000,1560669645.0,-18182000.0,0.0,14171000.0,0.0,0.0,14171000.0,-4264000.0,-1006000.0,-28089000.0,0.0,27165000.0,27165000.0,27165000.0,0.0,0.0,0.067,126394000.0,23441000.0,184501000,0.0,1.586,4.643,4.529,82990000,0.0,15.08,0.989,0.963,204337000,-488081000.0,403136000.0,403136000.0,37703000.0,,,,,-5843000.0,65457000.0,1.0,103492682,102756000,108217000.0,3.923,1295201000,414567000,632000.0,50021000,12.605,452927000
16,PALM,ARQ,2006-03-31,2006-04-11,2006-02-28,2019-10-15,-37000,1406999000,,804152000,602847000,,9.272,-3988000.0,131643000,131643000,257862000.0,29939000.0,1.763,0.501,35000000,35000000,0,35000000,0,5071000.0,0,0.0,0.0,32166000.0,37237000.0,0.096,37237000.0,32166000.0,32166000.0,0.3,0.28,0.3,937499000,,937499000,2298566595.0,21.0,17.247,87230000.0,0.863,1.0,130678000.0,0.336,192661000,0.0,661576000,,51065000,410343000,409568000,775000,469500000,456119000,13381000,2395209595.0,-49707000.0,0.0,12688000.0,0.0,0.0,12688000.0,-153613000.0,-149625000.0,91218000.0,0.0,29939000.0,29939000.0,29939000.0,0.0,0.0,0.077,101918000.0,28760000.0,156525000,0.0,2.555,7.331,7.113,82550000,0.0,23.26,1.585,1.556,119078000,-515246000.0,388540000.0,388540000.0,38146000.0,,,,,5843000.0,62981000.0,1.0,102975477,101109000,105972000.0,3.843,1214338000,407844000,2227000.0,49633000,12.01,348033000
17,PALM,ARQ,2005-12-31,2006-01-10,2005-11-30,2019-10-15,363000,1372791000,,769974000,602817000,,8.876,-4792000.0,181350000,181350000,308688000.0,260889000.0,1.767,0.544,35000000,0,35000000,35000000,0,6110000.0,0,0.0,0.0,36671000.0,42781000.0,0.096,42781000.0,36671000.0,36671000.0,2.605,2.51,2.605,888979000,,888979000,1619353537.0,19.0,14.966,21805000.0,0.218,1.0,135945000.0,0.306,193001000,0.0,597786000,,30995000,261483000,260708000,775000,483812000,435654000,48158000,1765703537.0,33753000.0,0.0,4519000.0,0.0,0.0,4519000.0,2637000.0,7429000.0,26597000.0,0.0,260889000.0,260889000.0,260889000.0,0.0,0.0,0.587,101145000.0,34800000.0,168878000,0.0,1.986,5.863,5.806,82842000,0.0,17.504,1.254,1.245,203509000,-545185000.0,444633000.0,444633000.0,31144000.0,,,,,0.0,65975000.0,1.0,100874288,100152000,104096000.0,4.44,1179790000,404763000,-224218000.0,52979000,11.78,334320000
18,PALM,ARQ,2005-09-30,2005-10-07,2005-08-31,2019-10-15,578000,990748000,,593145000,397603000,,6.115,-6906000.0,147597000,147597000,237844000.0,18177000.0,1.766,0.632,35000000,0,35000000,35000000,0,6850000.0,0,0.0,0.0,20013000.0,26863000.0,0.079,26863000.0,20013000.0,20013000.0,0.185,0.175,0.185,606976000,,606976000,1298224596.0,17.0,12.641,41568000.0,0.419,1.0,104356000.0,0.305,276414000,0.0,265900000,,38268000,269895000,269120000,775000,383772000,335837000,47935000,1410821596.0,19433000.0,0.0,7180000.0,0.0,0.0,7180000.0,-36221000.0,-29315000.0,48474000.0,0.0,18177000.0,18177000.0,18177000.0,0.0,0.0,0.053,86046000.0,18310000.0,138996000,0.0,2.324,21.715,21.143,82088000,0.0,14.06,1.053,1.042,128491000,-806074000.0,342200000.0,342200000.0,28966000.0,,,,,0.0,54206000.0,1.0,100342930,99254000,103614000.0,3.448,714334000,36794000,1836000.0,0,7.197,257308000
19,PALM,ARQ,2005-06-30,2005-07-29,2005-05-31,2019-10-15,712000,950032000,,552812000,397220000,,5.907,-5967000.0,128164000,128164000,234381000.0,17729000.0,1.718,0.635,35000000,0,35000000,35000000,0,6222000.0,0,0.0,0.0,20171000.0,26393000.0,0.079,26393000.0,20171000.0,20171000.0,0.18,0.17,0.18,581023000,,581023000,1325458397.0,16.0,12.515,30525000.0,0.31,1.0,101439000.0,0.302,279534000,0.0,255582000,,35544000,241492000,240717000,775000,369009000,321752000,47257000,1418622397.0,21783000.0,0.0,4950000.0,-1600000.0,0.0,3350000.0,-18059000.0,-4592000.0,36492000.0,0.0,17729000.0,17729000.0,17729000.0,0.0,0.0,0.053,82489000.0,18950000.0,135720000,0.0,2.442,21.369,20.832,19158000,0.0,14.27,1.117,1.089,140162000,-824251000.0,335820000.0,335820000.0,27419000.0,,,,,0.0,53583000.0,1.0,99412922,98364000,102544000.0,3.414,670498000,36217000,2442000.0,0,6.816,231060000
20,PALM,ARQ,2005-03-31,2005-04-05,2005-02-28,2019-10-15,839000,926092000,,555675000,370417000,,5.72,-1699000.0,106381000,106381000,196773000.0,4373000.0,1.672,0.661,35000000,0,35000000,35000000,0,5873000.0,0,0.0,0.0,6294000.0,12167000.0,0.043,12167000.0,6294000.0,6294000.0,0.045,0.045,0.045,557684000,,557684000,1142243914.0,15.0,11.214,19845000.0,0.204,1.0,88492000.0,0.31,257046000,0.0,265407000,,45620000,236933000,236158000,775000,368408000,332258000,36150000,1213624914.0,-25265000.0,0.0,2756000.0,0.0,0.0,2756000.0,-49565000.0,-47866000.0,21544000.0,0.0,4373000.0,4373000.0,4373000.0,0.0,0.0,0.015,83403000.0,5089000.0,150567000,0.0,2.176,19.576,17.657,16632000,0.0,12.36,1.01,1.003,158540000,-841980000.0,285265000.0,285265000.0,23410000.0,,,,,0.0,53807000.0,1.0,98189718,97502000,102882000.0,2.926,669046000,35400000,1921000.0,0,6.862,223417000
21,PALM,ARQ,2004-12-31,2005-01-04,2004-11-30,2019-10-15,1062000,954601000,,578355000,376246000,,5.69,-4853000.0,236146000,236146000,266478000.0,24691000.0,1.573,0.734,35000000,0,35000000,35000000,0,6255000.0,0,0.0,0.0,31019000.0,37274000.0,0.099,37274000.0,31019000.0,31019000.0,0.255,0.24,0.255,550528000,,550528000,1267523297.0,21.0,13.661,18822000.0,0.195,1.0,109702000.0,0.292,260476000,0.0,125206000,,29119000,84468000,83693000,775000,404073000,367773000,36300000,1468669297.0,25180000.0,0.0,4325000.0,0.0,0.0,4325000.0,-2820000.0,2033000.0,23675000.0,0.0,24691000.0,24691000.0,24691000.0,0.0,0.0,0.066,79294000.0,30408000.0,184548000,0.0,2.668,30.407,27.126,18620000,0.0,15.055,1.267,1.257,219427000,-846353000.0,376180000.0,376180000.0,20407000.0,,,,,0.0,56360000.0,1.0,97553590,96762000,102884000.0,3.888,694125000,34800000,6328000.0,0,7.174,210582000
22,PALM,ARQ,2004-09-30,2004-10-01,2004-08-31,2019-10-15,883000,836128000,,457409000,378719000,,5.467,-2760000.0,210966000,210966000,181803000.0,19594000.0,1.64,0.606,35000000,0,35000000,35000000,0,7029000.0,0,0.0,0.0,23047000.0,30076000.0,0.11,30076000.0,23047000.0,23047000.0,0.205,0.19,0.205,520744000,,520744000,1381437494.0,50.0,23.282,28577000.0,0.3,1.0,91342000.0,0.334,263995000,0.0,117233000,,19152000,87243000,86468000,775000,315384000,278934000,36450000,1557403494.0,7897000.0,0.0,8822000.0,0.0,0.0,8822000.0,-32262000.0,-29502000.0,31337000.0,0.0,19594000.0,19594000.0,19594000.0,0.0,0.0,0.072,68261000.0,23081000.0,128331000,0.0,2.991,79.904,65.796,17495000,0.0,16.12,1.477,1.457,133309000,-871044000.0,273145000.0,273145000.0,18568000.0,,,,,0.0,47354000.0,1.0,96613120,95258000,102010000.0,2.867,572133000,34800000,3453000.0,0,6.006,178475000
23,PALM,ARQ,2004-06-30,2004-08-05,2004-05-31,2019-10-15,490000,787938000,,402502000,385436000,,5.271,-1547000.0,203069000,203069000,185659000.0,13337000.0,1.549,0.603,35000000,0,35000000,35000000,0,7331000.0,0,0.0,0.0,15013000.0,22344000.0,0.084,22344000.0,15013000.0,15013000.0,0.195,0.195,0.195,491534000,,491534000,1699080321.0,-108.0,107.741,4812000.0,0.052,1.0,81687000.0,0.306,268342000,0.0,91723000,,14030000,57754000,56579000,1175000,296404000,259804000,36600000,1867149321.0,12519000.0,0.0,8244000.0,0.0,0.0,8244000.0,-2084000.0,-537000.0,6359000.0,0.0,13337000.0,13337000.0,13337000.0,0.0,0.0,0.05,65665000.0,16022000.0,112772000,0.0,3.799,-85.457,-70.655,19425000,0.0,19.43,1.966,1.624,120757000,-890638000.0,267346000.0,267346000.0,17760000.0,,,,,0.0,45305000.0,1.0,96096208,93250000,93250000.0,2.867,519596000,34800000,1676000.0,0,5.572,142698000
24,PALM,ARQ,2004-03-31,2004-04-06,2004-02-28,2019-10-15,1199000,773865000,,385906000,387959000,,5.101,-770000.0,190550000,190550000,172169000.0,-9322000.0,1.445,0.646,35000000,0,35000000,35000000,0,10776000.0,0,0.0,0.0,-7689000.0,3087000.0,0.013,3087000.0,-7689000.0,-7689000.0,-0.1,-0.1,-0.1,470032000,,470032000,847722229.0,-19.0,-76.94,19940000.0,0.216,1.0,70316000.0,0.29,268244000,0.0,82988000,,27042000,57233000,56458000,775000,303833000,267083000,36750000,1003272229.0,-27645000.0,0.0,635000.0,0.0,0.0,635000.0,-48990000.0,-48220000.0,20710000.0,0.0,-9322000.0,-9322000.0,-9322000.0,0.0,0.0,-0.038,77519000.0,-7203000.0,111033000,0.0,2.134,-19.983,-13.89,22809000,0.0,10.765,1.094,1.082,101452000,-903975000.0,242485000.0,242485000.0,19831000.0,,,,,0.0,47752000.0,1.0,93197606,92146000,92146000.0,2.632,505621000,34800000,1633000.0,0,5.487,118823000
25,PALM,ARQ,2003-12-31,2004-01-12,2003-11-30,2019-10-15,1404000,823690000,,425133000,398557000,,6.515,-1476000.0,218195000,218195000,197739000.0,-4118000.0,1.377,0.723,35000000,0,35000000,35000000,0,6361000.0,0,0.0,0.0,-2534000.0,3827000.0,0.014,3827000.0,-2534000.0,-2534000.0,-0.055,-0.055,-0.055,478149000,,478149000,389199050.0,-2.0,-2.223,-29006000.0,-0.395,1.0,73476000.0,0.271,273331000,0.0,58523000,,36336000,9113000,7297000,1816000,345541000,308641000,36900000,572394050.0,-11180000.0,6414000.0,9516000.0,0.0,0.0,9516000.0,6834000.0,1896000.0,-27530000.0,0.0,-4118000.0,-4118000.0,-4118000.0,6750000.0,0.0,-0.015,70868000.0,2608000.0,131010000,0.0,1.197,-2.685,-1.705,27190000,0.0,6.205,0.648,0.515,152987000,-894653000.0,271215000.0,271215000.0,14948000.0,,,,,0.0,53064000.0,1.0,92247228,73392000,77486000.0,3.695,550359000,34800000,1584000.0,0,7.499,116492000
26,PALM,ARQ,2003-09-30,2003-10-14,2003-08-31,2019-10-15,883000,578686000,,376040000,202646000,,4.281,-1983000.0,266840000,266840000,115592000.0,-21746000.0,1.69,1.221,50000000,0,50000000,50000000,13779000,7060000.0,0,0.0,0.0,-20301000.0,-13241000.0,-0.075,-13241000.0,-20301000.0,-20301000.0,-0.37,-0.37,-0.37,251288000,,251288000,632178935.0,-3.0,-3.843,-14580000.0,-0.248,1.0,61843000.0,0.349,69161000,0.0,70230000,,24048000,5383000,0,5383000,306816000,222455000,84361000,849018935.0,24408000.0,3700000.0,38052000.0,0.0,0.0,38052000.0,-1047000.0,-2764000.0,-12597000.0,0.0,-21746000.0,-21746000.0,-21746000.0,0.0,0.0,-0.123,81945000.0,-20102000.0,68437000,0.0,3.379,-4.13,-3.787,30797000,0.0,13.35,0.968,0.893,76631000,-890535000.0,177435000.0,177435000.0,25787000.0,,,,,0.0,51301000.0,1.0,63596924,58698000,58698000.0,3.023,509525000,34800000,1445000.0,0,8.68,153585000
27,PALM,ARQ,2003-06-30,2003-09-26,2003-05-31,2019-10-15,1235000,576626000,,371023000,205603000,,4.04,-1767000.0,242432000,242432000,151980000.0,-15021000.0,1.563,1.361,50000000,0,50000000,50000000,13494000,8742000.0,0,0.0,0.0,-13433000.0,-4691000.0,-0.021,-4691000.0,-13433000.0,-13433000.0,-0.25,-0.25,-0.25,235786000,,235786000,370158106.0,-2.0,-2.057,-22708000.0,-0.389,1.0,73778000.0,0.327,69761000,0.0,77087000,,22748000,2619000,0,2619000,320840000,237346000,83494000,562590106.0,-16975000.0,0.0,1171000.0,0.0,0.0,670000.0,3296000.0,5063000.0,-20941000.0,0.0,-15021000.0,-15021000.0,-15021000.0,0.0,0.0,-0.067,87432000.0,-13654000.0,83037000,0.0,2.386,-1.271,-1.261,34622000,0.0,9.6,0.645,0.64,97437000,-868789000.0,225758000.0,225758000.0,27394000.0,,,,,0.0,53875000.0,1.0,58603136,58360000,58360000.0,3.868,506865000,34800000,1588000.0,0,8.685,133677000
28,PALM,ARQ,2003-06-30,2003-08-29,2003-05-31,2019-10-15,1235000,576626000,,371023000,205603000,,4.04,-1767000.0,242432000,242432000,151980000.0,-15021000.0,1.563,1.361,50000000,0,50000000,50000000,13494000,8742000.0,0,0.0,0.0,-13433000.0,-4691000.0,-0.021,-4691000.0,-13433000.0,-13433000.0,-0.25,-0.25,-0.25,235786000,,235786000,342907647.0,-2.0,-1.905,-22708000.0,-0.389,1.0,73778000.0,0.327,69761000,0.0,77087000,,22748000,2619000,0,2619000,320840000,237346000,83494000,535339647.0,-16975000.0,0.0,1171000.0,0.0,0.0,670000.0,3296000.0,5063000.0,-20941000.0,0.0,-15021000.0,-15021000.0,-15021000.0,0.0,0.0,-0.067,87432000.0,-13654000.0,83037000,0.0,2.27,-1.21,-1.2,34622000,0.0,9.135,0.614,0.609,97437000,-868789000.0,225758000.0,225758000.0,27394000.0,,,,,0.0,53875000.0,1.0,58603136,58360000,58360000.0,3.868,506865000,34800000,1588000.0,0,8.685,133677000
29,PALM,ARQ,2003-03-31,2003-04-14,2003-02-28,2019-10-15,-788000,604657000,,388717000,215940000,,4.242,-1905000.0,259407000,259407000,143674000.0,-172336000.0,1.54,1.369,50000000,0,50000000,50000000,15513000,9328000.0,0,0.0,0.0,-170276000.0,-160948000.0,-0.77,-160948000.0,-170276000.0,-170276000.0,-2.965,-2.965,-2.965,246756000,,246756000,62858393.0,0.0,-0.326,-7749000.0,-0.133,1.0,65342000.0,0.313,70182000,0.0,72680000,,23293000,7682000,5063000,2619000,337901000,252388000,85513000,272265393.0,10139000.0,0.0,154000.0,0.0,0.0,535000.0,15448000.0,17353000.0,-5844000.0,0.0,-172336000.0,-172336000.0,-172336000.0,0.0,0.0,-0.825,232399000.0,-167057000.0,81701000,0.0,1.103,-0.598,-0.6,100945000,0.0,4.68,0.31,0.31,91205000,-853768000.0,209016000.0,209016000.0,26200000.0,,,,,0.0,60333000.0,1.0,58176366,58164000,58164000.0,3.594,534475000,34800000,2060000.0,0,9.189,136329000
30,PALM,ARQ,2002-12-31,2003-01-10,2002-11-29,2019-10-15,-336000,799037000,,473155000,325882000,,7.206,-2894000.0,249268000,249268000,178022000.0,3520000.0,1.731,0.861,50000000,0,50000000,50000000,17030000,9644000.0,0,0.0,0.0,4744000.0,14388000.0,0.054,14388000.0,4744000.0,4744000.0,0.06,0.06,0.06,418630000,,418630000,322062977.0,-6.0,-18.821,-14442000.0,-0.249,1.0,86882000.0,0.328,74141000,0.0,252251000,,38528000,25035000,22588000,2447000,360407000,273377000,87030000,521330977.0,10920000.0,0.0,1149000.0,0.0,0.0,21129000.0,1339000.0,4233000.0,-11548000.0,0.0,3520000.0,3520000.0,3520000.0,0.0,0.0,0.013,86493000.0,389000.0,131605000,0.0,1.245,-1.864,-1.891,206213000,0.0,8.965,0.541,0.541,148061000,-681432000.0,264904000.0,264904000.0,27101000.0,,,,,0.0,57248000.0,1.0,58151810,58092000,58172000.0,4.56,724896000,34800000,1224000.0,0,12.478,199778000
31,PALM,ARQ,2002-09-30,2002-10-11,2002-08-30,2019-10-15,-332000,733595000,,402260000,331335000,,7.471,-4803000.0,238348000,238348000,118104000.0,-258745000.0,1.726,0.695,50000000,0,50000000,50000000,17641000,9891000.0,0,0.0,0.0,-38619000.0,-28728000.0,-0.167,-28728000.0,-38619000.0,-38619000.0,-4.5,-4.5,-4.5,432844000,,432844000,211635969.0,-2.0,-3.736,-30370000.0,-0.524,1.0,54164000.0,0.314,76009000,0.0,236128000,,45220000,30268000,27811000,2457000,300751000,233110000,67641000,399983969.0,-40199000.0,0.0,3000.0,0.0,0.0,143000.0,-14775000.0,-9972000.0,-25567000.0,0.0,-258745000.0,-258745000.0,-258745000.0,0.0,0.0,-1.502,89297000.0,-35133000.0,88223000,0.0,0.924,-1.297,-1.327,210013000,0.0,6.9,0.405,0.404,76923000,-684952000.0,172268000.0,172268000.0,29699000.0,,,,,0.0,56392000.0,1.0,57968691,57935800,57935800.0,2.973,657586000,34800000,220126000.0,0,11.35,169150000
32,PALM,ARQ,2002-06-30,2002-07-30,2002-05-31,2019-10-15,95000,989096000,,478179000,510917000,,11.937,-381000.0,278547000,278547000,136592000.0,-27477000.0,2.052,0.432,50000000,0,50000000,50000000,15250000,10107000.0,0,0.0,0.0,-27477000.0,-17370000.0,-0.074,-17370000.0,-27477000.0,-27477000.0,-0.4,-0.4,-0.4,690848000,,690848000,437511577.0,-4.0,-6.649,10377000.0,0.179,1.0,96691000.0,0.414,78370000,0.0,449181000,,55004000,20296000,17970000,2326000,298248000,232998000,65250000,666058577.0,-7098000.0,0.0,1490000.0,0.0,0.0,2046000.0,-19902000.0,-19521000.0,10758000.0,0.0,-27477000.0,-27477000.0,-27477000.0,0.0,0.0,-0.118,122593000.0,-25902000.0,88909000,0.0,0.964,-8.106,-8.214,211556000,0.0,11.5,0.646,0.639,63551000,-426207000.0,233283000.0,233283000.0,29982000.0,,,,,1122000.0,67533000.0,1.0,57918137,57874200,57874200.0,4.031,910726000,254425000,0.0,0,15.736,245181000
33,PALM,ARQ,2002-03-31,2002-04-15,2002-03-01,2019-10-15,-133000,1039795000,,513826000,525969000,,12.4,-1947000.0,285645000,285645000,179276000.0,2948000.0,1.923,0.454,50000000,0,50000000,50000000,7426000,10263000.0,0,0.0,0.0,4335000.0,14598000.0,0.05,14598000.0,4335000.0,4335000.0,0.1,0.1,0.1,715191000,,715191000,1861315285.0,-3.0,-3.009,-7143000.0,-0.124,1.0,113375000.0,0.387,81717000,0.0,455255000,,50564000,0,0,0,324604000,267178000,57426000,2096960285.0,43667000.0,43000.0,1026000.0,50000000.0,0.0,51042000.0,-2179000.0,-275000.0,-5196000.0,0.0,2948000.0,2948000.0,2948000.0,0.0,0.0,0.01,108095000.0,5280000.0,110137000,0.0,2.932,-4.694,-4.641,217007000,0.0,36.2,2.178,2.168,98323000,-398730000.0,292651000.0,292651000.0,33562000.0,,,,,991000.0,71186000.0,1.0,57927080,57676900,57738200.0,5.074,958078000,273002000,1387000.0,0,16.611,246648000
34,PALM,ARQ,2001-12-31,2002-01-14,2001-11-30,2019-10-15,376000,1057560000,,574492000,483068000,,12.171,-2412000.0,241978000,241978000,187018000.0,-25208000.0,1.609,0.529,0,0,0,0,8576000,11923000.0,0,0.0,0.0,-37071000.0,-25148000.0,-0.087,-25148000.0,-37071000.0,-37071000.0,-0.4,-0.4,-0.4,691873000,,691873000,2143132964.0,-3.0,-3.451,-79962000.0,-1.407,1.0,103562000.0,0.356,67439000,0.0,391032000,,78633000,0,0,0,365687000,357111000,8576000,2385110964.0,-79255000.0,0.0,761000.0,0.0,0.0,707000.0,-2412000.0,0.0,-77550000.0,0.0,-25208000.0,-25208000.0,-25208000.0,0.0,0.0,-0.087,141097000.0,-37535000.0,146654000,0.0,3.447,-5.281,-5.228,225328000,0.0,41.3,2.09,2.058,130103000,-401678000.0,290580000.0,290580000.0,37694000.0,,,,,2029000.0,76249000.0,1.0,57750871,56845900,56845900.0,5.112,990121000,279704000,-11863000.0,0,17.418,217381000
35,PALM,ARQ,2001-09-30,2001-10-15,2001-08-31,2019-10-15,254000,1068104000,,630444000,437660000,,12.397,-11429000.0,321233000,321233000,141060000.0,-32431000.0,1.778,0.519,0,0,0,0,10307000,9807000.0,0,0.0,0.0,-47692000.0,-37885000.0,-0.177,-37885000.0,-47692000.0,-47692000.0,-0.6,-0.6,-0.6,703204000,,703204000,1121497848.0,-2.0,-2.048,-192354000.0,-3.391,1.0,73257000.0,0.342,58216000,0.0,334062000,,115409000,0,0,0,364900000,354593000,10307000,1442730848.0,-192536000.0,0.0,11000.0,0.0,0.0,-182000.0,-11429000.0,0.0,-180925000.0,0.0,-32431000.0,-32431000.0,-32431000.0,0.0,0.0,-0.151,123943000.0,-50686000.0,110542000,0.0,2.052,-3.552,-3.577,230803000,0.0,25.4,1.051,1.05,48724000,-376470000.0,214317000.0,214317000.0,41206000.0,,,,,1701000.0,77690000.0,1.0,56800427,56721500,56721500.0,3.778,1009888000,263710000,-15261000.0,0,17.804,275851000
36,PALM,ARQ,2001-06-30,2001-08-13,2001-06-01,2019-10-15,224000,1297251000,,904153000,393098000,,12.949,-238100000.0,513769000,513769000,434368000.0,-392074000.0,1.634,0.767,0,0,0,0,9614000,22475000.0,0,0.0,0.0,-592649000.0,-570174000.0,-3.449,-570174000.0,-592649000.0,-592649000.0,-6.9,-6.9,-6.9,734152000,,734152000,2038466611.0,-4.0,-4.339,-318956000.0,-5.626,1.0,-269073000.0,-1.628,79020000,0.0,150977000,,107813000,0,0,0,563099000,553485000,9614000,2552235611.0,-82095000.0,-4975000.0,4127000.0,-1295000.0,0.0,3999000.0,-5238000.0,237837000.0,-80856000.0,0.0,-392074000.0,-392074000.0,-392074000.0,0.0,0.0,-2.372,333500000.0,-602573000.0,238235000,0.0,3.476,-7.16,-7.143,223422000,0.0,45.0,1.637,1.634,115342000,-344039000.0,165295000.0,165295000.0,45085000.0,,,,,1885000.0,108389000.0,1.0,56716347,56696900,55837700.0,2.915,1218231000,245018000,-200575000.0,0,21.487,350668000
37,PALM,ARQ,2001-03-31,2001-04-11,2001-03-02,2019-10-15,-85000,1479780000,,1050819000,428961000,,19.77,-16219000.0,595864000,595864000,317666000.0,-1936000.0,3.063,0.321,0,0,0,0,10575000,13291000.0,0,0.0,0.0,-1050000.0,12241000.0,0.026,12241000.0,-1050000.0,-1050000.0,0.0,0.0,0.0,1119905000,,1119905000,3430881503.0,38.0,27.949,-95504000.0,-1.686,1.0,153183000.0,0.325,136812000,0.0,404081000,,102477000,238337000,0,238337000,359875000,343023000,16852000,4026745503.0,-147024000.0,-39384000.0,1090000.0,0.0,0.0,1103000.0,-68842000.0,-13239000.0,-79285000.0,0.0,-1936000.0,-1936000.0,-1936000.0,0.0,0.0,-0.004,165652000.0,-12469000.0,186292000,,3.596,83.829,71.0,53812000,0.0,71.0,2.309,2.306,273569000,48035000.0,470849000.0,470849000.0,43867000.0,,,,,3315000.0,105296000.0,1.0,56714725,56646300,56646300.0,8.312,1342968000,54921000,886000.0,6277000,23.708,707796000
38,PALM,ARQ,2000-12-31,2001-01-12,2000-12-01,2019-10-15,31000,1452971000,,1087282000,365689000,,19.624,-19034000.0,742888000,742888000,333427000.0,20259000.0,3.33,0.308,0,0,0,0,12826000,10736000.0,0,0.0,0.0,37516000.0,48252000.0,0.092,48252000.0,37516000.0,37516000.0,0.4,0.4,0.4,1110640000,,1110640000,14869894948.0,135.0,112.186,31861000.0,0.563,1.0,188765000.0,0.361,92961000,0.0,290610000,,33787000,231098000,0,231098000,342331000,326512000,15819000,15612782948.0,39715000.0,0.0,19100000.0,1295000.0,0.0,19235000.0,-30415000.0,-13561000.0,50895000.0,0.0,20259000.0,20259000.0,20259000.0,0.0,0.0,0.039,163993000.0,24772000.0,186849000,0.0,14.057,256.267,229.688,41630000,0.0,275.625,10.101,10.092,246379000,49971000.0,522192000.0,522192000.0,40993000.0,,,,,15179000.0,114694000.0,1.0,56645018,56594600,57159400.0,9.227,1360010000,48397000,17257000.0,2993000,24.031,760770000
39,PALM,ARQ,2000-09-30,2000-10-12,2000-09-01,2019-10-15,-85000,1380990000,,1257983000,123007000,,18.715,-12084000.0,703173000,703173000,247513000.0,17275000.0,4.109,0.306,0,0,0,0,12176000,7893000.0,0,0.0,0.0,31992000.0,39885000.0,0.099,39885000.0,31992000.0,31992000.0,0.3,0.3,0.3,1057681000,,1057681000,25858290471.0,,,-67221000.0,-1.189,1.0,153463000.0,0.383,97981000,0.0,273688000,,31666000,224417000,224417000,0,323309000,306148000,17161000,26561463471.0,-358955000.0,-67023000.0,3178000.0,-1295000.0,0.0,1886000.0,-305704000.0,-224417000.0,-55137000.0,0.0,17275000.0,17275000.0,17275000.0,0.0,0.0,0.043,134715000.0,18748000.0,170461000,0.0,25.113,,,25026000,0.0,469.375,,,221357000,29712000.0,400976000.0,400976000.0,30320000.0,,,,,1548000.0,96492000.0,1.0,56589003,56514900,56809500.0,7.095,1283009000,47704000,14717000.0,4985000,22.702,951835000
40,PALM,ARQ,2000-06-30,2000-08-16,2000-06-02,2019-10-15,-210000,1282676000,,1252958000,29718000,,18.282,-2968000.0,1062128000,1062128000,213262000.0,12437000.0,5.21,0.246,0,0,0,0,13006000,1307000.0,0,0.0,0.0,21069000.0,22376000.0,0.064,22376000.0,21069000.0,21069000.0,0.3,0.3,0.3,1029188000,,1029188000,18006383320.0,231.0,209.953,81111000.0,1.441,1.0,136983000.0,0.391,14330000,0.0,-34264000,,24057000,0,0,0,253488000,240482000,13006000,19068511320.0,1022123000.0,-1648000.0,1172525000.0,-97000.0,0.0,942660000.0,-4616000.0,0.0,84079000.0,0.0,12437000.0,12437000.0,12437000.0,0.0,0.0,0.036,131646000.0,5337000.0,123106000,0.0,18.528,415.345,375.0,13013000,0.0,337.5,18.03,17.224,122276000,12437000.0,350245000.0,350245000.0,25767000.0,,,,,0.0,98292000.0,1.0,56499293,56295600,56340400.0,6.222,1268346000,37282000,8632000.0,0,22.53,1012476000
41,PALM,ARQ,2000-03-31,2000-04-10,2000-02-25,2019-10-15,-155000,238544000,,212503000,26041000,,-1.495,-1708000.0,40005000,40005000,153479000.0,10953000.0,0.669,-3.999,545000,162000,383000,545000,0,2249000.0,0,0.0,0.0,19785000.0,22034000.0,0.081,22034000.0,19785000.0,19785000.0,0.2,0.2,0.2,-79532000,,-79532000,22751760240.0,,,-23200000.0,-0.436,1.0,118813000.0,0.436,13550000,0.0,-132159000,,29774000,0,0,0,318076000,317693000,383000,22791220240.0,10437000.0,0.0,0.0,-805000.0,0.0,33044000.0,-1115000.0,0.0,-21492000.0,0.0,10953000.0,10953000.0,10953000.0,0.0,0.0,0.04,99446000.0,19367000.0,214806000,0.0,-286.567,,,10553000,0.0,403.75,,,114320000,,272292000.0,272292000.0,21450000.0,,,,,0.0,69793000.0,1.0,56448843,53200000,53200000.0,5.118,224994000,28650000,8832000.0,0,4.229,-105190000
42,PALM,ARQ,1999-12-31,2000-03-01,1999-11-26,2019-10-15,36000,247369000,,224308000,23061000,,0.47,,29568000,29568000,,,1.017,8.359,585000,190000,395000,585000,0,,0,,0.0,,,,,,,,,,26431000,,26431000,,,,,,1.0,,,12733000,,-14890000,,36695000,0,0,0,220938000,220543000,395000,,,,,,,,,,,,,,,,,,,,129521000,,,,,10276000,,,,,129726000,,,,,,,,,,,1.0,56225807,56225807,,,234636000,26189000,,0,4.173,3765000
0,PALM,ART,2010-03-31,2010-04-02,2010-02-28,2019-10-15,1729000,1007237000,942836750.0,742849000,264388000,0.618,-1.775,-23017000.0,376282000,376282000,513094000.0,-353071000.0,1.236,-4.381,391000000,4000000,387000000,391000000,50534000,31506000.0,0,0.0,0.0,-336952000.0,-305446000.0,-0.524,-305446000.0,-336952000.0,-355383000.0,-2.43,-2.43,-2.43,-297926000,-472532500.0,-297926000,672862676.0,-2.0,-2.203,-124347000.0,-0.741,1.0,69724000.0,0.12,207484000,18431000.0,213338000,274748000.0,30619000,229080000,215634000,13446000,1305163000,601133000,704030000,658144676.0,245515000.0,0.0,498710000.0,-7020000.0,-450000.0,490641000.0,-145316000.0,-122299000.0,-101330000.0,1520000.0,-353071000.0,-376861000.0,-376861000.0,0.0,0.0,-0.647,512787000.0,-443063000.0,189335000,0.0,-2.209,-1.746,-1.605,32944000,23790000.0,3.9,1.129,1.123,104025000,-1542720000.0,582818000.0,582818000.0,183528000.0,-0.4,0.798,-1.226,-0.578,27795000.0,323887000.0,1.0,168755045,167892000,167892000.0,3.471,799753000,302000,-2312000.0,6286000,4.763,141716000
1,PALM,ART,2009-12-31,2009-12-23,2009-11-30,2019-10-15,9126000,1326923000,855136250.0,909101000,417822000,0.378,-2.757,-20441000.0,263477000,263477000,296537000.0,-429565000.0,1.072,-4.02,392000000,4000000,388000000,392000000,550784000,30385000.0,0,0.0,0.0,-411360000.0,-380975000.0,-1.178,-380975000.0,-411360000.0,-431214000.0,-3.19,-3.19,-3.19,-439391000,-504472750.0,-439391000,1943557269.0,-5.0,-5.102,-213375000.0,-1.339,1.0,26977000.0,0.083,210068000,19854000.0,397309000,311512500.0,38759000,347128000,326532000,20596000,1766314000,848069000,918245000,1815034269.0,119872000.0,0.0,495271000.0,-11662000.0,-585000.0,581722000.0,-271236000.0,-250795000.0,-192934000.0,2320000.0,-429565000.0,-452841000.0,-452841000.0,0.0,0.0,-1.4,454373000.0,-427396000.0,165304000,0.0,-4.131,-4.008,-3.395,32786000,23276000.0,10.83,5.61,5.336,72352000,-1684760000.0,323514000.0,323514000.0,174987000.0,-0.53,0.898,-1.321,-1.272,28132000.0,259964000.0,1.0,167593192,159398000,159398000.0,2.03,1116855000,322000,-1649000.0,6286000,7.007,61032000
2,PALM,ART,2009-09-30,2009-09-17,2009-08-31,2019-10-15,1755000,793951000,688637000.0,433663000,360288000,0.635,-5.241,-16184000.0,109993000,109993000,377385000.0,-853806000.0,0.617,-2.074,393000000,4000000,389000000,393000000,326190000,30124000.0,0,0.0,0.0,-423848000.0,-393724000.0,-0.901,-393724000.0,-423848000.0,-446842000.0,-7.29,-7.29,-7.29,-738948000,-497393250.0,-738948000,2338244648.0,-6.0,-5.939,-246168000.0,-1.746,1.0,59634000.0,0.136,212651000,22994000.0,161185000,282511000.0,27824000,115341000,101789000,13552000,1532899000,703122000,829777000,2055237648.0,-57336000.0,0.0,128309000.0,-11315000.0,-619000.0,214280000.0,-40909000.0,-24725000.0,-229984000.0,-723000.0,-853806000.0,-876062000.0,-876062000.0,0.0,0.0,-2.005,430082000.0,-370448000.0,98487000,0.0,-2.781,-2.346,-1.981,31007000,22256000.0,14.44,4.703,4.659,76617000,-1602831000.0,437019000.0,437019000.0,172127000.0,-1.272,1.761,-1.5,-0.97,28312000.0,230787000.0,1.0,142329477,141003000,141003000.0,3.099,581300000,455000,406964000.0,5900000,4.123,-269459000
3,PALM,ART,2009-06-30,2009-07-24,2009-05-31,2019-10-15,1018000,643236000,778307500.0,353579000,289657000,0.945,-3.576,-13452000.0,152400000,152400000,576113000.0,-732188000.0,1.033,-2.554,394000000,4000000,390000000,394000000,31506000,31811000.0,0,0.0,0.0,-302624000.0,-270813000.0,-0.368,-270813000.0,-302624000.0,-327923000.0,-6.51,-6.51,-6.51,-413865000,-291065750.0,-413865000,2270108958.0,-8.0,-8.383,-201964000.0,-1.745,1.0,159759000.0,0.217,215234000,25299000.0,327160000,430263000.0,19716000,118334000,102733000,15601000,1057101000,342442000,714659000,2028508958.0,-24518000.0,0.0,119585000.0,-14446000.0,-439000.0,204015000.0,-38119000.0,-24667000.0,-188512000.0,-1902000.0,-732188000.0,-753473000.0,-753473000.0,0.0,0.0,-1.024,424568000.0,-264809000.0,105628000,0.0,-4.901,-2.692,-2.223,31167000,21285000.0,14.47,2.757,2.276,66452000,-1269672000.0,735872000.0,735872000.0,177210000.0,-0.968,2.589,-0.703,-0.411,23711000.0,229975000.0,1.0,140187212,115725000,115725000.0,6.359,428002000,505000,404265000.0,6258000,3.698,11137000
4,PALM,ART,2009-03-31,2009-04-03,2009-02-28,2019-10-15,-642000,656435000,912564000.0,373182000,283253000,1.036,-3.851,-12948000.0,130767000,130767000,731020000.0,-681736000.0,1.09,-2.542,395000000,4000000,391000000,395000000,0,33414000.0,0,0.0,0.0,-260620000.0,-227206000.0,-0.24,-227206000.0,-260620000.0,-288516000.0,-6.33,-6.33,-6.33,-425687000,-159844500.0,-425687000,1562695305.0,-6.0,-6.878,-142567000.0,-1.29,1.0,214234000.0,0.227,217829000,27896000.0,360396000,539127500.0,15332000,107659000,88604000,19055000,1082122000,342443000,739679000,1298462305.0,-131929000.0,0.0,10989000.0,-13827000.0,-439000.0,96034000.0,-97055000.0,-84107000.0,-129619000.0,-1289000.0,-681736000.0,-691944000.0,-691944000.0,0.0,0.0,-0.732,457684000.0,-243450000.0,97312000,0.0,-3.05,-1.877,-1.488,32534000,10208000.0,9.42,1.374,1.101,52736000,-1178154000.0,945254000.0,945254000.0,187342000.0,-0.758,4.329,-0.483,-0.276,24751000.0,248550000.0,1.0,137841009,110529000,110529000.0,8.552,438606000,644000,393220000.0,8214000,3.968,30739000
5,PALM,ART,2008-12-31,2009-01-06,2008-11-30,2019-10-15,-2778000,660926000,1051809250.0,371558000,289368000,1.109,-3.747,-14459000.0,143605000,143605000,863600000.0,-641377000.0,0.903,-2.608,396000000,4000000,392000000,396000000,0,34902000.0,0,0.0,0.0,-231240000.0,-196338000.0,-0.168,-196338000.0,-231240000.0,-262027000.0,-5.97,-5.97,-5.97,-411073000,-16958500.0,-411073000,647387215.0,-3.0,-3.297,-60536000.0,-0.552,1.0,303174000.0,0.26,220446000,30787000.0,281303000,625229000.0,28517000,101528000,80365000,21163000,1071999000,411572000,660427000,394992215.0,-66000.0,0.0,10549000.0,-9480000.0,-462000.0,-3219000.0,50824000.0,66783000.0,-46077000.0,-1594000.0,-641377000.0,-650938000.0,-650938000.0,0.0,0.0,-0.558,481431000.0,-178257000.0,134647000,0.0,-0.961,-0.607,-0.598,33218000,9561000.0,3.57,0.339,0.336,98230000,-1083131000.0,1166774000.0,1166774000.0,193109000.0,-0.619,38.384,-0.37,-0.198,28936000.0,264814000.0,1.0,110642077,109698000,109698000.0,10.636,440480000,711000,379350000.0,8577000,4.015,-40014000
6,PALM,ART,2008-09-30,2008-10-03,2008-08-31,2019-10-15,-4199000,1152633000,1210667000.0,520912000,631721000,1.094,0.797,-18844000.0,167329000,167329000,955991000.0,-144055000.0,1.28,12.347,397000000,4000000,393000000,397000000,0,36783000.0,0,1.531,9.0,-176163000.0,-139380000.0,-0.105,-139380000.0,-176163000.0,-203301000.0,-1.42,-1.42,-1.42,86362000,139253000.0,86362000,875076693.0,-5.0,-6.278,-58062000.0,-0.536,1.0,368798000.0,0.278,223063000,27138000.0,752193000,777235750.0,35182000,111620000,80982000,30638000,1066271000,407048000,659223000,645405693.0,-201493000.0,-495000.0,24410000.0,375887000.0,-949039000.0,-234887000.0,71613000.0,92452000.0,-39218000.0,999000.0,-144055000.0,-151972000.0,-151972000.0,0.0,0.0,-0.115,512154000.0,-143356000.0,153229000,-6.338,7.473,-4.247,-4.141,36871000,7917000.0,5.88,0.487,0.481,141620000,-576961000.0,1324789000.0,1324789000.0,198957000.0,-0.126,-1.091,-0.227,-0.133,35388000.0,287761000.0,1.0,109762873,108291000,108291000.0,12.234,929570000,408114000,-59246000.0,8382000,8.584,113864000
7,PALM,ART,2008-06-30,2008-07-25,2008-05-31,2019-10-15,-10745000,1180262000,1292938750.0,540086000,640176000,1.02,1.048,41447000.0,176918000,176918000,916810000.0,-105419000.0,1.313,9.631,398000000,4000000,394000000,398000000,0,36209000.0,0,1.568,9.0,-137831000.0,-101622000.0,-0.077,-101622000.0,-137831000.0,-158228000.0,-1.05,-1.05,-1.05,111020000,385895500.0,111020000,843554968.0,-6.0,-8.301,23909000.0,0.226,1.0,401881000.0,0.305,227380000,20397000.0,762618000,707990000.0,67461000,120394000,81830000,38564000,1069242000,411346000,657896000,622472968.0,48788000.0,-495000.0,28437000.0,378018000.0,-948949000.0,-227264000.0,291895000.0,252443000.0,-17538000.0,1695000.0,-105419000.0,-110935000.0,-110935000.0,0.0,0.0,-0.084,527926000.0,-126045000.0,161642000,-8.571,5.607,-5.611,-5.467,39636000,5516000.0,5.74,0.472,0.461,116430000,-537484000.0,1318691000.0,1318691000.0,202764000.0,-0.086,-0.287,-0.195,-0.105,32141000.0,290480000.0,1.0,108444768,105891000,105891000.0,12.453,952882000,400861000,-52809000.0,7215000,8.999,128740000
8,PALM,ART,2008-03-31,2008-04-07,2008-02-28,2019-10-15,-10649000,1213416000,1384873750.0,564511000,648905000,1.028,1.367,39768000.0,262696000,262696000,943066000.0,-49001000.0,1.369,7.319,399000000,4000000,395000000,399000000,0,35247000.0,0,1.63,9.0,-67601000.0,-32354000.0,-0.023,-32354000.0,-67601000.0,-80623000.0,-0.48,-0.48,-0.48,145857000,623743250.0,145857000,728070284.0,-11.0,-22.503,78644000.0,0.737,1.0,480764000.0,0.338,232425000,13022000.0,704802000,691134250.0,40880000,53519000,9258000,44261000,1067559000,412493000,655066000,591766284.0,80726000.0,-495000.0,35328000.0,371518000.0,-948769000.0,-224489000.0,266339000.0,228566000.0,38876000.0,0.0,-49001000.0,-52138000.0,-52138000.0,0.0,0.0,-0.037,547773000.0,-67009000.0,160642000,-18.75,4.057,-11.35,-11.5,38311000,3137000.0,5.52,0.416,0.414,158049000,-496418000.0,1423830000.0,1423830000.0,211928000.0,-0.038,-0.084,-0.098,-0.047,29848000.0,302384000.0,1.0,107204037,106707000,106707000.0,13.343,980991000,398116000,-31622000.0,18137000,9.193,152018000
9,PALM,ART,2007-12-31,2008-01-09,2007-11-30,2019-10-15,3379000,1296357000,1460333250.0,610665000,685692000,1.042,2.03,40205000.0,143671000,143671000,983255000.0,17420000.0,1.425,5.064,400000000,4000000,396000000,400000000,0,33412000.0,0,1.651,9.0,9219000.0,42631000.0,0.028,42631000.0,9219000.0,5029000.0,0.17,0.16,0.17,213773000,844428500.0,213773000,839275797.0,91.0,19.687,170948000.0,1.623,1.0,538960000.0,0.354,234928000,4190000.0,889330000,666535500.0,49776000,233151000,149300000,83851000,1082584000,428428000,654156000,582946797.0,-8744000.0,-19495000.0,38922000.0,337541000.0,-948611000.0,-249617000.0,110130000.0,133420000.0,130743000.0,0.0,17420000.0,16640000.0,16640000.0,0.0,0.0,0.011,556386000.0,-17426000.0,167639000,52.941,2.727,35.033,32.059,40700000,780000.0,5.45,0.383,0.377,172239000,-441754000.0,1522215000.0,1522215000.0,213994000.0,0.011,0.02,0.014,0.006,24167000.0,318165000.0,1.0,106962715,105296000,105296000.0,14.457,1061429000,389395000,-12391000.0,20862000,10.08,182237000
10,PALM,ART,2007-09-30,2007-10-09,2007-08-31,2019-10-15,1623000,1481720000,1511879500.0,930021000,551699000,1.035,10.317,39166000.0,368822000,368822000,991217000.0,39039000.0,2.334,0.381,0,0,0,0,0,27207000.0,0,0.0,0.0,66695000.0,93902000.0,0.06,93902000.0,66695000.0,66542000.0,0.38,0.37,0.38,1072932000,1042298250.0,1072932000,1301361686.0,20.0,13.859,205675000.0,1.978,1.0,574276000.0,0.367,239228000,153000.0,475210000,620142500.0,34173000,259248000,259248000,0,408788000,398460000,10328000,1670183686.0,241257000.0,-19000000.0,-4133000.0,-46207000.0,0.0,-44293000.0,119041000.0,142875000.0,166509000.0,0.0,39039000.0,39039000.0,39039000.0,0.0,0.0,0.025,532129000.0,42147000.0,167962000,0.0,1.557,42.782,41.921,38450000,0.0,15.93,1.067,1.058,178998000,-432906000.0,1565493000.0,1565493000.0,202723000.0,0.026,0.037,0.108,0.043,16662000.0,315946000.0,1.0,104845178,103998000,103998000.0,15.053,1242492000,348347000,27503000.0,9305000,11.947,531561000
11,PALM,ART,2007-06-30,2007-07-19,2007-05-31,2019-10-15,1643000,1548002000,1502152000.0,937647000,610355000,1.039,10.339,-24651000.0,128130000,128130000,985369000.0,56383000.0,1.949,0.457,0,0,0,0,0,21631000.0,0,0.0,0.0,92427000.0,114058000.0,0.073,114058000.0,92427000.0,92427000.0,0.55,0.54,0.55,1062411000,1026426000.0,1062411000,1582567261.0,17.0,13.875,143540000.0,1.397,1.0,575138000.0,0.369,243654000,0.0,695195000,684024000.0,39168000,419886000,419886000,0,485591000,481023000,4568000,1710697261.0,14669000.0,-19000000.0,-9037000.0,-50816000.0,0.0,-54612000.0,-98910000.0,-11259000.0,168191000.0,0.0,56383000.0,56383000.0,56383000.0,0.0,0.0,0.036,505080000.0,70058000.0,196155000,0.0,1.61,30.341,29.891,96634000,0.0,16.44,1.096,1.083,204335000,-431698000.0,1560507000.0,1560507000.0,190952000.0,0.038,0.055,0.135,0.059,19014000.0,308447000.0,1.0,104057011,102757000,104442000.0,15.186,1304348000,403254000,36044000.0,62006000,12.694,456624000
12,PALM,ART,2007-03-31,2007-04-05,2007-02-28,2019-10-15,2045000,1515254000,1487032000.0,913003000,602251000,1.051,10.07,-22881000.0,181970000,181970000,990801000.0,68196000.0,1.908,0.473,0,0,0,0,0,17267000.0,0,0.0,0.0,96890000.0,114157000.0,0.073,114157000.0,96890000.0,96890000.0,0.65,0.63,0.65,1028598000,1006799500.0,1028598000,1640769347.0,17.0,14.373,74315000.0,0.728,1.0,571548000.0,0.366,248464000,0.0,606407000,690142250.0,37505000,324724000,324724000,0,486656000,478413000,8243000,1822739347.0,50327000.0,-19000000.0,-6291000.0,-43044000.0,0.0,-46286000.0,-583000.0,85298000.0,97196000.0,0.0,68196000.0,68196000.0,68196000.0,0.0,0.0,0.044,495157000.0,76391000.0,198616000,0.0,1.772,26.728,27.108,94914000,0.0,17.62,1.167,1.152,213881000,-447050000.0,1562349000.0,1562349000.0,171466000.0,0.046,0.068,0.14,0.062,9969000.0,295737000.0,1.0,103447182,102142000,103711000.0,15.296,1266790000,400600000,28694000.0,55336000,12.402,434590000
13,PALM,ART,2006-12-31,2007-01-09,2006-11-30,2019-10-15,1640000,1502542000,1459968250.0,984627000,517915000,1.055,9.823,-21507000.0,152415000,152415000,989480000.0,86378000.0,2.014,0.495,35000000,35000000,0,35000000,0,15127000.0,0,0.0,0.0,111292000.0,126419000.0,0.082,126419000.0,111292000.0,111292000.0,0.83,0.8,0.83,1005252000,984024750.0,1005252000,1303617039.0,12.0,10.312,83572000.0,0.817,1.0,550880000.0,0.358,192455000,0.0,703758000,703934500.0,38859000,368868000,368868000,0,497290000,488914000,8376000,1421032039.0,-28935000.0,0.0,1981000.0,-7772000.0,0.0,-4025000.0,-129989000.0,-108482000.0,105079000.0,0.0,86378000.0,86378000.0,86378000.0,0.0,0.0,0.056,458312000.0,92568000.0,192340000,0.0,1.414,16.451,16.771,93623000,0.0,13.92,0.923,0.925,247440000,-458807000.0,1540360000.0,1540360000.0,158993000.0,0.059,0.088,0.158,0.072,11384000.0,274614000.0,1.0,102085635,102332000,104056000.0,15.053,1310087000,391908000,24914000.0,45862000,12.802,495713000
14,PALM,ART,2006-09-30,2006-10-05,2006-08-31,2019-10-15,717000,1442810000,1427530500.0,896673000,546137000,1.115,9.768,-17974000.0,127565000,127565000,1044338000.0,334496000.0,2.101,0.429,35000000,35000000,0,35000000,0,17934000.0,0,0.0,0.0,125481000.0,143415000.0,0.09,143415000.0,125481000.0,125481000.0,3.315,3.19,3.315,1009443000,954956500.0,1009443000,1430284451.0,11.0,9.973,91477000.0,0.885,1.0,547744000.0,0.344,192795000,0.0,730736000,677441500.0,51875000,404232000,404232000,0,433367000,426714000,6653000,1522849451.0,-20032000.0,0.0,32019000.0,-7500000.0,0.0,25088000.0,-154571000.0,-136597000.0,109451000.0,0.0,334496000.0,334496000.0,334496000.0,0.0,0.0,0.21,437334000.0,110410000.0,147327000,0.0,1.509,4.553,4.419,85952000,0.0,14.65,0.957,0.951,168130000,-471578000.0,1592082000.0,1592082000.0,147838000.0,0.234,0.35,0.185,0.079,6105000.0,261105000.0,1.0,103948768,103347000,104590000.0,15.405,1250015000,401022000,-209015000.0,48576000,12.095,469959000
15,PALM,ART,2006-06-30,2006-07-28,2006-05-31,2019-10-15,-684000,1487522000,1314515000.0,949999000,537523000,1.201,9.759,-18944000.0,113461000,113461000,1057695000.0,336170000.0,1.911,0.512,35000000,35000000,0,35000000,0,21470000.0,0,0.0,0.0,116647000.0,138117000.0,0.087,138117000.0,116647000.0,116647000.0,3.33,3.19,3.33,983905000,854339750.0,983905000,1482208645.0,13.0,10.732,119256000.0,1.183,1.0,520814000.0,0.33,192321000,0.0,719668000,561232500.0,58010000,409400000,409400000,0,503617000,497072000,6545000,1560669645.0,-14703000.0,0.0,38558000.0,0.0,0.0,38558000.0,-191461000.0,-172517000.0,138200000.0,0.0,336170000.0,336170000.0,336170000.0,0.0,0.0,0.213,415503000.0,105311000.0,184501000,0.0,1.586,4.643,4.529,82990000,0.0,15.08,0.989,0.963,204337000,-488081000.0,1578509000.0,1578509000.0,135959000.0,0.256,0.393,0.208,0.074,0.0,248619000.0,1.0,103492682,100818000,105745000.0,15.657,1295201000,414567000,-219523000.0,50021000,12.847,452927000
16,PALM,ART,2006-03-31,2006-04-11,2006-02-28,2019-10-15,-37000,1406999000,1180142500.0,804152000,602847000,1.281,9.272,-21653000.0,131643000,131643000,1038775000.0,326734000.0,1.763,0.501,35000000,35000000,0,35000000,0,24253000.0,0,0.0,0.0,109021000.0,133274000.0,0.088,133274000.0,109021000.0,109021000.0,3.27,3.135,3.27,937499000,753619250.0,937499000,2298566595.0,21.0,17.247,181128000.0,1.791,1.0,472418000.0,0.313,192661000,0.0,661576000,445211000.0,51065000,410343000,409568000,775000,469500000,456119000,13381000,2395209595.0,25262000.0,0.0,29337000.0,-1600000.0,0.0,27737000.0,-205256000.0,-176103000.0,202781000.0,0.0,326734000.0,326734000.0,326734000.0,0.0,0.0,0.216,371598000.0,100820000.0,156525000,0.0,2.555,7.331,7.113,82550000,0.0,23.26,1.585,1.556,119078000,-515246000.0,1511193000.0,1511193000.0,125675000.0,0.277,0.434,0.245,0.072,5843000.0,236745000.0,1.0,102975477,101109000,105972000.0,14.946,1214338000,407844000,-217713000.0,49633000,12.01,348033000
17,PALM,ART,2005-12-31,2006-01-10,2005-11-30,2019-10-15,363000,1372791000,1059915750.0,769974000,602817000,1.328,8.876,-19364000.0,181350000,181350000,977686000.0,301168000.0,1.767,0.544,35000000,0,35000000,35000000,0,25055000.0,0,0.0,0.0,83149000.0,108204000.0,0.077,108204000.0,83149000.0,83149000.0,3.015,2.9,3.015,888979000,658665500.0,888979000,1619353537.0,19.0,14.966,113743000.0,1.136,1.0,430232000.0,0.306,193001000,0.0,597786000,346168750.0,30995000,261483000,260708000,775000,483812000,435654000,48158000,1765703537.0,49704000.0,0.0,19405000.0,-1600000.0,0.0,17805000.0,-101208000.0,-74344000.0,133107000.0,0.0,301168000.0,301168000.0,301168000.0,0.0,0.0,0.214,353083000.0,77149000.0,168878000,0.0,1.986,5.863,5.806,82842000,0.0,17.504,1.254,1.245,203509000,-545185000.0,1407918000.0,1407918000.0,110939000.0,0.284,0.457,0.24,0.059,0.0,227571000.0,1.0,100874288,100152000,104096000.0,14.058,1179790000,404763000,-218019000.0,52979000,11.78,334320000
18,PALM,ART,2005-09-30,2005-10-07,2005-08-31,2019-10-15,578000,990748000,955368250.0,593145000,397603000,1.402,6.115,-19425000.0,147597000,147597000,935476000.0,64970000.0,1.766,0.632,35000000,0,35000000,35000000,0,25200000.0,0,0.0,0.0,77497000.0,102697000.0,0.077,102697000.0,77497000.0,77497000.0,0.665,0.63,0.665,606976000,574052750.0,606976000,1298224596.0,17.0,12.641,110760000.0,1.116,1.0,403989000.0,0.302,276414000,0.0,265900000,228023750.0,38268000,269895000,269120000,775000,383772000,335837000,47935000,1410821596.0,41131000.0,0.0,19211000.0,-1600000.0,0.0,17611000.0,-106665000.0,-79740000.0,130185000.0,0.0,64970000.0,64970000.0,64970000.0,0.0,0.0,0.049,331232000.0,72757000.0,138996000,0.0,2.324,21.715,21.143,82088000,0.0,14.06,1.053,1.042,128491000,-806074000.0,1339465000.0,1339465000.0,100202000.0,0.068,0.113,0.34,0.058,0.0,217956000.0,1.0,100342930,99254000,103614000.0,13.495,714334000,36794000,12527000.0,0,7.197,257308000
19,PALM,ART,2005-06-30,2005-07-29,2005-05-31,2019-10-15,712000,950032000,916713250.0,552812000,397220000,1.386,5.992,-15279000.0,128164000,128164000,879435000.0,66387000.0,1.718,0.635,35000000,0,35000000,35000000,0,25379000.0,0,0.0,0.0,80531000.0,105910000.0,0.083,105910000.0,80531000.0,80531000.0,0.685,0.645,0.685,581023000,552494750.0,581023000,1325458397.0,16.0,12.515,97769000.0,1.008,1.0,390975000.0,0.308,279534000,0.0,255582000,190857000.0,35544000,241492000,240717000,775000,369009000,321752000,47257000,1418622397.0,29595000.0,0.0,20853000.0,-1600000.0,0.0,19253000.0,-102706000.0,-79927000.0,113048000.0,0.0,66387000.0,66387000.0,66387000.0,0.0,0.0,0.052,313447000.0,77528000.0,135720000,0.0,2.442,21.369,20.832,19158000,0.0,14.27,1.117,1.089,140162000,-824251000.0,1270410000.0,1270410000.0,89804000.0,0.072,0.12,0.422,0.063,0.0,211104000.0,1.0,99412922,96972000,102580000.0,13.101,670498000,36217000,14144000.0,0,6.914,231060000
20,PALM,ART,2005-03-31,2005-04-05,2005-02-28,2019-10-15,839000,926092000,876189750.0,555675000,370417000,1.372,5.72,-10859000.0,106381000,106381000,830713000.0,61995000.0,1.672,0.661,35000000,0,35000000,35000000,0,26488000.0,0,0.0,0.0,75373000.0,101861000.0,0.085,101861000.0,75373000.0,75373000.0,0.7,0.67,0.7,557684000,530122500.0,557684000,1142243914.0,15.0,11.214,72056000.0,0.739,1.0,371223000.0,0.309,257046000,0.0,265407000,149892250.0,45620000,236933000,236158000,775000,368408000,332258000,36150000,1213624914.0,20331000.0,0.0,24147000.0,0.0,0.0,24147000.0,-86731000.0,-75872000.0,82915000.0,0.0,61995000.0,61995000.0,61995000.0,0.0,0.0,0.052,296623000.0,74600000.0,150567000,0.0,2.176,19.576,17.657,16632000,0.0,12.36,1.01,1.003,158540000,-841980000.0,1201936000.0,1201936000.0,80145000.0,0.071,0.117,0.503,0.063,0.0,202826000.0,1.0,98189718,97502000,102882000.0,12.327,669046000,35400000,13378000.0,0,6.862,223417000
21,PALM,ART,2004-12-31,2005-01-04,2004-11-30,2019-10-15,1062000,954601000,838133000.0,578355000,376246000,1.383,5.69,-9930000.0,236146000,236146000,806109000.0,48300000.0,1.573,0.734,35000000,0,35000000,35000000,0,31391000.0,0,0.0,0.0,61390000.0,92781000.0,0.08,92781000.0,61390000.0,61390000.0,0.555,0.525,0.555,550528000,508209500.0,550528000,1267523297.0,21.0,13.661,72151000.0,0.746,1.0,353047000.0,0.305,260476000,0.0,125206000,104287500.0,29119000,84468000,83693000,775000,404073000,367773000,36300000,1468669297.0,17951000.0,0.0,22026000.0,0.0,0.0,22026000.0,-86156000.0,-76226000.0,82081000.0,0.0,48300000.0,48300000.0,48300000.0,0.0,0.0,0.042,290739000.0,62308000.0,184548000,0.0,2.668,30.407,27.126,18620000,0.0,15.055,1.267,1.257,219427000,-846353000.0,1159156000.0,1159156000.0,76566000.0,0.058,0.095,0.589,0.053,0.0,196771000.0,1.0,97553590,96762000,102884000.0,11.979,694125000,34800000,13090000.0,0,7.174,210582000
22,PALM,ART,2004-09-30,2004-10-01,2004-08-31,2019-10-15,883000,836128000,805405250.0,457409000,378719000,1.309,5.467,-6553000.0,210966000,210966000,737370000.0,19491000.0,1.64,0.606,35000000,0,35000000,35000000,0,31497000.0,0,0.0,0.0,27837000.0,59334000.0,0.056,59334000.0,27837000.0,27837000.0,0.245,0.23,0.245,520744000,490114750.0,520744000,1381437494.0,50.0,23.282,24323000.0,0.255,1.0,316821000.0,0.301,263995000,0.0,117233000,87616750.0,19152000,87243000,86468000,775000,315384000,278934000,36450000,1557403494.0,-18409000.0,6414000.0,27217000.0,0.0,0.0,27217000.0,-76502000.0,-76363000.0,30876000.0,0.0,19491000.0,19491000.0,19491000.0,6750000.0,0.0,0.018,282313000.0,34508000.0,128331000,0.0,2.991,79.904,65.796,17495000,0.0,16.12,1.477,1.457,133309000,-871044000.0,1054191000.0,1054191000.0,71107000.0,0.024,0.04,0.318,0.026,0.0,193475000.0,1.0,96613120,95258000,102010000.0,11.067,572133000,34800000,8346000.0,0,6.006,178475000
23,PALM,ART,2004-06-30,2004-08-05,2004-05-31,2019-10-15,490000,787938000,741044750.0,402502000,385436000,1.282,6.193,-5776000.0,203069000,203069000,676791000.0,-21849000.0,1.549,0.603,35000000,0,35000000,35000000,0,31528000.0,0,0.0,0.0,-15758000.0,15770000.0,0.017,15770000.0,-15758000.0,-15758000.0,-0.275,-0.275,-0.275,491534000,422750750.0,491534000,1699080321.0,-108.0,107.741,-18834000.0,-0.237,1.0,272863000.0,0.287,268342000,0.0,91723000,75866000.0,14030000,57754000,56579000,1175000,296404000,259804000,36600000,1867149321.0,-1898000.0,10114000.0,56447000.0,0.0,0.0,56447000.0,-45287000.0,-49625000.0,-13058000.0,0.0,-21849000.0,-21849000.0,-21849000.0,11634000.0,0.0,-0.023,276943000.0,-4080000.0,112772000,0.0,3.799,-85.457,-70.655,19425000,0.0,19.43,1.966,1.624,120757000,-890638000.0,949654000.0,949654000.0,69367000.0,-0.029,-0.052,-0.208,-0.017,0.0,189393000.0,1.0,96096208,79372000,79372000.0,11.965,519596000,34800000,6091000.0,0,6.546,142698000
24,PALM,ART,2004-03-31,2004-04-06,2004-02-28,2019-10-15,1199000,773865000,688216750.0,385906000,387959000,1.332,5.101,-5996000.0,190550000,190550000,637480000.0,-50207000.0,1.445,0.646,35000000,0,35000000,35000000,0,32939000.0,0,0.0,0.0,-43957000.0,-11018000.0,-0.012,-11018000.0,-43957000.0,-43957000.0,-0.775,-0.775,-0.775,470032000,358813750.0,470032000,847722229.0,-19.0,-76.94,-46354000.0,-0.503,1.0,279413000.0,0.305,268244000,0.0,82988000,72207000.0,27042000,57233000,56458000,775000,303833000,267083000,36750000,1003272229.0,-31392000.0,10114000.0,49374000.0,0.0,0.0,48873000.0,-39907000.0,-44025000.0,-40358000.0,0.0,-50207000.0,-50207000.0,-50207000.0,6750000.0,0.0,-0.055,317764000.0,-38351000.0,111033000,0.0,2.134,-19.983,-13.89,22809000,0.0,10.765,1.094,1.082,101452000,-903975000.0,916893000.0,916893000.0,87960000.0,-0.073,-0.14,-0.609,-0.048,0.0,205992000.0,1.0,93197606,92146000,92146000.0,9.95,505621000,34800000,6250000.0,0,5.487,118823000
25,PALM,ART,2003-12-31,2004-01-12,2003-11-30,2019-10-15,1404000,823690000,645914750.0,425133000,398557000,1.368,6.515,-7131000.0,218195000,218195000,608985000.0,-213221000.0,1.377,0.723,35000000,0,35000000,35000000,0,31491000.0,0,0.0,0.0,-206544000.0,-175053000.0,-0.198,-175053000.0,-206544000.0,-206544000.0,-3.64,-3.64,-3.64,478149000,302994750.0,478149000,389199050.0,-2.0,-2.223,-74043000.0,-1.009,1.0,274439000.0,0.311,273331000,0.0,58523000,69630000.0,36336000,9113000,7297000,1816000,345541000,308641000,36900000,572394050.0,6392000.0,10114000.0,48893000.0,0.0,0.0,48773000.0,24531000.0,21548000.0,-66912000.0,0.0,-213221000.0,-213221000.0,-213221000.0,6750000.0,0.0,-0.241,472644000.0,-198205000.0,131010000,0.0,1.197,-2.685,-1.705,27190000,0.0,6.205,0.648,0.515,152987000,-894653000.0,883424000.0,883424000.0,94329000.0,-0.33,-0.704,-2.966,-0.234,0.0,218573000.0,1.0,92247228,73392000,77486000.0,12.037,550359000,34800000,6677000.0,0,7.499,116492000
26,PALM,ART,2003-09-30,2003-10-14,2003-08-31,2019-10-15,883000,578686000,639751500.0,376040000,202646000,1.371,4.281,-8549000.0,266840000,266840000,589268000.0,-205583000.0,1.69,1.221,50000000,0,50000000,50000000,13779000,34774000.0,0,0.0,0.0,-199266000.0,-164492000.0,-0.188,-164492000.0,-199266000.0,-199266000.0,-3.525,-3.525,-3.525,251288000,288115000.0,251288000,632178935.0,-3.0,-3.843,-59479000.0,-1.013,1.0,287845000.0,0.328,69161000,0.0,70230000,118062000.0,24048000,5383000,0,5383000,306816000,222455000,84361000,849018935.0,28492000.0,3700000.0,40526000.0,0.0,0.0,60386000.0,19036000.0,23885000.0,-50930000.0,0.0,-205583000.0,-205583000.0,-205583000.0,0.0,0.0,-0.234,488269000.0,-200424000.0,68437000,0.0,3.379,-4.13,-3.787,30797000,0.0,13.35,0.968,0.893,76631000,-890535000.0,877113000.0,877113000.0,106482000.0,-0.321,-0.714,-1.688,-0.227,0.0,222757000.0,1.0,63596924,58698000,58698000.0,14.943,509525000,34800000,6317000.0,0,8.68,153585000
27,PALM,ART,2003-06-30,2003-09-26,2003-05-31,2019-10-15,1235000,576626000,678478750.0,371023000,205603000,1.285,4.056,-11369000.0,242432000,242432000,591329000.0,-442582000.0,1.563,1.361,50000000,0,50000000,50000000,13494000,37605000.0,0,0.0,0.0,-217584000.0,-179979000.0,-0.206,-179979000.0,-217584000.0,-217584000.0,-7.615,-7.615,-7.615,235786000,333504000.0,235786000,370158106.0,-2.0,-2.057,-75269000.0,-1.295,1.0,280617000.0,0.322,69761000,0.0,77087000,159536500.0,22748000,2619000,0,2619000,320840000,237346000,83494000,562590106.0,-36115000.0,0.0,2477000.0,0.0,0.0,22477000.0,5308000.0,16677000.0,-63900000.0,0.0,-442582000.0,-442582000.0,-442582000.0,0.0,0.0,-0.508,496072000.0,-215455000.0,83037000,0.0,2.386,-1.271,-1.261,34622000,0.0,9.6,0.645,0.64,97437000,-868789000.0,871946000.0,871946000.0,110611000.0,-0.652,-1.327,-1.364,-0.25,0.0,228082000.0,1.0,58603136,58138000,58138000.0,14.998,506865000,34800000,224998000.0,0,8.718,133677000
28,PALM,ART,2003-06-30,2003-08-29,2003-05-31,2019-10-15,1235000,576626000,678478750.0,371023000,205603000,1.285,4.056,-11369000.0,242432000,242432000,591329000.0,-442582000.0,1.563,1.361,50000000,0,50000000,50000000,13494000,37605000.0,0,0.0,0.0,-217584000.0,-179979000.0,-0.206,-179979000.0,-217584000.0,-217584000.0,-7.615,-7.615,-7.615,235786000,333504000.0,235786000,342907647.0,-2.0,-1.905,-75269000.0,-1.295,1.0,280617000.0,0.322,69761000,0.0,77087000,159536500.0,22748000,2619000,0,2619000,320840000,237346000,83494000,535339647.0,-36115000.0,0.0,2477000.0,0.0,0.0,22477000.0,5308000.0,16677000.0,-63900000.0,0.0,-442582000.0,-442582000.0,-442582000.0,0.0,0.0,-0.508,496072000.0,-215455000.0,83037000,0.0,2.27,-1.21,-1.2,34622000,0.0,9.135,0.614,0.609,97437000,-868789000.0,871946000.0,871946000.0,110611000.0,-0.652,-1.327,-1.364,-0.25,0.0,228082000.0,1.0,58603136,58138000,58138000.0,14.998,506865000,34800000,224998000.0,0,8.718,133677000
29,PALM,ART,2003-03-31,2003-04-14,2003-02-28,2019-10-15,-788000,604657000,781596250.0,388717000,215940000,1.125,4.242,-9983000.0,259407000,259407000,576392000.0,-455038000.0,1.54,1.369,50000000,0,50000000,50000000,15513000,38970000.0,0,0.0,0.0,-231628000.0,-192658000.0,-0.219,-192658000.0,-231628000.0,-231628000.0,-7.805,-7.805,-7.805,246756000,447269500.0,246756000,62858393.0,0.0,-0.326,-42184000.0,-0.725,1.0,303079000.0,0.345,70182000,0.0,72680000,252560000.0,23293000,7682000,5063000,2619000,337901000,252388000,85513000,272265393.0,-26238000.0,0.0,2796000.0,0.0,0.0,23853000.0,-17890000.0,-7907000.0,-32201000.0,0.0,-455038000.0,-455038000.0,-455038000.0,0.0,0.0,-0.517,530782000.0,-227703000.0,81701000,0.0,1.103,-0.598,-0.6,100945000,0.0,4.68,0.31,0.31,91205000,-853768000.0,879471000.0,879471000.0,112982000.0,-0.582,-1.017,-0.917,-0.263,1122000.0,241506000.0,1.0,58176366,58164000,58164000.0,15.121,534475000,34800000,223410000.0,0,9.189,136329000
30,PALM,ART,2002-12-31,2003-01-10,2002-11-29,2019-10-15,-336000,799037000,890380750.0,473155000,325882000,1.082,7.206,-10025000.0,249268000,249268000,611994000.0,-279754000.0,1.731,0.861,50000000,0,50000000,50000000,17030000,39905000.0,0,0.0,0.0,-57017000.0,-17112000.0,-0.018,-17112000.0,-57017000.0,-57017000.0,-4.74,-4.74,-4.74,418630000,564378250.0,418630000,322062977.0,-6.0,-18.821,-41578000.0,-0.716,1.0,351112000.0,0.365,74141000,0.0,252251000,348203750.0,38528000,25035000,22588000,2447000,360407000,273377000,87030000,521330977.0,7290000.0,43000.0,3668000.0,50000000.0,0.0,74360000.0,-35517000.0,-25535000.0,-31553000.0,0.0,-279754000.0,-279754000.0,-279754000.0,0.0,0.0,-0.29,406478000.0,-55366000.0,131605000,0.0,1.245,-1.864,-1.891,206213000,0.0,8.965,0.541,0.541,148061000,-681432000.0,963106000.0,963106000.0,120344000.0,-0.314,-0.496,-0.164,-0.059,2113000.0,252359000.0,1.0,58151810,58092000,58172000.0,16.579,724896000,34800000,222737000.0,0,12.478,199778000
31,PALM,ART,2002-09-30,2002-10-11,2002-08-30,2019-10-15,-332000,733595000,955011500.0,402260000,331335000,1.035,7.471,-9543000.0,238348000,238348000,620990000.0,-308482000.0,1.726,0.695,50000000,0,50000000,50000000,17641000,42184000.0,0,0.0,0.0,-98832000.0,-56648000.0,-0.057,-56648000.0,-98832000.0,-98832000.0,-5.2,-5.2,-5.2,432844000,632689000.0,432844000,211635969.0,-2.0,-3.736,-107098000.0,-1.849,1.0,367792000.0,0.372,76009000,0.0,236128000,382899000.0,45220000,30268000,27811000,2457000,300751000,233110000,67641000,399983969.0,-82885000.0,43000.0,3280000.0,50000000.0,0.0,53938000.0,-39268000.0,-29768000.0,-97555000.0,0.0,-308482000.0,-308482000.0,-308482000.0,0.0,0.0,-0.312,461082000.0,-93290000.0,88223000,0.0,0.924,-1.297,-1.327,210013000,0.0,6.9,0.405,0.404,76923000,-684952000.0,988782000.0,988782000.0,130937000.0,-0.323,-0.488,-0.258,-0.1,4142000.0,271360000.0,1.0,57968691,57935800,57935800.0,17.067,657586000,34800000,209650000.0,0,11.35,169150000
32,PALM,ART,2002-06-30,2002-07-30,2002-05-31,2019-10-15,95000,989096000,1038638750.0,478179000,510917000,0.992,12.061,-16169000.0,278547000,278547000,645377000.0,-82168000.0,2.052,0.432,50000000,0,50000000,50000000,15250000,42100000.0,0,0.0,0.0,-107905000.0,-65805000.0,-0.064,-65805000.0,-107905000.0,-107905000.0,-1.4,-1.4,-1.4,690848000,700279000.0,690848000,437511577.0,-4.0,-6.649,-269082000.0,-4.698,1.0,385454000.0,0.374,78370000,0.0,449181000,407382500.0,55004000,20296000,17970000,2326000,298248000,232998000,65250000,666058577.0,-235222000.0,43000.0,3288000.0,50000000.0,0.0,53613000.0,-35922000.0,-19796000.0,-252913000.0,0.0,-82168000.0,-82168000.0,-82168000.0,0.0,0.0,-0.08,494297000.0,-108843000.0,88909000,0.0,0.964,-8.106,-8.214,211556000,0.0,11.5,0.646,0.639,63551000,-426207000.0,1030831000.0,1030831000.0,141013000.0,-0.079,-0.117,-0.265,-0.105,5843000.0,292658000.0,1.0,57918137,57279600,57279600.0,17.996,910726000,254425000,-25737000.0,0,15.9,245181000
33,PALM,ART,2002-03-31,2002-04-15,2002-03-01,2019-10-15,-133000,1039795000,1115677500.0,513826000,525969000,0.863,12.4,-253888000.0,285645000,285645000,941722000.0,-446765000.0,1.923,0.454,50000000,0,50000000,50000000,7426000,54468000.0,0,0.0,0.0,-673077000.0,-618609000.0,-0.642,-618609000.0,-673077000.0,-673077000.0,-7.8,-7.8,-7.8,715191000,711105000.0,715191000,1861315285.0,-3.0,-3.009,-598415000.0,-10.375,1.0,21121000.0,0.022,81717000,0.0,455255000,332831500.0,50564000,0,0,0,324604000,267178000,57426000,2096960285.0,-310219000.0,-4932000.0,5925000.0,48705000.0,0.0,55566000.0,-21258000.0,237562000.0,-344527000.0,0.0,-446765000.0,-446765000.0,-446765000.0,0.0,0.0,-0.464,706635000.0,-685514000.0,110137000,0.0,2.932,-4.694,-4.641,217007000,0.0,36.2,2.178,2.168,98323000,-398730000.0,962843000.0,962843000.0,157547000.0,-0.4,-0.628,-2.022,-0.699,6606000.0,333514000.0,1.0,57927080,57676900,57738200.0,16.694,958078000,273002000,-226312000.0,0,16.611,246648000
34,PALM,ART,2001-12-31,2002-01-14,2001-11-30,2019-10-15,376000,1057560000,1225673750.0,574492000,483068000,0.931,12.171,-268160000.0,241978000,241978000,1080112000.0,-451649000.0,1.609,0.529,0,0,0,0,8576000,57496000.0,0,0.0,0.0,-678462000.0,-620966000.0,-0.544,-620966000.0,-678462000.0,-678462000.0,-7.9,-7.9,-7.9,691873000,812283500.0,691873000,2143132964.0,-3.0,-3.451,-686776000.0,-12.081,1.0,60929000.0,0.053,67439000,0.0,391032000,320038000.0,78633000,0,0,0,365687000,357111000,8576000,2385110964.0,-500910000.0,-44359000.0,5989000.0,-1295000.0,0.0,5627000.0,-87921000.0,224598000.0,-418616000.0,0.0,-451649000.0,-451649000.0,-451649000.0,0.0,0.0,-0.396,764192000.0,-703263000.0,146654000,0.0,3.447,-5.281,-5.228,225328000,0.0,41.3,2.09,2.058,130103000,-401678000.0,1141041000.0,1141041000.0,167852000.0,-0.368,-0.556,-2.12,-0.595,8930000.0,367624000.0,1.0,57750871,56845900,56845900.0,20.073,990121000,279704000,-226813000.0,0,17.418,217381000
35,PALM,ART,2001-09-30,2001-10-15,2001-08-31,2019-10-15,254000,1068104000,1324526500.0,630444000,437660000,1.036,12.397,-284782000.0,321233000,321233000,1226521000.0,-406182000.0,1.778,0.519,0,0,0,0,10307000,56309000.0,0,0.0,0.0,-603875000.0,-547566000.0,-0.399,-547566000.0,-603875000.0,-603875000.0,-7.1,-7.1,-7.1,703204000,916975250.0,703204000,1121497848.0,-2.0,-2.048,-574953000.0,-10.136,1.0,146132000.0,0.106,58216000,0.0,334062000,294932500.0,115409000,0,0,0,364900000,354593000,10307000,1442730848.0,-381940000.0,-44359000.0,24328000.0,0.0,0.0,24155000.0,-115924000.0,211037000.0,-290171000.0,0.0,-406182000.0,-406182000.0,-406182000.0,0.0,0.0,-0.296,787088000.0,-640956000.0,110542000,0.0,2.052,-3.552,-3.577,230803000,0.0,25.4,1.051,1.05,48724000,-376470000.0,1372653000.0,1372653000.0,171151000.0,-0.307,-0.443,-2.048,-0.44,22080000.0,406069000.0,1.0,56800427,56721500,56721500.0,24.2,1009888000,263710000,-197693000.0,0,17.804,275851000
36,PALM,ART,2001-06-30,2001-08-13,2001-06-01,2019-10-15,224000,1297251000,1402748000.0,904153000,393098000,1.112,12.968,-285437000.0,513769000,513769000,1332974000.0,-356476000.0,1.634,0.767,0,0,0,0,9614000,54395000.0,0,0.0,0.0,-524191000.0,-469796000.0,-0.301,-469796000.0,-524191000.0,-524191000.0,-6.3,-6.3,-6.3,734152000,1005594500.0,734152000,2038466611.0,-4.0,-4.339,-449820000.0,-7.945,1.0,226338000.0,0.145,79020000,0.0,150977000,279839000.0,107813000,0,0,0,563099000,553485000,9614000,2552235611.0,-548359000.0,-111382000.0,27495000.0,-1295000.0,0.0,26223000.0,-410199000.0,-13380000.0,-164383000.0,0.0,-356476000.0,-356476000.0,-356476000.0,0.0,0.0,-0.229,797860000.0,-571522000.0,238235000,0.0,3.476,-7.16,-7.143,223422000,0.0,45.0,1.637,1.634,115342000,-344039000.0,1559312000.0,1559312000.0,160265000.0,-0.254,-0.354,-1.873,-0.336,21927000.0,424871000.0,1.0,56716347,56613200,56613200.0,27.543,1218231000,245018000,-167715000.0,0,21.518,350668000
37,PALM,ART,2001-03-31,2001-04-11,2001-03-02,2019-10-15,-85000,1479780000,1399104250.0,1050819000,428961000,1.247,19.77,-50305000.0,595864000,595864000,1111868000.0,48035000.0,3.063,0.321,0,0,0,0,10575000,33227000.0,0,0.0,0.0,89527000.0,122754000.0,0.07,122754000.0,89527000.0,89527000.0,1.0,1.0,1.0,1119905000,1079353500.0,1119905000,3430881503.0,38.0,27.949,-49753000.0,-0.878,1.0,632394000.0,0.363,136812000,0.0,404081000,233528750.0,102477000,238337000,0,238337000,359875000,343023000,16852000,4026745503.0,555859000.0,-108055000.0,1195893000.0,-97000.0,0.0,964884000.0,-409577000.0,-251217000.0,552000.0,0.0,48035000.0,48035000.0,48035000.0,0.0,0.0,0.028,596006000.0,36388000.0,186292000,0.0,3.596,83.829,71.0,53812000,0.0,71.0,2.309,2.306,273569000,48035000.0,1744262000.0,1744262000.0,140947000.0,0.034,0.045,0.383,0.051,20042000.0,414774000.0,1.0,56714725,56646300,56646300.0,30.792,1342968000,54921000,41492000.0,6277000,23.708,707796000
38,PALM,ART,2000-12-31,2001-01-12,2000-12-01,2019-10-15,31000,1452971000,1088795250.0,1087282000,365689000,1.42,19.624,-35794000.0,742888000,742888000,947681000.0,60924000.0,3.33,0.308,0,0,0,0,12826000,22185000.0,0,0.0,0.0,110362000.0,132547000.0,0.086,132547000.0,110362000.0,110362000.0,1.2,1.2,1.2,1110640000,779494250.0,1110640000,14869894948.0,135.0,112.186,22551000.0,0.398,1.0,598024000.0,0.387,92961000,0.0,290610000,99468750.0,33787000,231098000,0,231098000,342331000,326512000,15819000,15612782948.0,713320000.0,-68671000.0,1194803000.0,-902000.0,0.0,996825000.0,-341850000.0,-237978000.0,58345000.0,0.0,60924000.0,60924000.0,60924000.0,0.0,0.0,0.039,529800000.0,68224000.0,186849000,0.0,14.057,256.267,229.688,41630000,0.0,275.625,10.101,10.092,246379000,49971000.0,1545705000.0,1545705000.0,118530000.0,0.056,0.078,1.11,0.071,16727000.0,379271000.0,1.0,56645018,56594600,57159400.0,27.312,1360010000,48397000,49438000.0,2993000,24.031,760770000
39,PALM,ART,2000-09-30,2000-10-12,2000-09-01,2019-10-15,-85000,1380990000,787394750.0,1257983000,123007000,,18.715,,703173000,703173000,,,4.109,0.306,0,0,0,0,12176000,,0,0.0,0.0,,,,,,,,,,1057681000,508442000.0,1057681000,25858290471.0,,,,,1.0,,,97981000,,273688000,23093750.0,31666000,224417000,224417000,0,323309000,306148000,17161000,26561463471.0,,,,,,,,,,,,,,,,,,,170461000,,25.113,,,25026000,,469.375,,,221357000,29712000.0,,,,,,,,,,1.0,56589003,56514900,,,1283009000,47704000,,4985000,22.702,951835000
40,PALM,ART,2000-06-30,2000-08-16,2000-06-02,2019-10-15,-210000,1282676000,,1252958000,29718000,,19.068,-10393000.0,1062128000,1062128000,613083000.0,45910000.0,5.21,0.246,0,0,0,0,13006000,7951000.0,0,0.0,0.0,77813000.0,85764000.0,0.081,85764000.0,77813000.0,77813000.0,0.9,0.9,0.9,1029188000,,1029188000,18006383320.0,231.0,209.953,118466000.0,2.195,1.0,444514000.0,0.42,14330000,0.0,-34264000,,24057000,0,0,0,253488000,240482000,13006000,19068511320.0,1061650000.0,-1648000.0,1172525000.0,-902000.0,0.0,944832000.0,-12041000.0,0.0,128859000.0,0.0,45910000.0,45910000.0,45910000.0,0.0,0.0,0.043,383065000.0,61449000.0,123106000,0.0,18.528,415.345,375.0,13013000,0.0,337.5,18.03,17.224,122276000,12437000.0,1057597000.0,1057597000.0,75768000.0,,,,0.074,0.0,287727000.0,1.0,56499293,53973900,53985100.0,19.595,1268346000,37282000,31903000.0,0,23.499,1012476000
41,PALM,ART,2000-03-31,2000-04-10,2000-02-25,2019-10-15,-155000,238544000,,212503000,26041000,,-1.495,,40005000,40005000,,,0.669,-3.999,545000,162000,383000,545000,0,,0,0.0,0.0,,,,,,,,,,-79532000,,-79532000,22751760240.0,,,,,1.0,,,13550000,,-132159000,,29774000,0,0,0,318076000,317693000,383000,22791220240.0,,,,,,,,,,,,,,,,,,,214806000,,-286.567,,,10553000,,403.75,,,114320000,,,,,,,,,,,1.0,56448843,53200000,,,224994000,28650000,,0,4.229,-105190000
