None,ticker,dimension,calendardate,datekey,reportperiod,lastupdated,accoci,assets,assetsavg,assetsc,assetsnc,assetturnover,bvps,capex,cashneq,cashnequsd,cor,consolinc,currentratio,de,debt,debtc,debtnc,debtusd,deferredrev,depamor,deposits,divyield,dps,ebit,ebitda,ebitdamargin,ebitdausd,ebitusd,ebt,eps,epsdil,epsusd,equity,equityavg,equityusd,ev,evebit,evebitda,fcf,fcfps,fxusd,gp,grossmargin,intangibles,intexp,invcap,invcapavg,inventory,investments,investmentsc,investmentsnc,liabilities,liabilitiesc,liabilitiesnc,marketcap,ncf,ncfbus,ncfcommon,ncfdebt,ncfdiv,ncff,ncfi,ncfinv,ncfo,ncfx,netinc,netinccmn,netinccmnusd,netincdis,netincnci,netmargin,opex,opinc,payables,payoutratio,pb,pe,pe1,ppnenet,prefdivis,price,ps,ps1,receivables,retearn,revenue,revenueusd,rnd,roa,roe,roic,ros,sbcomp,sgna,sharefactor,sharesbas,shareswa,shareswadil,sps,tangibles,taxassets,taxexp,taxliabilities,tbvps,workingcapital
0,PALM,MRY,2009-12-31,2009-05-31,2009-05-31,2019-10-15,1018000.0,628340000.0,774583500.0,353579000.0,274761000.0,0.95,-3.513,-13452000.0,152400000.0,152400000.0,576113000.0,-732188000.0,1.063,-2.545,394000000.0,4000000.0,390000000.0,394000000.0,6308000.0,31811000.0,0.0,0.0,0.0,-302624000.0,-270813000.0,-0.368,-270813000.0,-302624000.0,-327923000.0,-6.51,-6.51,-6.51,-406568000.0,-289241500.0,-406568000.0,1944514900.0,-6.0,-7.18,-201964000.0,-1.745,1.0,159759000.0,0.217,215234000.0,25299000.0,322004000.0,428974000.0,19716000.0,118334000.0,102733000.0,15601000.0,1034908000.0,332702000.0,702206000.0,1680281900.0,-24518000.0,0.0,119585000.0,-14446000.0,-439000.0,204015000.0,-38119000.0,-24667000.0,-188512000.0,-1902000.0,-732188000.0,-753473000.0,-753473000.0,0.0,0.0,-1.024,424568000.0,-264809000.0,105628000.0,0.0,-4.133,-2.23,-1.873,31167000.0,21285000.0,12.19,2.283,1.917,66452000.0,-1262375000.0,735872000.0,735872000.0,177210000.0,-0.973,2.605,-0.705,-0.411,23711000.0,229975000.0,1.0,137841009.0,115725000,115725000.0,6.359,413106000.0,505000.0,404265000.0,5783000.0,3.57,20877000.0
1,PALM,MRY,2008-12-31,2008-05-31,2008-05-31,2019-10-15,-10745000.0,1180262000.0,1292938750.0,540086000.0,640176000.0,1.02,1.048,41447000.0,176918000.0,176918000.0,916810000.0,-105419000.0,1.313,9.631,398000000.0,4000000.0,394000000.0,398000000.0,4080000.0,36209000.0,0.0,1.485,9.0,-137831000.0,-101622000.0,-0.077,-101622000.0,-137831000.0,-158228000.0,-1.05,-1.05,-1.05,111020000.0,385895500.0,111020000.0,785960464.0,-6.0,-7.734,23909000.0,0.226,1.0,401881000.0,0.305,227380000.0,20397000.0,762618000.0,707990000.0,67461000.0,120394000.0,81830000.0,38564000.0,1069242000.0,411346000.0,657896000.0,649656464.0,48788000.0,-495000.0,28437000.0,378018000.0,-948949000.0,-227264000.0,291895000.0,252443000.0,-17538000.0,1695000.0,-105419000.0,-110935000.0,-110935000.0,0.0,0.0,-0.084,527926000.0,-126045000.0,161642000.0,-8.571,5.852,-5.856,-5.771,39636000.0,5516000.0,6.06,0.493,0.487,116430000.0,-537484000.0,1318691000.0,1318691000.0,202764000.0,-0.086,-0.287,-0.195,-0.105,32141000.0,290480000.0,1.0,107204037.0,105891000,105891000.0,12.453,952882000.0,400861000.0,-52809000.0,7215000.0,8.999,128740000.0
2,PALM,MRY,2007-12-31,2007-05-31,2007-05-31,2019-10-15,1643000.0,1548002000.0,1502152000.0,937647000.0,610355000.0,1.039,10.339,-24651000.0,128130000.0,128130000.0,985369000.0,56383000.0,1.949,0.457,0.0,0.0,0.0,0.0,0.0,21631000.0,0.0,0.0,0.0,94397000.0,116028000.0,0.074,116028000.0,94397000.0,92427000.0,0.55,0.54,0.55,1062411000.0,1026426000.0,1062411000.0,1501322546.0,16.0,12.939,143540000.0,1.397,1.0,575138000.0,0.369,243654000.0,1970000.0,695195000.0,684024000.0,39168000.0,419886000.0,419886000.0,0.0,485591000.0,481023000.0,4568000.0,1683292546.0,14669000.0,-19000000.0,-9037000.0,-50816000.0,0.0,-54612000.0,-98910000.0,-11259000.0,168191000.0,0.0,56383000.0,56383000.0,56383000.0,0.0,0.0,0.036,505080000.0,70058000.0,196155000.0,0.0,1.584,29.855,29.585,96634000.0,0.0,16.272,1.079,1.071,204335000.0,-431698000.0,1560507000.0,1560507000.0,190952000.0,0.038,0.055,0.138,0.06,19014000.0,308447000.0,1.0,103447182.0,102757000,104442000.0,15.186,1304348000.0,403254000.0,36044000.0,62006000.0,12.694,456624000.0
3,PALM,MRY,2006-12-31,2006-05-31,2006-05-31,2019-10-15,-684000.0,1487522000.0,1314515000.0,949999000.0,537523000.0,1.201,9.759,-18944000.0,113461000.0,113461000.0,1057708000.0,336170000.0,1.911,0.512,35000000.0,35000000.0,0.0,35000000.0,0.0,19701000.0,0.0,0.0,0.0,119781000.0,139482000.0,0.088,139482000.0,119781000.0,116647000.0,3.33,3.19,3.33,983905000.0,854339750.0,983905000.0,1600392861.0,13.0,11.474,119256000.0,1.183,1.0,520801000.0,0.33,192321000.0,3134000.0,719668000.0,561232500.0,58010000.0,409400000.0,409400000.0,0.0,503617000.0,497072000.0,6545000.0,1697035861.0,-14703000.0,0.0,38558000.0,0.0,0.0,38558000.0,-191461000.0,-172517000.0,138200000.0,0.0,336170000.0,336170000.0,336170000.0,0.0,0.0,0.213,415490000.0,105311000.0,184501000.0,0.0,1.725,5.048,4.949,82990000.0,0.0,16.48,1.075,1.053,204337000.0,-488081000.0,1578509000.0,1578509000.0,136243000.0,0.256,0.393,0.213,0.076,13048000.0,250091000.0,1.0,102975477.0,100818000,105745000.0,15.657,1295201000.0,414567000.0,-219523000.0,50021000.0,12.847,452927000.0
4,PALM,MRY,2005-12-31,2005-05-31,2005-05-31,2019-10-15,712000.0,950032000.0,916713250.0,552812000.0,397220000.0,1.386,5.992,-15279000.0,128164000.0,128164000.0,879458000.0,66387000.0,1.718,0.635,35000000.0,0.0,35000000.0,35000000.0,0.0,23352000.0,0.0,0.0,0.0,80531000.0,103883000.0,0.082,103883000.0,80531000.0,80531000.0,0.68,0.65,0.68,581023000.0,552494750.0,581023000.0,1323894893.0,16.0,12.744,97769000.0,1.008,1.0,390952000.0,0.308,279534000.0,0.0,255582000.0,190857000.0,35544000.0,241492000.0,240717000.0,775000.0,369009000.0,321752000.0,47257000.0,1395275893.0,29595000.0,0.0,20853000.0,-1600000.0,0.0,19253000.0,-102706000.0,-79927000.0,113048000.0,0.0,66387000.0,66387000.0,66387000.0,0.0,0.0,0.052,313424000.0,77528000.0,135720000.0,0.0,2.401,21.017,20.897,19158000.0,0.0,14.21,1.098,1.085,140162000.0,-824251000.0,1270410000.0,1270410000.0,90060000.0,0.072,0.12,0.422,0.063,2027000.0,212518000.0,1.0,98189718.0,96971000,102579000.0,13.101,670498000.0,36217000.0,14144000.0,8441000.0,6.914,231060000.0
5,PALM,MRY,2004-12-31,2004-05-31,2004-05-31,2019-10-15,490000.0,787938000.0,741044750.0,402502000.0,385436000.0,1.282,6.193,-5776000.0,98569000.0,98569000.0,676791000.0,-21849000.0,1.549,0.603,35000000.0,0.0,35000000.0,35000000.0,0.0,31528000.0,0.0,0.0,0.0,-15758000.0,15770000.0,0.017,15770000.0,-15758000.0,-15758000.0,-0.28,-0.28,-0.28,491534000.0,422750750.0,491534000.0,833742588.0,-53.0,52.869,-18834000.0,-0.237,1.0,272863000.0,0.287,268342000.0,0.0,196223000.0,101991000.0,14030000.0,162254000.0,161079000.0,1175000.0,296404000.0,259804000.0,36600000.0,989292588.0,30502000.0,16114000.0,56447000.0,0.0,0.0,56447000.0,-6887000.0,-17225000.0,-13058000.0,0.0,-21849000.0,-21849000.0,-21849000.0,11634000.0,0.0,-0.023,276943000.0,-4080000.0,112772000.0,0.0,2.013,-45.279,-37.911,19425000.0,0.0,10.615,1.042,0.887,120757000.0,-890638000.0,949654000.0,949654000.0,69367000.0,-0.029,-0.052,-0.155,-0.017,0.0,189393000.0,1.0,93197606.0,79373000,79373000.0,11.964,519596000.0,34800000.0,6091000.0,0.0,6.546,142698000.0
6,PALM,MRY,2003-12-31,2003-05-31,2003-05-31,2019-10-15,1235000.0,576626000.0,678478750.0,371023000.0,205603000.0,1.235,4.4,-8156000.0,204967000.0,204967000.0,624980000.0,-442582000.0,1.563,1.254,35000000.0,0.0,35000000.0,35000000.0,0.0,28719000.0,0.0,0.0,0.0,-219654000.0,-190935000.0,-0.228,-190935000.0,-219654000.0,-219654000.0,-7.615,-7.615,-7.615,255786000.0,338504000.0,255786000.0,139069432.0,-1.0,-0.728,-62985000.0,-1.083,1.0,212657000.0,0.254,13815000.0,0.0,155498000.0,179139250.0,22748000.0,948000.0,0.0,948000.0,320840000.0,237346000.0,83494000.0,348476432.0,558000.0,819000.0,2477000.0,0.0,0.0,2477000.0,52910000.0,60247000.0,-54829000.0,0.0,-442582000.0,-442582000.0,-442582000.0,24727000.0,0.0,-0.528,410589000.0,-197932000.0,89371000.0,0.0,1.362,-0.787,-0.787,31204000.0,0.0,5.99,0.416,0.416,96784000.0,-868789000.0,837637000.0,837637000.0,70175000.0,-0.652,-1.307,-1.226,-0.262,0.0,197308000.0,1.0,58176366.0,58138000,58138000.0,14.408,562811000.0,34800000.0,222928000.0,0.0,9.681,133677000.0
7,PALM,MRY,2002-12-31,2002-05-31,2002-05-31,2019-10-15,95000.0,989096000.0,1038638750.0,478179000.0,510917000.0,0.967,12.061,-15433000.0,278547000.0,278547000.0,687841000.0,-82168000.0,2.052,0.432,50000000.0,0.0,50000000.0,50000000.0,15250000.0,37998000.0,0.0,0.0,0.0,-107966000.0,-69968000.0,-0.07,-69968000.0,-107966000.0,-107966000.0,-1.435,-1.435,-1.435,690848000.0,700279000.0,690848000.0,685395567.0,-6.0,-9.796,-254495000.0,-4.443,1.0,316547000.0,0.315,78370000.0,0.0,449181000.0,407382500.0,55004000.0,20296000.0,17970000.0,2326000.0,298248000.0,232998000.0,65250000.0,921040567.0,-265527000.0,-31075000.0,3288000.0,35000000.0,0.0,38288000.0,-64753000.0,-18245000.0,-239062000.0,0.0,-82168000.0,-82168000.0,-82168000.0,17017000.0,0.0,-0.082,409111000.0,-92564000.0,88909000.0,0.0,1.333,-11.209,-11.08,51556000.0,0.0,15.9,0.917,0.907,63551000.0,-426207000.0,1004388000.0,1004388000.0,91057000.0,-0.079,-0.117,-0.265,-0.107,0.0,260278000.0,1.0,57927080.0,57280000,57280000.0,17.535,910726000.0,254425000.0,-25798000.0,0.0,15.9,245181000.0
8,PALM,MRY,2001-12-31,2001-06-01,2001-06-01,2019-10-15,224000.0,1297251000.0,1402748000.0,904153000.0,393098000.0,1.112,12.968,-285437000.0,513769000.0,513769000.0,1329808000.0,-356476000.0,1.634,0.767,0.0,0.0,0.0,0.0,9614000.0,61126000.0,0.0,0.0,0.0,-524191000.0,-463065000.0,-0.297,-463065000.0,-524191000.0,-524191000.0,-6.295,-6.295,-6.295,734152000.0,1005594500.0,734152000.0,2914777502.0,-6.0,-6.295,-449797000.0,-7.945,1.0,229504000.0,0.147,61387000.0,0.0,168610000.0,284247250.0,107813000.0,500000.0,0.0,500000.0,563099000.0,553485000.0,9614000.0,3510641502.0,-548359000.0,-111382000.0,27495000.0,-1295000.0,0.0,26200000.0,-410199000.0,-13380000.0,-164360000.0,0.0,-356476000.0,-356476000.0,-356476000.0,0.0,0.0,-0.229,795576000.0,-566072000.0,238235000.0,0.0,4.782,-9.848,-9.833,223422000.0,0.0,61.9,2.251,2.247,115342000.0,-344039000.0,1559312000.0,1559312000.0,159050000.0,-0.254,-0.354,-1.844,-0.336,15196000.0,425117000.0,1.0,56714725.0,56614000,56614000.0,27.543,1235864000.0,245018000.0,-167715000.0,0.0,21.83,350668000.0
9,PALM,MRY,2000-12-31,2000-06-02,2000-06-02,2019-10-15,-210000.0,1282676000.0,717461500.0,1252958000.0,29718000.0,1.474,19.068,-10393000.0,1062128000.0,1062128000.0,613120000.0,45910000.0,5.21,0.246,0.0,0.0,0.0,0.0,13006000.0,7951000.0,0.0,0.0,0.0,77813000.0,85764000.0,0.081,85764000.0,77813000.0,77813000.0,0.9,0.9,0.9,1029188000.0,531603000.0,1029188000.0,14954763842.0,192.0,174.371,118896000.0,2.203,1.0,444477000.0,0.42,14330000.0,0.0,-34264000.0,-6935500.0,24057000.0,0.0,0.0,0.0,253488000.0,240482000.0,13006000.0,14994223842.0,1061650000.0,-1648000.0,1172525000.0,-902000.0,0.0,944402000.0,-12041000.0,0.0,129289000.0,0.0,45910000.0,45910000.0,45910000.0,0.0,0.0,0.043,383028000.0,61449000.0,123106000.0,0.0,14.569,326.6,295.139,13013000.0,0.0,265.625,14.178,13.556,122276000.0,12437000.0,1057597000.0,1057597000.0,72889000.0,0.064,0.086,-11.22,0.074,3394000.0,287191000.0,1.0,56448843.0,53973900,53985100.0,19.595,1268346000.0,37282000.0,31903000.0,0.0,23.499,1012476000.0
10,PALM,MRY,1999-12-31,1999-05-28,1999-05-28,2019-10-15,-133000.0,152247000.0,133803000.0,130229000.0,22018000.0,4.212,0.639,-5347000.0,478000.0,478000.0,315616000.0,29628000.0,1.108,3.475,0.0,0.0,0.0,0.0,682000.0,4565000.0,0.0,,0.0,48116000.0,52681000.0,0.093,52681000.0,48116000.0,48116000.0,0.6,0.6,0.6,34018000.0,49846500.0,34018000.0,,,,78658000.0,1.479,1.0,247909000.0,0.44,13829000.0,0.0,20393000.0,42946500.0,12186000.0,0.0,0.0,0.0,118229000.0,117547000.0,682000.0,,478000.0,-16831000.0,0.0,0.0,0.0,-61446000.0,-22081000.0,0.0,84005000.0,0.0,29628000.0,29628000.0,29628000.0,0.0,0.0,0.053,199570000.0,48339000.0,76086000.0,0.0,,,,8136000.0,0.0,,,,95839000.0,,563525000.0,563525000.0,45654000.0,0.221,0.594,1.12,0.085,0.0,151284000.0,1.0,,53200000,53200000.0,10.593,138418000.0,20741000.0,18488000.0,0.0,2.602,12682000.0
11,PALM,MRY,1998-12-31,1998-05-31,1998-05-31,2019-10-15,0.0,115359000.0,,103038000.0,12321000.0,,1.234,-8833000.0,0.0,0.0,157749000.0,4171000.0,2.074,0.757,0.0,0.0,0.0,0.0,0.0,2029000.0,0.0,,0.0,6405000.0,8434000.0,0.031,8434000.0,6405000.0,6405000.0,0.1,0.1,0.1,65675000.0,,65675000.0,,,,-30259000.0,-0.569,1.0,114388000.0,0.42,175000.0,0.0,65500000.0,,13769000.0,0.0,0.0,0.0,49684000.0,49684000.0,0.0,,0.0,0.0,0.0,0.0,0.0,30259000.0,-8833000.0,0.0,-21426000.0,,4171000.0,4171000.0,4171000.0,0.0,0.0,0.015,107927000.0,6461000.0,31409000.0,0.0,,,,9121000.0,0.0,,,,80985000.0,,272137000.0,272137000.0,21863000.0,,,,0.024,0.0,86064000.0,1.0,,53200000,53200000.0,5.115,115184000.0,11117000.0,2234000.0,0.0,2.165,53354000.0
12,PALM,MRY,1997-12-31,1997-05-25,1997-05-25,2019-10-15,,,,,,,,-2543000.0,,,77685000.0,-7862000.0,,,,,,,,685000.0,,,0.0,-14028000.0,-13343000.0,-0.117,-13343000.0,-14028000.0,-14028000.0,-0.1,-0.1,-0.1,,,,,,,-33694000.0,-0.633,1.0,36472000.0,0.319,,0.0,,,,,,,,,,,-1026000.0,0.0,0.0,0.0,0.0,32641000.0,-2516000.0,0.0,-31151000.0,0.0,-7862000.0,-7862000.0,-7862000.0,0.0,0.0,-0.069,49985000.0,-13513000.0,,0.0,,,,,0.0,,,,,,114157000.0,114157000.0,13442000.0,,,,-0.123,0.0,36543000.0,1.0,,53200000,53200000.0,2.146,,,-6166000.0,,,
0,PALM,MRQ,2010-03-31,2010-02-28,2010-02-28,2019-10-15,1729000.0,1007237000.0,,742849000.0,264388000.0,,-1.775,-6864000.0,376282000.0,376282000.0,302971000.0,-18529000.0,1.236,-4.381,391000000.0,4000000.0,387000000.0,391000000.0,50534000.0,8679000.0,0.0,0.0,0.0,-14028000.0,-5349000.0,-0.015,-5349000.0,-14028000.0,-18546000.0,-0.13,-0.13,-0.13,-297926000.0,,-297926000.0,1149165539.0,-3.0,-3.762,-7334000.0,-0.044,1.0,46957000.0,0.134,207484000.0,4518000.0,213338000.0,,30619000.0,229080000.0,215634000.0,13446000.0,1305163000.0,601133000.0,704030000.0,1020642539.0,112805000.0,0.0,4701000.0,-1000000.0,0.0,3727000.0,110043000.0,116907000.0,-470000.0,-495000.0,-18529000.0,-22047000.0,-22047000.0,0.0,0.0,-0.063,164817000.0,-117860000.0,189335000.0,0.0,-3.426,-2.708,-2.506,32944000.0,3518000.0,6.09,1.751,1.754,104025000.0,-1542720000.0,349928000.0,349928000.0,51327000.0,,,,,5587000.0,115982000.0,1.0,167593192.0,167892000,167892000.0,2.084,799753000.0,302000.0,-17000.0,6286000.0,4.763,141716000.0
1,PALM,MRQ,2009-12-31,2009-11-30,2009-11-30,2019-10-15,9126000.0,1326923000.0,,909101000.0,417822000.0,,-2.757,-7158000.0,263477000.0,263477000.0,72629000.0,-81929000.0,1.072,-4.02,392000000.0,4000000.0,388000000.0,392000000.0,550784000.0,7888000.0,0.0,0.0,0.0,-77583000.0,-69695000.0,-0.892,-69695000.0,-77583000.0,-82129000.0,-0.54,-0.54,-0.54,-439391000.0,,-439391000.0,1835821594.0,-4.0,-4.819,9492000.0,0.06,1.0,5484000.0,0.07,210068000.0,4546000.0,397309000.0,,38759000.0,347128000.0,326532000.0,20596000.0,1766314000.0,848069000.0,918245000.0,1552814594.0,153484000.0,0.0,370637000.0,-2238000.0,0.0,369192000.0,-232808000.0,-225650000.0,16650000.0,450000.0,-81929000.0,-85373000.0,-85373000.0,0.0,0.0,-1.093,139948000.0,-134464000.0,165304000.0,0.0,-3.534,-3.429,-3.42,32786000.0,3444000.0,10.91,4.8,5.375,72352000.0,-1684760000.0,78113000.0,78113000.0,50582000.0,,,,,6152000.0,87933000.0,1.0,142329477.0,159398000,159398000.0,0.49,1116855000.0,322000.0,-200000.0,6286000.0,7.007,61032000.0
2,PALM,MRQ,2009-09-30,2009-08-31,2009-08-31,2019-10-15,1755000.0,793951000.0,,433663000.0,360288000.0,,-5.241,-5142000.0,109993000.0,109993000.0,70788000.0,-161095000.0,0.617,-2.074,393000000.0,4000000.0,389000000.0,393000000.0,326190000.0,7777000.0,0.0,0.0,0.0,-156441000.0,-148664000.0,-2.186,-148664000.0,-156441000.0,-161030000.0,-1.17,-1.17,-1.17,-738948000.0,,-738948000.0,2110295536.0,-5.0,-5.36,-50251000.0,-0.356,1.0,-2784000.0,-0.041,212651000.0,4589000.0,161185000.0,,27824000.0,115341000.0,101789000.0,13552000.0,1532899000.0,703122000.0,829777000.0,1868695536.0,-42407000.0,0.0,10242000.0,-1891000.0,-270000.0,6671000.0,-4452000.0,690000.0,-45109000.0,483000.0,-161095000.0,-164467000.0,-164467000.0,0.0,0.0,-2.418,124668000.0,-127452000.0,98487000.0,0.0,-2.529,-2.133,-1.829,31007000.0,3372000.0,13.33,4.276,4.301,76617000.0,-1602831000.0,68004000.0,68004000.0,43726000.0,,,,,11601000.0,72284000.0,1.0,140187212.0,141003000,141003000.0,0.482,581300000.0,455000.0,65000.0,5900000.0,4.123,-269459000.0
3,PALM,MRQ,2009-06-30,2009-05-31,2009-05-31,2019-10-15,1018000.0,628340000.0,,353579000.0,274761000.0,,-3.025,-3853000.0,152400000.0,152400000.0,66706000.0,-91518000.0,1.063,-2.545,394000000.0,4000000.0,390000000.0,394000000.0,6308000.0,7162000.0,0.0,0.0,0.0,-88900000.0,-81738000.0,-0.942,-81738000.0,-88900000.0,-93678000.0,-0.59,-0.59,-0.59,-406568000.0,,-406568000.0,1944514900.0,-6.0,-7.18,-76254000.0,-0.567,1.0,20067000.0,0.231,215234000.0,4778000.0,322004000.0,,19716000.0,118334000.0,102733000.0,15601000.0,1034908000.0,332702000.0,702206000.0,1680281900.0,21633000.0,0.0,113130000.0,-1891000.0,-180000.0,111051000.0,-18099000.0,-14246000.0,-72401000.0,1082000.0,-91518000.0,-104974000.0,-104974000.0,0.0,0.0,-1.21,83354000.0,-63287000.0,105628000.0,0.0,-4.133,-2.23,-1.873,31167000.0,13456000.0,12.19,2.283,1.917,66452000.0,-1262375000.0,86773000.0,86773000.0,37893000.0,,,,,4455000.0,47688000.0,1.0,137841009.0,134382000,134382000.0,0.646,413106000.0,505000.0,-2160000.0,5783000.0,3.074,20877000.0
4,PALM,MRQ,2009-03-31,2009-02-28,2009-02-28,2019-10-15,-642000.0,656435000.0,,373182000.0,283253000.0,,-3.851,-4288000.0,130767000.0,130767000.0,86414000.0,-95023000.0,1.09,-2.542,395000000.0,4000000.0,391000000.0,395000000.0,0.0,7558000.0,0.0,0.0,0.0,-88436000.0,-80878000.0,-0.892,-80878000.0,-88436000.0,-94377000.0,-0.89,-0.89,-0.89,-425687000.0,,-425687000.0,1053443637.0,-4.0,-4.637,-96362000.0,-0.872,1.0,4210000.0,0.046,217829000.0,5941000.0,360396000.0,,15332000.0,107659000.0,88604000.0,19055000.0,1082122000.0,342443000.0,739679000.0,801048637.0,-12838000.0,0.0,1262000.0,-5642000.0,-135000.0,94808000.0,-15877000.0,-11589000.0,-92074000.0,305000.0,-95023000.0,-98027000.0,-98027000.0,0.0,0.0,-1.082,106403000.0,-102193000.0,97312000.0,0.0,-1.882,-1.158,-1.144,32534000.0,3004000.0,7.24,0.847,0.847,52736000.0,-1178154000.0,90624000.0,90624000.0,42786000.0,,,,,5924000.0,52059000.0,1.0,110642077.0,110529000,110529000.0,0.82,438606000.0,644000.0,646000.0,8214000.0,3.968,30739000.0
5,PALM,MRQ,2008-12-31,2008-11-30,2008-11-30,2019-10-15,-2778000.0,660926000.0,,371558000.0,289368000.0,,-3.747,-2901000.0,143605000.0,143605000.0,153477000.0,-506170000.0,0.903,-2.608,396000000.0,4000000.0,392000000.0,396000000.0,0.0,7627000.0,0.0,0.0,0.0,-90071000.0,-82444000.0,-0.43,-82444000.0,-90071000.0,-97757000.0,-4.64,-4.64,-4.64,-411073000.0,,-411073000.0,492004266.0,-2.0,-2.506,-23301000.0,-0.212,1.0,38141000.0,0.199,220446000.0,7686000.0,281303000.0,,28517000.0,101528000.0,80365000.0,21163000.0,1071999000.0,411572000.0,660427000.0,262333266.0,-23724000.0,0.0,3675000.0,-1891000.0,-34000.0,1750000.0,-2481000.0,420000.0,-20400000.0,-2593000.0,-506170000.0,-508594000.0,-508594000.0,0.0,0.0,-2.654,115657000.0,-77516000.0,134647000.0,0.0,-0.638,-0.403,-0.4,33218000.0,2424000.0,2.39,0.225,0.225,98230000.0,-1083131000.0,191618000.0,191618000.0,47722000.0,,,,,6332000.0,58756000.0,1.0,109762873.0,109698000,109698000.0,1.747,440480000.0,711000.0,408413000.0,8577000.0,4.015,-40014000.0
6,PALM,MRQ,2008-09-30,2008-08-31,2008-08-31,2019-10-15,-4199000.0,1152633000.0,,520912000.0,631721000.0,,0.797,-2410000.0,167329000.0,167329000.0,269516000.0,-39477000.0,1.28,12.347,397000000.0,4000000.0,393000000.0,397000000.0,0.0,9464000.0,0.0,1.058,0.0,-35217000.0,-25753000.0,-0.07,-25753000.0,-35217000.0,-42111000.0,-0.39,-0.39,-0.39,86362000.0,,86362000.0,1143946976.0,-6.0,-8.207,-6047000.0,-0.056,1.0,97341000.0,0.265,223063000.0,6894000.0,752193000.0,,35182000.0,111620000.0,80982000.0,30638000.0,1066271000.0,407048000.0,659223000.0,922864976.0,-9589000.0,0.0,1518000.0,-5022000.0,-90000.0,-3594000.0,-1662000.0,748000.0,-3637000.0,-696000.0,-39477000.0,-41878000.0,-41878000.0,0.0,0.0,-0.114,119154000.0,-21813000.0,153229000.0,0.0,10.686,-6.073,-5.993,36871000.0,2401000.0,8.51,0.697,0.696,141620000.0,-576961000.0,366857000.0,366857000.0,48809000.0,,,,,7000000.0,71472000.0,1.0,108444768.0,108291000,108291000.0,3.388,929570000.0,408114000.0,-2634000.0,8382000.0,8.584,113864000.0
7,PALM,MRQ,2008-06-30,2008-05-31,2008-05-31,2019-10-15,-10745000.0,1180262000.0,,540086000.0,640176000.0,,1.032,-3349000.0,176918000.0,176918000.0,221613000.0,-41066000.0,1.313,9.631,398000000.0,4000000.0,394000000.0,398000000.0,4080000.0,8765000.0,0.0,1.485,0.0,-46896000.0,-38131000.0,-0.129,-38131000.0,-46896000.0,-54271000.0,-0.41,-0.41,-0.41,111020000.0,,111020000.0,785960464.0,-6.0,-7.734,-16857000.0,-0.157,1.0,74542000.0,0.252,227380000.0,7375000.0,762618000.0,,67461000.0,120394000.0,81830000.0,38564000.0,1069242000.0,411346000.0,657896000.0,649656464.0,-85778000.0,0.0,4534000.0,-1272000.0,-180000.0,3070000.0,-77035000.0,-73686000.0,-13508000.0,1695000.0,-41066000.0,-43445000.0,-43445000.0,0.0,0.0,-0.147,116470000.0,-41928000.0,161642000.0,0.0,5.852,-5.856,-5.771,39636000.0,2379000.0,6.06,0.493,0.487,116430000.0,-537484000.0,296155000.0,296155000.0,48025000.0,,,,,5495000.0,66263000.0,1.0,107204037.0,107562000,107562000.0,2.753,952882000.0,400861000.0,-13205000.0,7215000.0,8.859,128740000.0
8,PALM,MRQ,2008-03-31,2008-02-28,2008-02-28,2019-10-15,-10649000.0,1213416000.0,,564511000.0,648905000.0,,1.367,-5799000.0,262696000.0,262696000.0,218994000.0,-54664000.0,1.369,7.319,399000000.0,4000000.0,395000000.0,399000000.0,0.0,9046000.0,0.0,1.343,0.0,-59056000.0,-50010000.0,-0.16,-50010000.0,-59056000.0,-67888000.0,-0.53,-0.53,-0.53,145857000.0,,145857000.0,972979191.0,-14.0,-30.327,-14331000.0,-0.134,1.0,93150000.0,0.298,232425000.0,8832000.0,704802000.0,,40880000.0,53519000.0,9258000.0,44261000.0,1067559000.0,412493000.0,655066000.0,716650191.0,119025000.0,0.0,822000.0,-1295000.0,-158000.0,-4445000.0,132002000.0,139301000.0,-8532000.0,0.0,-54664000.0,-57021000.0,-57021000.0,0.0,0.0,-0.183,130150000.0,-37000000.0,160642000.0,0.0,4.913,-13.745,-13.958,38311000.0,2357000.0,6.7,0.503,0.502,158049000.0,-496418000.0,312144000.0,312144000.0,48553000.0,,,,,10109000.0,68323000.0,1.0,106962715.0,106707000,106707000.0,2.925,980991000.0,398116000.0,-13224000.0,18137000.0,9.193,152018000.0
9,PALM,MRQ,2007-12-31,2007-11-30,2007-11-30,2019-10-15,3379000.0,1296357000.0,,610665000.0,685692000.0,,2.03,-7286000.0,143671000.0,143671000.0,245868000.0,-8848000.0,1.425,5.064,400000000.0,4000000.0,396000000.0,400000000.0,0.0,9508000.0,0.0,1.291,9.0,-34994000.0,-25486000.0,-0.073,-25486000.0,-34994000.0,-39031000.0,-0.09,-0.09,-0.09,213773000.0,,213773000.0,361948891.0,37.0,8.377,-20827000.0,-0.198,1.0,103765000.0,0.297,234928000.0,4037000.0,889330000.0,,49776000.0,233151000.0,149300000.0,83851000.0,1082584000.0,428428000.0,654156000.0,730770891.0,-225151000.0,-495000.0,17536000.0,383476000.0,-948611000.0,-229918000.0,18308000.0,26089000.0,-13541000.0,0.0,-8848000.0,-9628000.0,-9628000.0,0.0,0.0,-0.028,146380000.0,-42615000.0,167639000.0,-100.0,3.418,43.917,41.0,40700000.0,780000.0,6.97,0.48,0.482,172239000.0,-441754000.0,349633000.0,349633000.0,53570000.0,,,,,12784000.0,81703000.0,1.0,104845178.0,105296000,105296000.0,3.32,1061429000.0,389395000.0,-30183000.0,20862000.0,10.08,182237000.0
10,PALM,MRQ,2007-09-30,2007-08-31,2007-08-31,2019-10-15,1623000.0,1481720000.0,,930021000.0,551699000.0,,10.317,57881000.0,368822000.0,368822000.0,230335000.0,-841000.0,2.334,0.381,0.0,0.0,0.0,0.0,0.0,8890000.0,0.0,0.0,0.0,3115000.0,12005000.0,0.033,12005000.0,3115000.0,2962000.0,-0.01,-0.01,-0.01,1072932000.0,,1072932000.0,1433765735.0,21.0,15.06,75924000.0,0.73,1.0,130424000.0,0.362,239228000.0,153000.0,475210000.0,,34173000.0,259248000.0,259248000.0,0.0,408788000.0,398460000.0,10328000.0,1561895735.0,240692000.0,0.0,5545000.0,-2891000.0,0.0,4029000.0,218620000.0,160739000.0,18043000.0,0.0,-841000.0,-841000.0,-841000.0,0.0,0.0,-0.002,134926000.0,-4502000.0,167962000.0,0.0,1.456,40.009,39.5,38450000.0,0.0,15.01,0.998,0.997,178998000.0,-432906000.0,360759000.0,360759000.0,52616000.0,,,,,3753000.0,74191000.0,1.0,104057011.0,103998000,103998000.0,3.469,1242492000.0,348347000.0,3803000.0,9305000.0,11.947,531561000.0
11,PALM,MRQ,2007-06-30,2007-05-31,2007-05-31,2019-10-15,1643000.0,1548002000.0,,937647000.0,610355000.0,,10.294,-5028000.0,128130000.0,128130000.0,247869000.0,15352000.0,1.949,0.457,0.0,0.0,0.0,0.0,0.0,7803000.0,0.0,0.0,0.0,23605000.0,31408000.0,0.078,31408000.0,23605000.0,23334000.0,0.15,0.15,0.15,1062411000.0,,1062411000.0,1501322546.0,16.0,12.939,37878000.0,0.367,1.0,153425000.0,0.382,243654000.0,271000.0,695195000.0,,39168000.0,419886000.0,419886000.0,0.0,485591000.0,481023000.0,4568000.0,1683292546.0,-53840000.0,0.0,11425000.0,-7772000.0,0.0,5845000.0,-102591000.0,-97563000.0,42906000.0,0.0,15352000.0,15352000.0,15352000.0,0.0,0.0,0.038,136317000.0,17108000.0,196155000.0,0.0,1.584,29.855,29.585,96634000.0,0.0,16.272,1.079,1.071,204335000.0,-431698000.0,401294000.0,401294000.0,57189000.0,,,,,3202000.0,78167000.0,1.0,103447182.0,103207000,104787000.0,3.888,1304348000.0,403254000.0,7982000.0,62006000.0,12.638,456624000.0
12,PALM,MRQ,2007-03-31,2007-02-28,2007-02-28,2019-10-15,2045000.0,1515254000.0,,913003000.0,602251000.0,,10.07,-5362000.0,181970000.0,181970000.0,259183000.0,11757000.0,1.908,0.473,0.0,0.0,0.0,0.0,0.0,7211000.0,0.0,0.0,0.0,18068000.0,25279000.0,0.062,25279000.0,18068000.0,17764000.0,0.12,0.11,0.12,1028598000.0,,1028598000.0,1572102259.0,15.0,13.243,77973000.0,0.763,1.0,151346000.0,0.369,248464000.0,304000.0,606407000.0,,37505000.0,324724000.0,324724000.0,0.0,486656000.0,478413000.0,8243000.0,1689517259.0,29555000.0,-19000000.0,4416000.0,-35272000.0,0.0,-29573000.0,-24207000.0,44155000.0,83335000.0,0.0,11757000.0,11757000.0,11757000.0,0.0,0.0,0.029,138763000.0,12583000.0,198616000.0,0.0,1.643,24.774,25.462,94914000.0,0.0,16.55,1.081,1.082,213881000.0,-447050000.0,410529000.0,410529000.0,50619000.0,,,,,4428000.0,84104000.0,1.0,102085635.0,102142000,103711000.0,4.019,1266790000.0,400600000.0,6007000.0,55336000.0,12.402,434590000.0
13,PALM,MRQ,2006-12-31,2006-11-30,2006-11-30,2019-10-15,1640000.0,1502542000.0,,984627000.0,517915000.0,,9.823,-8325000.0,152415000.0,152415000.0,253830000.0,12771000.0,2.014,0.495,35000000.0,35000000.0,0.0,35000000.0,0.0,3303000.0,0.0,0.0,0.0,23209000.0,26512000.0,0.067,26512000.0,23209000.0,22482000.0,0.12,0.12,0.12,1005252000.0,,1005252000.0,1365836215.0,12.0,10.489,13900000.0,0.136,1.0,139081000.0,0.354,192455000.0,727000.0,703758000.0,,38859000.0,368868000.0,368868000.0,0.0,497290000.0,488914000.0,8376000.0,1458401215.0,24850000.0,0.0,-25519000.0,-272000.0,0.0,-24594000.0,27219000.0,35544000.0,22225000.0,0.0,12771000.0,12771000.0,12771000.0,0.0,0.0,0.033,122123000.0,16958000.0,192340000.0,0.0,1.451,16.884,16.904,93623000.0,0.0,14.03,0.947,0.932,247440000.0,-458807000.0,392911000.0,392911000.0,42299000.0,,,,,5279000.0,79484000.0,1.0,103948768.0,102332000,104056000.0,3.84,1310087000.0,391908000.0,9711000.0,45862000.0,12.802,495713000.0
14,PALM,MRQ,2006-09-30,2006-08-31,2006-08-31,2019-10-15,717000.0,1442810000.0,,896673000.0,546137000.0,,9.768,-5936000.0,127565000.0,127565000.0,224487000.0,16503000.0,2.101,0.429,35000000.0,35000000.0,0.0,35000000.0,0.0,3314000.0,0.0,0.0,0.0,29515000.0,32829000.0,0.092,32829000.0,29515000.0,28847000.0,0.16,0.16,0.16,1009443000.0,,1009443000.0,1428392450.0,11.0,9.781,13789000.0,0.133,1.0,131286000.0,0.369,192795000.0,668000.0,730736000.0,,51875000.0,404232000.0,404232000.0,0.0,433367000.0,426714000.0,6653000.0,1506853450.0,14104000.0,0.0,641000.0,-7500000.0,0.0,-6290000.0,669000.0,6605000.0,19725000.0,0.0,16503000.0,16503000.0,16503000.0,0.0,0.0,0.046,107877000.0,23409000.0,147327000.0,0.0,1.493,4.505,4.399,85952000.0,0.0,14.56,0.946,0.945,168130000.0,-471578000.0,355773000.0,355773000.0,40845000.0,,,,,6105000.0,66692000.0,1.0,103492682.0,103347000,104590000.0,3.443,1250015000.0,401022000.0,12344000.0,48576000.0,12.095,469959000.0
15,PALM,MRQ,2006-06-30,2006-05-31,2006-05-31,2019-10-15,-684000.0,1487522000.0,,949999000.0,537523000.0,,9.575,-3258000.0,113461000.0,113461000.0,253301000.0,27165000.0,1.911,0.512,35000000.0,35000000.0,0.0,35000000.0,0.0,3158000.0,0.0,0.0,0.0,30931000.0,34089000.0,0.085,34089000.0,30931000.0,27797000.0,0.25,0.24,0.25,983905000.0,,983905000.0,1600392861.0,13.0,11.474,-31347000.0,-0.305,1.0,149835000.0,0.372,192321000.0,3134000.0,719668000.0,,58010000.0,409400000.0,409400000.0,0.0,503617000.0,497072000.0,6545000.0,1697035861.0,-18182000.0,0.0,14171000.0,0.0,0.0,14171000.0,-4264000.0,-1006000.0,-28089000.0,0.0,27165000.0,27165000.0,27165000.0,0.0,0.0,0.067,126394000.0,23441000.0,184501000.0,0.0,1.725,5.048,4.949,82990000.0,0.0,16.48,1.075,1.053,204337000.0,-488081000.0,403136000.0,403136000.0,37707000.0,,,,,5717000.0,65734000.0,1.0,102975477.0,102756000,108217000.0,3.923,1295201000.0,414567000.0,632000.0,50021000.0,12.605,452927000.0
16,PALM,MRQ,2006-03-31,2006-02-28,2006-02-28,2019-10-15,-37000.0,1406999000.0,,804152000.0,602847000.0,,9.272,-3988000.0,131643000.0,131643000.0,257865000.0,29939000.0,1.763,0.501,35000000.0,35000000.0,0.0,35000000.0,0.0,4620000.0,0.0,0.0,0.0,32166000.0,36786000.0,0.095,36786000.0,32166000.0,32166000.0,0.3,0.28,0.3,937499000.0,,937499000.0,1936704047.0,18.0,14.964,87230000.0,0.863,1.0,130675000.0,0.336,192661000.0,0.0,661576000.0,,51065000.0,410343000.0,409568000.0,775000.0,469500000.0,456119000.0,13381000.0,2083054047.0,-49707000.0,0.0,12688000.0,0.0,0.0,12688000.0,-153613000.0,-149625000.0,91218000.0,0.0,29939000.0,29939000.0,29939000.0,0.0,0.0,0.077,101915000.0,28760000.0,156525000.0,0.0,2.222,6.375,6.334,82550000.0,0.0,20.65,1.378,1.382,119078000.0,-515246000.0,388540000.0,388540000.0,38298000.0,,,,,6294000.0,63277000.0,1.0,100874288.0,101109000,105972000.0,3.843,1214338000.0,407844000.0,2227000.0,49633000.0,12.01,348033000.0
17,PALM,MRQ,2005-12-31,2005-11-30,2005-11-30,2019-10-15,363000.0,1372791000.0,,769974000.0,602817000.0,,8.876,-4792000.0,181350000.0,181350000.0,308693000.0,260889000.0,1.767,0.544,35000000.0,0.0,35000000.0,35000000.0,0.0,5669000.0,0.0,0.0,0.0,36671000.0,42340000.0,0.095,42340000.0,36671000.0,36671000.0,2.6,2.51,2.6,888979000.0,,888979000.0,1311269177.0,16.0,12.472,21805000.0,0.218,1.0,135940000.0,0.306,193001000.0,0.0,597786000.0,,30995000.0,261483000.0,260708000.0,775000.0,483812000.0,435654000.0,48158000.0,1423866177.0,33753000.0,0.0,4519000.0,0.0,0.0,4519000.0,2637000.0,7429000.0,26597000.0,0.0,260889000.0,260889000.0,260889000.0,0.0,0.0,0.587,101140000.0,34800000.0,168878000.0,0.0,1.602,4.728,4.73,82842000.0,0.0,14.19,1.011,1.009,203509000.0,-545185000.0,444633000.0,444633000.0,31208000.0,,,,,441000.0,66347000.0,1.0,100342930.0,100153000,104095000.0,4.44,1179790000.0,404763000.0,-224218000.0,52979000.0,11.78,334320000.0
18,PALM,MRQ,2005-09-30,2005-08-31,2005-08-31,2019-10-15,578000.0,990748000.0,,593145000.0,397603000.0,,6.115,-6906000.0,147597000.0,147597000.0,237849000.0,18177000.0,1.766,0.632,35000000.0,0.0,35000000.0,35000000.0,0.0,6254000.0,0.0,0.0,0.0,20013000.0,26267000.0,0.077,26267000.0,20013000.0,20013000.0,0.18,0.18,0.18,606976000.0,,606976000.0,1605802837.0,21.0,16.046,41568000.0,0.419,1.0,104351000.0,0.305,276414000.0,0.0,265900000.0,,38268000.0,269895000.0,269120000.0,775000.0,383772000.0,335837000.0,47935000.0,1698966837.0,19433000.0,0.0,7180000.0,0.0,0.0,7180000.0,-36221000.0,-29315000.0,48474000.0,0.0,18177000.0,18177000.0,18177000.0,0.0,0.0,0.053,86041000.0,18310000.0,138996000.0,0.0,2.799,26.15,26.092,82088000.0,0.0,17.09,1.268,1.266,128491000.0,-806074000.0,342200000.0,342200000.0,29030000.0,,,,,596000.0,54733000.0,1.0,99412922.0,99254000,103613000.0,3.448,714334000.0,36794000.0,1836000.0,0.0,7.197,257308000.0
19,PALM,MRQ,2005-06-30,2005-05-31,2005-05-31,2019-10-15,712000.0,950032000.0,,552812000.0,397220000.0,,5.907,-5967000.0,128164000.0,128164000.0,234404000.0,17729000.0,1.718,0.635,35000000.0,0.0,35000000.0,35000000.0,0.0,3861000.0,0.0,0.0,0.0,20171000.0,24032000.0,0.072,24032000.0,20171000.0,20171000.0,0.18,0.18,0.18,581023000.0,,581023000.0,1323894893.0,16.0,12.744,30525000.0,0.31,1.0,101416000.0,0.302,279534000.0,0.0,255582000.0,,35544000.0,241492000.0,240717000.0,775000.0,369009000.0,321752000.0,47257000.0,1395275893.0,21783000.0,0.0,4950000.0,-1600000.0,0.0,3350000.0,-18059000.0,-4592000.0,36492000.0,0.0,17729000.0,17729000.0,17729000.0,0.0,0.0,0.053,82466000.0,18950000.0,135720000.0,0.0,2.401,21.017,20.897,19158000.0,0.0,14.21,1.098,1.085,140162000.0,-824251000.0,335820000.0,335820000.0,27675000.0,,,,,2027000.0,54997000.0,1.0,98189718.0,98363000,102540000.0,3.414,670498000.0,36217000.0,2442000.0,8441000.0,6.817,231060000.0
20,PALM,MRQ,2005-03-31,2005-02-28,2005-02-28,2019-10-15,839000.0,926092000.0,,555675000.0,370417000.0,,5.72,-1699000.0,106381000.0,106381000.0,196773000.0,4373000.0,1.672,0.661,35000000.0,0.0,35000000.0,35000000.0,0.0,6207000.0,0.0,0.0,0.0,6294000.0,12501000.0,0.044,12501000.0,6294000.0,6294000.0,0.04,0.04,0.04,557684000.0,,557684000.0,960717257.0,13.0,9.401,19845000.0,0.204,1.0,88492000.0,0.31,257046000.0,0.0,265407000.0,,45620000.0,236933000.0,236158000.0,775000.0,368408000.0,332258000.0,36150000.0,1161863257.0,16660000.0,0.0,2756000.0,0.0,0.0,2756000.0,-7640000.0,-5941000.0,21544000.0,0.0,4373000.0,4373000.0,4373000.0,0.0,0.0,0.015,83403000.0,5089000.0,150567000.0,0.0,2.083,18.741,17.261,16632000.0,0.0,11.91,0.967,0.966,158540000.0,-841980000.0,285265000.0,285265000.0,23410000.0,,,,,0.0,53807000.0,1.0,97553590.0,97501000,102882000.0,2.926,669046000.0,35400000.0,1921000.0,0.0,6.862,223417000.0
21,PALM,MRQ,2004-12-31,2004-11-30,2004-11-30,2019-10-15,1062000.0,954601000.0,,578355000.0,376246000.0,,5.69,-4853000.0,236146000.0,236146000.0,266478000.0,24691000.0,1.573,0.734,35000000.0,0.0,35000000.0,35000000.0,0.0,6255000.0,0.0,0.0,0.0,31019000.0,37274000.0,0.099,37274000.0,31019000.0,31019000.0,0.255,0.24,0.255,550528000.0,,550528000.0,1516695862.0,25.0,16.347,18822000.0,0.195,1.0,109702000.0,0.292,260476000.0,0.0,125206000.0,,29119000.0,84468000.0,83693000.0,775000.0,404073000.0,367773000.0,36300000.0,1692661862.0,-11745000.0,0.0,4325000.0,0.0,0.0,4325000.0,-39745000.0,-34892000.0,23675000.0,0.0,24691000.0,24691000.0,24691000.0,0.0,0.0,0.066,79294000.0,30408000.0,184548000.0,0.0,3.075,35.045,31.855,18620000.0,0.0,17.52,1.46,1.463,219427000.0,-846353000.0,376180000.0,376180000.0,20407000.0,,,,,0.0,56360000.0,1.0,96613120.0,96762000,102884000.0,3.888,694125000.0,34800000.0,6328000.0,0.0,7.174,210582000.0
22,PALM,MRQ,2004-09-30,2004-08-31,2004-08-31,2019-10-15,883000.0,836128000.0,,457409000.0,378719000.0,,5.467,-2760000.0,210966000.0,210966000.0,181803000.0,19594000.0,1.64,0.606,35000000.0,0.0,35000000.0,35000000.0,0.0,7029000.0,0.0,0.0,0.0,23047000.0,30076000.0,0.11,30076000.0,23047000.0,23047000.0,0.205,0.19,0.205,520744000.0,,520744000.0,1400701596.0,50.0,23.034,28577000.0,0.3,1.0,91342000.0,0.334,263995000.0,0.0,117233000.0,,19152000.0,87243000.0,86468000.0,775000.0,315384000.0,278934000.0,36450000.0,1568770596.0,2897000.0,0.0,8822000.0,0.0,0.0,8822000.0,-37262000.0,-34502000.0,31337000.0,0.0,19594000.0,19594000.0,19594000.0,0.0,0.0,0.072,68261000.0,23081000.0,128331000.0,0.0,3.013,80.487,68.021,17495000.0,0.0,16.325,1.488,1.475,133309000.0,-871044000.0,273145000.0,273145000.0,18568000.0,,,,,0.0,47354000.0,1.0,96096208.0,95258000,102010000.0,2.867,572133000.0,34800000.0,3453000.0,0.0,6.006,178475000.0
23,PALM,MRQ,2004-06-30,2004-05-31,2004-05-31,2019-10-15,490000.0,787938000.0,,402502000.0,385436000.0,,5.271,-1547000.0,98569000.0,98569000.0,185659000.0,13337000.0,1.549,0.603,35000000.0,0.0,35000000.0,35000000.0,0.0,7331000.0,0.0,0.0,0.0,15013000.0,22344000.0,0.084,22344000.0,15013000.0,15013000.0,0.19,0.19,0.19,491534000.0,,491534000.0,833742588.0,-53.0,52.869,4812000.0,0.052,1.0,81687000.0,0.306,268342000.0,0.0,196223000.0,,14030000.0,162254000.0,161079000.0,1175000.0,296404000.0,259804000.0,36600000.0,989292588.0,-22981000.0,6000000.0,8244000.0,0.0,0.0,8244000.0,-31584000.0,-36037000.0,6359000.0,0.0,13337000.0,13337000.0,13337000.0,0.0,0.0,0.05,65665000.0,16022000.0,112772000.0,0.0,2.013,-45.279,-37.911,19425000.0,0.0,10.615,1.042,0.887,120757000.0,-890638000.0,267346000.0,267346000.0,17760000.0,,,,,0.0,45305000.0,1.0,93197606.0,93254000,93254000.0,2.867,519596000.0,34800000.0,1676000.0,0.0,5.572,142698000.0
24,PALM,MRQ,2004-03-31,2004-02-28,2004-02-28,2019-10-15,1199000.0,773865000.0,,385906000.0,387959000.0,,5.101,-770000.0,190550000.0,190550000.0,172169000.0,-9322000.0,1.445,0.646,35000000.0,0.0,35000000.0,35000000.0,0.0,10776000.0,0.0,0.0,0.0,-7689000.0,3087000.0,0.013,3087000.0,-7689000.0,-7689000.0,-0.1,-0.1,-0.1,470032000.0,,470032000.0,279424848.0,-6.0,-20.629,19940000.0,0.216,1.0,70316000.0,0.29,268244000.0,0.0,82988000.0,,27042000.0,57233000.0,56458000.0,775000.0,303833000.0,267083000.0,36750000.0,462619848.0,40255000.0,0.0,635000.0,0.0,0.0,635000.0,18910000.0,19680000.0,20710000.0,0.0,-9322000.0,-9322000.0,-9322000.0,0.0,0.0,-0.038,77519000.0,-7203000.0,111033000.0,0.0,0.984,-9.214,-6.471,22809000.0,0.0,5.015,0.514,0.514,101452000.0,-903975000.0,242485000.0,242485000.0,19831000.0,,,,,0.0,47752000.0,1.0,92247228.0,92146000,92146000.0,2.632,505621000.0,34800000.0,1633000.0,0.0,5.487,118823000.0
25,PALM,MRQ,2003-12-31,2003-11-30,2003-11-30,2019-10-15,1404000.0,823690000.0,,425133000.0,398557000.0,,6.515,-1818000.0,218195000.0,218195000.0,197739000.0,-4118000.0,1.377,0.723,35000000.0,0.0,35000000.0,35000000.0,0.0,7838000.0,0.0,0.0,0.0,-2534000.0,5304000.0,0.02,5304000.0,-2534000.0,-2534000.0,-0.055,-0.055,-0.055,478149000.0,,478149000.0,259182976.0,-1.0,-1.435,-31032000.0,-0.423,1.0,73476000.0,0.271,273331000.0,0.0,58523000.0,,36336000.0,9113000.0,7297000.0,1816000.0,345541000.0,308641000.0,36900000.0,476022976.0,-9506000.0,10114000.0,9516000.0,0.0,0.0,9516000.0,10192000.0,1896000.0,-29214000.0,0.0,-4118000.0,-4118000.0,-4118000.0,6750000.0,0.0,-0.015,70868000.0,2608000.0,131010000.0,0.0,0.996,-2.233,-2.056,27190000.0,0.0,7.485,0.557,0.643,152987000.0,-894653000.0,271215000.0,271215000.0,14948000.0,,,,,0.0,53064000.0,1.0,63596924.0,73392000,77486000.0,3.695,550359000.0,34800000.0,1584000.0,0.0,7.499,116492000.0
26,PALM,MRQ,2003-09-30,2003-08-31,2003-08-31,2019-10-15,883000.0,578686000.0,,376040000.0,202646000.0,,4.281,-1641000.0,266840000.0,266840000.0,121224000.0,-21746000.0,1.69,1.221,50000000.0,0.0,50000000.0,50000000.0,13779000.0,5583000.0,0.0,0.0,0.0,-20548000.0,-14965000.0,-0.089,-14965000.0,-20548000.0,-20548000.0,-0.37,-0.37,-0.37,251288000.0,,251288000.0,342907647.0,-2.0,-1.939,-12554000.0,-0.214,1.0,47384000.0,0.281,69161000.0,0.0,70230000.0,,24048000.0,5383000.0,0.0,5383000.0,306816000.0,222455000.0,84361000.0,535339647.0,22734000.0,0.0,38052000.0,0.0,0.0,38052000.0,-4405000.0,-2764000.0,-10913000.0,0.0,-21746000.0,-21746000.0,-21746000.0,4884000.0,0.0,-0.129,62891000.0,-15507000.0,68437000.0,0.0,2.13,-2.604,-2.591,30797000.0,0.0,9.135,0.636,0.637,76631000.0,-890535000.0,168608000.0,168608000.0,16828000.0,,,,,0.0,43272000.0,1.0,58603136.0,58698000,58698000.0,2.872,509525000.0,34800000.0,1198000.0,0.0,8.68,153585000.0
27,PALM,MRQ,2003-06-30,2003-05-31,2003-05-31,2019-10-15,1235000.0,576626000.0,,371023000.0,205603000.0,,4.383,-1173000.0,204967000.0,204967000.0,159617000.0,-15021000.0,1.563,1.254,35000000.0,0.0,35000000.0,35000000.0,0.0,6980000.0,0.0,0.0,0.0,-13951000.0,-6971000.0,-0.032,-6971000.0,-13951000.0,-13951000.0,-0.25,-0.25,-0.25,255786000.0,,255786000.0,139069432.0,-1.0,-0.728,-21839000.0,-0.374,1.0,57529000.0,0.265,13815000.0,0.0,155498000.0,,22748000.0,948000.0,0.0,948000.0,320840000.0,237346000.0,83494000.0,348476432.0,28664000.0,819000.0,1171000.0,0.0,0.0,1171000.0,48159000.0,48513000.0,-20666000.0,0.0,-15021000.0,-15021000.0,-15021000.0,4666000.0,0.0,-0.069,67410000.0,-9881000.0,89371000.0,0.0,1.362,-0.787,-0.787,31204000.0,0.0,5.99,0.416,0.416,96784000.0,-868789000.0,217146000.0,217146000.0,18997000.0,,,,,0.0,46224000.0,1.0,58176366.0,58360000,58360000.0,3.721,562811000.0,34800000.0,1070000.0,0.0,9.644,133677000.0
28,PALM,MRQ,2003-03-31,2003-02-28,2003-02-28,2019-10-15,-788000.0,604657000.0,,388717000.0,215940000.0,,4.242,-1537000.0,259407000.0,259407000.0,150725000.0,-172336000.0,1.54,1.369,50000000.0,0.0,50000000.0,50000000.0,15513000.0,6966000.0,0.0,0.0,0.0,-170923000.0,-163957000.0,-0.829,-163957000.0,-170923000.0,-170923000.0,-2.965,-2.965,-2.965,246756000.0,,246756000.0,138012498.0,-1.0,-0.658,-7270000.0,-0.125,1.0,47139000.0,0.238,70182000.0,0.0,72680000.0,,23293000.0,7682000.0,5063000.0,2619000.0,337901000.0,252388000.0,85513000.0,337280498.0,10271000.0,0.0,189000.0,0.0,0.0,189000.0,15815000.0,17352000.0,-5733000.0,0.0,-172336000.0,-172336000.0,-172336000.0,6588000.0,0.0,-0.871,208900000.0,-161761000.0,81701000.0,0.0,1.367,-0.741,-0.739,100945000.0,0.0,5.8,0.404,0.404,91205000.0,-853768000.0,197864000.0,197864000.0,15702000.0,,,,,0.0,52176000.0,1.0,58151810.0,58164000,58164000.0,3.402,534475000.0,34800000.0,1413000.0,0.0,9.189,136329000.0
29,PALM,MRQ,2002-12-31,2002-11-29,2002-11-29,2019-10-15,-336000.0,799037000.0,,473155000.0,325882000.0,,7.206,-643000.0,249268000.0,249268000.0,187632000.0,3520000.0,1.731,0.861,50000000.0,0.0,50000000.0,50000000.0,17030000.0,4882000.0,0.0,0.0,0.0,4121000.0,9003000.0,0.035,9003000.0,4121000.0,4121000.0,0.06,0.06,0.06,418630000.0,,418630000.0,304385875.0,-5.0,-10.046,-3661000.0,-0.063,1.0,70270000.0,0.272,74141000.0,0.0,252251000.0,,38528000.0,25035000.0,22588000.0,2447000.0,360407000.0,273377000.0,87030000.0,492733875.0,1822000.0,0.0,1129000.0,0.0,0.0,1129000.0,3711000.0,4354000.0,-3018000.0,0.0,3520000.0,3520000.0,3520000.0,6001000.0,0.0,0.014,64923000.0,5347000.0,131605000.0,0.0,1.177,-1.761,-1.76,206213000.0,0.0,8.5,0.53,0.531,148061000.0,-681432000.0,257902000.0,257902000.0,16518000.0,,,,,0.0,49436000.0,1.0,57968691.0,58092000,58172000.0,4.44,724896000.0,34800000.0,601000.0,0.0,12.478,199778000.0
30,PALM,MRQ,2002-09-30,2002-08-30,2002-08-30,2019-10-15,-332000.0,733595000.0,,402260000.0,331335000.0,,7.471,-4803000.0,238348000.0,238348000.0,117653000.0,-258745000.0,1.726,0.695,50000000.0,0.0,50000000.0,50000000.0,17641000.0,9891000.0,0.0,0.0,0.0,-38619000.0,-28728000.0,-0.167,-28728000.0,-38619000.0,-38619000.0,-4.465,-4.465,-4.465,432844000.0,,432844000.0,211630842.0,-2.0,-3.386,-30215000.0,-0.522,1.0,54615000.0,0.317,76009000.0,0.0,236128000.0,,45220000.0,30268000.0,27811000.0,2457000.0,300751000.0,233110000.0,67641000.0,440177842.0,-40199000.0,0.0,-12000.0,0.0,0.0,-12000.0,-14775000.0,-9972000.0,-25412000.0,0.0,-258745000.0,-258745000.0,-258745000.0,0.0,0.0,-1.502,89748000.0,-35133000.0,88223000.0,0.0,1.017,-1.427,-1.425,210013000.0,0.0,7.6,0.457,0.458,76923000.0,-684952000.0,172268000.0,172268000.0,29916000.0,,,,,0.0,56626000.0,1.0,57918137.0,57936000,57936000.0,2.973,657586000.0,34800000.0,220126000.0,0.0,11.35,169150000.0
31,PALM,MRQ,2002-06-30,2002-05-31,2002-05-31,2019-10-15,95000.0,989096000.0,,478179000.0,510917000.0,,11.937,355000.0,278547000.0,278547000.0,180314000.0,-27477000.0,2.052,0.432,50000000.0,0.0,50000000.0,50000000.0,15250000.0,1379000.0,0.0,0.0,0.0,-27538000.0,-26159000.0,-0.126,-26159000.0,-27538000.0,-27538000.0,-0.475,-0.475,-0.475,690848000.0,,690848000.0,685395567.0,-6.0,-9.796,24964000.0,0.431,1.0,26526000.0,0.128,78370000.0,0.0,449181000.0,,55004000.0,20296000.0,17970000.0,2326000.0,298248000.0,232998000.0,65250000.0,921040567.0,-37403000.0,-31118000.0,1784000.0,-15000000.0,0.0,-13279000.0,-48733000.0,-17970000.0,24609000.0,0.0,-27477000.0,-27477000.0,-27477000.0,17017000.0,0.0,-0.133,36149000.0,-9623000.0,88909000.0,0.0,1.333,-11.209,-11.08,51556000.0,0.0,15.9,0.917,0.907,63551000.0,-426207000.0,206840000.0,206840000.0,-20223000.0,,,,,-95000.0,34144000.0,1.0,57927080.0,57874000,57874000.0,3.574,910726000.0,254425000.0,-61000.0,0.0,15.736,245181000.0
32,PALM,MRQ,2002-03-31,2002-03-01,2002-03-01,2019-10-15,-133000.0,1039795000.0,,513826000.0,525969000.0,,12.4,-1947000.0,285645000.0,285645000.0,178856000.0,2948000.0,1.923,0.454,50000000.0,0.0,50000000.0,50000000.0,7426000.0,11250000.0,0.0,0.0,0.0,4335000.0,15585000.0,0.053,15585000.0,4335000.0,4335000.0,0.05,0.05,0.05,715191000.0,,715191000.0,1484773037.0,-2.0,-2.445,-7143000.0,-0.124,1.0,113795000.0,0.389,81717000.0,0.0,455255000.0,,50564000.0,0.0,0.0,0.0,324604000.0,267178000.0,57426000.0,1726751037.0,43667000.0,43000.0,732000.0,50000000.0,0.0,51042000.0,-2179000.0,-275000.0,-5196000.0,0.0,2948000.0,2948000.0,2948000.0,0.0,0.0,0.01,108515000.0,5280000.0,110137000.0,0.0,2.414,-3.865,-3.79,217007000.0,0.0,29.9,1.793,1.791,98323000.0,-398730000.0,292651000.0,292651000.0,33767000.0,,,,,4000.0,71401000.0,1.0,57750871.0,57676000,57738000.0,5.074,958078000.0,273002000.0,1387000.0,0.0,16.611,246648000.0
33,PALM,MRQ,2001-12-31,2001-11-30,2001-11-30,2019-10-15,376000.0,1057560000.0,,574492000.0,483068000.0,,12.171,-2412000.0,241978000.0,241978000.0,187268000.0,-25208000.0,1.609,0.529,0.0,0.0,0.0,0.0,8576000.0,13872000.0,0.0,0.0,0.0,-37071000.0,-23199000.0,-0.08,-23199000.0,-37071000.0,-37071000.0,-0.445,-0.445,-0.445,691873000.0,,691873000.0,1661101906.0,-2.0,-2.72,-79962000.0,-1.407,1.0,103312000.0,0.356,67439000.0,0.0,391032000.0,,78633000.0,0.0,0.0,0.0,365687000.0,357111000.0,8576000.0,1982334906.0,-79255000.0,0.0,761000.0,0.0,0.0,707000.0,-2412000.0,0.0,-77550000.0,0.0,-25208000.0,-25208000.0,-25208000.0,0.0,0.0,-0.087,140847000.0,-37535000.0,146654000.0,0.0,2.865,-4.389,-4.395,225328000.0,0.0,34.9,1.737,1.739,130103000.0,-401678000.0,290580000.0,290580000.0,37090000.0,,,,,80000.0,76603000.0,1.0,56800427.0,56846000,56846000.0,5.112,990121000.0,279704000.0,-11863000.0,0.0,17.418,217381000.0
34,PALM,MRQ,2001-09-30,2001-08-31,2001-08-31,2019-10-15,254000.0,1068104000.0,,630444000.0,437660000.0,,12.397,-11429000.0,321233000.0,321233000.0,141831000.0,-32431000.0,1.778,0.519,0.0,0.0,0.0,0.0,10307000.0,11497000.0,0.0,0.0,0.0,-47692000.0,-36195000.0,-0.169,-36195000.0,-47692000.0,-47692000.0,-0.6,-0.6,-0.6,703204000.0,,703204000.0,1516676219.0,-3.0,-2.813,-192354000.0,-3.391,1.0,72486000.0,0.338,58216000.0,0.0,334062000.0,,115409000.0,0.0,0.0,0.0,364900000.0,354593000.0,10307000.0,2030445219.0,-192536000.0,0.0,11000.0,0.0,0.0,-182000.0,-11429000.0,0.0,-180925000.0,0.0,-32431000.0,-32431000.0,-32431000.0,0.0,0.0,-0.151,123172000.0,-50686000.0,110542000.0,0.0,2.887,-4.999,-5.046,230803000.0,0.0,35.8,1.479,1.479,48724000.0,-376470000.0,214317000.0,214317000.0,40435000.0,,,,,11000.0,77690000.0,1.0,56716347.0,56721500,56721500.0,3.778,1009888000.0,263710000.0,-15261000.0,0.0,17.804,275851000.0
35,PALM,MRQ,2001-06-30,2001-06-01,2001-06-01,2019-10-15,224000.0,1297251000.0,,904153000.0,393098000.0,,12.948,-238100000.0,513769000.0,513769000.0,432115000.0,-392074000.0,1.634,0.767,0.0,0.0,0.0,0.0,9614000.0,29206000.0,0.0,0.0,0.0,-592649000.0,-563443000.0,-3.409,-563443000.0,-592649000.0,-592649000.0,-6.895,-6.895,-6.895,734152000.0,,734152000.0,2914777502.0,-6.0,-6.295,-318933000.0,-5.625,1.0,-266820000.0,-1.614,61387000.0,0.0,168610000.0,,107813000.0,500000.0,0.0,500000.0,563099000.0,553485000.0,9614000.0,3510641502.0,-82095000.0,-4975000.0,3930000.0,-1295000.0,0.0,3976000.0,-5238000.0,237837000.0,-80833000.0,0.0,-392074000.0,-392074000.0,-392074000.0,0.0,0.0,-2.372,330303000.0,-597123000.0,238235000.0,0.0,4.782,-9.848,-9.833,223422000.0,0.0,61.9,2.251,2.247,115342000.0,-344039000.0,165295000.0,165295000.0,45378000.0,,,,,-4846000.0,108635000.0,1.0,56714725.0,56700100,55840900.0,2.915,1235864000.0,245018000.0,-200575000.0,0.0,21.797,350668000.0
36,PALM,MRQ,2001-03-31,2001-03-02,2001-03-02,2019-10-15,-85000.0,1479780000.0,,1050819000.0,428961000.0,,19.77,-16219000.0,595864000.0,595864000.0,317276000.0,-1936000.0,3.063,0.321,0.0,0.0,0.0,0.0,10575000.0,13291000.0,0.0,0.0,0.0,-1050000.0,12241000.0,0.026,12241000.0,-1050000.0,-1050000.0,0.0,0.0,0.0,1119905000.0,,1119905000.0,9524021422.0,106.0,77.586,-95504000.0,-1.686,1.0,153573000.0,0.326,136812000.0,0.0,404081000.0,,102477000.0,238337000.0,0.0,238337000.0,359875000.0,343023000.0,16852000.0,10266909422.0,-147024000.0,-39384000.0,1287000.0,0.0,0.0,1103000.0,-68842000.0,-13239000.0,-79285000.0,0.0,-1936000.0,-1936000.0,-1936000.0,0.0,0.0,-0.004,166042000.0,-12469000.0,186292000.0,,9.168,213.738,181.25,53812000.0,0.0,181.25,5.886,5.886,273569000.0,48035000.0,470849000.0,470849000.0,43324000.0,,,,,3315000.0,105296000.0,1.0,56645018.0,56646300,56646300.0,8.312,1342968000.0,54921000.0,886000.0,6277000.0,23.708,707796000.0
37,PALM,MRQ,2000-12-31,2000-12-01,2000-12-01,2019-10-15,31000.0,1452971000.0,,1087282000.0,365689000.0,,19.624,-19034000.0,742888000.0,742888000.0,332625000.0,20259000.0,3.33,0.308,0.0,0.0,0.0,0.0,12826000.0,10736000.0,0.0,0.0,0.0,37516000.0,48252000.0,0.092,48252000.0,37516000.0,37516000.0,0.4,0.4,0.4,1110640000.0,,1110640000.0,22321477758.0,202.0,168.404,31861000.0,0.563,1.0,189567000.0,0.363,92961000.0,0.0,290610000.0,,33787000.0,231098000.0,0.0,231098000.0,342331000.0,326512000.0,15819000.0,23024650758.0,39715000.0,0.0,19100000.0,1295000.0,0.0,19235000.0,-30415000.0,-13561000.0,50895000.0,0.0,20259000.0,20259000.0,20259000.0,0.0,0.0,0.039,164795000.0,24772000.0,186849000.0,0.0,20.731,377.924,339.063,41630000.0,0.0,406.875,14.896,14.897,246379000.0,49971000.0,522192000.0,522192000.0,40993000.0,,,,,13484000.0,114694000.0,1.0,56589003.0,56594600,57159400.0,9.227,1360010000.0,48397000.0,17257000.0,2993000.0,24.031,760770000.0
38,PALM,MRQ,2000-09-30,2000-09-01,2000-09-01,2019-10-15,-85000.0,1380990000.0,,1257983000.0,123007000.0,,18.715,-12084000.0,703173000.0,703173000.0,246826000.0,17275000.0,4.109,0.306,0.0,0.0,0.0,0.0,12176000.0,7893000.0,0.0,0.0,0.0,31992000.0,39885000.0,0.099,39885000.0,31992000.0,31992000.0,0.3,0.3,0.3,1057681000.0,,1057681000.0,23161943788.0,246.0,214.938,-67221000.0,-1.189,1.0,154150000.0,0.384,97981000.0,0.0,273688000.0,,31666000.0,224417000.0,224417000.0,0.0,323309000.0,306148000.0,17161000.0,24224071788.0,-358955000.0,-67023000.0,3178000.0,-1295000.0,0.0,1886000.0,-305704000.0,-224417000.0,-55137000.0,0.0,17275000.0,17275000.0,17275000.0,0.0,0.0,0.043,135402000.0,18748000.0,170461000.0,0.0,22.903,452.558,428.75,25026000.0,0.0,428.75,18.895,18.9,221357000.0,29712000.0,400976000.0,400976000.0,30320000.0,,,,,3243000.0,96492000.0,1.0,56499293.0,56514900,56809500.0,7.095,1283009000.0,47704000.0,14717000.0,4985000.0,22.702,951835000.0
39,PALM,MRQ,2000-06-30,2000-06-02,2000-06-02,2019-10-15,-210000.0,1282676000.0,,1252958000.0,29718000.0,,18.282,-2968000.0,1062128000.0,1062128000.0,213299000.0,12437000.0,5.21,0.246,0.0,0.0,0.0,0.0,13006000.0,1307000.0,0.0,0.0,0.0,21069000.0,22376000.0,0.064,22376000.0,21069000.0,21069000.0,0.3,0.3,0.3,1029188000.0,,1029188000.0,14954763842.0,192.0,174.371,81541000.0,1.448,1.0,136946000.0,0.391,14330000.0,0.0,-34264000.0,,24057000.0,0.0,0.0,0.0,253488000.0,240482000.0,13006000.0,14994223842.0,1022123000.0,-1648000.0,1172525000.0,-902000.0,0.0,942230000.0,-4616000.0,0.0,84509000.0,0.0,12437000.0,12437000.0,12437000.0,0.0,0.0,0.036,131609000.0,5337000.0,123106000.0,0.0,14.569,326.6,295.139,13013000.0,0.0,265.625,14.178,13.556,122276000.0,12437000.0,350245000.0,350245000.0,24007000.0,,,,,3394000.0,98158000.0,1.0,56448843.0,56295600,56340400.0,6.222,1268346000.0,37282000.0,8632000.0,0.0,22.53,1012476000.0
40,PALM,MRQ,2000-03-31,2000-02-25,2000-02-25,2019-10-15,-155000.0,238544000.0,,212503000.0,26041000.0,,-1.495,-1708000.0,40005000.0,40005000.0,153479000.0,10953000.0,0.669,-3.999,545000.0,162000.0,383000.0,545000.0,0.0,2249000.0,0.0,,0.0,19785000.0,22034000.0,0.081,22034000.0,19785000.0,19785000.0,0.2,0.2,0.2,-79532000.0,,-79532000.0,,,,-23200000.0,-0.436,1.0,118813000.0,0.436,13550000.0,0.0,-132159000.0,,29774000.0,0.0,0.0,0.0,318076000.0,317693000.0,383000.0,,10437000.0,0.0,0.0,0.0,0.0,33044000.0,-1115000.0,0.0,-21492000.0,0.0,10953000.0,10953000.0,10953000.0,0.0,0.0,0.04,99446000.0,19367000.0,214806000.0,0.0,,,,10553000.0,0.0,,,,114320000.0,,272292000.0,272292000.0,21077000.0,,,,,0.0,69659000.0,1.0,56225807.0,53200000,53200000.0,5.118,224994000.0,28650000.0,8832000.0,0.0,4.229,-105190000.0
41,PALM,MRQ,1999-12-31,1999-11-26,1999-11-26,2019-10-15,36000.0,247369000.0,,224308000.0,23061000.0,,0.497,-3428000.0,29568000.0,29568000.0,148018000.0,12862000.0,1.017,8.359,585000.0,190000.0,395000.0,585000.0,0.0,2310000.0,0.0,,0.0,21156000.0,23466000.0,0.091,23466000.0,21156000.0,21156000.0,0.2,0.2,0.2,26431000.0,,26431000.0,,,,52773000.0,0.992,1.0,110537000.0,0.428,12733000.0,0.0,-14890000.0,,36695000.0,0.0,0.0,0.0,220938000.0,220543000.0,395000.0,,-7570000.0,0.0,0.0,0.0,0.0,-59750000.0,-4021000.0,0.0,56201000.0,0.0,12862000.0,12862000.0,12862000.0,0.0,0.0,0.05,89658000.0,20879000.0,129521000.0,0.0,,,,10276000.0,0.0,,,,129726000.0,,258555000.0,258555000.0,15671000.0,,,,,0.0,69700000.0,1.0,56225807.0,53200000,53200000.0,4.86,234636000.0,26189000.0,8294000.0,0.0,4.41,3765000.0
42,PALM,MRQ,1999-09-30,1999-08-27,1999-08-27,2019-10-15,,,,,,,,-2289000.0,,,98324000.0,9658000.0,,,,,,,,2085000.0,,,0.0,15803000.0,17888000.0,0.101,17888000.0,15803000.0,15803000.0,0.2,0.2,0.2,,,,,,,7782000.0,0.146,1.0,78181000.0,0.443,,0.0,,,,,,,,,,,36660000.0,0.0,0.0,0.0,0.0,28878000.0,-2289000.0,0.0,10071000.0,0.0,9658000.0,9658000.0,9658000.0,0.0,0.0,0.055,62315000.0,15866000.0,,0.0,,,,,0.0,,,,,,176505000.0,176505000.0,12134000.0,,,,,0.0,49674000.0,1.0,,53200000,53200000.0,3.318,,,6145000.0,,,
43,PALM,MRQ,1999-06-30,1999-05-28,1999-05-28,2019-10-15,-133000.0,152247000.0,,130229000.0,22018000.0,,0.639,-1543000.0,478000.0,478000.0,100746000.0,6844000.0,1.108,3.475,0.0,0.0,0.0,0.0,682000.0,2197000.0,0.0,,0.0,11114000.0,13311000.0,0.076,13311000.0,11114000.0,11114000.0,0.2,0.2,0.2,34018000.0,,34018000.0,,,,47453000.0,0.892,1.0,73588000.0,0.422,13829000.0,0.0,20393000.0,,12186000.0,0.0,0.0,0.0,118229000.0,117547000.0,682000.0,,-135000.0,0.0,0.0,0.0,0.0,-47685000.0,-1446000.0,0.0,48996000.0,0.0,6844000.0,6844000.0,6844000.0,0.0,0.0,0.039,62366000.0,11222000.0,76086000.0,0.0,,,,8136000.0,0.0,,,,95839000.0,,174334000.0,174334000.0,14205000.0,,,,,0.0,47654000.0,1.0,,53200000,53200000.0,3.277,138418000.0,20741000.0,4270000.0,0.0,2.602,12682000.0
44,PALM,MRQ,1999-03-31,1999-02-26,1999-02-26,2019-10-15,,,,,,,,-882000.0,,,67583000.0,6597000.0,,,,,,,,880000.0,,,0.0,10713000.0,11593000.0,0.092,11593000.0,10713000.0,10713000.0,0.1,0.1,0.1,,,,,,,29889000.0,0.562,1.0,58306000.0,0.463,,0.0,,,,,,,,,,,0.0,-16831000.0,0.0,0.0,0.0,-12445000.0,-17713000.0,0.0,30771000.0,,6597000.0,6597000.0,6597000.0,0.0,0.0,0.052,47578000.0,10728000.0,,0.0,,,,,0.0,,,,,,125889000.0,125889000.0,10989000.0,,,,,0.0,34464000.0,1.0,,53200000,53200000.0,2.366,,,4116000.0,,,
45,PALM,MRQ,1998-06-30,1998-05-31,1998-05-31,2019-10-15,0.0,115359000.0,,103038000.0,12321000.0,,1.234,,0.0,0.0,,,2.074,0.757,0.0,0.0,0.0,0.0,0.0,,0.0,,0.0,,,,,,,,,,65675000.0,,65675000.0,,,,,,1.0,,,175000.0,,65500000.0,,13769000.0,0.0,0.0,0.0,49684000.0,49684000.0,0.0,,,,,,,,,,,,,,,,,,,,31409000.0,,,,,9121000.0,,,,,80985000.0,,,,,,,,,,,1.0,,53200000,,,115184000.0,11117000.0,,0.0,2.165,53354000.0
0,PALM,MRT,2010-03-31,2010-02-28,2010-02-28,2019-10-15,1729000.0,1007237000.0,939112750.0,742849000.0,264388000.0,0.621,-1.775,-23017000.0,376282000.0,376282000.0,513094000.0,-353071000.0,1.236,-4.381,391000000.0,4000000.0,387000000.0,391000000.0,50534000.0,31506000.0,0.0,0.0,0.0,-336952000.0,-305446000.0,-0.524,-305446000.0,-336952000.0,-355383000.0,-2.43,-2.43,-2.43,-297926000.0,-470708250.0,-297926000.0,1149165539.0,-3.0,-3.762,-124347000.0,-0.741,1.0,69724000.0,0.12,207484000.0,18431000.0,213338000.0,273459000.0,30619000.0,229080000.0,215634000.0,13446000.0,1305163000.0,601133000.0,704030000.0,1020642539.0,245515000.0,0.0,498710000.0,-7020000.0,-450000.0,490641000.0,-145316000.0,-122299000.0,-101330000.0,1520000.0,-353071000.0,-376861000.0,-376861000.0,0.0,0.0,-0.647,512787000.0,-443063000.0,189335000.0,0.0,-3.426,-2.708,-2.506,32944000.0,23790000.0,6.09,1.751,1.754,104025000.0,-1542720000.0,582818000.0,582818000.0,183528000.0,-0.401,0.801,-1.232,-0.578,27795000.0,323887000.0,1.0,167593192.0,167892000,167892000.0,3.471,799753000.0,302000.0,-2312000.0,6286000.0,4.763,141716000.0
1,PALM,MRT,2009-12-31,2009-11-30,2009-11-30,2019-10-15,9126000.0,1326923000.0,851412250.0,909101000.0,417822000.0,0.38,-2.757,-20441000.0,263477000.0,263477000.0,296537000.0,-429565000.0,1.072,-4.02,392000000.0,4000000.0,388000000.0,392000000.0,550784000.0,30385000.0,0.0,0.0,0.0,-411360000.0,-380975000.0,-1.178,-380975000.0,-411360000.0,-431214000.0,-3.19,-3.19,-3.19,-439391000.0,-502648500.0,-439391000.0,1835821594.0,-4.0,-4.819,-213375000.0,-1.339,1.0,26977000.0,0.083,210068000.0,19854000.0,397309000.0,310223500.0,38759000.0,347128000.0,326532000.0,20596000.0,1766314000.0,848069000.0,918245000.0,1552814594.0,119872000.0,0.0,495271000.0,-11662000.0,-585000.0,581722000.0,-271236000.0,-250795000.0,-192934000.0,2320000.0,-429565000.0,-452841000.0,-452841000.0,0.0,0.0,-1.4,454373000.0,-427396000.0,165304000.0,0.0,-3.534,-3.429,-3.42,32786000.0,23276000.0,10.91,4.8,5.375,72352000.0,-1684760000.0,323514000.0,323514000.0,174987000.0,-0.532,0.901,-1.326,-1.272,28132000.0,259964000.0,1.0,142329477.0,159398000,159398000.0,2.03,1116855000.0,322000.0,-1649000.0,6286000.0,7.007,61032000.0
2,PALM,MRT,2009-09-30,2009-08-31,2009-08-31,2019-10-15,1755000.0,793951000.0,684913000.0,433663000.0,360288000.0,0.638,-5.241,-16184000.0,109993000.0,109993000.0,377385000.0,-853806000.0,0.617,-2.074,393000000.0,4000000.0,389000000.0,393000000.0,326190000.0,30124000.0,0.0,0.0,0.0,-423848000.0,-393724000.0,-0.901,-393724000.0,-423848000.0,-446842000.0,-7.29,-7.29,-7.29,-738948000.0,-495569000.0,-738948000.0,2110295536.0,-5.0,-5.36,-246168000.0,-1.746,1.0,59634000.0,0.136,212651000.0,22994000.0,161185000.0,281222000.0,27824000.0,115341000.0,101789000.0,13552000.0,1532899000.0,703122000.0,829777000.0,1868695536.0,-57336000.0,0.0,128309000.0,-11315000.0,-619000.0,214280000.0,-40909000.0,-24725000.0,-229984000.0,-723000.0,-853806000.0,-876062000.0,-876062000.0,0.0,0.0,-2.005,430082000.0,-370448000.0,98487000.0,0.0,-2.529,-2.133,-1.829,31007000.0,22256000.0,13.33,4.276,4.301,76617000.0,-1602831000.0,437019000.0,437019000.0,172127000.0,-1.279,1.768,-1.507,-0.97,28312000.0,230787000.0,1.0,140187212.0,141003000,141003000.0,3.099,581300000.0,455000.0,406964000.0,5900000.0,4.123,-269459000.0
3,PALM,MRT,2009-06-30,2009-05-31,2009-05-31,2019-10-15,1018000.0,628340000.0,774583500.0,353579000.0,274761000.0,0.95,-3.513,-13452000.0,152400000.0,152400000.0,576113000.0,-732188000.0,1.063,-2.545,394000000.0,4000000.0,390000000.0,394000000.0,6308000.0,31811000.0,0.0,0.0,0.0,-302624000.0,-270813000.0,-0.368,-270813000.0,-302624000.0,-327923000.0,-6.51,-6.51,-6.51,-406568000.0,-289241500.0,-406568000.0,1944514900.0,-6.0,-7.18,-201964000.0,-1.745,1.0,159759000.0,0.217,215234000.0,25299000.0,322004000.0,428974000.0,19716000.0,118334000.0,102733000.0,15601000.0,1034908000.0,332702000.0,702206000.0,1680281900.0,-24518000.0,0.0,119585000.0,-14446000.0,-439000.0,204015000.0,-38119000.0,-24667000.0,-188512000.0,-1902000.0,-732188000.0,-753473000.0,-753473000.0,0.0,0.0,-1.024,424568000.0,-264809000.0,105628000.0,0.0,-4.133,-2.23,-1.873,31167000.0,21285000.0,12.19,2.283,1.917,66452000.0,-1262375000.0,735872000.0,735872000.0,177210000.0,-0.973,2.605,-0.705,-0.411,23711000.0,229975000.0,1.0,137841009.0,115725000,115725000.0,6.359,413106000.0,505000.0,404265000.0,5783000.0,3.57,20877000.0
4,PALM,MRT,2009-03-31,2009-02-28,2009-02-28,2019-10-15,-642000.0,656435000.0,912564000.0,373182000.0,283253000.0,1.036,-3.851,-12948000.0,130767000.0,130767000.0,731020000.0,-681736000.0,1.09,-2.542,395000000.0,4000000.0,391000000.0,395000000.0,0.0,33414000.0,0.0,0.0,0.0,-260620000.0,-227206000.0,-0.24,-227206000.0,-260620000.0,-288516000.0,-6.33,-6.33,-6.33,-425687000.0,-159844500.0,-425687000.0,1053443637.0,-4.0,-4.637,-142567000.0,-1.29,1.0,214234000.0,0.227,217829000.0,27896000.0,360396000.0,539127500.0,15332000.0,107659000.0,88604000.0,19055000.0,1082122000.0,342443000.0,739679000.0,801048637.0,-131929000.0,0.0,10989000.0,-13827000.0,-439000.0,96034000.0,-97055000.0,-84107000.0,-129619000.0,-1289000.0,-681736000.0,-691944000.0,-691944000.0,0.0,0.0,-0.732,457684000.0,-243450000.0,97312000.0,0.0,-1.882,-1.158,-1.144,32534000.0,10208000.0,7.24,0.847,0.847,52736000.0,-1178154000.0,945254000.0,945254000.0,187342000.0,-0.758,4.329,-0.483,-0.276,24751000.0,248550000.0,1.0,110642077.0,110529000,110529000.0,8.552,438606000.0,644000.0,393220000.0,8214000.0,3.968,30739000.0
5,PALM,MRT,2008-12-31,2008-11-30,2008-11-30,2019-10-15,-2778000.0,660926000.0,1051809250.0,371558000.0,289368000.0,1.109,-3.747,-14459000.0,143605000.0,143605000.0,863600000.0,-641377000.0,0.903,-2.608,396000000.0,4000000.0,392000000.0,396000000.0,0.0,34902000.0,0.0,0.0,0.0,-231240000.0,-196338000.0,-0.168,-196338000.0,-231240000.0,-262027000.0,-5.97,-5.97,-5.97,-411073000.0,-16958500.0,-411073000.0,492004266.0,-2.0,-2.506,-60536000.0,-0.552,1.0,303174000.0,0.26,220446000.0,30787000.0,281303000.0,625229000.0,28517000.0,101528000.0,80365000.0,21163000.0,1071999000.0,411572000.0,660427000.0,262333266.0,-66000.0,0.0,10549000.0,-9480000.0,-462000.0,-3219000.0,50824000.0,66783000.0,-46077000.0,-1594000.0,-641377000.0,-650938000.0,-650938000.0,0.0,0.0,-0.558,481431000.0,-178257000.0,134647000.0,0.0,-0.638,-0.403,-0.4,33218000.0,9561000.0,2.39,0.225,0.225,98230000.0,-1083131000.0,1166774000.0,1166774000.0,193109000.0,-0.619,38.384,-0.37,-0.198,28936000.0,264814000.0,1.0,109762873.0,109698000,109698000.0,10.636,440480000.0,711000.0,379350000.0,8577000.0,4.015,-40014000.0
6,PALM,MRT,2008-09-30,2008-08-31,2008-08-31,2019-10-15,-4199000.0,1152633000.0,1210667000.0,520912000.0,631721000.0,1.094,0.797,-18844000.0,167329000.0,167329000.0,955991000.0,-144055000.0,1.28,12.347,397000000.0,4000000.0,393000000.0,397000000.0,0.0,36783000.0,0.0,1.058,9.0,-176163000.0,-139380000.0,-0.105,-139380000.0,-176163000.0,-203301000.0,-1.42,-1.42,-1.42,86362000.0,139253000.0,86362000.0,1143946976.0,-6.0,-8.207,-58062000.0,-0.536,1.0,368798000.0,0.278,223063000.0,27138000.0,752193000.0,777235750.0,35182000.0,111620000.0,80982000.0,30638000.0,1066271000.0,407048000.0,659223000.0,922864976.0,-201493000.0,-495000.0,24410000.0,375887000.0,-949039000.0,-234887000.0,71613000.0,92452000.0,-39218000.0,999000.0,-144055000.0,-151972000.0,-151972000.0,0.0,0.0,-0.115,512154000.0,-143356000.0,153229000.0,-6.338,10.686,-6.073,-5.993,36871000.0,7917000.0,8.51,0.697,0.696,141620000.0,-576961000.0,1324789000.0,1324789000.0,198957000.0,-0.126,-1.091,-0.227,-0.133,35388000.0,287761000.0,1.0,108444768.0,108291000,108291000.0,12.234,929570000.0,408114000.0,-59246000.0,8382000.0,8.584,113864000.0
7,PALM,MRT,2008-06-30,2008-05-31,2008-05-31,2019-10-15,-10745000.0,1180262000.0,1292938750.0,540086000.0,640176000.0,1.02,1.048,41447000.0,176918000.0,176918000.0,916810000.0,-105419000.0,1.313,9.631,398000000.0,4000000.0,394000000.0,398000000.0,4080000.0,36209000.0,0.0,1.485,9.0,-137831000.0,-101622000.0,-0.077,-101622000.0,-137831000.0,-158228000.0,-1.05,-1.05,-1.05,111020000.0,385895500.0,111020000.0,785960464.0,-6.0,-7.734,23909000.0,0.226,1.0,401881000.0,0.305,227380000.0,20397000.0,762618000.0,707990000.0,67461000.0,120394000.0,81830000.0,38564000.0,1069242000.0,411346000.0,657896000.0,649656464.0,48788000.0,-495000.0,28437000.0,378018000.0,-948949000.0,-227264000.0,291895000.0,252443000.0,-17538000.0,1695000.0,-105419000.0,-110935000.0,-110935000.0,0.0,0.0,-0.084,527926000.0,-126045000.0,161642000.0,-8.571,5.852,-5.856,-5.771,39636000.0,5516000.0,6.06,0.493,0.487,116430000.0,-537484000.0,1318691000.0,1318691000.0,202764000.0,-0.086,-0.287,-0.195,-0.105,32141000.0,290480000.0,1.0,107204037.0,105891000,105891000.0,12.453,952882000.0,400861000.0,-52809000.0,7215000.0,8.999,128740000.0
8,PALM,MRT,2008-03-31,2008-02-28,2008-02-28,2019-10-15,-10649000.0,1213416000.0,1384873750.0,564511000.0,648905000.0,1.028,1.367,39768000.0,262696000.0,262696000.0,943066000.0,-49001000.0,1.369,7.319,399000000.0,4000000.0,395000000.0,399000000.0,0.0,35247000.0,0.0,1.343,9.0,-67330000.0,-32083000.0,-0.023,-32083000.0,-67330000.0,-80623000.0,-0.48,-0.48,-0.48,145857000.0,623743250.0,145857000.0,972979191.0,-14.0,-30.327,78644000.0,0.737,1.0,480764000.0,0.338,232425000.0,13293000.0,704802000.0,691134250.0,40880000.0,53519000.0,9258000.0,44261000.0,1067559000.0,412493000.0,655066000.0,716650191.0,80726000.0,-495000.0,35328000.0,371518000.0,-948769000.0,-224489000.0,266339000.0,228566000.0,38876000.0,0.0,-49001000.0,-52138000.0,-52138000.0,0.0,0.0,-0.037,547773000.0,-67009000.0,160642000.0,-18.75,4.913,-13.745,-13.958,38311000.0,3137000.0,6.7,0.503,0.502,158049000.0,-496418000.0,1423830000.0,1423830000.0,211928000.0,-0.038,-0.084,-0.097,-0.047,29848000.0,302384000.0,1.0,106962715.0,106707000,106707000.0,13.343,980991000.0,398116000.0,-31622000.0,18137000.0,9.193,152018000.0
9,PALM,MRT,2007-12-31,2007-11-30,2007-11-30,2019-10-15,3379000.0,1296357000.0,1460333250.0,610665000.0,685692000.0,1.042,2.03,40205000.0,143671000.0,143671000.0,983255000.0,17420000.0,1.425,5.064,400000000.0,4000000.0,396000000.0,400000000.0,0.0,33412000.0,0.0,1.291,9.0,9794000.0,43206000.0,0.028,43206000.0,9794000.0,5029000.0,0.17,0.16,0.17,213773000.0,844428500.0,213773000.0,361948891.0,37.0,8.377,170948000.0,1.623,1.0,538960000.0,0.354,234928000.0,4765000.0,889330000.0,666535500.0,49776000.0,233151000.0,149300000.0,83851000.0,1082584000.0,428428000.0,654156000.0,730770891.0,-8744000.0,-19495000.0,38922000.0,337541000.0,-948611000.0,-249617000.0,110130000.0,133420000.0,130743000.0,0.0,17420000.0,16640000.0,16640000.0,0.0,0.0,0.011,556386000.0,-17426000.0,167639000.0,52.941,3.418,43.917,41.0,40700000.0,780000.0,6.97,0.48,0.482,172239000.0,-441754000.0,1522215000.0,1522215000.0,213994000.0,0.011,0.02,0.015,0.006,24167000.0,318165000.0,1.0,104845178.0,105296000,105296000.0,14.457,1061429000.0,389395000.0,-12391000.0,20862000.0,10.08,182237000.0
10,PALM,MRT,2007-09-30,2007-08-31,2007-08-31,2019-10-15,1623000.0,1481720000.0,1511879500.0,930021000.0,551699000.0,1.035,10.317,39166000.0,368822000.0,368822000.0,991217000.0,39039000.0,2.334,0.381,0.0,0.0,0.0,0.0,0.0,27207000.0,0.0,0.0,0.0,67997000.0,95204000.0,0.061,95204000.0,67997000.0,66542000.0,0.38,0.37,0.38,1072932000.0,1042298250.0,1072932000.0,1433765735.0,21.0,15.06,205675000.0,1.978,1.0,574276000.0,0.367,239228000.0,1455000.0,475210000.0,620142500.0,34173000.0,259248000.0,259248000.0,0.0,408788000.0,398460000.0,10328000.0,1561895735.0,241257000.0,-19000000.0,-4133000.0,-46207000.0,0.0,-44293000.0,119041000.0,142875000.0,166509000.0,0.0,39039000.0,39039000.0,39039000.0,0.0,0.0,0.025,532129000.0,42147000.0,167962000.0,0.0,1.456,40.009,39.5,38450000.0,0.0,15.01,0.998,0.997,178998000.0,-432906000.0,1565493000.0,1565493000.0,202723000.0,0.026,0.037,0.11,0.043,16662000.0,315946000.0,1.0,104057011.0,103998000,103998000.0,15.053,1242492000.0,348347000.0,27503000.0,9305000.0,11.947,531561000.0
11,PALM,MRT,2007-06-30,2007-05-31,2007-05-31,2019-10-15,1643000.0,1548002000.0,1502152000.0,937647000.0,610355000.0,1.039,10.339,-24651000.0,128130000.0,128130000.0,985369000.0,56383000.0,1.949,0.457,0.0,0.0,0.0,0.0,0.0,21631000.0,0.0,0.0,0.0,94397000.0,116028000.0,0.074,116028000.0,94397000.0,92427000.0,0.55,0.54,0.55,1062411000.0,1026426000.0,1062411000.0,1501322546.0,16.0,12.939,143540000.0,1.397,1.0,575138000.0,0.369,243654000.0,1970000.0,695195000.0,684024000.0,39168000.0,419886000.0,419886000.0,0.0,485591000.0,481023000.0,4568000.0,1683292546.0,14669000.0,-19000000.0,-9037000.0,-50816000.0,0.0,-54612000.0,-98910000.0,-11259000.0,168191000.0,0.0,56383000.0,56383000.0,56383000.0,0.0,0.0,0.036,505080000.0,70058000.0,196155000.0,0.0,1.584,29.855,29.585,96634000.0,0.0,16.272,1.079,1.071,204335000.0,-431698000.0,1560507000.0,1560507000.0,190952000.0,0.038,0.055,0.138,0.06,19014000.0,308447000.0,1.0,103447182.0,102757000,104442000.0,15.186,1304348000.0,403254000.0,36044000.0,62006000.0,12.694,456624000.0
12,PALM,MRT,2007-03-31,2007-02-28,2007-02-28,2019-10-15,2045000.0,1515254000.0,1487032000.0,913003000.0,602251000.0,1.051,10.07,-22881000.0,181970000.0,181970000.0,990801000.0,68196000.0,1.908,0.473,0.0,0.0,0.0,0.0,0.0,16986000.0,0.0,0.0,0.0,101723000.0,118709000.0,0.076,118709000.0,101723000.0,96890000.0,0.65,0.63,0.65,1028598000.0,1006799500.0,1028598000.0,1572102259.0,15.0,13.243,74315000.0,0.728,1.0,571548000.0,0.366,248464000.0,4833000.0,606407000.0,690142250.0,37505000.0,324724000.0,324724000.0,0.0,486656000.0,478413000.0,8243000.0,1689517259.0,50327000.0,-19000000.0,-6291000.0,-43044000.0,0.0,-46286000.0,-583000.0,85298000.0,97196000.0,0.0,68196000.0,68196000.0,68196000.0,0.0,0.0,0.044,495157000.0,76391000.0,198616000.0,0.0,1.643,24.774,25.462,94914000.0,0.0,16.55,1.081,1.082,213881000.0,-447050000.0,1562349000.0,1562349000.0,171470000.0,0.046,0.068,0.147,0.065,21529000.0,296014000.0,1.0,102085635.0,102142000,103711000.0,15.296,1266790000.0,400600000.0,28694000.0,55336000.0,12.402,434590000.0
13,PALM,MRT,2006-12-31,2006-11-30,2006-11-30,2019-10-15,1640000.0,1502542000.0,1459968250.0,984627000.0,517915000.0,1.055,9.823,-21507000.0,152415000.0,152415000.0,989483000.0,86378000.0,2.014,0.495,35000000.0,35000000.0,0.0,35000000.0,0.0,14395000.0,0.0,0.0,0.0,115821000.0,130216000.0,0.085,130216000.0,115821000.0,111292000.0,0.83,0.8,0.83,1005252000.0,984024750.0,1005252000.0,1365836215.0,12.0,10.489,83572000.0,0.817,1.0,550877000.0,0.358,192455000.0,4529000.0,703758000.0,703934500.0,38859000.0,368868000.0,368868000.0,0.0,497290000.0,488914000.0,8376000.0,1458401215.0,-28935000.0,0.0,1981000.0,-7772000.0,0.0,-4025000.0,-129989000.0,-108482000.0,105079000.0,0.0,86378000.0,86378000.0,86378000.0,0.0,0.0,0.056,458309000.0,92568000.0,192340000.0,0.0,1.451,16.884,16.904,93623000.0,0.0,14.03,0.947,0.932,247440000.0,-458807000.0,1540360000.0,1540360000.0,159149000.0,0.059,0.088,0.165,0.075,23395000.0,275187000.0,1.0,103948768.0,102332000,104056000.0,15.053,1310087000.0,391908000.0,24914000.0,45862000.0,12.802,495713000.0
14,PALM,MRT,2006-09-30,2006-08-31,2006-08-31,2019-10-15,717000.0,1442810000.0,1427530500.0,896673000.0,546137000.0,1.115,9.768,-17974000.0,127565000.0,127565000.0,1044346000.0,334496000.0,2.101,0.429,35000000.0,35000000.0,0.0,35000000.0,0.0,16761000.0,0.0,0.0,0.0,129283000.0,146044000.0,0.092,146044000.0,129283000.0,125481000.0,3.31,3.19,3.31,1009443000.0,954956500.0,1009443000.0,1428392450.0,11.0,9.781,91477000.0,0.885,1.0,547736000.0,0.344,192795000.0,3802000.0,730736000.0,677441500.0,51875000.0,404232000.0,404232000.0,0.0,433367000.0,426714000.0,6653000.0,1506853450.0,-20032000.0,0.0,32019000.0,-7500000.0,0.0,25088000.0,-154571000.0,-136597000.0,109451000.0,0.0,334496000.0,334496000.0,334496000.0,0.0,0.0,0.21,437326000.0,110410000.0,147327000.0,0.0,1.493,4.505,4.399,85952000.0,0.0,14.56,0.946,0.945,168130000.0,-471578000.0,1592082000.0,1592082000.0,148058000.0,0.234,0.35,0.191,0.081,18557000.0,262050000.0,1.0,103492682.0,103347000,104590000.0,15.405,1250015000.0,401022000.0,-209015000.0,48576000.0,12.095,469959000.0
15,PALM,MRT,2006-06-30,2006-05-31,2006-05-31,2019-10-15,-684000.0,1487522000.0,1314515000.0,949999000.0,537523000.0,1.201,9.759,-18944000.0,113461000.0,113461000.0,1057708000.0,336170000.0,1.911,0.512,35000000.0,35000000.0,0.0,35000000.0,0.0,19701000.0,0.0,0.0,0.0,119781000.0,139482000.0,0.088,139482000.0,119781000.0,116647000.0,3.33,3.19,3.33,983905000.0,854339750.0,983905000.0,1600392861.0,13.0,11.474,119256000.0,1.183,1.0,520801000.0,0.33,192321000.0,3134000.0,719668000.0,561232500.0,58010000.0,409400000.0,409400000.0,0.0,503617000.0,497072000.0,6545000.0,1697035861.0,-14703000.0,0.0,38558000.0,0.0,0.0,38558000.0,-191461000.0,-172517000.0,138200000.0,0.0,336170000.0,336170000.0,336170000.0,0.0,0.0,0.213,415490000.0,105311000.0,184501000.0,0.0,1.725,5.048,4.949,82990000.0,0.0,16.48,1.075,1.053,204337000.0,-488081000.0,1578509000.0,1578509000.0,136243000.0,0.256,0.393,0.213,0.076,13048000.0,250091000.0,1.0,102975477.0,100818000,105745000.0,15.657,1295201000.0,414567000.0,-219523000.0,50021000.0,12.847,452927000.0
16,PALM,MRT,2006-03-31,2006-02-28,2006-02-28,2019-10-15,-37000.0,1406999000.0,1180142500.0,804152000.0,602847000.0,1.281,9.272,-21653000.0,131643000.0,131643000.0,1038811000.0,326734000.0,1.763,0.501,35000000.0,35000000.0,0.0,35000000.0,0.0,20404000.0,0.0,0.0,0.0,109021000.0,129425000.0,0.086,129425000.0,109021000.0,109021000.0,3.26,3.15,3.26,937499000.0,753619250.0,937499000.0,1936704047.0,18.0,14.964,181128000.0,1.791,1.0,472382000.0,0.313,192661000.0,0.0,661576000.0,445211000.0,51065000.0,410343000.0,409568000.0,775000.0,469500000.0,456119000.0,13381000.0,2083054047.0,25262000.0,0.0,29337000.0,-1600000.0,0.0,27737000.0,-205256000.0,-176103000.0,202781000.0,0.0,326734000.0,326734000.0,326734000.0,0.0,0.0,0.216,371562000.0,100820000.0,156525000.0,0.0,2.222,6.375,6.334,82550000.0,0.0,20.65,1.378,1.382,119078000.0,-515246000.0,1511193000.0,1511193000.0,126211000.0,0.277,0.434,0.245,0.072,9358000.0,239354000.0,1.0,100874288.0,101109000,105972000.0,14.946,1214338000.0,407844000.0,-217713000.0,49633000.0,12.01,348033000.0
17,PALM,MRT,2005-12-31,2005-11-30,2005-11-30,2019-10-15,363000.0,1372791000.0,1059915750.0,769974000.0,602817000.0,1.328,8.876,-19364000.0,181350000.0,181350000.0,977719000.0,301168000.0,1.767,0.544,35000000.0,0.0,35000000.0,35000000.0,0.0,21991000.0,0.0,0.0,0.0,83149000.0,105140000.0,0.075,105140000.0,83149000.0,83149000.0,3.0,2.91,3.0,888979000.0,658665500.0,888979000.0,1311269177.0,16.0,12.472,113743000.0,1.136,1.0,430199000.0,0.306,193001000.0,0.0,597786000.0,346168750.0,30995000.0,261483000.0,260708000.0,775000.0,483812000.0,435654000.0,48158000.0,1423866177.0,91629000.0,0.0,19405000.0,-1600000.0,0.0,17805000.0,-59283000.0,-32419000.0,133107000.0,0.0,301168000.0,301168000.0,301168000.0,0.0,0.0,0.214,353050000.0,77149000.0,168878000.0,0.0,1.602,4.728,4.73,82842000.0,0.0,14.19,1.011,1.009,203509000.0,-545185000.0,1407918000.0,1407918000.0,111323000.0,0.284,0.457,0.24,0.059,3064000.0,229884000.0,1.0,100342930.0,100153000,104095000.0,14.058,1179790000.0,404763000.0,-218019000.0,52979000.0,11.78,334320000.0
18,PALM,MRT,2005-09-30,2005-08-31,2005-08-31,2019-10-15,578000.0,990748000.0,955368250.0,593145000.0,397603000.0,1.402,6.115,-19425000.0,147597000.0,147597000.0,935504000.0,64970000.0,1.766,0.632,35000000.0,0.0,35000000.0,35000000.0,0.0,22577000.0,0.0,0.0,0.0,77497000.0,100074000.0,0.075,100074000.0,77497000.0,77497000.0,0.655,0.64,0.655,606976000.0,574052750.0,606976000.0,1605802837.0,21.0,16.046,110760000.0,1.116,1.0,403961000.0,0.302,276414000.0,0.0,265900000.0,228023750.0,38268000.0,269895000.0,269120000.0,775000.0,383772000.0,335837000.0,47935000.0,1698966837.0,46131000.0,0.0,19211000.0,-1600000.0,0.0,17611000.0,-101665000.0,-74740000.0,130185000.0,0.0,64970000.0,64970000.0,64970000.0,0.0,0.0,0.049,331204000.0,72757000.0,138996000.0,0.0,2.799,26.15,26.092,82088000.0,0.0,17.09,1.268,1.266,128491000.0,-806074000.0,1339465000.0,1339465000.0,100522000.0,0.068,0.113,0.34,0.058,2623000.0,219897000.0,1.0,99412922.0,99254000,103613000.0,13.495,714334000.0,36794000.0,12527000.0,0.0,7.197,257308000.0
19,PALM,MRT,2005-06-30,2005-05-31,2005-05-31,2019-10-15,712000.0,950032000.0,916713250.0,552812000.0,397220000.0,1.386,5.992,-15279000.0,128164000.0,128164000.0,879458000.0,66387000.0,1.718,0.635,35000000.0,0.0,35000000.0,35000000.0,0.0,23352000.0,0.0,0.0,0.0,80531000.0,103883000.0,0.082,103883000.0,80531000.0,80531000.0,0.68,0.65,0.68,581023000.0,552494750.0,581023000.0,1323894893.0,16.0,12.744,97769000.0,1.008,1.0,390952000.0,0.308,279534000.0,0.0,255582000.0,190857000.0,35544000.0,241492000.0,240717000.0,775000.0,369009000.0,321752000.0,47257000.0,1395275893.0,29595000.0,0.0,20853000.0,-1600000.0,0.0,19253000.0,-102706000.0,-79927000.0,113048000.0,0.0,66387000.0,66387000.0,66387000.0,0.0,0.0,0.052,313424000.0,77528000.0,135720000.0,0.0,2.401,21.017,20.897,19158000.0,0.0,14.21,1.098,1.085,140162000.0,-824251000.0,1270410000.0,1270410000.0,90060000.0,0.072,0.12,0.422,0.063,2027000.0,212518000.0,1.0,98189718.0,96971000,102579000.0,13.101,670498000.0,36217000.0,14144000.0,8441000.0,6.914,231060000.0
20,PALM,MRT,2005-03-31,2005-02-28,2005-02-28,2019-10-15,839000.0,926092000.0,876189750.0,555675000.0,370417000.0,1.372,5.72,-10859000.0,106381000.0,106381000.0,830713000.0,61995000.0,1.672,0.661,35000000.0,0.0,35000000.0,35000000.0,0.0,26822000.0,0.0,0.0,0.0,75373000.0,102195000.0,0.085,102195000.0,75373000.0,75373000.0,0.69,0.66,0.69,557684000.0,530122500.0,557684000.0,960717257.0,13.0,9.401,72056000.0,0.739,1.0,371223000.0,0.309,257046000.0,0.0,265407000.0,176017250.0,45620000.0,236933000.0,236158000.0,775000.0,368408000.0,332258000.0,36150000.0,1161863257.0,-15169000.0,6000000.0,24147000.0,0.0,0.0,24147000.0,-116231000.0,-111372000.0,82915000.0,0.0,61995000.0,61995000.0,61995000.0,0.0,0.0,0.052,296623000.0,74600000.0,150567000.0,0.0,2.083,18.741,17.261,16632000.0,0.0,11.91,0.967,0.966,158540000.0,-841980000.0,1201936000.0,1201936000.0,80145000.0,0.071,0.117,0.428,0.063,0.0,202826000.0,1.0,97553590.0,97501000,102882000.0,12.327,669046000.0,35400000.0,13378000.0,0.0,6.862,223417000.0
21,PALM,MRT,2004-12-31,2004-11-30,2004-11-30,2019-10-15,1062000.0,954601000.0,838133000.0,578355000.0,376246000.0,1.383,5.69,-9930000.0,236146000.0,236146000.0,806109000.0,48300000.0,1.573,0.734,35000000.0,0.0,35000000.0,35000000.0,0.0,31391000.0,0.0,0.0,0.0,61390000.0,92781000.0,0.08,92781000.0,61390000.0,61390000.0,0.55,0.52,0.55,550528000.0,508209500.0,550528000.0,1516695862.0,25.0,16.347,72151000.0,0.746,1.0,353047000.0,0.305,260476000.0,0.0,125206000.0,130412500.0,29119000.0,84468000.0,83693000.0,775000.0,404073000.0,367773000.0,36300000.0,1692661862.0,8426000.0,6000000.0,22026000.0,0.0,0.0,22026000.0,-89681000.0,-85751000.0,82081000.0,0.0,48300000.0,48300000.0,48300000.0,0.0,0.0,0.042,290739000.0,62308000.0,184548000.0,0.0,3.075,35.045,31.855,18620000.0,0.0,17.52,1.46,1.463,219427000.0,-846353000.0,1159156000.0,1159156000.0,76566000.0,0.058,0.095,0.471,0.053,0.0,196771000.0,1.0,96613120.0,96762000,102884000.0,11.979,694125000.0,34800000.0,13090000.0,0.0,7.174,210582000.0
22,PALM,MRT,2004-09-30,2004-08-31,2004-08-31,2019-10-15,883000.0,836128000.0,805405250.0,457409000.0,378719000.0,1.309,5.467,-6895000.0,210966000.0,210966000.0,737370000.0,19491000.0,1.64,0.606,35000000.0,0.0,35000000.0,35000000.0,0.0,32974000.0,0.0,0.0,0.0,27837000.0,60811000.0,0.058,60811000.0,27837000.0,27837000.0,0.24,0.225,0.24,520744000.0,490114750.0,520744000.0,1400701596.0,50.0,23.034,22297000.0,0.234,1.0,316821000.0,0.301,263995000.0,0.0,117233000.0,113741750.0,19152000.0,87243000.0,86468000.0,775000.0,315384000.0,278934000.0,36450000.0,1568770596.0,10665000.0,16114000.0,27217000.0,0.0,0.0,27217000.0,-39744000.0,-48963000.0,29192000.0,0.0,19491000.0,19491000.0,19491000.0,6750000.0,0.0,0.018,282313000.0,34508000.0,128331000.0,0.0,3.013,80.487,68.021,17495000.0,0.0,16.325,1.488,1.475,133309000.0,-871044000.0,1054191000.0,1054191000.0,71107000.0,0.024,0.04,0.245,0.026,0.0,193475000.0,1.0,96096208.0,95258000,102010000.0,11.067,572133000.0,34800000.0,8346000.0,0.0,6.006,178475000.0
23,PALM,MRT,2004-06-30,2004-05-31,2004-05-31,2019-10-15,490000.0,787938000.0,741044750.0,402502000.0,385436000.0,1.282,6.193,-5776000.0,98569000.0,98569000.0,676791000.0,-21849000.0,1.549,0.603,35000000.0,0.0,35000000.0,35000000.0,0.0,31528000.0,0.0,0.0,0.0,-15758000.0,15770000.0,0.017,15770000.0,-15758000.0,-15758000.0,-0.28,-0.28,-0.28,491534000.0,422750750.0,491534000.0,833742588.0,-53.0,52.869,-18834000.0,-0.237,1.0,272863000.0,0.287,268342000.0,0.0,196223000.0,101991000.0,14030000.0,162254000.0,161079000.0,1175000.0,296404000.0,259804000.0,36600000.0,989292588.0,30502000.0,16114000.0,56447000.0,0.0,0.0,56447000.0,-6887000.0,-17225000.0,-13058000.0,0.0,-21849000.0,-21849000.0,-21849000.0,11634000.0,0.0,-0.023,276943000.0,-4080000.0,112772000.0,0.0,2.013,-45.279,-37.911,19425000.0,0.0,10.615,1.042,0.887,120757000.0,-890638000.0,949654000.0,949654000.0,69367000.0,-0.029,-0.052,-0.155,-0.017,0.0,189393000.0,1.0,93197606.0,79373000,79373000.0,11.964,519596000.0,34800000.0,6091000.0,0.0,6.546,142698000.0
24,PALM,MRT,2004-03-31,2004-02-28,2004-02-28,2019-10-15,1199000.0,773865000.0,688216750.0,385906000.0,387959000.0,1.307,5.101,-5402000.0,190550000.0,190550000.0,650749000.0,-50207000.0,1.445,0.646,35000000.0,0.0,35000000.0,35000000.0,0.0,31177000.0,0.0,0.0,0.0,-44722000.0,-13545000.0,-0.015,-13545000.0,-44722000.0,-44722000.0,-0.775,-0.775,-0.775,470032000.0,363813750.0,470032000.0,279424848.0,-6.0,-20.629,-45485000.0,-0.494,1.0,248705000.0,0.277,268244000.0,0.0,82988000.0,91809750.0,27042000.0,57233000.0,56458000.0,775000.0,303833000.0,267083000.0,36750000.0,462619848.0,82147000.0,10933000.0,49374000.0,0.0,0.0,49374000.0,72856000.0,67325000.0,-40083000.0,0.0,-50207000.0,-50207000.0,-50207000.0,16300000.0,0.0,-0.056,278688000.0,-29983000.0,111033000.0,0.0,0.984,-9.214,-6.471,22809000.0,0.0,5.015,0.514,0.514,101452000.0,-903975000.0,899454000.0,899454000.0,70604000.0,-0.073,-0.138,-0.487,-0.05,0.0,190312000.0,1.0,92247228.0,92146000,92146000.0,9.761,505621000.0,34800000.0,5485000.0,0.0,5.487,118823000.0
25,PALM,MRT,2003-12-31,2003-11-30,2003-11-30,2019-10-15,1404000.0,823690000.0,645914750.0,425133000.0,398557000.0,1.323,6.515,-6169000.0,218195000.0,218195000.0,629305000.0,-213221000.0,1.377,0.723,35000000.0,0.0,35000000.0,35000000.0,0.0,27367000.0,0.0,0.0,0.0,-207956000.0,-180589000.0,-0.211,-180589000.0,-207956000.0,-207956000.0,-3.64,-3.64,-3.64,478149000.0,307994750.0,478149000.0,259182976.0,-1.0,-1.435,-72695000.0,-0.991,1.0,225528000.0,0.264,273331000.0,0.0,58523000.0,89232750.0,36336000.0,9113000.0,7297000.0,1816000.0,345541000.0,308641000.0,36900000.0,476022976.0,52163000.0,10933000.0,48928000.0,0.0,0.0,48928000.0,69761000.0,64997000.0,-66526000.0,0.0,-213221000.0,-213221000.0,-213221000.0,22888000.0,0.0,-0.249,410069000.0,-184541000.0,131010000.0,0.0,0.996,-2.233,-2.056,27190000.0,0.0,7.485,0.557,0.643,152987000.0,-894653000.0,854833000.0,854833000.0,66475000.0,-0.33,-0.692,-2.33,-0.243,0.0,194736000.0,1.0,63596924.0,73392000,77486000.0,11.647,550359000.0,34800000.0,5265000.0,0.0,7.499,116492000.0
26,PALM,MRT,2003-09-30,2003-08-31,2003-08-31,2019-10-15,883000.0,578686000.0,639751500.0,376040000.0,202646000.0,1.315,4.281,-4994000.0,266840000.0,266840000.0,619198000.0,-205583000.0,1.69,1.221,50000000.0,0.0,50000000.0,50000000.0,13779000.0,24411000.0,0.0,0.0,0.0,-201301000.0,-176890000.0,-0.21,-176890000.0,-201301000.0,-201301000.0,-3.525,-3.525,-3.525,251288000.0,293115000.0,251288000.0,342907647.0,-2.0,-1.939,-45324000.0,-0.772,1.0,222322000.0,0.264,69161000.0,0.0,70230000.0,137664750.0,24048000.0,5383000.0,0.0,5383000.0,306816000.0,222455000.0,84361000.0,535339647.0,63491000.0,819000.0,40541000.0,0.0,0.0,40541000.0,63280000.0,67455000.0,-40330000.0,0.0,-205583000.0,-205583000.0,-205583000.0,22139000.0,0.0,-0.244,404124000.0,-181802000.0,68437000.0,0.0,2.13,-2.604,-2.591,30797000.0,0.0,9.135,0.636,0.637,76631000.0,-890535000.0,841520000.0,841520000.0,68045000.0,-0.321,-0.701,-1.462,-0.239,0.0,191108000.0,1.0,58603136.0,58698000,58698000.0,14.336,509525000.0,34800000.0,4282000.0,0.0,8.68,153585000.0
27,PALM,MRT,2003-06-30,2003-05-31,2003-05-31,2019-10-15,1235000.0,576626000.0,678478750.0,371023000.0,205603000.0,1.235,4.4,-8156000.0,204967000.0,204967000.0,624980000.0,-442582000.0,1.563,1.254,35000000.0,0.0,35000000.0,35000000.0,0.0,28719000.0,0.0,0.0,0.0,-219654000.0,-190935000.0,-0.228,-190935000.0,-219654000.0,-219654000.0,-7.615,-7.615,-7.615,255786000.0,338504000.0,255786000.0,139069432.0,-1.0,-0.728,-62985000.0,-1.083,1.0,212657000.0,0.254,13815000.0,0.0,155498000.0,179139250.0,22748000.0,948000.0,0.0,948000.0,320840000.0,237346000.0,83494000.0,348476432.0,558000.0,819000.0,2477000.0,0.0,0.0,2477000.0,52910000.0,60247000.0,-54829000.0,0.0,-442582000.0,-442582000.0,-442582000.0,24727000.0,0.0,-0.528,410589000.0,-197932000.0,89371000.0,0.0,1.362,-0.787,-0.787,31204000.0,0.0,5.99,0.416,0.416,96784000.0,-868789000.0,837637000.0,837637000.0,70175000.0,-0.652,-1.307,-1.226,-0.262,0.0,197308000.0,1.0,58176366.0,58138000,58138000.0,14.408,562811000.0,34800000.0,222928000.0,0.0,9.681,133677000.0
28,PALM,MRT,2003-03-31,2003-02-28,2003-02-28,2019-10-15,-788000.0,604657000.0,781596250.0,388717000.0,215940000.0,1.068,4.242,-6628000.0,259407000.0,259407000.0,636324000.0,-455038000.0,1.54,1.369,50000000.0,0.0,50000000.0,50000000.0,15513000.0,23118000.0,0.0,0.0,0.0,-232959000.0,-209841000.0,-0.251,-209841000.0,-232959000.0,-232959000.0,-7.845,-7.845,-7.845,246756000.0,447269500.0,246756000.0,138012498.0,-1.0,-0.658,-16182000.0,-0.278,1.0,198550000.0,0.238,70182000.0,0.0,72680000.0,252560000.0,23293000.0,7682000.0,5063000.0,2619000.0,337901000.0,252388000.0,85513000.0,337280498.0,-65509000.0,-31118000.0,3090000.0,-15000000.0,0.0,-11973000.0,-43982000.0,-6236000.0,-9554000.0,0.0,-455038000.0,-455038000.0,-455038000.0,29606000.0,0.0,-0.545,399720000.0,-201170000.0,81701000.0,0.0,1.367,-0.741,-0.739,100945000.0,0.0,5.8,0.404,0.404,91205000.0,-853768000.0,834874000.0,834874000.0,41913000.0,-0.582,-1.017,-0.922,-0.279,-95000.0,192382000.0,1.0,58151810.0,58164000,58164000.0,14.354,534475000.0,34800000.0,222079000.0,0.0,9.189,136329000.0
29,PALM,MRT,2002-12-31,2002-11-29,2002-11-29,2019-10-15,-336000.0,799037000.0,890380750.0,473155000.0,325882000.0,1.044,7.206,-7038000.0,249268000.0,249268000.0,664455000.0,-279754000.0,1.731,0.861,50000000.0,0.0,50000000.0,50000000.0,17030000.0,27402000.0,0.0,0.0,0.0,-57701000.0,-30299000.0,-0.033,-30299000.0,-57701000.0,-57701000.0,-4.83,-4.83,-4.83,418630000.0,564378250.0,418630000.0,304385875.0,-5.0,-10.046,-16055000.0,-0.276,1.0,265206000.0,0.285,74141000.0,0.0,252251000.0,348203750.0,38528000.0,25035000.0,22588000.0,2447000.0,360407000.0,273377000.0,87030000.0,492733875.0,-32113000.0,-31075000.0,3633000.0,35000000.0,0.0,38880000.0,-61976000.0,-23863000.0,-9017000.0,0.0,-279754000.0,-279754000.0,-279754000.0,23018000.0,0.0,-0.301,299335000.0,-34129000.0,131605000.0,0.0,1.177,-1.761,-1.76,206213000.0,0.0,8.5,0.53,0.531,148061000.0,-681432000.0,929661000.0,929661000.0,59978000.0,-0.314,-0.496,-0.166,-0.062,-91000.0,211607000.0,1.0,57968691.0,58092000,58172000.0,16.003,724896000.0,34800000.0,222053000.0,0.0,12.478,199778000.0
30,PALM,MRT,2002-09-30,2002-08-30,2002-08-30,2019-10-15,-332000.0,733595000.0,955011500.0,402260000.0,331335000.0,1.008,7.471,-8807000.0,238348000.0,238348000.0,664091000.0,-308482000.0,1.726,0.695,50000000.0,0.0,50000000.0,50000000.0,17641000.0,36392000.0,0.0,0.0,0.0,-98893000.0,-62501000.0,-0.065,-62501000.0,-98893000.0,-98893000.0,-5.335,-5.335,-5.335,432844000.0,632689000.0,432844000.0,211630842.0,-2.0,-3.386,-92356000.0,-1.594,1.0,298248000.0,0.31,76009000.0,0.0,236128000.0,382899000.0,45220000.0,30268000.0,27811000.0,2457000.0,300751000.0,233110000.0,67641000.0,440177842.0,-113190000.0,-31075000.0,3265000.0,35000000.0,0.0,38458000.0,-68099000.0,-28217000.0,-83549000.0,0.0,-308482000.0,-308482000.0,-308482000.0,17017000.0,0.0,-0.321,375259000.0,-77011000.0,88223000.0,0.0,1.017,-1.427,-1.425,210013000.0,0.0,7.6,0.457,0.458,76923000.0,-684952000.0,962339000.0,962339000.0,80550000.0,-0.323,-0.488,-0.258,-0.103,-11000.0,238774000.0,1.0,57918137.0,57936000,57936000.0,16.61,657586000.0,34800000.0,209589000.0,0.0,11.35,169150000.0
31,PALM,MRT,2002-06-30,2002-05-31,2002-05-31,2019-10-15,95000.0,989096000.0,1038638750.0,478179000.0,510917000.0,0.967,12.061,-15433000.0,278547000.0,278547000.0,687841000.0,-82168000.0,2.052,0.432,50000000.0,0.0,50000000.0,50000000.0,15250000.0,37998000.0,0.0,0.0,0.0,-107966000.0,-69968000.0,-0.07,-69968000.0,-107966000.0,-107966000.0,-1.435,-1.435,-1.435,690848000.0,700279000.0,690848000.0,685395567.0,-6.0,-9.796,-254495000.0,-4.443,1.0,316547000.0,0.315,78370000.0,0.0,449181000.0,407382500.0,55004000.0,20296000.0,17970000.0,2326000.0,298248000.0,232998000.0,65250000.0,921040567.0,-265527000.0,-31075000.0,3288000.0,35000000.0,0.0,38288000.0,-64753000.0,-18245000.0,-239062000.0,0.0,-82168000.0,-82168000.0,-82168000.0,17017000.0,0.0,-0.082,409111000.0,-92564000.0,88909000.0,0.0,1.333,-11.209,-11.08,51556000.0,0.0,15.9,0.917,0.907,63551000.0,-426207000.0,1004388000.0,1004388000.0,91057000.0,-0.079,-0.117,-0.265,-0.107,0.0,260278000.0,1.0,57927080.0,57280000,57280000.0,17.535,910726000.0,254425000.0,-25798000.0,0.0,15.9,245181000.0
32,PALM,MRT,2002-03-31,2002-03-01,2002-03-01,2019-10-15,-133000.0,1039795000.0,1115677500.0,513826000.0,525969000.0,0.863,12.4,-253888000.0,285645000.0,285645000.0,940070000.0,-446765000.0,1.923,0.454,50000000.0,0.0,50000000.0,50000000.0,7426000.0,65825000.0,0.0,0.0,0.0,-673077000.0,-607252000.0,-0.631,-607252000.0,-673077000.0,-673077000.0,-7.89,-7.89,-7.89,715191000.0,711105000.0,715191000.0,1484773037.0,-2.0,-2.445,-598392000.0,-10.375,1.0,22773000.0,0.024,81717000.0,0.0,455255000.0,337239750.0,50564000.0,0.0,0.0,0.0,324604000.0,267178000.0,57426000.0,1726751037.0,-310219000.0,-4932000.0,5434000.0,48705000.0,0.0,55543000.0,-21258000.0,237562000.0,-344504000.0,0.0,-446765000.0,-446765000.0,-446765000.0,0.0,0.0,-0.464,702837000.0,-680064000.0,110137000.0,0.0,2.414,-3.865,-3.79,217007000.0,0.0,29.9,1.793,1.791,98323000.0,-398730000.0,962843000.0,962843000.0,156670000.0,-0.4,-0.628,-1.996,-0.699,-4751000.0,334329000.0,1.0,57750871.0,57676000,57738000.0,16.694,958078000.0,273002000.0,-226312000.0,0.0,16.611,246648000.0
33,PALM,MRT,2001-12-31,2001-11-30,2001-11-30,2019-10-15,376000.0,1057560000.0,1225673750.0,574492000.0,483068000.0,0.931,12.171,-268160000.0,241978000.0,241978000.0,1078490000.0,-451649000.0,1.609,0.529,0.0,0.0,0.0,0.0,8576000.0,67866000.0,0.0,0.0,0.0,-678462000.0,-610596000.0,-0.535,-610596000.0,-678462000.0,-678462000.0,-7.94,-7.94,-7.94,691873000.0,812283500.0,691873000.0,1661101906.0,-2.0,-2.72,-686753000.0,-12.081,1.0,62551000.0,0.055,67439000.0,0.0,391032000.0,324446250.0,78633000.0,0.0,0.0,0.0,365687000.0,357111000.0,8576000.0,1982334906.0,-500910000.0,-44359000.0,5989000.0,-1295000.0,0.0,5604000.0,-87921000.0,224598000.0,-418593000.0,0.0,-451649000.0,-451649000.0,-451649000.0,0.0,0.0,-0.396,760364000.0,-697813000.0,146654000.0,0.0,2.865,-4.389,-4.395,225328000.0,0.0,34.9,1.737,1.739,130103000.0,-401678000.0,1141041000.0,1141041000.0,166227000.0,-0.368,-0.556,-2.091,-0.595,-1440000.0,368224000.0,1.0,56800427.0,56846000,56846000.0,20.072,990121000.0,279704000.0,-226813000.0,0.0,17.418,217381000.0
34,PALM,MRT,2001-09-30,2001-08-31,2001-08-31,2019-10-15,254000.0,1068104000.0,1324526500.0,630444000.0,437660000.0,1.036,12.397,-284782000.0,321233000.0,321233000.0,1223847000.0,-406182000.0,1.778,0.519,0.0,0.0,0.0,0.0,10307000.0,64730000.0,0.0,0.0,0.0,-603875000.0,-539145000.0,-0.393,-539145000.0,-603875000.0,-603875000.0,-7.095,-7.095,-7.095,703204000.0,916975250.0,703204000.0,1516676219.0,-3.0,-2.813,-574930000.0,-10.136,1.0,148806000.0,0.108,58216000.0,0.0,334062000.0,299340750.0,115409000.0,0.0,0.0,0.0,364900000.0,354593000.0,10307000.0,2030445219.0,-381940000.0,-44359000.0,24328000.0,0.0,0.0,24132000.0,-115924000.0,211037000.0,-290148000.0,0.0,-406182000.0,-406182000.0,-406182000.0,0.0,0.0,-0.296,784312000.0,-635506000.0,110542000.0,0.0,2.887,-4.999,-5.046,230803000.0,0.0,35.8,1.479,1.479,48724000.0,-376470000.0,1372653000.0,1372653000.0,170130000.0,-0.307,-0.443,-2.017,-0.44,11964000.0,406315000.0,1.0,56716347.0,56721500,56721500.0,24.2,1009888000.0,263710000.0,-197693000.0,0.0,17.804,275851000.0
35,PALM,MRT,2001-06-30,2001-06-01,2001-06-01,2019-10-15,224000.0,1297251000.0,1402748000.0,904153000.0,393098000.0,1.112,12.968,-285437000.0,513769000.0,513769000.0,1329808000.0,-356476000.0,1.634,0.767,0.0,0.0,0.0,0.0,9614000.0,61126000.0,0.0,0.0,0.0,-524191000.0,-463065000.0,-0.297,-463065000.0,-524191000.0,-524191000.0,-6.295,-6.295,-6.295,734152000.0,1005594500.0,734152000.0,2914777502.0,-6.0,-6.295,-449797000.0,-7.945,1.0,229504000.0,0.147,61387000.0,0.0,168610000.0,284247250.0,107813000.0,500000.0,0.0,500000.0,563099000.0,553485000.0,9614000.0,3510641502.0,-548359000.0,-111382000.0,27495000.0,-1295000.0,0.0,26200000.0,-410199000.0,-13380000.0,-164360000.0,0.0,-356476000.0,-356476000.0,-356476000.0,0.0,0.0,-0.229,795576000.0,-566072000.0,238235000.0,0.0,4.782,-9.848,-9.833,223422000.0,0.0,61.9,2.251,2.247,115342000.0,-344039000.0,1559312000.0,1559312000.0,159050000.0,-0.254,-0.354,-1.844,-0.336,15196000.0,425117000.0,1.0,56714725.0,56614000,56614000.0,27.543,1235864000.0,245018000.0,-167715000.0,0.0,21.83,350668000.0
36,PALM,MRT,2001-03-31,2001-03-02,2001-03-02,2019-10-15,-85000.0,1479780000.0,1399104250.0,1050819000.0,428961000.0,1.247,19.77,-50305000.0,595864000.0,595864000.0,1110026000.0,48035000.0,3.063,0.321,0.0,0.0,0.0,0.0,10575000.0,33227000.0,0.0,0.0,0.0,89527000.0,122754000.0,0.07,122754000.0,89527000.0,89527000.0,1.0,1.0,1.0,1119905000.0,1079353500.0,1119905000.0,9524021422.0,106.0,77.586,-49323000.0,-0.871,1.0,634236000.0,0.364,136812000.0,0.0,404081000.0,233528750.0,102477000.0,238337000.0,0.0,238337000.0,359875000.0,343023000.0,16852000.0,10266909422.0,555859000.0,-108055000.0,1196090000.0,-902000.0,0.0,964454000.0,-409577000.0,-251217000.0,982000.0,0.0,48035000.0,48035000.0,48035000.0,0.0,0.0,0.028,597848000.0,36388000.0,186292000.0,0.0,9.168,213.738,181.25,53812000.0,0.0,181.25,5.886,5.886,273569000.0,48035000.0,1744262000.0,1744262000.0,138644000.0,0.034,0.045,0.383,0.051,23436000.0,414640000.0,1.0,56645018.0,56646300,56646300.0,30.792,1342968000.0,54921000.0,41492000.0,6277000.0,23.708,707796000.0
37,PALM,MRT,2000-12-31,2000-12-01,2000-12-01,2019-10-15,31000.0,1452971000.0,1088795250.0,1087282000.0,365689000.0,1.42,19.624,-35794000.0,742888000.0,742888000.0,946229000.0,60924000.0,3.33,0.308,0.0,0.0,0.0,0.0,12826000.0,22185000.0,0.0,0.0,0.0,110362000.0,132547000.0,0.086,132547000.0,110362000.0,110362000.0,1.2,1.2,1.2,1110640000.0,779494250.0,1110640000.0,22321477758.0,202.0,168.404,22981000.0,0.406,1.0,599476000.0,0.388,92961000.0,0.0,290610000.0,99468750.0,33787000.0,231098000.0,0.0,231098000.0,342331000.0,326512000.0,15819000.0,23024650758.0,713320000.0,-68671000.0,1194803000.0,-902000.0,0.0,996395000.0,-341850000.0,-237978000.0,58775000.0,0.0,60924000.0,60924000.0,60924000.0,0.0,0.0,0.039,531252000.0,68224000.0,186849000.0,0.0,20.731,377.924,339.063,41630000.0,0.0,406.875,14.896,14.897,246379000.0,49971000.0,1545705000.0,1545705000.0,116397000.0,0.056,0.078,1.11,0.071,20121000.0,379003000.0,1.0,56589003.0,56594600,57159400.0,27.312,1360010000.0,48397000.0,49438000.0,2993000.0,24.031,760770000.0
38,PALM,MRT,2000-09-30,2000-09-01,2000-09-01,2019-10-15,-85000.0,1380990000.0,787394750.0,1257983000.0,123007000.0,1.628,18.715,-20188000.0,703173000.0,703173000.0,761622000.0,53527000.0,4.109,0.306,0.0,0.0,0.0,0.0,12176000.0,13759000.0,0.0,0.0,0.0,94002000.0,107761000.0,0.084,107761000.0,94002000.0,94002000.0,1.0,1.0,1.0,1057681000.0,508442000.0,1057681000.0,23161943788.0,246.0,214.938,43893000.0,0.777,1.0,520446000.0,0.406,97981000.0,0.0,273688000.0,23093750.0,31666000.0,224417000.0,224417000.0,0.0,323309000.0,306148000.0,17161000.0,24224071788.0,666035000.0,-68671000.0,1175703000.0,-2197000.0,0.0,917410000.0,-315456000.0,-224417000.0,64081000.0,0.0,53527000.0,53527000.0,53527000.0,0.0,0.0,0.042,456115000.0,64331000.0,170461000.0,0.0,22.903,452.558,428.75,25026000.0,0.0,428.75,18.895,18.9,221357000.0,29712000.0,1282068000.0,1282068000.0,91075000.0,0.068,0.105,4.07,0.073,6637000.0,334009000.0,1.0,56499293.0,56514900,56809500.0,22.685,1283009000.0,47704000.0,40475000.0,4985000.0,22.702,951835000.0
39,PALM,MRT,2000-06-30,2000-06-02,2000-06-02,2019-10-15,-210000.0,1282676000.0,717461500.0,1252958000.0,29718000.0,1.474,19.068,-10393000.0,1062128000.0,1062128000.0,613120000.0,45910000.0,5.21,0.246,0.0,0.0,0.0,0.0,13006000.0,7951000.0,0.0,0.0,0.0,77813000.0,85764000.0,0.081,85764000.0,77813000.0,77813000.0,0.9,0.9,0.9,1029188000.0,531603000.0,1029188000.0,14954763842.0,192.0,174.371,118896000.0,2.203,1.0,444477000.0,0.42,14330000.0,0.0,-34264000.0,-6935500.0,24057000.0,0.0,0.0,0.0,253488000.0,240482000.0,13006000.0,14994223842.0,1061650000.0,-1648000.0,1172525000.0,-902000.0,0.0,944402000.0,-12041000.0,0.0,129289000.0,0.0,45910000.0,45910000.0,45910000.0,0.0,0.0,0.043,383028000.0,61449000.0,123106000.0,0.0,14.569,326.6,295.139,13013000.0,0.0,265.625,14.178,13.556,122276000.0,12437000.0,1057597000.0,1057597000.0,72889000.0,0.064,0.086,-11.22,0.074,3394000.0,287191000.0,1.0,56448843.0,53973900,53985100.0,19.595,1268346000.0,37282000.0,31903000.0,0.0,23.499,1012476000.0
40,PALM,MRT,2000-03-31,2000-02-25,2000-02-25,2019-10-15,-155000.0,238544000.0,,212503000.0,26041000.0,,-1.495,-8968000.0,40005000.0,40005000.0,500567000.0,40317000.0,0.669,-3.999,545000.0,162000.0,383000.0,545000.0,0.0,8841000.0,0.0,,0.0,67858000.0,76699000.0,0.087,76699000.0,67858000.0,67858000.0,0.8,0.8,0.8,-79532000.0,,-79532000.0,,,,84808000.0,1.594,1.0,381119000.0,0.432,13550000.0,0.0,-132159000.0,,29774000.0,0.0,0.0,0.0,318076000.0,317693000.0,383000.0,,39392000.0,0.0,0.0,0.0,0.0,-45513000.0,-8871000.0,0.0,93776000.0,0.0,40317000.0,40317000.0,40317000.0,0.0,0.0,0.046,313785000.0,67334000.0,214806000.0,0.0,,,,10553000.0,0.0,,,,114320000.0,,881686000.0,881686000.0,63087000.0,,,,0.077,0.0,236687000.0,1.0,56225807.0,53200000,53200000.0,16.573,224994000.0,28650000.0,27541000.0,0.0,4.229,-105190000.0
41,PALM,MRT,1999-12-31,1999-11-26,1999-11-26,2019-10-15,36000.0,247369000.0,,224308000.0,23061000.0,,0.497,-8142000.0,29568000.0,29568000.0,414671000.0,35961000.0,1.017,8.359,585000.0,190000.0,395000.0,585000.0,0.0,7472000.0,0.0,,0.0,58786000.0,66258000.0,0.09,66258000.0,58786000.0,58786000.0,0.7,0.7,0.7,26431000.0,,26431000.0,,,,137897000.0,2.592,1.0,320612000.0,0.436,12733000.0,0.0,-14890000.0,,36695000.0,0.0,0.0,0.0,220938000.0,220543000.0,395000.0,,28955000.0,-16831000.0,0.0,0.0,0.0,-91002000.0,-25469000.0,0.0,146039000.0,,35961000.0,35961000.0,35961000.0,0.0,0.0,0.049,261917000.0,58695000.0,129521000.0,0.0,,,,10276000.0,0.0,,,,129726000.0,,735283000.0,735283000.0,52999000.0,,,,0.08,0.0,201492000.0,1.0,56225807.0,53200000,53200000.0,13.821,234636000.0,26189000.0,22825000.0,0.0,4.41,3765000.0
42,PALM,MRT,1999-09-30,1999-08-27,1999-08-27,2019-10-15,,,,,,,,,,,,,,,,,,,,,,,0.0,,,,,,,,,,,,,,,,,,1.0,,,,,,,,,,,,,,,,,,,,,,,,,,,,,,,,,,,,,,,,,,,,,,,,,,,,,,1.0,,53200000,,,,,,,,
43,PALM,MRT,1999-06-30,1999-05-28,1999-05-28,2019-10-15,-133000.0,152247000.0,133803000.0,130229000.0,22018000.0,4.212,0.639,-5347000.0,478000.0,478000.0,315616000.0,29628000.0,1.108,3.475,0.0,0.0,0.0,0.0,682000.0,4565000.0,0.0,,0.0,48116000.0,52681000.0,0.093,52681000.0,48116000.0,48116000.0,0.6,0.6,0.6,34018000.0,49846500.0,34018000.0,,,,78658000.0,1.479,1.0,247909000.0,0.44,13829000.0,0.0,20393000.0,42946500.0,12186000.0,0.0,0.0,0.0,118229000.0,117547000.0,682000.0,,478000.0,-16831000.0,0.0,0.0,0.0,-61446000.0,-22081000.0,0.0,84005000.0,0.0,29628000.0,29628000.0,29628000.0,0.0,0.0,0.053,199570000.0,48339000.0,76086000.0,0.0,,,,8136000.0,0.0,,,,95839000.0,,563525000.0,563525000.0,45654000.0,0.221,0.594,1.12,0.085,0.0,151284000.0,1.0,,53200000,53200000.0,10.593,138418000.0,20741000.0,18488000.0,0.0,2.602,12682000.0
44,PALM,MRT,1999-03-31,1999-02-26,1999-02-26,2019-10-15,,,,,,,,,,,,,,,,,,,,,,,0.0,,,,,,,,,,,,,,,,,,1.0,,,,,,,,,,,,,,,,,,,,,,,,,,,,,,,,,,,,,,,,,,,,,,,,,,,,,,1.0,,53200000,,,,,,,,
45,PALM,MRT,1998-06-30,1998-05-31,1998-05-31,2019-10-15,0.0,115359000.0,,103038000.0,12321000.0,,1.234,-8833000.0,0.0,0.0,157749000.0,4171000.0,2.074,0.757,0.0,0.0,0.0,0.0,0.0,2029000.0,0.0,,0.0,6405000.0,8434000.0,0.031,8434000.0,6405000.0,6405000.0,0.1,0.1,0.1,65675000.0,,65675000.0,,,,-30259000.0,-0.569,1.0,114388000.0,0.42,175000.0,0.0,65500000.0,,13769000.0,0.0,0.0,0.0,49684000.0,49684000.0,0.0,,0.0,0.0,0.0,0.0,0.0,30259000.0,-8833000.0,0.0,-21426000.0,,4171000.0,4171000.0,4171000.0,0.0,0.0,0.015,107927000.0,6461000.0,31409000.0,0.0,,,,9121000.0,0.0,,,,80985000.0,,272137000.0,272137000.0,21863000.0,,,,0.024,0.0,86064000.0,1.0,,53200000,53200000.0,5.115,115184000.0,11117000.0,2234000.0,0.0,2.165,53354000.0
46,PALM,MRT,1997-06-30,1997-05-25,1997-05-25,2019-10-15,,,,,,,,-2543000.0,,,77685000.0,-7862000.0,,,,,,,,685000.0,,,0.0,-14028000.0,-13343000.0,-0.117,-13343000.0,-14028000.0,-14028000.0,-0.1,-0.1,-0.1,,,,,,,-33694000.0,-0.633,1.0,36472000.0,0.319,,0.0,,,,,,,,,,,-1026000.0,0.0,0.0,0.0,0.0,32641000.0,-2516000.0,0.0,-31151000.0,0.0,-7862000.0,-7862000.0,-7862000.0,0.0,0.0,-0.069,49985000.0,-13513000.0,,0.0,,,,,0.0,,,,,,114157000.0,114157000.0,13442000.0,,,,-0.123,0.0,36543000.0,1.0,,53200000,53200000.0,2.146,,,-6166000.0,,,
