None,ticker,dimension,calendardate,datekey,reportperiod,lastupdated,accoci,assets,assetsavg,assetsc,assetsnc,assetturnover,bvps,capex,cashneq,cashnequsd,cor,consolinc,currentratio,de,debt,debtc,debtnc,debtusd,deferredrev,depamor,deposits,divyield,dps,ebit,ebitda,ebitdamargin,ebitdausd,ebitusd,ebt,eps,epsdil,epsusd,equity,equityavg,equityusd,ev,evebit,evebitda,fcf,fcfps,fxusd,gp,grossmargin,intangibles,intexp,invcap,invcapavg,inventory,investments,investmentsc,investmentsnc,liabilities,liabilitiesc,liabilitiesnc,marketcap,ncf,ncfbus,ncfcommon,ncfdebt,ncfdiv,ncff,ncfi,ncfinv,ncfo,ncfx,netinc,netinccmn,netinccmnusd,netincdis,netincnci,netmargin,opex,opinc,payables,payoutratio,pb,pe,pe1,ppnenet,prefdivis,price,ps,ps1,receivables,retearn,revenue,revenueusd,rnd,roa,roe,roic,ros,sbcomp,sgna,sharefactor,sharesbas,shareswa,shareswadil,sps,tangibles,taxassets,taxexp,taxliabilities,tbvps,workingcapital
0,UNP,MRY,2020-12-31,2020-12-31,2020-12-31,2021-10-21,-1593000000.0,62398000000.0,62970750000.0,4214000000.0,58184000000.0,0.31,25.038,-2927000000.0,1799000000.0,1799000000.0,4151000000.0,5349000000.0,1.01,2.68,28012000000.0,1069000000.0,26943000000.0,28012000000.0,0.0,2210000000.0,0.0,0.019,3.88,8121000000.0,10331000000.0,0.529,10331000000.0,8121000000.0,6980000000.0,7.9,7.88,7.9,16958000000.0,16650000000.0,16958000000.0,167064975070.0,21.0,16.171,5613000000.0,8.287,1.0,15382000000.0,0.787,0.0,1141000000.0,84438000000.0,85260500000.0,638000000.0,2224000000.0,60000000.0,2164000000.0,45440000000.0,4173000000.0,41267000000.0,140312975070.0,962000000.0,0.0,-3705000000.0,1824000000.0,-2626000000.0,-4902000000.0,-2676000000.0,5000000.0,8540000000.0,0.0,5349000000.0,5349000000.0,5349000000.0,0.0,0.0,0.274,7548000000.0,7834000000.0,3104000000.0,0.491,8.274,26.232,26.357,55771000000.0,0.0,208.22,7.183,7.22,1505000000.0,51326000000.0,19533000000.0,19533000000.0,0.0,0.085,0.321,0.095,0.416,0.0,3993000000.0,1.0,673868865.0,677300000.0,679100000.0,28.84,62398000000.0,0.0,1631000000.0,12247000000.0,92.128,41000000.0
1,UNP,MRY,2019-12-31,2019-12-31,2019-12-31,2021-10-21,-1356000000.0,61673000000.0,61669500000.0,3459000000.0,58214000000.0,0.352,25.768,-3453000000.0,831000000.0,831000000.0,5345000000.0,5919000000.0,0.795,2.402,26671000000.0,1257000000.0,25414000000.0,26671000000.0,0.0,2216000000.0,0.0,0.02,3.7,8797000000.0,11013000000.0,0.507,11013000000.0,8797000000.0,7747000000.0,8.41,8.38,8.41,18128000000.0,18014250000.0,18128000000.0,151531397209.0,17.0,13.759,5156000000.0,7.329,1.0,16363000000.0,0.754,0.0,1050000000.0,83162000000.0,82552750000.0,751000000.0,2110000000.0,60000000.0,2050000000.0,43545000000.0,4351000000.0,39194000000.0,125504397209.0,-472000000.0,0.0,-5804000000.0,3163000000.0,-2598000000.0,-5646000000.0,-3435000000.0,15000000.0,8609000000.0,0.0,5919000000.0,5919000000.0,5919000000.0,0.0,0.0,0.273,7809000000.0,8554000000.0,3094000000.0,0.44,6.923,21.204,21.497,55728000000.0,0.0,180.79,5.781,5.859,1595000000.0,48605000000.0,21708000000.0,21708000000.0,0.0,0.096,0.329,0.107,0.405,0.0,4533000000.0,1.0,694199885.0,703500000.0,706100000.0,30.857,61673000000.0,0.0,1828000000.0,11992000000.0,87.666,-892000000.0
2,UNP,MRY,2018-12-31,2018-12-31,2018-12-31,2021-10-21,-1415000000.0,59147000000.0,58734250000.0,4163000000.0,54984000000.0,0.389,27.198,-3437000000.0,1273000000.0,1273000000.0,6046000000.0,5966000000.0,0.9,1.896,22391000000.0,1466000000.0,20925000000.0,22391000000.0,0.0,2191000000.0,0.0,0.022,3.06,8611000000.0,10802000000.0,0.473,10802000000.0,8611000000.0,7741000000.0,7.95,7.91,7.95,20423000000.0,21341500000.0,20423000000.0,122447498011.0,14.0,11.336,5249000000.0,6.99,1.0,16786000000.0,0.735,0.0,870000000.0,75639000000.0,74033000000.0,742000000.0,1972000000.0,60000000.0,1912000000.0,38724000000.0,4626000000.0,34098000000.0,101846498011.0,53000000.0,0.0,-8225000000.0,5350000000.0,-2299000000.0,-5222000000.0,-3411000000.0,0.0,8686000000.0,0.0,5966000000.0,5966000000.0,5966000000.0,0.0,0.0,0.261,8269000000.0,8517000000.0,3160000000.0,0.385,4.987,17.071,17.387,52679000000.0,0.0,138.23,4.461,4.546,1755000000.0,45284000000.0,22832000000.0,22832000000.0,0.0,0.102,0.28,0.116,0.377,0.0,5056000000.0,1.0,736790118.0,750900000.0,754300000.0,30.406,59147000000.0,0.0,1775000000.0,11302000000.0,78.768,-463000000.0
3,UNP,MRY,2017-12-31,2017-12-31,2017-12-31,2021-10-21,-1141000000.0,57806000000.0,56895250000.0,4006000000.0,53800000000.0,0.373,31.132,-3238000000.0,1275000000.0,1275000000.0,5142000000.0,10712000000.0,1.017,1.326,16944000000.0,800000000.0,16144000000.0,16944000000.0,0.0,2105000000.0,0.0,0.018,2.48,8351000000.0,10456000000.0,0.492,10456000000.0,8351000000.0,7632000000.0,13.42,13.36,13.42,24856000000.0,20836250000.0,24856000000.0,120545338092.0,14.0,11.529,3992000000.0,5.0,1.0,16098000000.0,0.758,0.0,719000000.0,69536000000.0,67917500000.0,749000000.0,1899000000.0,90000000.0,1809000000.0,32950000000.0,3939000000.0,29011000000.0,105559338092.0,-2000000.0,0.0,-4013000000.0,1895000000.0,-1982000000.0,-4146000000.0,-3086000000.0,-30000000.0,7230000000.0,0.0,10712000000.0,10712000000.0,10712000000.0,0.0,0.0,0.504,7992000000.0,8106000000.0,3139000000.0,0.185,4.247,9.854,9.993,51605000000.0,0.0,134.1,4.97,5.041,1493000000.0,41317000000.0,21240000000.0,21240000000.0,0.0,0.188,0.514,0.123,0.393,0.0,4939000000.0,1.0,787168815.0,798400000.0,801700000.0,26.603,57806000000.0,0.0,-3080000000.0,10936000000.0,72.402,67000000.0
4,UNP,MRY,2016-12-31,2016-12-31,2016-12-31,2021-10-21,-1272000000.0,55718000000.0,55871250000.0,3596000000.0,52122000000.0,0.357,23.945,-3505000000.0,1277000000.0,1277000000.0,4884000000.0,4233000000.0,0.988,1.795,15007000000.0,758000000.0,14249000000.0,15007000000.0,0.0,2038000000.0,0.0,0.022,2.255,7464000000.0,9502000000.0,0.477,9502000000.0,7464000000.0,6766000000.0,5.09,5.07,5.09,19932000000.0,20278250000.0,19932000000.0,99146976950.0,13.0,10.434,4020000000.0,4.829,1.0,15057000000.0,0.755,0.0,698000000.0,65808000000.0,65878750000.0,717000000.0,1517000000.0,60000000.0,1457000000.0,35786000000.0,3640000000.0,32146000000.0,85443976950.0,-114000000.0,0.0,-3105000000.0,970000000.0,-1879000000.0,-4246000000.0,-3393000000.0,-60000000.0,7525000000.0,0.0,4233000000.0,4233000000.0,4233000000.0,0.0,0.0,0.212,7814000000.0,7243000000.0,2882000000.0,0.443,4.287,20.185,20.369,50389000000.0,0.0,103.68,4.285,4.328,1258000000.0,32587000000.0,19941000000.0,19941000000.0,0.0,0.076,0.209,0.113,0.374,0.0,4779000000.0,1.0,824112432.0,832400000.0,835400000.0,23.956,55718000000.0,0.0,2533000000.0,15996000000.0,66.937,-44000000.0
5,UNP,MRY,2015-12-31,2015-12-31,2015-12-31,2021-10-21,-1195000000.0,54600000000.0,53921250000.0,4130000000.0,50470000000.0,0.405,23.9,-4650000000.0,1391000000.0,1391000000.0,5664000000.0,4772000000.0,1.288,1.637,14201000000.0,594000000.0,13607000000.0,14201000000.0,0.0,2012000000.0,0.0,0.028,2.2,8278000000.0,10290000000.0,0.472,10290000000.0,8278000000.0,7656000000.0,5.51,5.49,5.51,20702000000.0,20837000000.0,20702000000.0,79033233579.0,10.0,7.681,2694000000.0,3.11,1.0,16149000000.0,0.74,0.0,622000000.0,64204000000.0,62307500000.0,736000000.0,1410000000.0,0.0,1410000000.0,33898000000.0,3206000000.0,30692000000.0,66792233579.0,-195000000.0,0.0,-3465000000.0,2772000000.0,-2344000000.0,-3063000000.0,-4476000000.0,0.0,7344000000.0,0.0,4772000000.0,4772000000.0,4772000000.0,0.0,0.0,0.219,8097000000.0,8052000000.0,2612000000.0,0.399,3.226,13.997,14.192,48866000000.0,0.0,78.2,3.062,3.105,1356000000.0,30233000000.0,21813000000.0,21813000000.0,0.0,0.088,0.229,0.133,0.379,0.0,5161000000.0,1.0,854120634.0,866200000.0,869400000.0,25.182,54600000000.0,0.0,2884000000.0,15241000000.0,63.034,924000000.0
6,UNP,MRY,2014-12-31,2014-12-31,2014-12-31,2021-10-21,-1210000000.0,52372000000.0,51850000000.0,4401000000.0,47971000000.0,0.463,23.619,-4346000000.0,1586000000.0,1586000000.0,7331000000.0,5180000000.0,1.169,1.472,11413000000.0,461000000.0,10952000000.0,11413000000.0,0.0,1904000000.0,0.0,0.016,1.91,8904000000.0,10808000000.0,0.451,10808000000.0,8904000000.0,8343000000.0,5.77,5.75,5.77,21189000000.0,21363500000.0,21189000000.0,115536397346.0,13.0,10.69,3039000000.0,3.388,1.0,16657000000.0,0.694,0.0,561000000.0,58435000000.0,57227000000.0,712000000.0,1390000000.0,0.0,1390000000.0,31183000000.0,3764000000.0,27419000000.0,105918397346.0,154000000.0,0.0,-3225000000.0,1878000000.0,-1632000000.0,-2982000000.0,-4249000000.0,0.0,7385000000.0,0.0,5180000000.0,5180000000.0,5180000000.0,0.0,0.0,0.216,7904000000.0,8753000000.0,3303000000.0,0.331,4.999,20.448,20.646,46272000000.0,0.0,119.13,4.415,4.455,1611000000.0,27367000000.0,23988000000.0,23988000000.0,0.0,0.1,0.242,0.156,0.371,0.0,5076000000.0,1.0,889099281.0,897100000.0,901100000.0,26.739,52372000000.0,0.0,3163000000.0,14403000000.0,58.379,637000000.0
7,UNP,MRY,2013-12-31,2013-12-31,2013-12-31,2021-10-21,-750000000.0,49731000000.0,49069000000.0,3990000000.0,45741000000.0,0.448,22.909,-3496000000.0,1432000000.0,1432000000.0,7084000000.0,4388000000.0,1.052,1.343,9577000000.0,705000000.0,8872000000.0,9577000000.0,0.0,1777000000.0,0.0,0.018,1.48,7574000000.0,9351000000.0,0.426,9351000000.0,7574000000.0,7048000000.0,4.74,4.71,4.74,21225000000.0,20666750000.0,21225000000.0,85464531184.0,11.0,9.14,3327000000.0,3.591,1.0,14879000000.0,0.677,0.0,526000000.0,54085000000.0,53384250000.0,653000000.0,1321000000.0,0.0,1321000000.0,28506000000.0,3791000000.0,24715000000.0,77375531184.0,369000000.0,0.0,-2218000000.0,803000000.0,-1333000000.0,-3049000000.0,-3405000000.0,0.0,6823000000.0,0.0,4388000000.0,4388000000.0,4388000000.0,0.0,0.0,0.2,7433000000.0,7446000000.0,3086000000.0,0.312,3.645,17.633,17.722,43749000000.0,0.0,84.0,3.523,3.544,1414000000.0,23901000000.0,21963000000.0,21963000000.0,0.0,0.089,0.212,0.142,0.345,0.0,4807000000.0,1.0,921137276.0,926500000.0,931500000.0,23.705,49731000000.0,268000000.0,2660000000.0,14163000000.0,53.676,199000000.0
8,UNP,MRY,2012-12-31,2012-12-31,2012-12-31,2021-10-21,-1186000000.0,47153000000.0,46483250000.0,3614000000.0,43539000000.0,0.45,21.007,-3464000000.0,1063000000.0,1063000000.0,6948000000.0,3943000000.0,1.159,1.372,8997000000.0,196000000.0,8801000000.0,8997000000.0,0.0,1760000000.0,0.0,0.02,1.245,6853000000.0,8613000000.0,0.412,8613000000.0,6853000000.0,6318000000.0,4.17,4.14,4.17,19877000000.0,19317000000.0,19877000000.0,67494331207.0,10.0,7.836,2697000000.0,2.85,1.0,13978000000.0,0.668,0.0,535000000.0,51968000000.0,50866500000.0,660000000.0,1259000000.0,0.0,1259000000.0,27276000000.0,3119000000.0,24157000000.0,59138331207.0,-154000000.0,0.0,-1474000000.0,-63000000.0,-1146000000.0,-2682000000.0,-3633000000.0,0.0,6161000000.0,0.0,3943000000.0,3943000000.0,3943000000.0,0.0,0.0,0.188,7233000000.0,6745000000.0,2923000000.0,0.299,2.975,14.998,15.074,41997000000.0,0.0,62.86,2.826,2.842,1331000000.0,22271000000.0,20926000000.0,20926000000.0,0.0,0.085,0.204,0.135,0.327,0.0,4685000000.0,1.0,940794324.0,946200000.0,952900000.0,22.116,47153000000.0,263000000.0,2375000000.0,13108000000.0,49.834,495000000.0
9,UNP,MRY,2011-12-31,2011-12-31,2011-12-31,2021-10-21,-1054000000.0,45096000000.0,44444500000.0,3727000000.0,41369000000.0,0.44,19.125,-3091000000.0,1217000000.0,1217000000.0,6753000000.0,3292000000.0,1.124,1.427,8906000000.0,209000000.0,8697000000.0,8906000000.0,0.0,1617000000.0,0.0,0.018,0.965,5836000000.0,7453000000.0,0.381,7453000000.0,5836000000.0,5264000000.0,3.39,3.36,3.39,18578000000.0,18373750000.0,18578000000.0,58937175049.0,10.0,7.908,2782000000.0,2.864,1.0,12804000000.0,0.655,0.0,572000000.0,49468000000.0,48979250000.0,614000000.0,1175000000.0,0.0,1175000000.0,26518000000.0,3317000000.0,23201000000.0,51177175049.0,131000000.0,0.0,-1418000000.0,-204000000.0,-837000000.0,-2623000000.0,-3119000000.0,0.0,5873000000.0,0.0,3292000000.0,3292000000.0,3292000000.0,0.0,0.0,0.168,7080000000.0,5724000000.0,3108000000.0,0.285,2.755,15.546,15.625,39934000000.0,0.0,52.97,2.617,2.631,1401000000.0,19508000000.0,19557000000.0,19557000000.0,0.0,0.074,0.179,0.119,0.298,0.0,4681000000.0,1.0,966153956.0,971400000.0,979600000.0,20.133,45096000000.0,306000000.0,1972000000.0,12368000000.0,46.424,410000000.0
10,UNP,MRY,2010-12-31,2010-12-31,2010-12-31,2021-10-21,-734000000.0,43088000000.0,42834000000.0,3432000000.0,39656000000.0,0.396,17.827,-2482000000.0,1086000000.0,1086000000.0,5464000000.0,2780000000.0,1.163,1.426,9242000000.0,239000000.0,9003000000.0,9242000000.0,0.0,1487000000.0,0.0,0.014,0.655,5035000000.0,6522000000.0,0.384,6522000000.0,5035000000.0,4433000000.0,2.79,2.765,2.79,17763000000.0,17433750000.0,17763000000.0,54056160673.0,11.0,8.288,1623000000.0,1.629,1.0,11501000000.0,0.678,0.0,602000000.0,48292000000.0,47946500000.0,534000000.0,1137000000.0,0.0,1137000000.0,25325000000.0,2952000000.0,22373000000.0,45695160673.0,-764000000.0,0.0,-1249000000.0,-518000000.0,-602000000.0,-2381000000.0,-2488000000.0,0.0,4105000000.0,0.0,2780000000.0,2780000000.0,2780000000.0,0.0,0.0,0.164,6520000000.0,4981000000.0,2713000000.0,0.235,2.572,16.437,16.606,38253000000.0,0.0,46.33,2.693,2.721,1184000000.0,17154000000.0,16965000000.0,16965000000.0,0.0,0.065,0.159,0.105,0.297,0.0,4314000000.0,1.0,986297446.0,996400000.0,1005800000.0,17.026,43088000000.0,261000000.0,1653000000.0,11557000000.0,43.244,480000000.0
11,UNP,MRY,2009-12-31,2009-12-31,2009-12-31,2021-10-21,-654000000.0,42184000000.0,41405500000.0,3680000000.0,38504000000.0,0.342,16.701,-2254000000.0,1850000000.0,1850000000.0,4587000000.0,1890000000.0,1.372,1.511,9848000000.0,212000000.0,9636000000.0,9848000000.0,0.0,1427000000.0,0.0,0.017,0.54,3574000000.0,5001000000.0,0.354,5001000000.0,3574000000.0,2974000000.0,1.88,1.87,1.88,16801000000.0,16225750000.0,16801000000.0,40598695030.0,11.0,8.118,950000000.0,0.944,1.0,9556000000.0,0.676,0.0,600000000.0,47500000000.0,46773750000.0,475000000.0,1036000000.0,0.0,1036000000.0,25383000000.0,2682000000.0,22701000000.0,32240695030.0,601000000.0,0.0,0.0,-28000000.0,-544000000.0,-458000000.0,-2145000000.0,0.0,3204000000.0,0.0,1890000000.0,1890000000.0,1890000000.0,0.0,0.0,0.134,6177000000.0,3379000000.0,2470000000.0,0.287,1.919,17.059,16.995,37202000000.0,0.0,31.95,2.28,2.273,666000000.0,15027000000.0,14143000000.0,14143000000.0,0.0,0.046,0.116,0.076,0.253,0.0,4063000000.0,1.0,1009098436.0,1006000000.0,1011600000.0,14.059,42184000000.0,339000000.0,1084000000.0,11044000000.0,41.932,998000000.0
12,UNP,MRY,2008-12-31,2008-12-31,2008-12-31,2021-10-21,-704000000.0,39722000000.0,39235000000.0,2813000000.0,36909000000.0,0.458,15.126,-2366000000.0,1249000000.0,1249000000.0,7237000000.0,2335000000.0,0.977,1.572,8927000000.0,320000000.0,8607000000.0,8927000000.0,0.0,1366000000.0,0.0,0.021,0.49,4162000000.0,5528000000.0,0.308,5528000000.0,4162000000.0,3651000000.0,2.285,2.265,2.285,15447000000.0,15576250000.0,15447000000.0,31812397211.0,8.0,5.755,1678000000.0,1.643,1.0,10733000000.0,0.597,0.0,511000000.0,44520000000.0,43598750000.0,450000000.0,974000000.0,0.0,974000000.0,24275000000.0,2880000000.0,21395000000.0,24207397211.0,371000000.0,0.0,-1609000000.0,1049000000.0,-481000000.0,-935000000.0,-2738000000.0,0.0,4044000000.0,0.0,2335000000.0,2335000000.0,2335000000.0,0.0,0.0,0.13,6663000000.0,4070000000.0,2560000000.0,0.214,1.567,10.367,10.46,35701000000.0,0.0,23.9,1.347,1.358,594000000.0,13813000000.0,17970000000.0,17970000000.0,0.0,0.06,0.15,0.095,0.232,0.0,4457000000.0,1.0,1012861808.0,1021200000.0,1030000000.0,17.597,39722000000.0,276000000.0,1316000000.0,10282000000.0,38.897,-67000000.0
13,UNP,MRY,2007-12-31,2007-12-31,2007-12-31,2021-10-21,-74000000.0,38033000000.0,37484500000.0,2594000000.0,35439000000.0,0.434,14.65,-1875000000.0,878000000.0,878000000.0,6328000000.0,1855000000.0,0.853,1.44,7682000000.0,139000000.0,7543000000.0,7682000000.0,0.0,1321000000.0,0.0,0.012,0.373,3491000000.0,4812000000.0,0.296,4812000000.0,3491000000.0,3009000000.0,1.745,1.73,1.745,15585000000.0,15465000000.0,15585000000.0,39809814946.0,11.0,8.273,1402000000.0,1.318,1.0,9955000000.0,0.611,0.0,482000000.0,41796000000.0,41030750000.0,453000000.0,923000000.0,0.0,923000000.0,22448000000.0,3041000000.0,19407000000.0,32990814946.0,51000000.0,0.0,-1375000000.0,789000000.0,-364000000.0,-800000000.0,-2426000000.0,0.0,3277000000.0,0.0,1855000000.0,1855000000.0,1855000000.0,0.0,0.0,0.114,6580000000.0,3375000000.0,2902000000.0,0.214,2.117,17.785,17.997,34158000000.0,0.0,31.405,2.026,2.052,632000000.0,12667000000.0,16283000000.0,16283000000.0,0.0,0.049,0.12,0.085,0.214,0.0,4526000000.0,1.0,1050495620.0,1063800000.0,1073600000.0,15.306,38033000000.0,336000000.0,1154000000.0,10050000000.0,35.752,-447000000.0
14,UNP,MRY,2006-12-31,2006-12-31,2006-12-31,2021-10-21,-142000000.0,36515000000.0,36109500000.0,2411000000.0,34104000000.0,0.431,14.207,-1706000000.0,827000000.0,827000000.0,6120000000.0,1606000000.0,0.681,1.385,6780000000.0,780000000.0,6000000000.0,6780000000.0,0.0,1237000000.0,0.0,0.013,0.3,3002000000.0,4239000000.0,0.272,4239000000.0,3002000000.0,2525000000.0,1.49,1.475,1.49,15312000000.0,14640500000.0,15312000000.0,31150628051.0,10.0,7.349,1174000000.0,1.089,1.0,9458000000.0,0.607,0.0,477000000.0,38929000000.0,39407500000.0,395000000.0,877000000.0,0.0,877000000.0,21203000000.0,3539000000.0,17664000000.0,24819628051.0,54000000.0,0.0,160000000.0,-657000000.0,-322000000.0,-784000000.0,-2042000000.0,0.0,2880000000.0,0.0,1606000000.0,1606000000.0,1606000000.0,0.0,0.0,0.103,6574000000.0,2884000000.0,684000000.0,0.201,1.621,15.454,15.44,32873000000.0,0.0,23.005,1.593,1.592,679000000.0,11215000000.0,15578000000.0,15578000000.0,0.0,0.044,0.11,0.076,0.193,35000000.0,4535000000.0,1.0,1078879724.0,1077800000.0,1087800000.0,14.454,36515000000.0,319000000.0,919000000.0,9975000000.0,33.879,-1128000000.0
15,UNP,MRY,2005-12-31,2005-12-31,2005-12-31,2021-10-21,-230000000.0,35620000000.0,35228500000.0,2325000000.0,33295000000.0,0.385,13.01,-2169000000.0,773000000.0,773000000.0,6233000000.0,1026000000.0,0.687,1.599,7416000000.0,656000000.0,6760000000.0,7416000000.0,0.0,1175000000.0,0.0,0.015,0.3,1940000000.0,3115000000.0,0.229,3115000000.0,1940000000.0,1436000000.0,0.973,0.963,0.973,13707000000.0,13217750000.0,13707000000.0,28459327854.0,15.0,9.136,426000000.0,0.404,1.0,7345000000.0,0.541,0.0,504000000.0,38879000000.0,39517000000.0,331000000.0,806000000.0,0.0,806000000.0,21913000000.0,3384000000.0,18529000000.0,21330327854.0,-204000000.0,0.0,262000000.0,-699000000.0,-314000000.0,-752000000.0,-2047000000.0,0.0,2595000000.0,0.0,1026000000.0,1026000000.0,1026000000.0,0.0,0.0,0.076,5550000000.0,1795000000.0,783000000.0,0.308,1.556,20.79,20.686,31975000000.0,0.0,20.128,1.571,1.562,747000000.0,9932000000.0,13578000000.0,13578000000.0,0.0,0.029,0.078,0.049,0.143,21000000.0,4375000000.0,1.0,1059760420.0,1053600000.0,1066000000.0,12.887,35620000000.0,304000000.0,410000000.0,9694000000.0,33.808,-1059000000.0
16,UNP,MRY,2004-12-31,2004-12-31,2004-12-31,2021-10-21,-237000000.0,34596000000.0,34155500000.0,2297000000.0,32299000000.0,0.358,12.211,-1876000000.0,977000000.0,977000000.0,5642000000.0,604000000.0,0.908,1.734,8131000000.0,150000000.0,7981000000.0,8131000000.0,0.0,1111000000.0,0.0,0.018,0.3,1383000000.0,2494000000.0,0.204,2494000000.0,1383000000.0,856000000.0,0.583,0.575,0.583,12655000000.0,12597250000.0,12655000000.0,24702121244.0,18.0,9.905,381000000.0,0.368,1.0,6573000000.0,0.538,0.0,527000000.0,39219000000.0,39035250000.0,309000000.0,767000000.0,0.0,767000000.0,21941000000.0,2531000000.0,19410000000.0,17457121244.0,450000000.0,0.0,80000000.0,157000000.0,-310000000.0,-75000000.0,-1732000000.0,0.0,2257000000.0,0.0,604000000.0,604000000.0,604000000.0,0.0,0.0,0.049,5278000000.0,1295000000.0,590000000.0,0.515,1.379,28.903,28.838,31014000000.0,0.0,16.812,1.429,1.426,545000000.0,9222000000.0,12215000000.0,12215000000.0,0.0,0.018,0.048,0.035,0.113,21000000.0,4167000000.0,1.0,1038341784.0,1036400000.0,1048800000.0,11.786,34596000000.0,288000000.0,252000000.0,9388000000.0,33.381,-234000000.0
17,UNP,MRY,2003-12-31,2003-12-31,2003-12-31,2021-10-21,-124000000.0,33494000000.0,33683250000.0,2089000000.0,31405000000.0,0.343,12.14,-1752000000.0,527000000.0,527000000.0,4459000000.0,1585000000.0,0.851,1.711,7989000000.0,167000000.0,7822000000.0,7989000000.0,0.0,1067000000.0,0.0,0.014,0.247,2740000000.0,3807000000.0,0.33,3807000000.0,2740000000.0,2166000000.0,1.558,1.51,1.558,12354000000.0,11561750000.0,12354000000.0,25727031464.0,9.0,6.758,691000000.0,0.679,1.0,7092000000.0,0.614,0.0,574000000.0,38500000000.0,38792250000.0,267000000.0,726000000.0,0.0,726000000.0,21140000000.0,2456000000.0,18684000000.0,17730031464.0,160000000.0,620000000.0,216000000.0,-1371000000.0,-234000000.0,-1406000000.0,-877000000.0,0.0,2443000000.0,0.0,1585000000.0,1585000000.0,1585000000.0,-255000000.0,0.0,0.137,4959000000.0,2133000000.0,511000000.0,0.159,1.435,11.186,11.149,30283000000.0,0.0,17.37,1.535,1.53,498000000.0,8930000000.0,11551000000.0,11551000000.0,0.0,0.047,0.137,0.071,0.237,0.0,3892000000.0,1.0,1020727200.0,1017600000.0,1072000000.0,11.351,33494000000.0,518000000.0,581000000.0,9321000000.0,32.915,-367000000.0
18,UNP,MRY,2002-12-31,2002-12-31,2002-12-31,2021-10-21,0.0,32764000000.0,32398000000.0,1898000000.0,30866000000.0,0.344,10.562,-1694000000.0,367000000.0,367000000.0,4065000000.0,1341000000.0,0.752,2.076,7703000000.0,275000000.0,7428000000.0,7703000000.0,0.0,1147000000.0,0.0,0.014,0.208,2653000000.0,3800000000.0,0.341,3800000000.0,2653000000.0,2021000000.0,1.33,1.262,1.33,10651000000.0,10268250000.0,10651000000.0,22586995855.0,9.0,5.944,505000000.0,0.501,1.0,7094000000.0,0.636,0.0,632000000.0,37577000000.0,39431000000.0,277000000.0,699000000.0,0.0,699000000.0,22113000000.0,2523000000.0,19590000000.0,15163995855.0,264000000.0,0.0,150000000.0,-548000000.0,-201000000.0,-599000000.0,-1336000000.0,0.0,2199000000.0,0.0,1341000000.0,1341000000.0,1341000000.0,-76000000.0,0.0,0.12,4841000000.0,2253000000.0,430000000.0,0.156,1.424,11.308,11.254,29004000000.0,0.0,14.967,1.359,1.353,557000000.0,,11159000000.0,11159000000.0,0.0,0.041,0.131,0.067,0.238,0.0,3694000000.0,1.0,1013128168.0,1008400000.0,1107200000.0,11.066,32764000000.0,498000000.0,680000000.0,8777000000.0,32.491,-625000000.0
19,UNP,MRY,2001-12-31,2001-12-31,2001-12-31,2021-10-21,0.0,31551000000.0,31149750000.0,,,0.348,9.652,-1572000000.0,113000000.0,113000000.0,4100000000.0,966000000.0,,2.295,8080000000.0,,,8080000000.0,0.0,1126000000.0,0.0,0.014,0.2,2211000000.0,3337000000.0,0.308,3337000000.0,2211000000.0,1511000000.0,0.975,0.943,0.975,9575000000.0,9169000000.0,9575000000.0,22443131683.0,10.0,6.726,293000000.0,0.295,1.0,6730000000.0,0.621,0.0,700000000.0,39518000000.0,39446000000.0,265000000.0,786000000.0,,,21976000000.0,,,14159131683.0,-1000000.0,0.0,52000000.0,-338000000.0,-198000000.0,-484000000.0,-1382000000.0,0.0,1865000000.0,0.0,966000000.0,966000000.0,966000000.0,-32000000.0,0.0,0.089,4712000000.0,2018000000.0,567000000.0,0.205,1.479,14.657,14.615,28792000000.0,0.0,14.25,1.307,1.305,604000000.0,,10830000000.0,10830000000.0,0.0,0.031,0.105,0.056,0.204,0.0,3586000000.0,1.0,993623276.0,992000000.0,1087600000.0,10.917,31551000000.0,400000000.0,545000000.0,8168000000.0,31.805,
20,UNP,MRY,2000-12-31,2000-12-31,2000-12-31,2021-10-21,0.0,30917000000.0,30354750000.0,,,0.391,8.785,-1783000000.0,105000000.0,105000000.0,4524000000.0,842000000.0,,2.569,8351000000.0,,,8351000000.0,0.0,1140000000.0,0.0,0.016,0.2,2033000000.0,3173000000.0,0.267,3173000000.0,2033000000.0,1310000000.0,0.855,0.835,0.855,8662000000.0,8423000000.0,8662000000.0,21046494351.0,10.0,6.633,270000000.0,0.274,1.0,7354000000.0,0.619,0.0,723000000.0,39163000000.0,38787500000.0,360000000.0,740000000.0,,,22255000000.0,,,12577494351.0,-70000000.0,0.0,3000000.0,-290000000.0,-199000000.0,-486000000.0,-1637000000.0,0.0,2053000000.0,0.0,842000000.0,842000000.0,842000000.0,0.0,0.0,0.071,5451000000.0,1903000000.0,658000000.0,0.234,1.452,14.938,14.839,28196000000.0,0.0,12.688,1.059,1.053,597000000.0,,11878000000.0,11878000000.0,0.0,0.028,0.1,0.052,0.171,0.0,4311000000.0,1.0,991329604.0,986000000.0,1078000000.0,12.047,30917000000.0,507000000.0,468000000.0,7795000000.0,31.356,
21,UNP,MRY,1999-12-31,1999-12-31,1999-12-31,2021-10-21,0.0,29888000000.0,29745750000.0,,,0.378,8.111,-1834000000.0,175000000.0,175000000.0,3097000000.0,810000000.0,,2.736,8640000000.0,,,8640000000.0,0.0,1083000000.0,0.0,0.018,0.2,1962000000.0,3045000000.0,0.271,3045000000.0,1962000000.0,1229000000.0,0.82,0.805,0.82,8001000000.0,7731000000.0,8001000000.0,19369949420.0,10.0,6.361,35000000.0,0.035,1.0,8140000000.0,0.724,0.0,733000000.0,38353000000.0,38261000000.0,337000000.0,753000000.0,,,21887000000.0,,,10859949420.0,-1000000.0,0.0,0.0,-58000000.0,-198000000.0,-256000000.0,-1614000000.0,0.0,1869000000.0,0.0,810000000.0,810000000.0,810000000.0,-27000000.0,0.0,0.072,6336000000.0,1804000000.0,598000000.0,0.244,1.357,13.407,13.32,27519000000.0,0.0,10.922,0.966,0.959,581000000.0,,11237000000.0,11237000000.0,0.0,0.027,0.105,0.051,0.175,0.0,4285000000.0,1.0,994273236.0,986400000.0,1079200000.0,11.392,29888000000.0,111000000.0,419000000.0,6971000000.0,30.3,
22,UNP,MRY,1998-12-31,1998-12-31,1998-12-31,2021-10-21,0.0,29374000000.0,29206250000.0,,,0.36,7.513,-2111000000.0,176000000.0,176000000.0,3273000000.0,-633000000.0,,2.973,8692000000.0,,,8692000000.0,0.0,1070000000.0,0.0,0.018,0.2,18000000.0,1088000000.0,0.103,1088000000.0,18000000.0,-696000000.0,-0.642,-0.642,-0.642,7393000000.0,7693250000.0,7393000000.0,19799743995.0,1100.0,18.198,-1546000000.0,-1.571,1.0,7241000000.0,0.689,0.0,714000000.0,37890000000.0,35596500000.0,343000000.0,691000000.0,,,21981000000.0,,,11146743995.0,86000000.0,0.0,0.0,1691000000.0,-255000000.0,1419000000.0,-1898000000.0,0.0,565000000.0,0.0,-633000000.0,-633000000.0,-633000000.0,0.0,0.0,-0.06,7412000000.0,-171000000.0,586000000.0,-0.312,1.508,-17.609,-17.547,26939000000.0,0.0,11.265,1.06,1.054,643000000.0,,10514000000.0,10514000000.0,0.0,-0.022,-0.082,0.001,0.002,0.0,4348000000.0,1.0,989502352.0,984000000.0,984000000.0,10.685,29374000000.0,244000000.0,-63000000.0,6609000000.0,29.852,
23,UNP,MRY,1997-12-31,1997-12-31,1997-12-31,2021-10-21,0.0,28860000000.0,28615750000.0,2194000000.0,26333000000.0,0.387,8.318,-2101000000.0,90000000.0,90000000.0,2442000000.0,432000000.0,0.712,2.509,8518000000.0,229000000.0,8280000000.0,8518000000.0,0.0,1043000000.0,0.0,0.027,0.43,1281000000.0,2324000000.0,0.21,2324000000.0,1281000000.0,676000000.0,0.44,0.435,0.44,8225000000.0,8326500000.0,8225000000.0,23676468816.0,18.0,10.188,-501000000.0,-0.507,1.0,8637000000.0,0.78,562000000.0,605000000.0,33643000000.0,33065000000.0,296000000.0,624000000.0,955000000.0,624000000.0,20635000000.0,3083000000.0,17219000000.0,15482468816.0,-101000000.0,0.0,0.0,520000000.0,-422000000.0,71000000.0,-1772000000.0,0.0,1600000000.0,0.0,432000000.0,432000000.0,432000000.0,0.0,0.0,0.039,7493000000.0,1144000000.0,758000000.0,0.977,1.882,35.839,35.585,25977000000.0,0.0,15.658,1.397,1.397,727000000.0,5271000000.0,11079000000.0,11079000000.0,0.0,0.015,0.052,0.039,0.116,0.0,4166000000.0,1.0,988821256.0,988821256.0,,11.204,28298000000.0,129000000.0,244000000.0,6520000000.0,28.618,-889000000.0
24,UNP,MRY,1996-12-31,1996-12-31,1996-12-31,2021-10-21,0.0,27927000000.0,23686500000.0,1334000000.0,26580000000.0,0.371,8.33,-1360000000.0,191000000.0,191000000.0,1801000000.0,904000000.0,0.437,2.395,8027000000.0,127000000.0,7900000000.0,8027000000.0,0.0,762000000.0,0.0,0.432,6.49,1785000000.0,2547000000.0,0.29,2547000000.0,1785000000.0,1284000000.0,1.042,1.035,1.042,8225000000.0,7186500000.0,8225000000.0,,,,297000000.0,0.301,1.0,6985000000.0,0.795,700000000.0,501000000.0,32007000000.0,28428500000.0,304000000.0,613000000.0,0.0,613000000.0,19702000000.0,3056000000.0,16633000000.0,14840169597.0,-39000000.0,64000000.0,0.0,-306000000.0,-353000000.0,-602000000.0,-1094000000.0,0.0,1657000000.0,0.0,904000000.0,904000000.0,904000000.0,-171000000.0,0.0,0.103,5553000000.0,1432000000.0,705000000.0,6.228,1.804,16.416,14.424,25044000000.0,0.0,15.03,1.689,1.689,507000000.0,5262000000.0,8786000000.0,8786000000.0,0.0,0.038,0.126,0.063,0.203,0.0,3260000000.0,1.0,987369900.0,987369900.0,,8.898,27227000000.0,0.0,380000000.0,6189000000.0,27.575,-1722000000.0
25,UNP,MRY,1995-12-31,1995-12-31,1995-12-31,2021-10-21,0.0,19446000000.0,,,,,,-1058000000.0,230000000.0,230000000.0,1482000000.0,946000000.0,,2.128,6364000000.0,,,6364000000.0,0.0,642000000.0,0.0,0.026,0.43,1710000000.0,2352000000.0,0.314,2352000000.0,1710000000.0,1260000000.0,1.155,1.15,1.155,6148000000.0,,6148000000.0,,,,396000000.0,,1.0,6004000000.0,0.802,730000000.0,450000000.0,24850000000.0,,238000000.0,1447000000.0,,,13082000000.0,,,,115000000.0,-2146000000.0,844000000.0,-1531000000.0,-353000000.0,1230000000.0,-2569000000.0,0.0,1454000000.0,0.0,946000000.0,946000000.0,946000000.0,-327000000.0,0.0,0.126,4762000000.0,1242000000.0,436000000.0,0.372,,,14.286,14105000000.0,0.0,16.5,,,349000000.0,,7486000000.0,7486000000.0,0.0,,,,0.228,0.0,2925000000.0,1.0,,,,,18716000000.0,0.0,314000000.0,3676000000.0,,
26,UNP,MRY,1994-12-31,1994-12-31,1994-12-31,2021-10-21,,,,,,,,-876000000.0,,,1254000000.0,546000000.0,,,,,,,,541000000.0,,0.037,0.415,1223000000.0,1764000000.0,0.272,1764000000.0,1223000000.0,876000000.0,0.69,,0.69,,,,,,,203000000.0,,1.0,5238000000.0,0.807,,347000000.0,,,,,,,,,,,13000000.0,-295000000.0,0.0,26000000.0,-334000000.0,77000000.0,-1143000000.0,0.0,1079000000.0,0.0,546000000.0,546000000.0,546000000.0,22000000.0,0.0,0.084,4093000000.0,1145000000.0,,0.601,,,16.442,,0.0,11.345,,,,,6492000000.0,6492000000.0,0.0,,,,0.188,0.0,2559000000.0,1.0,,,,,,,330000000.0,,,
0,UNP,MRQ,2021-09-30,2021-09-30,2021-09-30,2021-10-21,-1533000000.0,62360000000.0,,3810000000.0,58550000000.0,,21.454,-755000000.0,1194000000.0,1194000000.0,1271000000.0,1673000000.0,0.745,3.481,30657000000.0,1835000000.0,28822000000.0,30657000000.0,0.0,553000000.0,0.0,0.021,1.07,2470000000.0,3023000000.0,0.543,3023000000.0,2470000000.0,2180000000.0,2.58,2.57,2.58,13917000000.0,,13917000000.0,156775616097.0,17.0,13.761,1529000000.0,2.357,1.0,4295000000.0,0.772,0.0,290000000.0,86712000000.0,,664000000.0,2319000000.0,46000000.0,2273000000.0,48443000000.0,5111000000.0,43332000000.0,127822616097.0,79000000.0,0.0,-1361000000.0,576000000.0,-695000000.0,-1484000000.0,-721000000.0,0.0,2284000000.0,0.0,1673000000.0,1673000000.0,1673000000.0,0.0,0.0,0.301,1863000000.0,2432000000.0,3276000000.0,0.415,9.185,20.643,20.897,55992000000.0,0.0,196.01,6.026,5.994,1679000000.0,54094000000.0,5566000000.0,5566000000.0,0.0,,,,,0.0,1040000000.0,1.0,652122933.0,648700000.0,650300000.0,8.58,62360000000.0,0.0,507000000.0,12500000000.0,96.131,-1301000000.0
1,UNP,MRQ,2021-06-30,2021-06-30,2021-06-30,2021-10-21,-1551000000.0,62073000000.0,,3764000000.0,58309000000.0,,21.721,-654000000.0,1115000000.0,1115000000.0,1175000000.0,1798000000.0,0.864,3.34,30068000000.0,1110000000.0,28958000000.0,30068000000.0,0.0,550000000.0,0.0,0.018,1.07,2598000000.0,3148000000.0,0.572,3148000000.0,2598000000.0,2316000000.0,2.73,2.72,2.73,14303000000.0,,14303000000.0,172770053444.0,20.0,15.716,1607000000.0,2.44,1.0,4329000000.0,0.787,0.0,282000000.0,86669000000.0,,688000000.0,2323000000.0,46000000.0,2277000000.0,47770000000.0,4357000000.0,43413000000.0,146100053444.0,-39000000.0,0.0,-3138000000.0,2392000000.0,-700000000.0,-1734000000.0,-566000000.0,24000000.0,2261000000.0,0.0,1798000000.0,1798000000.0,1798000000.0,0.0,0.0,0.327,1856000000.0,2473000000.0,3247000000.0,0.392,10.215,24.838,24.935,55783000000.0,0.0,219.93,7.104,7.042,1666000000.0,53116000000.0,5504000000.0,5504000000.0,0.0,,,,,0.0,1022000000.0,1.0,664302521.0,658500000.0,660100000.0,8.358,62073000000.0,0.0,518000000.0,12389000000.0,94.264,-593000000.0
2,UNP,MRQ,2021-03-31,2021-03-31,2021-03-31,2021-10-21,-1594000000.0,61793000000.0,,3719000000.0,58074000000.0,,24.347,-536000000.0,1183000000.0,1183000000.0,1113000000.0,1341000000.0,0.763,2.802,27853000000.0,1565000000.0,26288000000.0,27853000000.0,0.0,549000000.0,0.0,0.018,0.97,2044000000.0,2593000000.0,0.518,2593000000.0,2044000000.0,1754000000.0,2.01,2.0,2.01,16254000000.0,,16254000000.0,173850089899.0,22.0,17.076,1422000000.0,2.13,1.0,3888000000.0,0.777,0.0,290000000.0,83592000000.0,,659000000.0,2227000000.0,60000000.0,2167000000.0,45539000000.0,4871000000.0,40668000000.0,147637089899.0,-620000000.0,0.0,-1347000000.0,-62000000.0,-650000000.0,-2073000000.0,-505000000.0,0.0,1958000000.0,0.0,1341000000.0,1341000000.0,1341000000.0,0.0,0.0,0.268,1895000000.0,1993000000.0,3306000000.0,0.483,9.083,28.305,28.403,55643000000.0,0.0,220.41,7.648,7.622,1610000000.0,52019000000.0,5001000000.0,5001000000.0,0.0,,,,,0.0,1026000000.0,1.0,669829363.0,667600000.0,669200000.0,7.491,61793000000.0,0.0,413000000.0,12307000000.0,92.56,-1152000000.0
3,UNP,MRQ,2020-12-31,2020-12-31,2020-12-31,2021-10-21,-1593000000.0,62398000000.0,,4214000000.0,58184000000.0,,25.038,-633000000.0,1799000000.0,1799000000.0,1044000000.0,1380000000.0,1.01,2.68,28012000000.0,1069000000.0,26943000000.0,28012000000.0,0.0,557000000.0,0.0,0.019,0.97,2072000000.0,2629000000.0,0.511,2629000000.0,2072000000.0,1793000000.0,2.06,2.05,2.06,16958000000.0,,16958000000.0,167064975070.0,21.0,16.171,1914000000.0,2.826,1.0,4097000000.0,0.797,0.0,279000000.0,84438000000.0,,638000000.0,2224000000.0,60000000.0,2164000000.0,45440000000.0,4173000000.0,41267000000.0,140312975070.0,-800000000.0,0.0,-749000000.0,-1346000000.0,-652000000.0,-2752000000.0,-595000000.0,5000000.0,2547000000.0,0.0,1380000000.0,1380000000.0,1380000000.0,0.0,0.0,0.268,2091000000.0,2006000000.0,3104000000.0,0.471,8.274,26.232,26.357,55771000000.0,0.0,208.22,7.183,7.22,1505000000.0,51326000000.0,5141000000.0,5141000000.0,0.0,,,,,0.0,1021000000.0,1.0,673868865.0,677300000.0,679100000.0,7.59,62398000000.0,0.0,413000000.0,12247000000.0,92.128,41000000.0
4,UNP,MRQ,2020-09-30,2020-09-30,2020-09-30,2021-10-21,-1351000000.0,63714000000.0,,5130000000.0,58584000000.0,,25.48,-695000000.0,2601000000.0,2601000000.0,1026000000.0,1363000000.0,1.06,2.705,29353000000.0,1980000000.0,27373000000.0,29353000000.0,0.0,555000000.0,0.0,0.02,0.97,2068000000.0,2623000000.0,0.533,2623000000.0,2068000000.0,1773000000.0,2.02,2.01,2.02,17199000000.0,,17199000000.0,160685994556.0,20.0,15.425,906000000.0,1.342,1.0,3893000000.0,0.791,0.0,295000000.0,85625000000.0,,649000000.0,2131000000.0,60000000.0,2071000000.0,46515000000.0,4841000000.0,41674000000.0,133642994556.0,-106000000.0,0.0,0.0,-63000000.0,-655000000.0,-1043000000.0,-664000000.0,0.0,1601000000.0,0.0,1363000000.0,1363000000.0,1363000000.0,0.0,0.0,0.277,1862000000.0,2031000000.0,2861000000.0,0.48,7.77,24.878,25.047,56017000000.0,0.0,196.87,6.817,6.779,1565000000.0,50600000000.0,4919000000.0,4919000000.0,0.0,,,,,0.0,1008000000.0,1.0,678838800.0,675000000.0,676800000.0,7.287,63714000000.0,0.0,410000000.0,12328000000.0,94.391,289000000.0
5,UNP,MRQ,2020-06-30,2020-06-30,2020-06-30,2021-10-21,-1372000000.0,63555000000.0,,5083000000.0,58472000000.0,,24.276,-792000000.0,2706000000.0,2706000000.0,899000000.0,1132000000.0,0.963,2.863,29749000000.0,1990000000.0,27759000000.0,29749000000.0,0.0,551000000.0,0.0,0.023,0.97,1785000000.0,2336000000.0,0.55,2336000000.0,1785000000.0,1496000000.0,1.67,1.67,1.67,16452000000.0,,16452000000.0,142810500721.0,17.0,13.425,1445000000.0,2.132,1.0,3345000000.0,0.788,0.0,289000000.0,85319000000.0,,668000000.0,2102000000.0,60000000.0,2042000000.0,47103000000.0,5279000000.0,41824000000.0,114725500721.0,1517000000.0,0.0,0.0,543000000.0,-659000000.0,-110000000.0,-610000000.0,0.0,2237000000.0,0.0,1132000000.0,1132000000.0,1132000000.0,0.0,0.0,0.267,1691000000.0,1654000000.0,3289000000.0,0.581,6.973,20.619,20.976,55970000000.0,0.0,169.07,5.679,5.672,1388000000.0,49892000000.0,4244000000.0,4244000000.0,0.0,,,,,0.0,905000000.0,1.0,678568053.0,677700000.0,679200000.0,6.262,63555000000.0,0.0,364000000.0,12171000000.0,93.78,-196000000.0
6,UNP,MRQ,2020-03-31,2020-03-31,2020-03-31,2021-10-21,-1329000000.0,62216000000.0,,3804000000.0,58412000000.0,,23.368,-807000000.0,1130000000.0,1130000000.0,1182000000.0,1474000000.0,0.82,2.891,29215000000.0,1511000000.0,27704000000.0,29215000000.0,0.0,547000000.0,0.0,0.027,0.97,2196000000.0,2743000000.0,0.525,2743000000.0,2196000000.0,1918000000.0,2.15,2.15,2.15,15991000000.0,,15991000000.0,123194480550.0,14.0,11.029,1348000000.0,1.97,1.0,4047000000.0,0.774,0.0,278000000.0,85660000000.0,,692000000.0,2138000000.0,60000000.0,2078000000.0,46225000000.0,4641000000.0,41584000000.0,97354480550.0,351000000.0,0.0,-2956000000.0,2690000000.0,-660000000.0,-997000000.0,-807000000.0,0.0,2155000000.0,0.0,1474000000.0,1474000000.0,1474000000.0,0.0,0.0,0.282,1904000000.0,2143000000.0,3130000000.0,0.451,6.088,16.22,16.362,55894000000.0,0.0,141.04,4.517,4.478,1669000000.0,49419000000.0,5229000000.0,5229000000.0,0.0,,,,,0.0,1059000000.0,1.0,690261490.0,684300000.0,686200000.0,7.641,62216000000.0,0.0,444000000.0,12088000000.0,90.919,-837000000.0
7,UNP,MRQ,2019-12-31,2019-12-31,2019-12-31,2021-10-21,-1356000000.0,61673000000.0,,3459000000.0,58214000000.0,,25.768,-958000000.0,831000000.0,831000000.0,1273000000.0,1403000000.0,0.795,2.402,26671000000.0,1257000000.0,25414000000.0,26671000000.0,0.0,559000000.0,0.0,0.02,0.97,2156000000.0,2715000000.0,0.521,2715000000.0,2156000000.0,1878000000.0,2.02,2.01,2.02,18128000000.0,,18128000000.0,151531397209.0,17.0,13.759,1387000000.0,1.972,1.0,3939000000.0,0.756,0.0,278000000.0,83162000000.0,,751000000.0,2110000000.0,60000000.0,2050000000.0,43545000000.0,4351000000.0,39194000000.0,125504397209.0,-447000000.0,0.0,-642000000.0,-176000000.0,-673000000.0,-1864000000.0,-928000000.0,5000000.0,2345000000.0,0.0,1403000000.0,1403000000.0,1403000000.0,0.0,0.0,0.269,1839000000.0,2100000000.0,3094000000.0,0.48,6.923,21.204,21.497,55728000000.0,0.0,180.79,5.781,5.859,1595000000.0,48605000000.0,5212000000.0,5212000000.0,0.0,,,,,0.0,1049000000.0,1.0,694199885.0,703500000.0,706100000.0,7.409,61673000000.0,0.0,475000000.0,11992000000.0,87.666,-892000000.0
8,UNP,MRQ,2019-09-30,2019-09-30,2019-09-30,2021-10-21,-1305000000.0,61978000000.0,,4073000000.0,57905000000.0,,25.763,-935000000.0,1250000000.0,1250000000.0,1314000000.0,1555000000.0,0.888,2.44,27277000000.0,1421000000.0,25856000000.0,27277000000.0,0.0,557000000.0,0.0,0.022,0.97,2287000000.0,2844000000.0,0.516,2844000000.0,2287000000.0,2021000000.0,2.22,2.22,2.22,18016000000.0,,18016000000.0,139934728905.0,16.0,12.597,1429000000.0,2.043,1.0,4202000000.0,0.762,0.0,266000000.0,83418000000.0,,771000000.0,2063000000.0,60000000.0,2003000000.0,43962000000.0,4587000000.0,39375000000.0,114119728905.0,232000000.0,0.0,-1033000000.0,480000000.0,-677000000.0,-1235000000.0,-897000000.0,5000000.0,2364000000.0,0.0,1555000000.0,1555000000.0,1555000000.0,0.0,0.0,0.282,1968000000.0,2234000000.0,3166000000.0,0.437,6.334,18.801,19.034,55419000000.0,0.0,161.98,5.128,5.09,1650000000.0,47875000000.0,5516000000.0,5516000000.0,0.0,,,,,0.0,1134000000.0,1.0,704529750.0,699300000.0,701900000.0,7.888,61978000000.0,0.0,466000000.0,11744000000.0,88.629,-514000000.0
9,UNP,MRQ,2019-06-30,2019-06-30,2019-06-30,2021-10-21,-1298000000.0,61708000000.0,,4086000000.0,57622000000.0,,25.756,-808000000.0,1049000000.0,1049000000.0,1393000000.0,1570000000.0,0.721,2.396,26864000000.0,2297000000.0,24567000000.0,26864000000.0,0.0,551000000.0,0.0,0.02,0.88,2317000000.0,2868000000.0,0.513,2868000000.0,2317000000.0,2058000000.0,2.23,2.22,2.23,18171000000.0,,18171000000.0,145418513436.0,16.0,13.067,1133000000.0,1.606,1.0,4203000000.0,0.751,0.0,259000000.0,81858000000.0,,775000000.0,2049000000.0,60000000.0,1989000000.0,43537000000.0,5665000000.0,37872000000.0,119702513436.0,-27000000.0,0.0,-642000000.0,128000000.0,-622000000.0,-1142000000.0,-826000000.0,5000000.0,1941000000.0,0.0,1570000000.0,1570000000.0,1570000000.0,0.0,0.0,0.281,1943000000.0,2260000000.0,3368000000.0,0.395,6.588,19.598,20.013,55191000000.0,0.0,169.11,5.281,5.264,1809000000.0,46997000000.0,5596000000.0,5596000000.0,0.0,,,,,0.0,1145000000.0,1.0,707838173.0,705500000.0,708000000.0,7.932,61708000000.0,0.0,488000000.0,11574000000.0,87.467,-1579000000.0
10,UNP,MRQ,2019-03-31,2019-03-31,2019-03-31,2021-10-21,-1378000000.0,61319000000.0,,3953000000.0,57366000000.0,,24.752,-752000000.0,1059000000.0,1059000000.0,1365000000.0,1391000000.0,0.751,2.456,26775000000.0,1703000000.0,25072000000.0,26775000000.0,0.0,549000000.0,0.0,0.019,0.88,2037000000.0,2586000000.0,0.48,2586000000.0,2037000000.0,1790000000.0,1.94,1.93,1.94,17742000000.0,,17742000000.0,141983171002.0,16.0,12.969,1207000000.0,1.684,1.0,4019000000.0,0.746,0.0,247000000.0,81773000000.0,,780000000.0,2011000000.0,60000000.0,1951000000.0,43577000000.0,5262000000.0,38315000000.0,120865171002.0,-230000000.0,0.0,-3487000000.0,2731000000.0,-626000000.0,-1405000000.0,-784000000.0,0.0,1959000000.0,0.0,1391000000.0,1391000000.0,1391000000.0,0.0,0.0,0.258,2059000000.0,1960000000.0,3559000000.0,0.454,6.812,19.988,20.39,55002000000.0,0.0,167.2,5.315,5.27,1672000000.0,46049000000.0,5384000000.0,5384000000.0,0.0,,,,,0.0,1205000000.0,1.0,722877817.0,716800000.0,719500000.0,7.511,61319000000.0,0.0,399000000.0,11408000000.0,85.545,-1309000000.0
11,UNP,MRQ,2018-12-31,2018-12-31,2018-12-31,2021-10-21,-1415000000.0,59147000000.0,,4163000000.0,54984000000.0,,27.198,-1009000000.0,1273000000.0,1273000000.0,1491000000.0,1554000000.0,0.9,1.896,22391000000.0,1466000000.0,20925000000.0,22391000000.0,0.0,555000000.0,0.0,0.022,0.8,2256000000.0,2811000000.0,0.488,2811000000.0,2256000000.0,2016000000.0,2.12,2.1,2.12,20423000000.0,,20423000000.0,122447498011.0,14.0,11.336,1303000000.0,1.735,1.0,4266000000.0,0.741,0.0,240000000.0,75639000000.0,,742000000.0,1972000000.0,60000000.0,1912000000.0,38724000000.0,4626000000.0,34098000000.0,101846498011.0,-482000000.0,0.0,-1201000000.0,-30000000.0,-583000000.0,-1817000000.0,-977000000.0,0.0,2312000000.0,0.0,1554000000.0,1554000000.0,1554000000.0,0.0,0.0,0.27,2056000000.0,2210000000.0,3160000000.0,0.377,4.987,17.071,17.387,52679000000.0,0.0,138.23,4.461,4.546,1755000000.0,45284000000.0,5757000000.0,5757000000.0,0.0,,,,,0.0,1280000000.0,1.0,736790118.0,750900000.0,754300000.0,7.667,59147000000.0,0.0,462000000.0,11302000000.0,78.768,-463000000.0
12,UNP,MRQ,2018-09-30,2018-09-30,2018-09-30,2021-10-21,-1392000000.0,59312000000.0,,4816000000.0,54496000000.0,,27.997,-814000000.0,1810000000.0,1810000000.0,1563000000.0,1593000000.0,1.063,1.873,22411000000.0,1468000000.0,20943000000.0,22411000000.0,0.0,547000000.0,0.0,0.018,0.8,2317000000.0,2864000000.0,0.483,2864000000.0,2317000000.0,2076000000.0,2.16,2.15,2.16,20645000000.0,,20645000000.0,141620881131.0,16.0,13.109,1527000000.0,2.071,1.0,4365000000.0,0.736,0.0,241000000.0,75384000000.0,,789000000.0,1977000000.0,90000000.0,1887000000.0,38667000000.0,4529000000.0,34138000000.0,120411881131.0,206000000.0,0.0,-331000000.0,-413000000.0,-591000000.0,-1326000000.0,-809000000.0,0.0,2341000000.0,0.0,1593000000.0,1593000000.0,1593000000.0,0.0,0.0,0.269,2096000000.0,2269000000.0,3061000000.0,0.37,5.832,10.3,10.87,52210000000.0,0.0,162.83,5.346,5.331,1792000000.0,44313000000.0,5928000000.0,5928000000.0,0.0,,,,,0.0,1262000000.0,1.0,739494449.0,737400000.0,740900000.0,8.039,59312000000.0,0.0,483000000.0,11270000000.0,80.434,287000000.0
13,UNP,MRQ,2018-06-30,2018-06-30,2018-06-30,2021-10-21,-1428000000.0,58689000000.0,,4494000000.0,54195000000.0,,26.179,-704000000.0,1604000000.0,1604000000.0,1538000000.0,1509000000.0,1.028,1.948,22813000000.0,1456000000.0,21357000000.0,22813000000.0,0.0,546000000.0,0.0,0.019,0.73,2141000000.0,2687000000.0,0.474,2687000000.0,2141000000.0,1938000000.0,1.98,1.98,1.98,19909000000.0,,19909000000.0,125668440529.0,15.0,11.822,1428000000.0,1.878,1.0,4134000000.0,0.729,0.0,203000000.0,75526000000.0,,772000000.0,1946000000.0,90000000.0,1856000000.0,38780000000.0,4372000000.0,34408000000.0,109128440529.0,556000000.0,0.0,-5527000000.0,5244000000.0,-557000000.0,-870000000.0,-706000000.0,0.0,2132000000.0,0.0,1509000000.0,1509000000.0,1509000000.0,0.0,0.0,0.266,2035000000.0,2099000000.0,2916000000.0,0.369,5.481,9.665,9.894,51947000000.0,0.0,141.68,4.959,4.897,1634000000.0,43311000000.0,5672000000.0,5672000000.0,0.0,,,,,0.0,1241000000.0,1.0,770245910.0,760500000.0,763700000.0,7.458,58689000000.0,0.0,429000000.0,11109000000.0,77.172,122000000.0
14,UNP,MRQ,2018-03-31,2018-03-31,2018-03-31,2021-10-21,-1422000000.0,57789000000.0,,3897000000.0,53892000000.0,,31.413,-910000000.0,1048000000.0,1048000000.0,1454000000.0,1310000000.0,0.821,1.369,17588000000.0,1891000000.0,15697000000.0,17588000000.0,0.0,543000000.0,0.0,0.019,0.73,1897000000.0,2440000000.0,0.446,2440000000.0,1897000000.0,1711000000.0,1.69,1.68,1.69,24389000000.0,,24389000000.0,120431008253.0,14.0,11.452,991000000.0,1.276,1.0,4021000000.0,0.734,0.0,186000000.0,69583000000.0,,808000000.0,1900000000.0,90000000.0,1810000000.0,33400000000.0,4746000000.0,28654000000.0,104762008253.0,-227000000.0,0.0,-1166000000.0,549000000.0,-568000000.0,-1209000000.0,-919000000.0,0.0,1901000000.0,0.0,1310000000.0,1310000000.0,1310000000.0,0.0,0.0,0.239,2082000000.0,1939000000.0,2855000000.0,0.432,4.295,9.567,9.748,51696000000.0,0.0,134.43,4.854,4.836,1571000000.0,42359000000.0,5475000000.0,5475000000.0,0.0,,,,,0.0,1273000000.0,1.0,779305276.0,776400000.0,779600000.0,7.052,57789000000.0,0.0,401000000.0,11050000000.0,74.432,-849000000.0
15,UNP,MRQ,2017-12-31,2017-12-31,2017-12-31,2021-10-21,-1141000000.0,57806000000.0,,4006000000.0,53800000000.0,,31.132,-859000000.0,1275000000.0,1275000000.0,1196000000.0,7278000000.0,1.017,1.326,16944000000.0,800000000.0,16144000000.0,16944000000.0,0.0,532000000.0,0.0,0.018,0.665,2280000000.0,2812000000.0,0.516,2812000000.0,2280000000.0,2092000000.0,9.15,9.09,9.15,24856000000.0,,24856000000.0,120545338092.0,14.0,11.529,973000000.0,1.219,1.0,4254000000.0,0.781,0.0,188000000.0,69536000000.0,,749000000.0,1899000000.0,90000000.0,1809000000.0,32950000000.0,3939000000.0,29011000000.0,105559338092.0,-572000000.0,0.0,-1131000000.0,81000000.0,-522000000.0,-1578000000.0,-826000000.0,0.0,1832000000.0,0.0,7278000000.0,7278000000.0,7278000000.0,0.0,0.0,1.335,2007000000.0,2247000000.0,3139000000.0,0.073,4.247,9.854,9.993,51605000000.0,0.0,134.1,4.97,5.041,1493000000.0,41317000000.0,5450000000.0,5450000000.0,0.0,,,,,0.0,1236000000.0,1.0,787168815.0,798400000.0,801700000.0,6.826,57806000000.0,0.0,-5186000000.0,10936000000.0,72.402,67000000.0
16,UNP,MRQ,2017-09-30,2017-09-30,2017-09-30,2021-10-21,-1172000000.0,57397000000.0,,4449000000.0,52948000000.0,,24.104,-790000000.0,1847000000.0,1847000000.0,1340000000.0,1194000000.0,1.161,1.997,16833000000.0,903000000.0,15930000000.0,16833000000.0,0.0,528000000.0,0.0,0.021,0.605,2163000000.0,2691000000.0,0.498,2691000000.0,2163000000.0,1983000000.0,1.5,1.5,1.5,19151000000.0,,19151000000.0,107294637085.0,13.0,10.551,1149000000.0,1.446,1.0,4068000000.0,0.752,0.0,180000000.0,68552000000.0,,742000000.0,1656000000.0,90000000.0,1566000000.0,38246000000.0,3831000000.0,34415000000.0,92820637085.0,561000000.0,0.0,-1271000000.0,1072000000.0,-480000000.0,-682000000.0,-696000000.0,0.0,1939000000.0,0.0,1194000000.0,1194000000.0,1194000000.0,0.0,0.0,0.221,1995000000.0,2073000000.0,2928000000.0,0.403,4.847,20.275,20.453,51036000000.0,0.0,115.97,4.429,4.396,1428000000.0,34561000000.0,5408000000.0,5408000000.0,0.0,,,,,0.0,1237000000.0,1.0,800384902.0,794500000.0,797600000.0,6.807,57397000000.0,0.0,789000000.0,16524000000.0,72.243,618000000.0
17,UNP,MRQ,2017-06-30,2017-06-30,2017-06-30,2021-10-21,-1221000000.0,56478000000.0,,3869000000.0,52609000000.0,,24.394,-778000000.0,1286000000.0,1286000000.0,1304000000.0,1168000000.0,1.136,1.879,15760000000.0,531000000.0,15229000000.0,15760000000.0,0.0,525000000.0,0.0,0.022,0.605,2048000000.0,2573000000.0,0.49,2573000000.0,2048000000.0,1869000000.0,1.45,1.45,1.45,19615000000.0,,19615000000.0,101922206757.0,13.0,10.214,798000000.0,0.992,1.0,3946000000.0,0.752,0.0,179000000.0,67546000000.0,,726000000.0,1594000000.0,90000000.0,1504000000.0,36863000000.0,3406000000.0,33457000000.0,87938206757.0,237000000.0,0.0,-852000000.0,726000000.0,-488000000.0,-618000000.0,-721000000.0,0.0,1576000000.0,0.0,1168000000.0,1168000000.0,1168000000.0,0.0,0.0,0.222,1948000000.0,1998000000.0,2875000000.0,0.417,4.483,19.477,19.694,50814000000.0,0.0,108.91,4.243,4.226,1357000000.0,33847000000.0,5250000000.0,5250000000.0,0.0,,,,,0.0,1204000000.0,1.0,807439232.0,804100000.0,807200000.0,6.529,56478000000.0,0.0,701000000.0,16329000000.0,70.238,463000000.0
18,UNP,MRQ,2017-03-31,2017-03-31,2017-03-31,2021-10-21,-1252000000.0,55900000000.0,,3588000000.0,52312000000.0,,24.304,-811000000.0,1049000000.0,1049000000.0,1302000000.0,1072000000.0,0.932,1.834,15033000000.0,723000000.0,14310000000.0,15033000000.0,0.0,520000000.0,0.0,0.022,0.605,1860000000.0,2380000000.0,0.464,2380000000.0,1860000000.0,1688000000.0,1.32,1.32,1.32,19723000000.0,,19723000000.0,99927191821.0,13.0,10.358,1072000000.0,1.321,1.0,3830000000.0,0.746,0.0,172000000.0,66036000000.0,,760000000.0,1570000000.0,90000000.0,1480000000.0,36177000000.0,3848000000.0,32329000000.0,86197191821.0,-228000000.0,0.0,-759000000.0,16000000.0,-492000000.0,-1268000000.0,-843000000.0,-30000000.0,1883000000.0,0.0,1072000000.0,1072000000.0,1072000000.0,0.0,0.0,0.209,2042000000.0,1788000000.0,3125000000.0,0.458,4.37,19.925,20.175,50550000000.0,0.0,105.92,4.258,4.246,1279000000.0,33167000000.0,5132000000.0,5132000000.0,0.0,,,,,0.0,1262000000.0,1.0,813795240.0,811500000.0,814800000.0,6.324,55900000000.0,0.0,616000000.0,16157000000.0,68.885,-260000000.0
19,UNP,MRQ,2016-12-31,2016-12-31,2016-12-31,2021-10-21,-1272000000.0,55718000000.0,,3596000000.0,52122000000.0,,23.945,-901000000.0,1277000000.0,1277000000.0,1264000000.0,1144000000.0,0.988,1.795,15007000000.0,758000000.0,14249000000.0,15007000000.0,0.0,520000000.0,0.0,0.022,0.605,2005000000.0,2525000000.0,0.489,2525000000.0,2005000000.0,1831000000.0,1.4,1.38,1.4,19932000000.0,,19932000000.0,99146976950.0,13.0,10.434,1157000000.0,1.39,1.0,3904000000.0,0.755,0.0,174000000.0,65808000000.0,,717000000.0,1517000000.0,60000000.0,1457000000.0,35786000000.0,3640000000.0,32146000000.0,85443976950.0,-632000000.0,0.0,-1005000000.0,-432000000.0,-497000000.0,-2116000000.0,-574000000.0,270000000.0,2058000000.0,0.0,1144000000.0,1144000000.0,1144000000.0,0.0,0.0,0.221,1968000000.0,1936000000.0,2882000000.0,0.432,4.287,20.185,20.369,50389000000.0,0.0,103.68,4.285,4.328,1258000000.0,32587000000.0,5168000000.0,5168000000.0,0.0,,,,,0.0,1215000000.0,1.0,824112432.0,832400000.0,835400000.0,6.209,55718000000.0,0.0,687000000.0,15996000000.0,66.937,-44000000.0
20,UNP,MRQ,2016-09-30,2016-09-30,2016-09-30,2021-10-21,-1185000000.0,56305000000.0,,4602000000.0,51703000000.0,,24.468,-1014000000.0,1909000000.0,1909000000.0,1240000000.0,1131000000.0,1.413,1.776,15612000000.0,407000000.0,15205000000.0,15612000000.0,0.0,512000000.0,0.0,0.023,0.55,1989000000.0,2501000000.0,0.483,2501000000.0,1989000000.0,1805000000.0,1.36,1.36,1.36,20284000000.0,,20284000000.0,94590085450.0,13.0,10.02,928000000.0,1.119,1.0,3934000000.0,0.76,0.0,184000000.0,66751000000.0,,690000000.0,1776000000.0,330000000.0,1446000000.0,36021000000.0,3257000000.0,32764000000.0,81234085450.0,79000000.0,0.0,-848000000.0,423000000.0,-457000000.0,-882000000.0,-981000000.0,0.0,1942000000.0,0.0,1131000000.0,1131000000.0,1131000000.0,0.0,0.0,0.219,1974000000.0,1960000000.0,2850000000.0,0.404,4.005,19.314,19.506,49939000000.0,0.0,97.53,4.066,4.046,1351000000.0,31940000000.0,5174000000.0,5174000000.0,0.0,,,,,0.0,1191000000.0,1.0,832913826.0,829000000.0,832200000.0,6.241,56305000000.0,0.0,674000000.0,15774000000.0,67.919,1345000000.0
21,UNP,MRQ,2016-06-30,2016-06-30,2016-06-30,2021-10-21,-1198000000.0,55690000000.0,,4566000000.0,51124000000.0,,24.387,-903000000.0,1830000000.0,1830000000.0,1202000000.0,979000000.0,1.475,1.727,15186000000.0,409000000.0,14777000000.0,15186000000.0,0.0,504000000.0,0.0,0.025,0.55,1737000000.0,2241000000.0,0.47,2241000000.0,1737000000.0,1564000000.0,1.17,1.17,1.17,20422000000.0,,20422000000.0,85900243373.0,11.0,8.87,449000000.0,0.536,1.0,3568000000.0,0.748,0.0,173000000.0,65951000000.0,,660000000.0,1738000000.0,330000000.0,1408000000.0,35268000000.0,3095000000.0,32173000000.0,73380243373.0,-843000000.0,0.0,-546000000.0,-17000000.0,-460000000.0,-1029000000.0,-1166000000.0,-330000000.0,1352000000.0,0.0,979000000.0,979000000.0,979000000.0,0.0,0.0,0.205,1908000000.0,1660000000.0,2686000000.0,0.47,3.593,16.773,16.942,49461000000.0,0.0,87.25,3.603,3.587,1373000000.0,31266000000.0,4770000000.0,4770000000.0,0.0,,,,,0.0,1160000000.0,1.0,841034308.0,837400000.0,840100000.0,5.696,55690000000.0,0.0,585000000.0,15593000000.0,66.503,1471000000.0
22,UNP,MRQ,2016-03-31,2016-03-31,2016-03-31,2021-10-21,-1208000000.0,55772000000.0,,5083000000.0,50689000000.0,,24.259,-687000000.0,2673000000.0,2673000000.0,1178000000.0,979000000.0,1.546,1.724,15193000000.0,402000000.0,14791000000.0,15193000000.0,0.0,502000000.0,0.0,0.028,0.55,1733000000.0,2235000000.0,0.463,2235000000.0,1733000000.0,1566000000.0,1.16,1.16,1.16,20475000000.0,,20475000000.0,80142261542.0,10.0,7.989,1486000000.0,1.761,1.0,3651000000.0,0.756,0.0,167000000.0,65005000000.0,,716000000.0,1404000000.0,0.0,1404000000.0,35297000000.0,3287000000.0,32010000000.0,67332261542.0,1282000000.0,0.0,-706000000.0,996000000.0,-465000000.0,-219000000.0,-672000000.0,0.0,2173000000.0,0.0,979000000.0,979000000.0,979000000.0,0.0,0.0,0.203,1964000000.0,1687000000.0,2885000000.0,0.474,3.289,14.637,14.841,49071000000.0,0.0,79.55,3.202,3.193,1355000000.0,30747000000.0,4829000000.0,4829000000.0,0.0,,,,,0.0,1213000000.0,1.0,846414350.0,844000000.0,846700000.0,5.722,55772000000.0,0.0,587000000.0,15404000000.0,66.081,1796000000.0
23,UNP,MRQ,2015-12-31,2015-12-31,2015-12-31,2021-10-21,-1195000000.0,54600000000.0,,4130000000.0,50470000000.0,,23.9,-1327000000.0,1391000000.0,1391000000.0,1318000000.0,1117000000.0,1.288,1.637,14201000000.0,594000000.0,13607000000.0,14201000000.0,0.0,517000000.0,0.0,0.028,0.55,1946000000.0,2463000000.0,0.473,2463000000.0,1946000000.0,1782000000.0,1.31,1.31,1.31,20702000000.0,,20702000000.0,79033233579.0,10.0,7.681,392000000.0,0.453,1.0,3890000000.0,0.747,0.0,164000000.0,64204000000.0,,736000000.0,1410000000.0,0.0,1410000000.0,33898000000.0,3206000000.0,30692000000.0,66792233579.0,313000000.0,0.0,-670000000.0,965000000.0,-467000000.0,-180000000.0,-1226000000.0,0.0,1719000000.0,0.0,1117000000.0,1117000000.0,1117000000.0,0.0,0.0,0.214,1972000000.0,1918000000.0,2612000000.0,0.42,3.226,13.997,14.192,48866000000.0,0.0,78.2,3.062,3.105,1356000000.0,30233000000.0,5208000000.0,5208000000.0,0.0,,,,,0.0,1220000000.0,1.0,854120634.0,866200000.0,869400000.0,6.012,54600000000.0,0.0,665000000.0,15241000000.0,63.034,924000000.0
24,UNP,MRQ,2015-09-30,2015-09-30,2015-09-30,2021-10-21,-1212000000.0,53763000000.0,,3942000000.0,49821000000.0,,23.872,-1116000000.0,1078000000.0,1078000000.0,1375000000.0,1300000000.0,1.124,1.61,13319000000.0,521000000.0,12798000000.0,13319000000.0,0.0,507000000.0,0.0,0.024,0.55,2238000000.0,2745000000.0,0.494,2745000000.0,2238000000.0,2081000000.0,1.51,1.5,1.51,20599000000.0,,20599000000.0,88010612588.0,10.0,8.179,736000000.0,0.853,1.0,4187000000.0,0.753,0.0,157000000.0,62496000000.0,,741000000.0,1373000000.0,0.0,1373000000.0,33164000000.0,3508000000.0,29656000000.0,76712612588.0,-963000000.0,0.0,-1190000000.0,-40000000.0,-476000000.0,-1701000000.0,-1114000000.0,0.0,1852000000.0,0.0,1300000000.0,1300000000.0,1300000000.0,0.0,0.0,0.234,1979000000.0,2208000000.0,2987000000.0,0.364,3.724,15.083,15.217,48149000000.0,0.0,88.41,3.371,3.352,1508000000.0,29583000000.0,5562000000.0,5562000000.0,0.0,,,,,0.0,1267000000.0,1.0,867691580.0,862900000.0,865800000.0,6.446,53763000000.0,218000000.0,781000000.0,15062000000.0,62.305,434000000.0
25,UNP,MRQ,2015-06-30,2015-06-30,2015-06-30,2021-10-21,-1208000000.0,54177000000.0,,4983000000.0,49194000000.0,,24.066,-1106000000.0,2041000000.0,2041000000.0,1453000000.0,1204000000.0,1.46,1.581,13339000000.0,431000000.0,12908000000.0,13339000000.0,0.0,497000000.0,0.0,0.022,0.55,2091000000.0,2588000000.0,0.477,2588000000.0,2091000000.0,1938000000.0,1.38,1.38,1.38,20990000000.0,,20990000000.0,94218073233.0,11.0,8.687,603000000.0,0.691,1.0,3976000000.0,0.732,0.0,153000000.0,62062000000.0,,762000000.0,1375000000.0,0.0,1375000000.0,33187000000.0,3413000000.0,29774000000.0,83505073233.0,454000000.0,0.0,-813000000.0,1034000000.0,-479000000.0,-261000000.0,-994000000.0,0.0,1709000000.0,0.0,1204000000.0,1204000000.0,1204000000.0,0.0,0.0,0.222,2027000000.0,1949000000.0,2982000000.0,0.399,3.978,16.196,16.358,47512000000.0,0.0,95.37,3.572,3.558,1513000000.0,28759000000.0,5429000000.0,5429000000.0,0.0,,,,,0.0,1305000000.0,1.0,875590576.0,872200000.0,875200000.0,6.224,54177000000.0,235000000.0,734000000.0,14907000000.0,62.115,1570000000.0
26,UNP,MRQ,2015-03-31,2015-03-31,2015-03-31,2021-10-21,-1218000000.0,53145000000.0,,4479000000.0,48666000000.0,,23.947,-1101000000.0,1587000000.0,1587000000.0,1518000000.0,1151000000.0,1.321,1.524,12300000000.0,416000000.0,11884000000.0,12300000000.0,0.0,491000000.0,0.0,0.019,0.55,2003000000.0,2494000000.0,0.444,2494000000.0,2003000000.0,1855000000.0,1.31,1.3,1.31,21057000000.0,,21057000000.0,105345873181.0,12.0,9.624,963000000.0,1.095,1.0,4096000000.0,0.73,0.0,148000000.0,60468000000.0,,744000000.0,1375000000.0,0.0,1375000000.0,32088000000.0,3390000000.0,28698000000.0,95451873181.0,1000000.0,0.0,-792000000.0,813000000.0,-922000000.0,-921000000.0,-1142000000.0,0.0,2064000000.0,0.0,1151000000.0,1151000000.0,1151000000.0,0.0,0.0,0.205,2119000000.0,1977000000.0,2974000000.0,0.42,4.533,18.206,18.42,46928000000.0,0.0,108.31,3.983,3.974,1564000000.0,28034000000.0,5614000000.0,5614000000.0,0.0,,,,,0.0,1369000000.0,1.0,881284029.0,879300000.0,882800000.0,6.385,53145000000.0,250000000.0,704000000.0,14774000000.0,60.44,1089000000.0
27,UNP,MRQ,2014-12-31,2014-12-31,2014-12-31,2021-10-21,-1210000000.0,52372000000.0,,4401000000.0,47971000000.0,,23.619,-1120000000.0,1586000000.0,1586000000.0,1774000000.0,1431000000.0,1.169,1.472,11413000000.0,461000000.0,10952000000.0,11413000000.0,0.0,489000000.0,0.0,0.016,0.5,2444000000.0,2933000000.0,0.477,2933000000.0,2444000000.0,2298000000.0,1.61,1.6,1.61,21189000000.0,,21189000000.0,115536397346.0,13.0,10.69,907000000.0,1.011,1.0,4379000000.0,0.712,0.0,146000000.0,58435000000.0,,712000000.0,1390000000.0,0.0,1390000000.0,31183000000.0,3764000000.0,27419000000.0,105918397346.0,-301000000.0,0.0,-913000000.0,-32000000.0,-446000000.0,-1404000000.0,-924000000.0,0.0,2027000000.0,0.0,1431000000.0,1431000000.0,1431000000.0,0.0,0.0,0.233,2006000000.0,2373000000.0,3303000000.0,0.311,4.999,20.448,20.646,46272000000.0,0.0,119.13,4.415,4.455,1611000000.0,27367000000.0,6153000000.0,6153000000.0,0.0,,,,,0.0,1289000000.0,1.0,889099281.0,897100000.0,901100000.0,6.859,52372000000.0,0.0,867000000.0,14403000000.0,58.379,637000000.0
28,UNP,MRQ,2014-09-30,2014-09-30,2014-09-30,2021-10-21,-708000000.0,52568000000.0,,4780000000.0,47788000000.0,,24.13,-1158000000.0,1887000000.0,1887000000.0,1842000000.0,1370000000.0,1.247,1.439,11505000000.0,460000000.0,11045000000.0,11505000000.0,0.0,481000000.0,0.0,0.017,0.5,2350000000.0,2831000000.0,0.458,2831000000.0,2350000000.0,2206000000.0,1.53,1.53,1.53,21553000000.0,,21553000000.0,106605130208.0,13.0,10.307,979000000.0,1.096,1.0,4340000000.0,0.702,0.0,144000000.0,58353000000.0,,736000000.0,1384000000.0,0.0,1384000000.0,31015000000.0,3833000000.0,27182000000.0,97299130208.0,350000000.0,0.0,-862000000.0,655000000.0,-410000000.0,-640000000.0,-1147000000.0,0.0,2137000000.0,0.0,1370000000.0,1370000000.0,1370000000.0,0.0,0.0,0.222,2010000000.0,2330000000.0,3373000000.0,0.327,4.514,19.764,19.948,45553000000.0,0.0,108.42,4.147,4.127,1635000000.0,26380000000.0,6182000000.0,6182000000.0,0.0,,,,,0.0,1287000000.0,1.0,897427875.0,893200000.0,896900000.0,6.921,52568000000.0,218000000.0,836000000.0,14421000000.0,58.854,947000000.0
29,UNP,MRQ,2014-06-30,2014-06-30,2014-06-30,2021-10-21,-714000000.0,51562000000.0,,4503000000.0,47059000000.0,,23.783,-1175000000.0,1537000000.0,1537000000.0,1875000000.0,1291000000.0,1.192,1.405,10843000000.0,458000000.0,10385000000.0,10843000000.0,0.0,470000000.0,0.0,0.017,0.455,2218000000.0,2688000000.0,0.447,2688000000.0,2218000000.0,2080000000.0,1.43,1.43,1.43,21440000000.0,,21440000000.0,98674892330.0,12.0,9.918,279000000.0,0.309,1.0,4140000000.0,0.688,0.0,138000000.0,57091000000.0,,739000000.0,1369000000.0,0.0,1369000000.0,30122000000.0,3777000000.0,26345000000.0,90355892330.0,-320000000.0,0.0,-806000000.0,662000000.0,-413000000.0,-501000000.0,-1273000000.0,0.0,1454000000.0,0.0,1291000000.0,1291000000.0,1291000000.0,0.0,0.0,0.215,1944000000.0,2196000000.0,3319000000.0,0.318,4.214,19.208,19.35,44901000000.0,0.0,99.75,3.953,3.934,1666000000.0,25456000000.0,6015000000.0,6015000000.0,0.0,,,,,0.0,1246000000.0,1.0,905823482.0,901500000.0,905000000.0,6.672,51562000000.0,239000000.0,789000000.0,14301000000.0,57.196,726000000.0
30,UNP,MRQ,2014-03-31,2014-03-31,2014-03-31,2021-10-21,-734000000.0,50898000000.0,,4679000000.0,46219000000.0,,23.425,-893000000.0,1857000000.0,1857000000.0,1840000000.0,1088000000.0,1.117,1.393,10176000000.0,632000000.0,9544000000.0,10176000000.0,0.0,464000000.0,0.0,0.017,0.455,1892000000.0,2356000000.0,0.418,2356000000.0,1892000000.0,1759000000.0,1.2,1.19,1.2,21272000000.0,,21272000000.0,93541110905.0,12.0,9.744,874000000.0,0.962,1.0,3798000000.0,0.674,0.0,133000000.0,55029000000.0,,705000000.0,1344000000.0,0.0,1344000000.0,29626000000.0,4188000000.0,25438000000.0,85396110905.0,425000000.0,0.0,-644000000.0,593000000.0,-363000000.0,-437000000.0,-905000000.0,0.0,1767000000.0,0.0,1088000000.0,1088000000.0,1088000000.0,0.0,0.0,0.193,1944000000.0,1854000000.0,3556000000.0,0.379,4.014,18.897,19.091,44189000000.0,0.0,93.83,3.828,3.819,1542000000.0,25962000000.0,5638000000.0,5638000000.0,0.0,,,,,0.0,1254000000.0,1.0,910115218.0,908100000.0,912500000.0,6.209,50898000000.0,259000000.0,671000000.0,14229000000.0,56.049,491000000.0
31,UNP,MRQ,2013-12-31,2013-12-31,2013-12-31,2021-10-21,-750000000.0,49731000000.0,,3990000000.0,45741000000.0,,22.909,-861000000.0,1432000000.0,1432000000.0,1801000000.0,1174000000.0,1.052,1.343,9577000000.0,705000000.0,8872000000.0,9577000000.0,0.0,458000000.0,0.0,0.018,0.395,2010000000.0,2468000000.0,0.438,2468000000.0,2010000000.0,1883000000.0,1.275,1.275,1.275,21225000000.0,,21225000000.0,85464531184.0,11.0,9.14,1081000000.0,1.167,1.0,3829000000.0,0.68,0.0,127000000.0,54085000000.0,,653000000.0,1321000000.0,0.0,1321000000.0,28506000000.0,3791000000.0,24715000000.0,77375531184.0,66000000.0,0.0,-786000000.0,76000000.0,-365000000.0,-1067000000.0,-809000000.0,0.0,1942000000.0,0.0,1174000000.0,1174000000.0,1174000000.0,0.0,0.0,0.209,1856000000.0,1973000000.0,3086000000.0,0.31,3.645,17.633,17.722,43749000000.0,0.0,84.0,3.523,3.544,1414000000.0,23901000000.0,5630000000.0,5630000000.0,0.0,,,,,0.0,1210000000.0,1.0,921137276.0,926500000.0,931500000.0,6.077,49731000000.0,268000000.0,709000000.0,14163000000.0,53.676,199000000.0
32,UNP,MRQ,2013-09-30,2013-09-30,2013-09-30,2021-10-21,-1143000000.0,48958000000.0,,4064000000.0,44894000000.0,,22.495,-905000000.0,1366000000.0,1366000000.0,1763000000.0,1151000000.0,1.112,1.357,9455000000.0,691000000.0,8764000000.0,9455000000.0,0.0,447000000.0,0.0,0.018,0.395,1990000000.0,2437000000.0,0.437,2437000000.0,1990000000.0,1852000000.0,1.25,1.24,1.25,20774000000.0,,20774000000.0,80017579465.0,11.0,8.789,758000000.0,0.821,1.0,3810000000.0,0.684,0.0,138000000.0,53392000000.0,,683000000.0,1282000000.0,0.0,1282000000.0,28184000000.0,3655000000.0,24529000000.0,72053579465.0,-479000000.0,0.0,-599000000.0,-78000000.0,-322000000.0,-1285000000.0,-857000000.0,0.0,1663000000.0,0.0,1151000000.0,1151000000.0,1151000000.0,0.0,0.0,0.207,1848000000.0,1962000000.0,2964000000.0,0.316,3.468,16.954,16.996,43311000000.0,0.0,77.67,3.338,3.323,1469000000.0,24476000000.0,5573000000.0,5573000000.0,0.0,,,,,0.0,1196000000.0,1.0,927688676.0,923500000.0,928400000.0,6.035,48958000000.0,230000000.0,701000000.0,13739000000.0,53.014,409000000.0
33,UNP,MRQ,2013-06-30,2013-06-30,2013-06-30,2021-10-21,-1148000000.0,49026000000.0,,4543000000.0,44483000000.0,,22.055,-948000000.0,1845000000.0,1845000000.0,1750000000.0,1106000000.0,1.188,1.389,9809000000.0,733000000.0,9076000000.0,9809000000.0,0.0,438000000.0,0.0,0.017,0.345,1901000000.0,2339000000.0,0.428,2339000000.0,1901000000.0,1768000000.0,1.19,1.18,1.19,20524000000.0,,20524000000.0,79958609351.0,11.0,8.956,746000000.0,0.802,1.0,3720000000.0,0.68,0.0,133000000.0,53165000000.0,,654000000.0,1272000000.0,0.0,1272000000.0,28502000000.0,3825000000.0,24677000000.0,72014609351.0,-72000000.0,0.0,-459000000.0,-56000000.0,-323000000.0,-827000000.0,-939000000.0,0.0,1694000000.0,0.0,1106000000.0,1106000000.0,1106000000.0,0.0,0.0,0.202,1842000000.0,1878000000.0,3092000000.0,0.29,3.509,17.391,17.433,42911000000.0,0.0,77.14,3.373,3.362,1468000000.0,23690000000.0,5470000000.0,5470000000.0,0.0,,,,,0.0,1185000000.0,1.0,933557290.0,930600000.0,935300000.0,5.878,49026000000.0,242000000.0,662000000.0,13477000000.0,52.682,718000000.0
34,UNP,MRQ,2013-03-31,2013-03-31,2013-03-31,2021-10-21,-1169000000.0,48561000000.0,,4646000000.0,43915000000.0,,21.531,-782000000.0,1917000000.0,1917000000.0,1770000000.0,957000000.0,1.287,1.411,9861000000.0,552000000.0,9309000000.0,9861000000.0,0.0,434000000.0,0.0,0.018,0.345,1673000000.0,2107000000.0,0.398,2107000000.0,1673000000.0,1545000000.0,1.025,1.015,1.025,20144000000.0,,20144000000.0,74766832424.0,11.0,8.528,742000000.0,0.793,1.0,3520000000.0,0.665,0.0,128000000.0,52895000000.0,,655000000.0,1240000000.0,0.0,1240000000.0,28417000000.0,3610000000.0,24807000000.0,66832832424.0,854000000.0,0.0,-374000000.0,861000000.0,-323000000.0,130000000.0,-800000000.0,0.0,1524000000.0,0.0,957000000.0,957000000.0,957000000.0,0.0,0.0,0.181,1887000000.0,1633000000.0,3058000000.0,0.337,3.318,16.555,16.598,42376000000.0,0.0,71.205,3.167,3.157,1512000000.0,22905000000.0,5290000000.0,5290000000.0,0.0,,,,,0.0,1216000000.0,1.0,938597464.0,935600000.0,941000000.0,5.654,48561000000.0,251000000.0,588000000.0,13288000000.0,51.904,1036000000.0
35,UNP,MRQ,2012-12-31,2012-12-31,2012-12-31,2021-10-21,-1186000000.0,47153000000.0,,3614000000.0,43539000000.0,,21.007,-805000000.0,1063000000.0,1063000000.0,1755000000.0,1036000000.0,1.159,1.372,8997000000.0,196000000.0,8801000000.0,8997000000.0,0.0,453000000.0,0.0,0.02,0.345,1768000000.0,2221000000.0,0.423,2221000000.0,1768000000.0,1640000000.0,1.105,1.1,1.105,19877000000.0,,19877000000.0,67494331207.0,10.0,7.836,990000000.0,1.046,1.0,3495000000.0,0.666,0.0,128000000.0,51968000000.0,,660000000.0,1259000000.0,0.0,1259000000.0,27276000000.0,3119000000.0,24157000000.0,59138331207.0,-67000000.0,0.0,-295000000.0,-508000000.0,-286000000.0,-1095000000.0,-767000000.0,0.0,1795000000.0,0.0,1036000000.0,1036000000.0,1036000000.0,0.0,0.0,0.197,1770000000.0,1725000000.0,2923000000.0,0.312,2.975,14.998,15.074,41997000000.0,0.0,62.86,2.826,2.842,1331000000.0,22271000000.0,5250000000.0,5250000000.0,0.0,,,,,0.0,1135000000.0,1.0,940794324.0,946200000.0,952900000.0,5.549,47153000000.0,263000000.0,604000000.0,13108000000.0,49.834,495000000.0
36,UNP,MRQ,2012-09-30,2012-09-30,2012-09-30,2021-10-21,-1015000000.0,47070000000.0,,3946000000.0,43124000000.0,,20.709,-843000000.0,1130000000.0,1130000000.0,1722000000.0,1042000000.0,1.019,1.408,9486000000.0,713000000.0,8773000000.0,9486000000.0,0.0,447000000.0,0.0,0.02,0.3,1814000000.0,2261000000.0,0.423,2261000000.0,1814000000.0,1677000000.0,1.105,1.095,1.105,19549000000.0,,19549000000.0,64432236483.0,10.0,7.602,747000000.0,0.791,1.0,3621000000.0,0.678,0.0,137000000.0,51552000000.0,,680000000.0,1235000000.0,0.0,1235000000.0,27521000000.0,3874000000.0,23647000000.0,56217236483.0,-71000000.0,0.0,-346000000.0,-57000000.0,-285000000.0,-677000000.0,-984000000.0,0.0,1590000000.0,0.0,1042000000.0,1042000000.0,1042000000.0,0.0,0.0,0.195,1835000000.0,1786000000.0,3161000000.0,0.271,2.876,14.523,14.618,41617000000.0,0.0,59.35,2.705,2.696,1583000000.0,21560000000.0,5343000000.0,5343000000.0,0.0,,,,,0.0,1188000000.0,1.0,947215442.0,944000000.0,950400000.0,5.66,47070000000.0,293000000.0,635000000.0,12858000000.0,49.862,72000000.0
37,UNP,MRQ,2012-06-30,2012-06-30,2012-06-30,2021-10-21,-1061000000.0,46374000000.0,,3956000000.0,42418000000.0,,20.142,-1012000000.0,1201000000.0,1201000000.0,1723000000.0,1002000000.0,1.01,1.43,9416000000.0,780000000.0,8636000000.0,9416000000.0,0.0,433000000.0,0.0,0.019,0.3,1745000000.0,2178000000.0,0.417,2178000000.0,1745000000.0,1610000000.0,1.055,1.05,1.055,19087000000.0,,19087000000.0,64657600004.0,10.0,7.868,360000000.0,0.38,1.0,3498000000.0,0.67,0.0,135000000.0,50672000000.0,,646000000.0,1211000000.0,0.0,1211000000.0,27287000000.0,3917000000.0,23370000000.0,56817600004.0,206000000.0,0.0,-400000000.0,574000000.0,-286000000.0,-114000000.0,-1052000000.0,0.0,1372000000.0,0.0,1002000000.0,1002000000.0,1002000000.0,0.0,0.0,0.192,1774000000.0,1724000000.0,3137000000.0,0.284,2.977,15.22,15.335,40937000000.0,0.0,59.655,2.766,2.752,1497000000.0,20802000000.0,5221000000.0,5221000000.0,0.0,,,,,0.0,1151000000.0,1.0,952436510.0,947600000.0,954400000.0,5.51,46374000000.0,324000000.0,608000000.0,12646000000.0,48.938,39000000.0
38,UNP,MRQ,2012-03-31,2012-03-31,2012-03-31,2021-10-21,-1046000000.0,45336000000.0,,3565000000.0,41771000000.0,,19.626,-804000000.0,995000000.0,995000000.0,1748000000.0,863000000.0,0.914,1.417,8835000000.0,769000000.0,8066000000.0,8835000000.0,0.0,427000000.0,0.0,0.02,0.3,1526000000.0,1953000000.0,0.382,1953000000.0,1526000000.0,1391000000.0,0.905,0.895,0.905,18755000000.0,,18755000000.0,59286694130.0,10.0,7.544,600000000.0,0.628,1.0,3364000000.0,0.658,0.0,135000000.0,49274000000.0,,682000000.0,1210000000.0,0.0,1210000000.0,26581000000.0,3902000000.0,22679000000.0,51597694130.0,-222000000.0,0.0,-433000000.0,-72000000.0,-289000000.0,-796000000.0,-830000000.0,0.0,1404000000.0,0.0,863000000.0,863000000.0,863000000.0,0.0,0.0,0.169,1854000000.0,1510000000.0,3133000000.0,0.331,2.751,14.675,14.764,40309000000.0,0.0,53.74,2.557,2.545,1327000000.0,20084000000.0,5112000000.0,5112000000.0,0.0,,,,,0.0,1211000000.0,1.0,960135730.0,955600000.0,962800000.0,5.35,45336000000.0,314000000.0,528000000.0,12505000000.0,47.442,-337000000.0
39,UNP,MRQ,2011-12-31,2011-12-31,2011-12-31,2021-10-21,-1054000000.0,45096000000.0,,3727000000.0,41369000000.0,,19.125,-958000000.0,1217000000.0,1217000000.0,1732000000.0,964000000.0,1.124,1.427,8906000000.0,209000000.0,8697000000.0,8906000000.0,0.0,413000000.0,0.0,0.018,0.3,1671000000.0,2084000000.0,0.408,2084000000.0,1671000000.0,1530000000.0,0.995,0.995,0.995,18578000000.0,,18578000000.0,58937175049.0,10.0,7.908,581000000.0,0.598,1.0,3376000000.0,0.661,0.0,141000000.0,49468000000.0,,614000000.0,1175000000.0,0.0,1175000000.0,26518000000.0,3317000000.0,23201000000.0,51177175049.0,-430000000.0,0.0,-382000000.0,-502000000.0,-230000000.0,-1091000000.0,-878000000.0,0.0,1539000000.0,0.0,964000000.0,964000000.0,964000000.0,0.0,0.0,0.189,1759000000.0,1617000000.0,3108000000.0,0.302,2.755,15.546,15.625,39934000000.0,0.0,52.97,2.617,2.631,1401000000.0,19508000000.0,5108000000.0,5108000000.0,0.0,,,,,0.0,1155000000.0,1.0,966153956.0,971400000.0,979600000.0,5.258,45096000000.0,306000000.0,566000000.0,12368000000.0,46.424,410000000.0
40,UNP,MRQ,2011-09-30,2011-09-30,2011-09-30,2021-10-21,-732000000.0,45066000000.0,,4214000000.0,40852000000.0,,19.171,-891000000.0,1647000000.0,1647000000.0,1715000000.0,904000000.0,1.132,1.427,9407000000.0,642000000.0,8765000000.0,9407000000.0,0.0,408000000.0,0.0,0.021,0.237,1595000000.0,2003000000.0,0.393,2003000000.0,1595000000.0,1453000000.0,0.935,0.925,0.935,18565000000.0,,18565000000.0,47745203802.0,9.0,6.752,803000000.0,0.829,1.0,3386000000.0,0.664,0.0,142000000.0,49102000000.0,,607000000.0,1171000000.0,0.0,1171000000.0,26501000000.0,3724000000.0,22777000000.0,39862203802.0,592000000.0,0.0,-428000000.0,429000000.0,-233000000.0,-227000000.0,-875000000.0,0.0,1694000000.0,0.0,904000000.0,904000000.0,904000000.0,0.0,0.0,0.177,1808000000.0,1578000000.0,3082000000.0,0.253,2.147,12.846,12.861,39425000000.0,0.0,40.835,2.114,2.097,1424000000.0,18833000000.0,5101000000.0,5101000000.0,0.0,,,,,0.0,1193000000.0,1.0,976177392.0,968400000.0,976200000.0,5.267,45066000000.0,305000000.0,549000000.0,12290000000.0,46.537,490000000.0
41,UNP,MRQ,2011-06-30,2011-06-30,2011-06-30,2021-10-21,-719000000.0,44029000000.0,,3699000000.0,40330000000.0,,18.741,-676000000.0,1055000000.0,1055000000.0,1703000000.0,785000000.0,1.173,1.405,8938000000.0,179000000.0,8759000000.0,8938000000.0,0.0,401000000.0,0.0,0.015,0.237,1418000000.0,1819000000.0,0.374,1819000000.0,1418000000.0,1270000000.0,0.805,0.795,0.805,18306000000.0,,18306000000.0,59158412340.0,11.0,8.616,670000000.0,0.686,1.0,3155000000.0,0.649,0.0,148000000.0,48759000000.0,,630000000.0,1176000000.0,0.0,1176000000.0,25723000000.0,3153000000.0,22570000000.0,51210412340.0,-193000000.0,0.0,-360000000.0,-44000000.0,-188000000.0,-830000000.0,-709000000.0,0.0,1346000000.0,0.0,785000000.0,785000000.0,785000000.0,0.0,0.0,0.162,1763000000.0,1392000000.0,2974000000.0,0.294,2.797,17.202,17.228,38908000000.0,0.0,52.2,2.819,2.807,1427000000.0,18159000000.0,4858000000.0,4858000000.0,0.0,,,,,0.0,1166000000.0,1.0,981042382.0,976800000.0,984800000.0,4.973,44029000000.0,315000000.0,485000000.0,12016000000.0,45.075,546000000.0
42,UNP,MRQ,2011-03-31,2011-03-31,2011-03-31,2021-10-21,-728000000.0,43587000000.0,,3677000000.0,39910000000.0,,18.429,-566000000.0,1248000000.0,1248000000.0,1603000000.0,639000000.0,1.248,1.415,9196000000.0,180000000.0,9016000000.0,9196000000.0,0.0,395000000.0,0.0,0.014,0.19,1152000000.0,1547000000.0,0.345,1547000000.0,1152000000.0,1011000000.0,0.655,0.645,0.655,18046000000.0,,18046000000.0,56436169235.0,11.0,8.407,728000000.0,0.743,1.0,2887000000.0,0.643,0.0,141000000.0,48588000000.0,,582000000.0,1157000000.0,0.0,1157000000.0,25541000000.0,2947000000.0,22594000000.0,48280169235.0,162000000.0,0.0,-248000000.0,-87000000.0,-186000000.0,-475000000.0,-657000000.0,0.0,1294000000.0,0.0,639000000.0,639000000.0,639000000.0,0.0,0.0,0.142,1750000000.0,1137000000.0,2767000000.0,0.29,2.675,16.631,16.751,38512000000.0,0.0,49.165,2.76,2.753,1275000000.0,17607000000.0,4490000000.0,4490000000.0,0.0,,,,,0.0,1167000000.0,1.0,982002832.0,979200000.0,988200000.0,4.585,43587000000.0,307000000.0,372000000.0,11788000000.0,44.513,730000000.0
43,UNP,MRQ,2010-12-31,2010-12-31,2010-12-31,2021-10-21,-734000000.0,43088000000.0,,3432000000.0,39656000000.0,,17.827,-796000000.0,1086000000.0,1086000000.0,1432000000.0,775000000.0,1.163,1.426,9242000000.0,239000000.0,9003000000.0,9242000000.0,0.0,380000000.0,0.0,0.014,0.19,1322000000.0,1702000000.0,0.386,1702000000.0,1322000000.0,1180000000.0,0.78,0.78,0.78,17763000000.0,,17763000000.0,54056160673.0,11.0,8.288,589000000.0,0.591,1.0,2978000000.0,0.675,0.0,142000000.0,48292000000.0,,534000000.0,1137000000.0,0.0,1137000000.0,25325000000.0,2952000000.0,22373000000.0,45695160673.0,-272000000.0,0.0,-230000000.0,-479000000.0,-164000000.0,-842000000.0,-815000000.0,0.0,1385000000.0,0.0,775000000.0,775000000.0,775000000.0,0.0,0.0,0.176,1665000000.0,1313000000.0,2713000000.0,0.244,2.572,16.437,16.606,38253000000.0,0.0,46.33,2.693,2.721,1184000000.0,17154000000.0,4410000000.0,4410000000.0,0.0,,,,,0.0,1112000000.0,1.0,986297446.0,996400000.0,1005800000.0,4.426,43088000000.0,261000000.0,405000000.0,11557000000.0,43.244,480000000.0
44,UNP,MRQ,2010-09-30,2010-09-30,2010-09-30,2021-10-21,-649000000.0,43001000000.0,,3910000000.0,39091000000.0,,17.684,-630000000.0,1358000000.0,1358000000.0,1365000000.0,778000000.0,1.228,1.466,9719000000.0,659000000.0,9060000000.0,9719000000.0,0.0,372000000.0,0.0,0.015,0.165,1426000000.0,1798000000.0,0.408,1798000000.0,1426000000.0,1273000000.0,0.79,0.78,0.79,17436000000.0,,17436000000.0,48748830088.0,10.0,7.844,395000000.0,0.401,1.0,3043000000.0,0.69,0.0,153000000.0,48177000000.0,,504000000.0,1104000000.0,0.0,1104000000.0,25565000000.0,3185000000.0,22380000000.0,40700830088.0,41000000.0,0.0,-597000000.0,446000000.0,-166000000.0,-379000000.0,-605000000.0,0.0,1025000000.0,0.0,778000000.0,778000000.0,778000000.0,0.0,0.0,0.176,1642000000.0,1401000000.0,2526000000.0,0.209,2.334,15.936,15.977,37749000000.0,0.0,40.9,2.496,2.473,1297000000.0,16566000000.0,4408000000.0,4408000000.0,0.0,,,,,0.0,1092000000.0,1.0,995130320.0,986000000.0,995400000.0,4.471,43001000000.0,357000000.0,495000000.0,11480000000.0,43.612,725000000.0
45,UNP,MRQ,2010-06-30,2010-06-30,2010-06-30,2021-10-21,-648000000.0,42535000000.0,,3702000000.0,38833000000.0,,17.261,-595000000.0,1317000000.0,1317000000.0,1362000000.0,711000000.0,1.22,1.455,9365000000.0,248000000.0,9117000000.0,9365000000.0,0.0,368000000.0,0.0,0.016,0.165,1298000000.0,1666000000.0,0.398,1666000000.0,1298000000.0,1146000000.0,0.71,0.7,0.71,17323000000.0,,17323000000.0,43146598539.0,10.0,7.497,444000000.0,0.442,1.0,2820000000.0,0.674,0.0,152000000.0,47548000000.0,,496000000.0,1064000000.0,0.0,1064000000.0,25212000000.0,3035000000.0,22177000000.0,35180598539.0,-436000000.0,0.0,-422000000.0,-354000000.0,-137000000.0,-902000000.0,-573000000.0,0.0,1039000000.0,0.0,711000000.0,711000000.0,711000000.0,0.0,0.0,0.17,1541000000.0,1279000000.0,2787000000.0,0.232,2.031,15.363,15.243,37527000000.0,0.0,34.755,2.259,2.24,1250000000.0,15951000000.0,4182000000.0,4182000000.0,0.0,,,,,0.0,1051000000.0,1.0,1012245678.0,1003600000.0,1013000000.0,4.167,42535000000.0,364000000.0,435000000.0,11189000000.0,42.382,667000000.0
46,UNP,MRQ,2010-03-31,2010-03-31,2010-03-31,2021-10-21,-648000000.0,42712000000.0,,4112000000.0,38600000000.0,,17.059,-461000000.0,1753000000.0,1753000000.0,1305000000.0,516000000.0,1.414,1.481,9719000000.0,239000000.0,9480000000.0,9719000000.0,0.0,367000000.0,0.0,0.015,0.135,989000000.0,1356000000.0,0.342,1356000000.0,989000000.0,834000000.0,0.51,0.505,0.51,17213000000.0,,17213000000.0,45035490774.0,12.0,8.462,195000000.0,0.193,1.0,2660000000.0,0.671,0.0,155000000.0,47769000000.0,,506000000.0,1036000000.0,0.0,1036000000.0,25499000000.0,2909000000.0,22590000000.0,37037490774.0,-97000000.0,0.0,0.0,-131000000.0,-135000000.0,-258000000.0,-495000000.0,0.0,656000000.0,0.0,516000000.0,516000000.0,516000000.0,0.0,0.0,0.13,1672000000.0,988000000.0,2670000000.0,0.265,2.152,18.12,18.054,37301000000.0,0.0,36.65,2.521,2.517,1218000000.0,15406000000.0,3965000000.0,3965000000.0,0.0,,,,,0.0,1059000000.0,1.0,1010572736.0,1009000000.0,1017400000.0,3.93,42712000000.0,355000000.0,318000000.0,11116000000.0,42.331,1203000000.0
47,UNP,MRQ,2009-12-31,2009-12-31,2009-12-31,2021-10-21,-654000000.0,42184000000.0,,3680000000.0,38504000000.0,,16.701,-446000000.0,1850000000.0,1850000000.0,1235000000.0,549000000.0,1.372,1.511,9848000000.0,212000000.0,9636000000.0,9848000000.0,0.0,373000000.0,0.0,0.017,0.135,1022000000.0,1395000000.0,0.372,1395000000.0,1022000000.0,869000000.0,0.55,0.545,0.55,16801000000.0,,16801000000.0,40598695030.0,11.0,8.118,559000000.0,0.556,1.0,2519000000.0,0.671,0.0,153000000.0,47500000000.0,,475000000.0,1036000000.0,0.0,1036000000.0,25383000000.0,2682000000.0,22701000000.0,32240695030.0,415000000.0,0.0,0.0,-45000000.0,-136000000.0,-163000000.0,-427000000.0,0.0,1005000000.0,0.0,549000000.0,549000000.0,549000000.0,0.0,0.0,0.146,1520000000.0,999000000.0,2470000000.0,0.245,1.919,17.059,16.995,37202000000.0,0.0,31.95,2.28,2.273,666000000.0,15027000000.0,3754000000.0,3754000000.0,0.0,,,,,0.0,1018000000.0,1.0,1009098436.0,1006000000.0,1011600000.0,3.732,42184000000.0,339000000.0,320000000.0,11044000000.0,41.932,998000000.0
48,UNP,MRQ,2009-09-30,2009-09-30,2009-09-30,2021-10-21,-713000000.0,41689000000.0,,3217000000.0,38472000000.0,,16.328,-742000000.0,1435000000.0,1435000000.0,1169000000.0,514000000.0,1.171,1.538,9793000000.0,173000000.0,9620000000.0,9793000000.0,0.0,363000000.0,0.0,0.019,0.135,975000000.0,1338000000.0,0.364,1338000000.0,975000000.0,819000000.0,0.51,0.505,0.51,16429000000.0,,16429000000.0,37760179887.0,10.0,7.405,-51000000.0,-0.051,1.0,2502000000.0,0.682,0.0,156000000.0,47299000000.0,,490000000.0,1013000000.0,0.0,1013000000.0,25260000000.0,2748000000.0,22512000000.0,29426179887.0,-221000000.0,0.0,0.0,-198000000.0,-136000000.0,-333000000.0,-579000000.0,0.0,691000000.0,0.0,514000000.0,514000000.0,514000000.0,0.0,0.0,0.14,1541000000.0,961000000.0,2575000000.0,0.265,1.791,14.72,14.772,37122000000.0,0.0,29.175,2.005,2.0,727000000.0,14752000000.0,3671000000.0,3671000000.0,0.0,,,,,0.0,999000000.0,1.0,1008609422.0,1006200000.0,1014000000.0,3.648,41689000000.0,299000000.0,305000000.0,10595000000.0,41.432,469000000.0
49,UNP,MRQ,2009-06-30,2009-06-30,2009-06-30,2021-10-21,-714000000.0,41550000000.0,,3346000000.0,38204000000.0,,15.927,-545000000.0,1656000000.0,1656000000.0,1076000000.0,465000000.0,1.181,1.594,9990000000.0,174000000.0,9816000000.0,9990000000.0,0.0,350000000.0,0.0,0.021,0.135,883000000.0,1233000000.0,0.373,1233000000.0,883000000.0,733000000.0,0.46,0.46,0.46,16019000000.0,,16019000000.0,33972700001.0,9.0,6.354,245000000.0,0.244,1.0,2227000000.0,0.674,0.0,150000000.0,47050000000.0,,507000000.0,990000000.0,0.0,990000000.0,25531000000.0,2834000000.0,22697000000.0,26243700001.0,190000000.0,0.0,0.0,-47000000.0,-136000000.0,-89000000.0,-511000000.0,0.0,790000000.0,0.0,465000000.0,465000000.0,465000000.0,0.0,0.0,0.141,1479000000.0,748000000.0,2660000000.0,0.293,1.638,11.994,12.051,36763000000.0,0.0,26.03,1.656,1.652,629000000.0,14371000000.0,3303000000.0,3303000000.0,0.0,,,,,0.0,976000000.0,1.0,1008209758.0,1005800000.0,1010600000.0,3.284,41550000000.0,283000000.0,268000000.0,10487000000.0,41.31,512000000.0
50,UNP,MRQ,2009-03-31,2009-03-31,2009-03-31,2021-10-21,-730000000.0,40199000000.0,,3017000000.0,37182000000.0,,15.57,-521000000.0,1466000000.0,1466000000.0,1107000000.0,362000000.0,1.125,1.568,9195000000.0,137000000.0,9058000000.0,9195000000.0,0.0,341000000.0,0.0,0.025,0.135,694000000.0,1035000000.0,0.303,1035000000.0,694000000.0,553000000.0,0.36,0.36,0.36,15654000000.0,,15654000000.0,28364286142.0,7.0,5.243,197000000.0,0.196,1.0,2308000000.0,0.676,0.0,141000000.0,45246000000.0,,446000000.0,947000000.0,0.0,947000000.0,24545000000.0,2682000000.0,21863000000.0,20686286142.0,217000000.0,0.0,0.0,262000000.0,-136000000.0,127000000.0,-628000000.0,0.0,718000000.0,0.0,362000000.0,362000000.0,362000000.0,0.0,0.0,0.106,1637000000.0,671000000.0,2545000000.0,0.375,1.321,9.178,9.28,35856000000.0,0.0,20.555,1.209,1.207,548000000.0,14040000000.0,3415000000.0,3415000000.0,0.0,,,,,0.0,1070000000.0,1.0,1006387066.0,1005400000.0,1009200000.0,3.397,40199000000.0,290000000.0,191000000.0,10317000000.0,39.983,335000000.0
51,UNP,MRQ,2008-12-31,2008-12-31,2008-12-31,2021-10-21,-704000000.0,39722000000.0,,2813000000.0,36909000000.0,,15.126,-735000000.0,1249000000.0,1249000000.0,1536000000.0,658000000.0,0.977,1.572,8927000000.0,320000000.0,8607000000.0,8927000000.0,0.0,332000000.0,0.0,0.021,0.135,1161000000.0,1493000000.0,0.348,1493000000.0,1161000000.0,1034000000.0,0.645,0.64,0.645,15447000000.0,,15447000000.0,31812397211.0,8.0,5.755,271000000.0,0.265,1.0,2750000000.0,0.642,0.0,127000000.0,44520000000.0,,450000000.0,974000000.0,0.0,974000000.0,24275000000.0,2880000000.0,21395000000.0,24207397211.0,392000000.0,0.0,-199000000.0,444000000.0,-137000000.0,115000000.0,-729000000.0,0.0,1006000000.0,0.0,658000000.0,658000000.0,658000000.0,0.0,0.0,0.154,1614000000.0,1136000000.0,2560000000.0,0.209,1.567,10.367,10.46,35701000000.0,0.0,23.9,1.347,1.358,594000000.0,13813000000.0,4286000000.0,4286000000.0,0.0,,,,,0.0,1101000000.0,1.0,1012861808.0,1021200000.0,1030000000.0,4.197,39722000000.0,276000000.0,376000000.0,10282000000.0,38.897,-67000000.0
52,UNP,MRQ,2008-09-30,2008-09-30,2008-09-30,2021-10-21,-68000000.0,39551000000.0,,2889000000.0,36662000000.0,,15.53,-482000000.0,857000000.0,857000000.0,1942000000.0,703000000.0,0.84,1.514,8462000000.0,346000000.0,8116000000.0,8462000000.0,0.0,348000000.0,0.0,0.013,0.135,1238000000.0,1586000000.0,0.327,1586000000.0,1238000000.0,1108000000.0,0.695,0.69,0.695,15735000000.0,,15735000000.0,47023683334.0,12.0,8.913,720000000.0,0.711,1.0,2904000000.0,0.599,0.0,130000000.0,43715000000.0,,569000000.0,1009000000.0,0.0,1009000000.0,23816000000.0,3441000000.0,20375000000.0,39335683334.0,246000000.0,0.0,-500000000.0,160000000.0,-114000000.0,-429000000.0,-527000000.0,0.0,1202000000.0,0.0,703000000.0,703000000.0,703000000.0,0.0,0.0,0.145,1689000000.0,1215000000.0,3095000000.0,0.194,2.5,18.144,16.887,35302000000.0,0.0,35.58,2.2,2.016,860000000.0,13289000000.0,4846000000.0,4846000000.0,0.0,,,,,0.0,1123000000.0,1.0,1105556024.0,1013200000.0,1022600000.0,4.783,39551000000.0,343000000.0,405000000.0,10393000000.0,39.036,-552000000.0
53,UNP,MRQ,2008-06-30,2008-06-30,2008-06-30,2021-10-21,-69000000.0,39112000000.0,,2676000000.0,36436000000.0,,15.133,-529000000.0,611000000.0,611000000.0,1991000000.0,531000000.0,0.798,1.513,8299000000.0,145000000.0,8154000000.0,8299000000.0,0.0,346000000.0,0.0,0.011,0.11,950000000.0,1296000000.0,0.284,1296000000.0,950000000.0,822000000.0,0.515,0.51,0.515,15566000000.0,,15566000000.0,46305401520.0,13.0,9.166,472000000.0,0.459,1.0,2577000000.0,0.564,0.0,128000000.0,43446000000.0,,580000000.0,979000000.0,0.0,979000000.0,23546000000.0,3354000000.0,20192000000.0,39014401520.0,-216000000.0,0.0,-474000000.0,19000000.0,-115000000.0,-506000000.0,-711000000.0,0.0,1001000000.0,0.0,531000000.0,531000000.0,531000000.0,0.0,0.0,0.116,1646000000.0,931000000.0,3209000000.0,0.214,2.506,19.537,19.682,34960000000.0,0.0,37.75,2.265,2.254,877000000.0,12721000000.0,4568000000.0,4568000000.0,0.0,,,,,-14000000.0,1101000000.0,1.0,1033494080.0,1028600000.0,1038000000.0,4.441,39112000000.0,346000000.0,291000000.0,10220000000.0,38.024,-678000000.0
54,UNP,MRQ,2008-03-31,2008-03-31,2008-03-31,2021-10-21,-76000000.0,38555000000.0,,2647000000.0,35908000000.0,,15.005,-620000000.0,827000000.0,827000000.0,1768000000.0,443000000.0,0.845,1.478,8118000000.0,188000000.0,7930000000.0,8118000000.0,0.0,340000000.0,0.0,0.013,0.11,813000000.0,1153000000.0,0.27,1153000000.0,813000000.0,687000000.0,0.43,0.425,0.43,15557000000.0,,15557000000.0,39490632075.0,11.0,8.049,215000000.0,0.207,1.0,2502000000.0,0.586,0.0,126000000.0,42714000000.0,,514000000.0,946000000.0,0.0,946000000.0,22998000000.0,3132000000.0,19866000000.0,32686632075.0,-51000000.0,0.0,-436000000.0,426000000.0,-115000000.0,-115000000.0,-771000000.0,0.0,835000000.0,0.0,443000000.0,443000000.0,443000000.0,0.0,0.0,0.104,1714000000.0,788000000.0,2944000000.0,0.256,2.101,17.096,17.241,34439000000.0,0.0,31.345,1.957,1.946,703000000.0,12996000000.0,4270000000.0,4270000000.0,0.0,,,,,14000000.0,1132000000.0,1.0,1042802108.0,1036800000.0,1045600000.0,4.118,38555000000.0,356000000.0,244000000.0,10101000000.0,37.187,-485000000.0
55,UNP,MRQ,2007-12-31,2007-12-31,2007-12-31,2021-10-21,-74000000.0,38033000000.0,,2594000000.0,35439000000.0,,14.65,-640000000.0,878000000.0,878000000.0,1692000000.0,491000000.0,0.853,1.44,7682000000.0,139000000.0,7543000000.0,7682000000.0,0.0,337000000.0,0.0,0.012,0.11,904000000.0,1241000000.0,0.296,1241000000.0,904000000.0,779000000.0,0.468,0.468,0.468,15585000000.0,,15585000000.0,39809814946.0,11.0,8.273,270000000.0,0.254,1.0,2505000000.0,0.597,0.0,125000000.0,41796000000.0,,453000000.0,923000000.0,0.0,923000000.0,22448000000.0,3041000000.0,19407000000.0,32990814946.0,-144000000.0,0.0,-270000000.0,-168000000.0,-92000000.0,-436000000.0,-618000000.0,0.0,910000000.0,0.0,491000000.0,491000000.0,491000000.0,0.0,0.0,0.117,1641000000.0,864000000.0,2902000000.0,0.235,2.117,17.785,17.997,34158000000.0,0.0,31.405,2.026,2.052,632000000.0,12667000000.0,4197000000.0,4197000000.0,0.0,,,,,-33000000.0,1121000000.0,1.0,1050495620.0,1063800000.0,1073600000.0,3.945,38033000000.0,336000000.0,288000000.0,10050000000.0,35.752,-447000000.0
56,UNP,MRQ,2007-09-30,2007-09-30,2007-09-30,2021-10-21,-140000000.0,37917000000.0,,2863000000.0,35054000000.0,,14.609,-170000000.0,1022000000.0,1022000000.0,1607000000.0,532000000.0,0.91,1.465,7841000000.0,144000000.0,7697000000.0,7841000000.0,0.0,332000000.0,0.0,0.012,0.087,1030000000.0,1362000000.0,0.325,1362000000.0,1030000000.0,906000000.0,0.505,0.5,0.505,15383000000.0,,15383000000.0,36812295600.0,11.0,7.745,713000000.0,0.677,1.0,2584000000.0,0.617,0.0,124000000.0,41590000000.0,,475000000.0,924000000.0,0.0,924000000.0,22534000000.0,3146000000.0,19388000000.0,30098295600.0,500000000.0,0.0,-553000000.0,547000000.0,-94000000.0,-82000000.0,-301000000.0,0.0,883000000.0,0.0,532000000.0,532000000.0,532000000.0,0.0,0.0,0.127,1579000000.0,1005000000.0,754000000.0,0.172,1.957,16.278,16.386,33793000000.0,0.0,28.265,1.876,1.855,820000000.0,12292000000.0,4191000000.0,4191000000.0,0.0,,,,,11000000.0,1095000000.0,1.0,1064860980.0,1053000000.0,1062800000.0,3.98,37917000000.0,322000000.0,374000000.0,10202000000.0,36.009,-283000000.0
57,UNP,MRQ,2007-06-30,2007-06-30,2007-06-30,2021-10-21,-137000000.0,37302000000.0,,2272000000.0,35030000000.0,,14.397,-551000000.0,522000000.0,522000000.0,1585000000.0,446000000.0,0.725,1.415,7236000000.0,138000000.0,7098000000.0,7236000000.0,0.0,327000000.0,0.0,0.011,0.087,823000000.0,1150000000.0,0.284,1150000000.0,823000000.0,703000000.0,0.415,0.41,0.415,15445000000.0,,15445000000.0,37160385018.0,12.0,8.302,202000000.0,0.188,1.0,2461000000.0,0.608,0.0,120000000.0,40881000000.0,,445000000.0,906000000.0,0.0,906000000.0,21857000000.0,3135000000.0,18722000000.0,31027385018.0,-76000000.0,0.0,-384000000.0,463000000.0,-95000000.0,1000000.0,-830000000.0,0.0,753000000.0,0.0,446000000.0,446000000.0,446000000.0,0.0,0.0,0.11,1674000000.0,787000000.0,741000000.0,0.21,2.009,17.863,17.88,33359000000.0,0.0,28.788,1.959,1.95,720000000.0,11851000000.0,4046000000.0,4046000000.0,0.0,,,,,11000000.0,1145000000.0,1.0,1077807556.0,1072800000.0,1083000000.0,3.771,37302000000.0,320000000.0,257000000.0,10043000000.0,34.771,-863000000.0
58,UNP,MRQ,2007-03-31,2007-03-31,2007-03-31,2021-10-21,-141000000.0,36686000000.0,,2256000000.0,34430000000.0,,14.271,-514000000.0,598000000.0,598000000.0,1444000000.0,386000000.0,0.761,1.375,6731000000.0,137000000.0,6594000000.0,6731000000.0,0.0,325000000.0,0.0,0.012,0.087,734000000.0,1059000000.0,0.275,1059000000.0,734000000.0,621000000.0,0.357,0.352,0.357,15447000000.0,,15447000000.0,33447896674.0,11.0,7.637,217000000.0,0.2,1.0,2405000000.0,0.625,0.0,113000000.0,39856000000.0,,414000000.0,894000000.0,0.0,894000000.0,21239000000.0,2963000000.0,18276000000.0,27494896674.0,-229000000.0,0.0,-168000000.0,-53000000.0,-83000000.0,-283000000.0,-677000000.0,0.0,731000000.0,0.0,386000000.0,386000000.0,386000000.0,0.0,0.0,0.1,1686000000.0,719000000.0,668000000.0,0.244,1.78,16.356,16.305,33066000000.0,0.0,25.387,1.749,1.748,660000000.0,11499000000.0,3849000000.0,3849000000.0,0.0,,,,,11000000.0,1165000000.0,1.0,1083009224.0,1082400000.0,1091200000.0,3.556,36686000000.0,319000000.0,235000000.0,10096000000.0,33.893,-707000000.0
59,UNP,MRQ,2006-12-31,2006-12-31,2006-12-31,2021-10-21,-142000000.0,36515000000.0,,2411000000.0,34104000000.0,,14.207,-11000000.0,827000000.0,827000000.0,930000000.0,485000000.0,0.681,1.385,6780000000.0,780000000.0,6000000000.0,6780000000.0,0.0,315000000.0,0.0,0.013,0.075,867000000.0,1182000000.0,0.298,1182000000.0,867000000.0,749000000.0,0.448,0.443,0.448,15312000000.0,,15312000000.0,31150628051.0,10.0,7.349,890000000.0,0.826,1.0,3032000000.0,0.765,0.0,118000000.0,38929000000.0,,395000000.0,877000000.0,0.0,877000000.0,21203000000.0,3539000000.0,17664000000.0,24819628051.0,108000000.0,0.0,38000000.0,-286000000.0,-81000000.0,-317000000.0,-476000000.0,0.0,901000000.0,0.0,485000000.0,485000000.0,485000000.0,0.0,0.0,0.122,2222000000.0,810000000.0,684000000.0,0.167,1.621,15.454,15.44,32873000000.0,0.0,23.005,1.593,1.592,679000000.0,11215000000.0,3962000000.0,3962000000.0,0.0,,,,,8000000.0,1105000000.0,1.0,1078879724.0,1077800000.0,1087800000.0,3.676,36515000000.0,319000000.0,264000000.0,9975000000.0,33.879,-1128000000.0
60,UNP,MRQ,2006-09-30,2006-09-30,2006-09-30,2021-10-21,-230000000.0,36372000000.0,,2365000000.0,34007000000.0,,13.686,-564000000.0,719000000.0,719000000.0,1759000000.0,420000000.0,0.762,1.463,7050000000.0,393000000.0,6657000000.0,7050000000.0,0.0,311000000.0,0.0,0.014,0.075,774000000.0,1085000000.0,0.272,1085000000.0,774000000.0,655000000.0,0.39,0.385,0.39,14770000000.0,,14770000000.0,30509763216.0,11.0,7.736,182000000.0,0.169,1.0,2224000000.0,0.558,0.0,119000000.0,39600000000.0,,427000000.0,858000000.0,0.0,858000000.0,21602000000.0,3103000000.0,18499000000.0,23702763216.0,457000000.0,0.0,0.0,-29000000.0,-81000000.0,-107000000.0,-182000000.0,0.0,746000000.0,0.0,420000000.0,420000000.0,420000000.0,0.0,0.0,0.105,1472000000.0,752000000.0,666000000.0,0.192,1.605,16.727,16.667,32644000000.0,0.0,22.0,1.556,1.558,770000000.0,10811000000.0,3983000000.0,3983000000.0,0.0,,,,,7000000.0,1161000000.0,1.0,1077398328.0,1079200000.0,1087600000.0,3.691,36372000000.0,268000000.0,235000000.0,9850000000.0,33.703,-738000000.0
61,UNP,MRQ,2006-06-30,2006-06-30,2006-06-30,2021-10-21,-233000000.0,36007000000.0,,1887000000.0,34120000000.0,,13.382,-582000000.0,262000000.0,262000000.0,1758000000.0,390000000.0,0.606,1.498,7069000000.0,391000000.0,6678000000.0,7069000000.0,0.0,308000000.0,0.0,0.013,0.075,746000000.0,1054000000.0,0.269,1054000000.0,746000000.0,626000000.0,0.362,0.36,0.362,14415000000.0,,14415000000.0,31849021196.0,13.0,8.664,244000000.0,0.227,1.0,2165000000.0,0.552,0.0,120000000.0,39700000000.0,,433000000.0,831000000.0,0.0,831000000.0,21592000000.0,3114000000.0,18478000000.0,25002021196.0,4000000.0,0.0,34000000.0,-33000000.0,-80000000.0,-74000000.0,-748000000.0,0.0,826000000.0,0.0,390000000.0,390000000.0,390000000.0,0.0,0.0,0.099,1448000000.0,717000000.0,665000000.0,0.207,1.734,18.303,18.156,32491000000.0,0.0,23.24,1.699,1.701,748000000.0,10472000000.0,3923000000.0,3923000000.0,0.0,,,,,9000000.0,1140000000.0,1.0,1075818468.0,1077200000.0,1088400000.0,3.642,36007000000.0,280000000.0,236000000.0,9802000000.0,33.426,-1227000000.0
62,UNP,MRQ,2006-03-31,2006-03-31,2006-03-31,2021-10-21,-227000000.0,35544000000.0,,1860000000.0,33684000000.0,,13.106,-549000000.0,258000000.0,258000000.0,1673000000.0,311000000.0,0.622,1.527,7105000000.0,393000000.0,6712000000.0,7105000000.0,0.0,303000000.0,0.0,0.013,0.075,615000000.0,918000000.0,0.247,918000000.0,615000000.0,495000000.0,0.29,0.287,0.29,14065000000.0,,14065000000.0,31622011861.0,14.0,9.271,-142000000.0,-0.132,1.0,2037000000.0,0.549,0.0,120000000.0,39401000000.0,,416000000.0,830000000.0,0.0,830000000.0,21479000000.0,2990000000.0,18489000000.0,24979011861.0,-515000000.0,0.0,88000000.0,-309000000.0,-80000000.0,-286000000.0,-636000000.0,0.0,407000000.0,0.0,311000000.0,311000000.0,311000000.0,0.0,0.0,0.084,1432000000.0,605000000.0,614000000.0,0.259,1.776,20.661,20.471,32234000000.0,0.0,23.337,1.767,1.772,730000000.0,10162000000.0,3710000000.0,3710000000.0,0.0,,,,,11000000.0,1129000000.0,1.0,1070337948.0,1073200000.0,1084000000.0,3.457,35544000000.0,293000000.0,184000000.0,9802000000.0,33.12,-1130000000.0
63,UNP,MRQ,2005-12-31,2005-12-31,2005-12-31,2021-10-21,-230000000.0,35620000000.0,,2325000000.0,33295000000.0,,13.01,-493000000.0,773000000.0,773000000.0,1680000000.0,296000000.0,0.687,1.599,7416000000.0,656000000.0,6760000000.0,7416000000.0,0.0,300000000.0,0.0,0.015,0.075,587000000.0,887000000.0,0.245,887000000.0,587000000.0,467000000.0,0.277,0.278,0.277,13707000000.0,,13707000000.0,28459327854.0,15.0,9.136,407000000.0,0.386,1.0,1941000000.0,0.536,0.0,120000000.0,38879000000.0,,331000000.0,806000000.0,0.0,806000000.0,21913000000.0,3384000000.0,18529000000.0,21330327854.0,436000000.0,0.0,90000000.0,-37000000.0,-79000000.0,-35000000.0,-429000000.0,0.0,900000000.0,0.0,296000000.0,296000000.0,296000000.0,0.0,0.0,0.082,1408000000.0,533000000.0,783000000.0,0.271,1.556,20.79,20.686,31975000000.0,0.0,20.128,1.571,1.562,747000000.0,9932000000.0,3621000000.0,3621000000.0,0.0,,,,,4000000.0,1108000000.0,1.0,1059760420.0,1053600000.0,1066000000.0,3.437,35620000000.0,304000000.0,171000000.0,9694000000.0,33.808,-1059000000.0
64,UNP,MRQ,2005-09-30,2005-09-30,2005-09-30,2021-10-21,-235000000.0,35171000000.0,,2061000000.0,33110000000.0,,12.662,-598000000.0,337000000.0,337000000.0,1593000000.0,369000000.0,0.744,1.63,7466000000.0,143000000.0,7323000000.0,7466000000.0,0.0,294000000.0,0.0,0.017,0.075,523000000.0,817000000.0,0.236,817000000.0,523000000.0,399000000.0,0.35,0.345,0.35,13371000000.0,,13371000000.0,26452668719.0,17.0,9.668,-40000000.0,-0.038,1.0,1868000000.0,0.54,0.0,124000000.0,39529000000.0,,377000000.0,780000000.0,0.0,780000000.0,21800000000.0,2771000000.0,19029000000.0,18912668719.0,173000000.0,0.0,74000000.0,-23000000.0,-79000000.0,-233000000.0,-152000000.0,0.0,558000000.0,0.0,369000000.0,369000000.0,369000000.0,0.0,0.0,0.107,1387000000.0,481000000.0,701000000.0,0.214,1.414,23.378,23.279,31821000000.0,0.0,17.925,1.436,1.437,736000000.0,9716000000.0,3461000000.0,3461000000.0,0.0,,,,,4000000.0,1093000000.0,1.0,1055100068.0,1056000000.0,1068400000.0,3.277,35171000000.0,407000000.0,30000000.0,9633000000.0,33.306,-710000000.0
65,UNP,MRQ,2005-06-30,2005-06-30,2005-06-30,2021-10-21,-236000000.0,35109000000.0,,1861000000.0,33248000000.0,,12.353,-602000000.0,164000000.0,164000000.0,1509000000.0,233000000.0,0.668,1.704,7704000000.0,139000000.0,7565000000.0,7704000000.0,0.0,292000000.0,0.0,0.019,0.075,497000000.0,789000000.0,0.236,789000000.0,497000000.0,369000000.0,0.223,0.22,0.223,12985000000.0,,12985000000.0,24373507380.0,16.0,9.215,84000000.0,0.08,1.0,1835000000.0,0.549,0.0,128000000.0,39864000000.0,,348000000.0,786000000.0,0.0,786000000.0,22124000000.0,2785000000.0,19339000000.0,17041507380.0,-568000000.0,0.0,40000000.0,-585000000.0,-78000000.0,-408000000.0,-846000000.0,0.0,686000000.0,0.0,233000000.0,233000000.0,233000000.0,0.0,0.0,0.07,1367000000.0,468000000.0,690000000.0,0.336,1.312,26.544,26.341,31546000000.0,0.0,16.2,1.333,1.332,686000000.0,9427000000.0,3344000000.0,3344000000.0,0.0,,,,,4000000.0,1075000000.0,1.0,1051944900.0,1051200000.0,1062400000.0,3.181,35109000000.0,495000000.0,136000000.0,9746000000.0,33.399,-924000000.0
66,UNP,MRQ,2005-03-31,2005-03-31,2005-03-31,2021-10-21,-237000000.0,35014000000.0,,2366000000.0,32648000000.0,,12.249,-476000000.0,732000000.0,732000000.0,1451000000.0,128000000.0,0.928,1.734,8064000000.0,145000000.0,7919000000.0,8064000000.0,0.0,289000000.0,0.0,0.017,0.075,333000000.0,622000000.0,0.197,622000000.0,333000000.0,201000000.0,0.122,0.12,0.122,12808000000.0,,12808000000.0,25345563109.0,18.0,10.138,-25000000.0,-0.024,1.0,1701000000.0,0.54,0.0,132000000.0,39796000000.0,,336000000.0,777000000.0,0.0,777000000.0,22206000000.0,2550000000.0,19656000000.0,18191563109.0,-245000000.0,0.0,58000000.0,-54000000.0,-78000000.0,-76000000.0,-620000000.0,0.0,451000000.0,0.0,128000000.0,128000000.0,128000000.0,0.0,0.0,0.041,1388000000.0,313000000.0,601000000.0,0.615,1.42,32.084,31.972,31230000000.0,0.0,17.425,1.458,1.461,593000000.0,9272000000.0,3152000000.0,3152000000.0,0.0,,,,,9000000.0,1099000000.0,1.0,1043992144.0,1045600000.0,1057200000.0,3.015,35014000000.0,532000000.0,73000000.0,9677000000.0,33.487,-184000000.0
67,UNP,MRQ,2004-12-31,2004-12-31,2004-12-31,2021-10-21,-237000000.0,34596000000.0,,2297000000.0,32299000000.0,,12.182,-528000000.0,977000000.0,977000000.0,1680000000.0,79000000.0,0.908,1.734,8131000000.0,150000000.0,7981000000.0,8131000000.0,0.0,282000000.0,0.0,0.018,0.075,226000000.0,508000000.0,0.158,508000000.0,226000000.0,96000000.0,0.075,0.075,0.075,12655000000.0,,12655000000.0,24702121244.0,18.0,9.905,7000000.0,0.007,1.0,1537000000.0,0.478,0.0,130000000.0,39219000000.0,,309000000.0,767000000.0,0.0,767000000.0,21941000000.0,2531000000.0,19410000000.0,17457121244.0,63000000.0,0.0,26000000.0,584000000.0,-78000000.0,-54000000.0,-418000000.0,0.0,535000000.0,0.0,79000000.0,79000000.0,79000000.0,0.0,0.0,0.025,1333000000.0,204000000.0,590000000.0,1.0,1.379,28.903,28.838,31014000000.0,0.0,16.812,1.429,1.426,545000000.0,9222000000.0,3217000000.0,3217000000.0,0.0,,,,,21000000.0,1051000000.0,1.0,1038341784.0,1038800000.0,1052400000.0,3.097,34596000000.0,288000000.0,17000000.0,9388000000.0,33.304,-234000000.0
68,UNP,MRQ,2004-09-30,2004-09-30,2004-09-30,2021-10-21,0.0,34392000000.0,,2461000000.0,31931000000.0,,12.252,-491000000.0,914000000.0,914000000.0,1323000000.0,202000000.0,0.95,1.71,8159000000.0,163000000.0,7996000000.0,8159000000.0,0.0,278000000.0,0.0,0.02,0.075,448000000.0,726000000.0,0.236,726000000.0,448000000.0,316000000.0,0.195,0.193,0.195,12693000000.0,,12693000000.0,22720482157.0,11.0,7.303,281000000.0,0.271,1.0,1753000000.0,0.57,0.0,132000000.0,39047000000.0,,282000000.0,757000000.0,0.0,757000000.0,21699000000.0,2590000000.0,19109000000.0,15190482157.0,257000000.0,0.0,5000000.0,-33000000.0,-77000000.0,-112000000.0,-403000000.0,0.0,772000000.0,0.0,202000000.0,202000000.0,202000000.0,0.0,0.0,0.066,1335000000.0,418000000.0,581000000.0,0.385,1.197,14.118,13.979,30828000000.0,0.0,14.65,1.27,1.269,583000000.0,,3076000000.0,3076000000.0,0.0,,,,,0.0,1057000000.0,1.0,1036892980.0,1036000000.0,1046400000.0,2.969,34392000000.0,479000000.0,114000000.0,9665000000.0,33.197,-129000000.0
69,UNP,MRQ,2004-06-30,2004-06-30,2004-06-30,2021-10-21,0.0,34170000000.0,,2412000000.0,31758000000.0,,12.132,-468000000.0,657000000.0,657000000.0,1345000000.0,158000000.0,0.948,1.72,8187000000.0,171000000.0,8016000000.0,8187000000.0,0.0,277000000.0,0.0,0.019,0.075,367000000.0,644000000.0,0.213,644000000.0,367000000.0,237000000.0,0.152,0.15,0.152,12564000000.0,,12564000000.0,23070370172.0,11.0,7.042,160000000.0,0.154,1.0,1684000000.0,0.556,0.0,130000000.0,39156000000.0,,290000000.0,749000000.0,0.0,749000000.0,21606000000.0,2544000000.0,19062000000.0,15405370172.0,382000000.0,0.0,5000000.0,-326000000.0,-78000000.0,192000000.0,-438000000.0,0.0,628000000.0,0.0,158000000.0,158000000.0,158000000.0,0.0,0.0,0.052,1325000000.0,359000000.0,557000000.0,0.493,1.226,12.935,12.779,30624000000.0,0.0,14.863,1.301,1.3,562000000.0,,3029000000.0,3029000000.0,0.0,,,,,0.0,1048000000.0,1.0,1036526168.0,1035600000.0,1046400000.0,2.925,34170000000.0,479000000.0,79000000.0,9562000000.0,32.995,-132000000.0
70,UNP,MRQ,2004-03-31,2004-03-31,2004-03-31,2021-10-21,0.0,33464000000.0,,1852000000.0,31612000000.0,,12.057,-389000000.0,275000000.0,275000000.0,1294000000.0,165000000.0,0.768,1.682,7940000000.0,270000000.0,7670000000.0,7940000000.0,0.0,274000000.0,0.0,0.018,0.075,342000000.0,616000000.0,0.213,616000000.0,342000000.0,207000000.0,0.16,0.158,0.16,12477000000.0,,12477000000.0,22945802878.0,9.0,6.584,-67000000.0,-0.065,1.0,1599000000.0,0.553,0.0,135000000.0,38719000000.0,,273000000.0,746000000.0,0.0,746000000.0,20987000000.0,2410000000.0,18577000000.0,15483802878.0,-252000000.0,0.0,44000000.0,-68000000.0,-77000000.0,-101000000.0,-473000000.0,0.0,322000000.0,0.0,165000000.0,165000000.0,165000000.0,0.0,0.0,0.057,1285000000.0,314000000.0,483000000.0,0.469,1.241,11.721,11.548,30435000000.0,0.0,14.955,1.322,1.322,513000000.0,,2893000000.0,2893000000.0,0.0,,,,,0.0,1011000000.0,1.0,1035359604.0,1034800000.0,1050000000.0,2.796,33464000000.0,479000000.0,42000000.0,9432000000.0,32.339,-558000000.0
71,UNP,MRQ,2003-12-31,2003-12-31,2003-12-31,2021-10-21,-124000000.0,33494000000.0,,2089000000.0,31405000000.0,,12.069,-452000000.0,527000000.0,527000000.0,1105000000.0,551000000.0,0.851,1.711,7989000000.0,167000000.0,7822000000.0,7989000000.0,0.0,272000000.0,0.0,0.014,0.075,853000000.0,1125000000.0,0.379,1125000000.0,853000000.0,719000000.0,0.54,0.525,0.54,12354000000.0,,12354000000.0,25727031464.0,9.0,6.758,220000000.0,0.215,1.0,1860000000.0,0.627,0.0,134000000.0,38500000000.0,,267000000.0,726000000.0,0.0,726000000.0,21140000000.0,2456000000.0,18684000000.0,17730031464.0,304000000.0,620000000.0,158000000.0,-699000000.0,-59000000.0,-617000000.0,249000000.0,0.0,672000000.0,0.0,551000000.0,551000000.0,551000000.0,-218000000.0,0.0,0.186,1271000000.0,589000000.0,511000000.0,0.139,1.435,11.186,11.149,30283000000.0,0.0,17.37,1.535,1.53,498000000.0,8930000000.0,2965000000.0,2965000000.0,0.0,,,,,0.0,999000000.0,1.0,1020727200.0,1023600000.0,1058800000.0,2.897,33494000000.0,518000000.0,168000000.0,9321000000.0,32.722,-367000000.0
72,UNP,MRQ,2003-09-30,2003-09-30,2003-09-30,2021-10-21,0.0,33815000000.0,,1782000000.0,32033000000.0,,11.371,-437000000.0,223000000.0,223000000.0,1120000000.0,317000000.0,0.72,1.921,8220000000.0,162000000.0,8058000000.0,8220000000.0,0.0,267000000.0,0.0,0.016,0.058,624000000.0,891000000.0,0.301,891000000.0,624000000.0,484000000.0,0.31,0.307,0.31,11576000000.0,,11576000000.0,22583276346.0,9.0,6.186,277000000.0,0.272,1.0,1836000000.0,0.621,0.0,140000000.0,39336000000.0,,269000000.0,722000000.0,0.0,722000000.0,22239000000.0,2476000000.0,19763000000.0,14811276346.0,-272000000.0,0.0,19000000.0,-545000000.0,-58000000.0,-584000000.0,-402000000.0,0.0,714000000.0,0.0,317000000.0,317000000.0,317000000.0,-17000000.0,0.0,0.107,1244000000.0,592000000.0,533000000.0,0.187,1.279,10.49,10.462,30121000000.0,0.0,14.543,1.298,1.297,540000000.0,,2956000000.0,2956000000.0,0.0,,,,,0.0,977000000.0,1.0,1018482128.0,1018000000.0,1059600000.0,2.904,33815000000.0,498000000.0,167000000.0,9325000000.0,33.217,-694000000.0
73,UNP,MRQ,2003-06-30,2003-06-30,2003-06-30,2021-10-21,0.0,33937000000.0,,2276000000.0,31661000000.0,,11.126,-451000000.0,499000000.0,499000000.0,1106000000.0,288000000.0,0.846,2.005,8271000000.0,170000000.0,8101000000.0,8271000000.0,0.0,253000000.0,0.0,0.015,0.058,600000000.0,853000000.0,0.295,853000000.0,600000000.0,451000000.0,0.285,0.26,0.285,11295000000.0,,11295000000.0,22254397036.0,8.0,5.803,286000000.0,0.282,1.0,1788000000.0,0.618,0.0,149000000.0,39018000000.0,,288000000.0,718000000.0,0.0,718000000.0,22642000000.0,2691000000.0,19951000000.0,14741397036.0,190000000.0,0.0,29000000.0,-255000000.0,-59000000.0,-285000000.0,-262000000.0,0.0,737000000.0,0.0,288000000.0,288000000.0,288000000.0,-13000000.0,0.0,0.1,1205000000.0,583000000.0,581000000.0,0.204,1.305,9.622,9.574,30473000000.0,0.0,14.505,1.383,1.382,668000000.0,,2894000000.0,2894000000.0,0.0,,,,,0.0,952000000.0,1.0,1016297624.0,1015200000.0,1144800000.0,2.851,33937000000.0,556000000.0,163000000.0,9130000000.0,33.429,-415000000.0
74,UNP,MRQ,2003-03-31,2003-03-31,2003-03-31,2021-10-21,0.0,33487000000.0,,2045000000.0,31442000000.0,,10.874,-412000000.0,311000000.0,311000000.0,1128000000.0,429000000.0,0.762,2.038,7824000000.0,268000000.0,7556000000.0,7824000000.0,0.0,275000000.0,0.0,0.016,0.058,663000000.0,938000000.0,0.343,938000000.0,663000000.0,512000000.0,0.422,0.417,0.422,11022000000.0,,11022000000.0,21295912240.0,8.0,5.434,-92000000.0,-0.091,1.0,1608000000.0,0.588,0.0,151000000.0,38315000000.0,,298000000.0,690000000.0,0.0,690000000.0,22465000000.0,2685000000.0,19780000000.0,13960912240.0,-62000000.0,0.0,10000000.0,128000000.0,-58000000.0,80000000.0,-462000000.0,0.0,320000000.0,0.0,429000000.0,429000000.0,429000000.0,-7000000.0,0.0,0.157,1239000000.0,369000000.0,522000000.0,0.137,1.267,9.019,8.987,30099000000.0,0.0,13.75,1.278,1.276,631000000.0,,2736000000.0,2736000000.0,0.0,,,,,0.0,964000000.0,1.0,1015339072.0,1013600000.0,1024800000.0,2.699,33487000000.0,558000000.0,83000000.0,8976000000.0,33.038,-640000000.0
75,UNP,MRQ,2002-12-31,2002-12-31,2002-12-31,2021-10-21,0.0,32764000000.0,,1898000000.0,30866000000.0,,10.525,-393000000.0,367000000.0,367000000.0,1025000000.0,378000000.0,0.752,2.076,7703000000.0,275000000.0,7428000000.0,7703000000.0,0.0,289000000.0,0.0,0.014,0.058,680000000.0,969000000.0,0.343,969000000.0,680000000.0,526000000.0,0.373,0.352,0.373,10651000000.0,,10651000000.0,22586995855.0,9.0,5.944,-11000000.0,-0.011,1.0,1800000000.0,0.637,0.0,154000000.0,37577000000.0,,277000000.0,699000000.0,0.0,699000000.0,22113000000.0,2523000000.0,19590000000.0,15163995855.0,-80000000.0,0.0,29000000.0,-163000000.0,-50000000.0,-184000000.0,-278000000.0,0.0,382000000.0,0.0,378000000.0,378000000.0,378000000.0,-10000000.0,0.0,0.134,1238000000.0,562000000.0,430000000.0,0.155,1.424,11.308,11.254,29004000000.0,0.0,14.967,1.359,1.353,557000000.0,,2825000000.0,2825000000.0,0.0,,,,,0.0,949000000.0,1.0,1013128168.0,1012000000.0,1110800000.0,2.792,32764000000.0,498000000.0,148000000.0,8777000000.0,32.375,-625000000.0
76,UNP,MRQ,2002-09-30,2002-09-30,2002-09-30,2021-10-21,0.0,32625000000.0,,,,,10.391,-455000000.0,451000000.0,451000000.0,834000000.0,437000000.0,,2.107,7874000000.0,,,7874000000.0,0.0,259000000.0,0.0,0.014,0.05,816000000.0,1075000000.0,0.488,1075000000.0,816000000.0,660000000.0,0.435,0.408,0.435,10499000000.0,,10499000000.0,22424806787.0,9.0,6.147,258000000.0,0.255,1.0,1370000000.0,0.622,0.0,156000000.0,40048000000.0,,264000000.0,695000000.0,,,22126000000.0,,,14627806787.0,76000000.0,0.0,19000000.0,-337000000.0,-51000000.0,-369000000.0,-268000000.0,0.0,713000000.0,0.0,437000000.0,437000000.0,437000000.0,-66000000.0,0.0,0.198,780000000.0,590000000.0,580000000.0,0.115,1.393,11.816,11.715,29373000000.0,0.0,14.467,1.435,1.434,765000000.0,,2204000000.0,2204000000.0,0.0,,,,,0.0,521000000.0,1.0,1011080476.0,1010400000.0,1109200000.0,2.181,32625000000.0,398000000.0,223000000.0,8599000000.0,32.289,
77,UNP,MRQ,2002-06-30,2002-06-30,2002-06-30,2021-10-21,0.0,32323000000.0,,,,,10.015,-487000000.0,381000000.0,381000000.0,1138000000.0,304000000.0,,2.204,8178000000.0,,,8178000000.0,0.0,300000000.0,0.0,0.013,0.05,637000000.0,937000000.0,0.297,937000000.0,637000000.0,478000000.0,0.3,0.287,0.3,10087000000.0,,10087000000.0,24036195826.0,10.0,6.927,272000000.0,0.27,1.0,2021000000.0,0.64,0.0,159000000.0,40120000000.0,,250000000.0,800000000.0,,,22236000000.0,,,15937195826.0,271000000.0,0.0,42000000.0,-175000000.0,-50000000.0,-183000000.0,-305000000.0,0.0,759000000.0,0.0,304000000.0,304000000.0,304000000.0,0.0,0.0,0.096,1419000000.0,602000000.0,603000000.0,0.167,1.58,14.922,14.785,29172000000.0,0.0,15.82,1.446,1.446,695000000.0,,3159000000.0,3159000000.0,0.0,,,,,0.0,1119000000.0,1.0,1007408080.0,1007200000.0,1104000000.0,3.136,32323000000.0,406000000.0,174000000.0,8375000000.0,32.092,
78,UNP,MRQ,2002-03-31,2002-03-31,2002-03-31,2021-10-21,0.0,31880000000.0,,,,,9.797,-359000000.0,110000000.0,110000000.0,1068000000.0,222000000.0,,2.241,8209000000.0,,,8209000000.0,0.0,299000000.0,0.0,0.013,0.05,520000000.0,819000000.0,0.276,819000000.0,520000000.0,357000000.0,0.223,0.215,0.223,9836000000.0,,9836000000.0,23102473045.0,10.0,6.805,-14000000.0,-0.014,1.0,1903000000.0,0.641,0.0,163000000.0,39979000000.0,,259000000.0,801000000.0,,,22044000000.0,,,15135473045.0,-3000000.0,0.0,60000000.0,127000000.0,-50000000.0,137000000.0,-485000000.0,0.0,345000000.0,0.0,222000000.0,222000000.0,222000000.0,0.0,0.0,0.075,1404000000.0,499000000.0,535000000.0,0.224,1.539,15.03,15.305,28855000000.0,0.0,15.535,1.394,1.436,676000000.0,,2971000000.0,2971000000.0,0.0,,,,,0.0,1105000000.0,1.0,974282140.0,1004000000.0,1104800000.0,2.959,31880000000.0,400000000.0,135000000.0,8256000000.0,31.753,
79,UNP,MRQ,2001-12-31,2001-12-31,2001-12-31,2021-10-21,0.0,31551000000.0,,,,,9.594,-218000000.0,113000000.0,113000000.0,724000000.0,275000000.0,,2.295,8080000000.0,,,8080000000.0,0.0,249000000.0,0.0,0.014,0.05,568000000.0,817000000.0,0.439,817000000.0,568000000.0,402000000.0,0.277,0.265,0.277,9575000000.0,,9575000000.0,22443131683.0,10.0,6.726,285000000.0,0.286,1.0,1139000000.0,0.611,0.0,166000000.0,39518000000.0,,265000000.0,786000000.0,,,21976000000.0,,,14159131683.0,-16000000.0,0.0,4000000.0,-365000000.0,-50000000.0,-411000000.0,-108000000.0,0.0,503000000.0,0.0,275000000.0,275000000.0,275000000.0,-32000000.0,0.0,0.148,628000000.0,511000000.0,567000000.0,0.181,1.479,14.657,14.615,28792000000.0,0.0,14.25,1.307,1.305,604000000.0,,1863000000.0,1863000000.0,0.0,,,,,0.0,379000000.0,1.0,993623276.0,998000000.0,1092400000.0,1.867,31551000000.0,400000000.0,127000000.0,8168000000.0,31.614,
80,UNP,MRQ,2001-09-30,2001-09-30,2001-09-30,2021-10-21,0.0,31305000000.0,,,,,9.335,-562000000.0,120000000.0,120000000.0,1101000000.0,267000000.0,,2.382,8404000000.0,,,8404000000.0,0.0,292000000.0,0.0,0.017,0.05,605000000.0,897000000.0,0.296,897000000.0,605000000.0,430000000.0,0.27,0.26,0.27,9257000000.0,,9257000000.0,20016408874.0,10.0,6.22,-43000000.0,-0.043,1.0,1925000000.0,0.636,0.0,175000000.0,39589000000.0,,280000000.0,800000000.0,,,22048000000.0,,,11647408874.0,-10000000.0,0.0,48000000.0,-157000000.0,-49000000.0,-158000000.0,-371000000.0,0.0,519000000.0,0.0,267000000.0,267000000.0,267000000.0,0.0,0.0,0.088,1351000000.0,574000000.0,556000000.0,0.185,1.258,13.735,13.666,28679000000.0,0.0,11.725,0.977,0.975,690000000.0,,3026000000.0,3026000000.0,0.0,,,,,0.0,1059000000.0,1.0,993382420.0,991600000.0,1086800000.0,3.052,31305000000.0,117000000.0,163000000.0,7807000000.0,31.57,
81,UNP,MRQ,2001-06-30,2001-06-30,2001-06-30,2021-10-21,0.0,30991000000.0,,,,,9.117,-431000000.0,130000000.0,130000000.0,1357000000.0,243000000.0,,2.431,8499000000.0,,,8499000000.0,0.0,293000000.0,0.0,0.015,0.05,569000000.0,862000000.0,0.288,862000000.0,569000000.0,391000000.0,0.245,0.237,0.245,9033000000.0,,9033000000.0,22176362879.0,11.0,6.945,196000000.0,0.198,1.0,1641000000.0,0.547,0.0,178000000.0,39360000000.0,,309000000.0,767000000.0,,,21958000000.0,,,13611362879.0,57000000.0,0.0,0.0,-122000000.0,-50000000.0,-172000000.0,-398000000.0,0.0,627000000.0,0.0,243000000.0,243000000.0,243000000.0,0.0,0.0,0.081,1147000000.0,494000000.0,580000000.0,0.204,1.507,16.262,16.207,28425000000.0,0.0,13.727,1.139,1.138,640000000.0,,2998000000.0,2998000000.0,0.0,,,,,0.0,1063000000.0,1.0,991539820.0,990800000.0,1087200000.0,3.026,30991000000.0,118000000.0,148000000.0,7628000000.0,31.279,
82,UNP,MRQ,2001-03-31,2001-03-31,2001-03-31,2021-10-21,0.0,30752000000.0,,,,,8.922,-361000000.0,73000000.0,73000000.0,918000000.0,181000000.0,,2.49,8638000000.0,,,8638000000.0,0.0,292000000.0,0.0,0.014,0.05,469000000.0,761000000.0,0.259,761000000.0,469000000.0,288000000.0,0.182,0.18,0.182,8811000000.0,,8811000000.0,22161869019.0,11.0,6.969,-145000000.0,-0.147,1.0,2025000000.0,0.688,0.0,181000000.0,39317000000.0,,340000000.0,757000000.0,,,21941000000.0,,,13915869019.0,-32000000.0,0.0,0.0,306000000.0,-49000000.0,257000000.0,-505000000.0,0.0,216000000.0,0.0,181000000.0,181000000.0,181000000.0,0.0,0.0,0.062,1586000000.0,439000000.0,509000000.0,0.275,1.579,16.606,16.544,28281000000.0,0.0,14.062,1.168,1.166,631000000.0,,2943000000.0,2943000000.0,0.0,,,,,0.0,1085000000.0,1.0,989572908.0,987600000.0,1084000000.0,2.98,30752000000.0,111000000.0,107000000.0,7477000000.0,31.138,
83,UNP,MRQ,2000-12-31,2000-12-31,2000-12-31,2021-10-21,0.0,30917000000.0,,,,,8.774,-380000000.0,105000000.0,105000000.0,1865000000.0,157000000.0,,2.569,8351000000.0,,,8351000000.0,0.0,290000000.0,0.0,0.016,0.05,408000000.0,698000000.0,0.236,698000000.0,408000000.0,228000000.0,0.16,0.157,0.16,8662000000.0,,8662000000.0,21046494351.0,10.0,6.633,176000000.0,0.178,1.0,1087000000.0,0.368,0.0,180000000.0,39163000000.0,,360000000.0,740000000.0,,,22255000000.0,,,12577494351.0,50000000.0,0.0,3000000.0,-177000000.0,-49000000.0,-223000000.0,-283000000.0,0.0,556000000.0,0.0,157000000.0,157000000.0,157000000.0,0.0,0.0,0.053,748000000.0,339000000.0,658000000.0,0.312,1.452,14.938,14.839,28196000000.0,0.0,12.688,1.059,1.053,597000000.0,,2952000000.0,2952000000.0,0.0,,,,,0.0,1148000000.0,1.0,991329604.0,987200000.0,1079200000.0,2.99,30917000000.0,507000000.0,71000000.0,7795000000.0,31.318,
84,UNP,MRQ,2000-09-30,2000-09-30,2000-09-30,2021-10-21,0.0,30391000000.0,,,,,8.677,-586000000.0,55000000.0,55000000.0,923000000.0,256000000.0,,2.554,8524000000.0,,,8524000000.0,0.0,285000000.0,0.0,0.021,0.05,587000000.0,872000000.0,0.286,872000000.0,587000000.0,406000000.0,0.26,0.253,0.26,8552000000.0,,8552000000.0,18150685261.0,8.0,5.512,-123000000.0,-0.125,1.0,2131000000.0,0.698,0.0,181000000.0,38860000000.0,,333000000.0,722000000.0,,,21839000000.0,,,9651685261.0,-17000000.0,0.0,0.0,-49000000.0,-49000000.0,-98000000.0,-382000000.0,0.0,463000000.0,0.0,256000000.0,256000000.0,256000000.0,0.0,0.0,0.084,1561000000.0,570000000.0,585000000.0,0.192,1.129,10.412,10.356,28145000000.0,0.0,9.735,0.821,0.816,645000000.0,,3054000000.0,3054000000.0,0.0,,,,,0.0,1058000000.0,1.0,991441732.0,985600000.0,1077600000.0,3.099,30391000000.0,114000000.0,150000000.0,7346000000.0,30.835,
85,UNP,MRQ,2000-06-30,2000-06-30,2000-06-30,2021-10-21,0.0,30202000000.0,,,,,8.461,-457000000.0,72000000.0,72000000.0,860000000.0,244000000.0,,2.622,8571000000.0,,,8571000000.0,0.0,283000000.0,0.0,0.022,0.05,566000000.0,849000000.0,0.286,849000000.0,566000000.0,386000000.0,0.247,0.24,0.247,8339000000.0,,8339000000.0,17734468347.0,8.0,5.443,222000000.0,0.225,1.0,2106000000.0,0.71,0.0,180000000.0,38701000000.0,,324000000.0,706000000.0,,,21863000000.0,,,9217468347.0,12000000.0,0.0,0.0,0.0,-49000000.0,-49000000.0,-618000000.0,0.0,679000000.0,0.0,244000000.0,244000000.0,244000000.0,0.0,0.0,0.082,1564000000.0,542000000.0,633000000.0,0.202,1.105,10.063,10.03,27825000000.0,0.0,9.297,0.795,0.79,569000000.0,,2966000000.0,2966000000.0,0.0,,,,,0.0,1040000000.0,1.0,991392132.0,985600000.0,1078000000.0,3.009,30202000000.0,114000000.0,142000000.0,7174000000.0,30.643,
86,UNP,MRQ,2000-03-31,2000-03-31,2000-03-31,2021-10-21,0.0,29909000000.0,,,,,8.258,-360000000.0,60000000.0,60000000.0,876000000.0,185000000.0,,2.675,8577000000.0,,,8577000000.0,0.0,282000000.0,0.0,0.02,0.05,472000000.0,754000000.0,0.259,754000000.0,472000000.0,290000000.0,0.188,0.185,0.188,8139000000.0,,8139000000.0,18163070999.0,9.0,5.781,-5000000.0,-0.005,1.0,2030000000.0,0.699,0.0,182000000.0,38426000000.0,,324000000.0,678000000.0,,,21770000000.0,,,9698070999.0,-115000000.0,0.0,0.0,-64000000.0,-52000000.0,-116000000.0,-354000000.0,0.0,355000000.0,0.0,185000000.0,185000000.0,185000000.0,0.0,0.0,0.064,1578000000.0,452000000.0,573000000.0,0.266,1.192,11.199,11.155,27628000000.0,0.0,9.783,0.85,0.846,618000000.0,,2906000000.0,2906000000.0,0.0,,,,,0.0,1065000000.0,1.0,991369384.0,985600000.0,1077200000.0,2.948,29909000000.0,113000000.0,105000000.0,7051000000.0,30.346,
87,UNP,MRQ,1999-12-31,1999-12-31,1999-12-31,2021-10-21,0.0,29888000000.0,,,,,8.101,-484000000.0,175000000.0,175000000.0,1373000000.0,242000000.0,,2.736,8640000000.0,,,8640000000.0,0.0,274000000.0,0.0,0.018,0.05,544000000.0,818000000.0,0.289,818000000.0,544000000.0,365000000.0,0.245,0.238,0.245,8001000000.0,,8001000000.0,19369949420.0,10.0,6.361,-82000000.0,-0.083,1.0,1458000000.0,0.515,0.0,179000000.0,38353000000.0,,337000000.0,753000000.0,,,21887000000.0,,,10859949420.0,137000000.0,0.0,0.0,-67000000.0,-50000000.0,-117000000.0,-307000000.0,0.0,402000000.0,0.0,242000000.0,242000000.0,242000000.0,0.0,0.0,0.085,972000000.0,486000000.0,598000000.0,0.204,1.357,13.407,13.32,27519000000.0,0.0,10.922,0.966,0.959,581000000.0,,2831000000.0,2831000000.0,0.0,,,,,0.0,1053000000.0,1.0,994273236.0,987600000.0,1081600000.0,2.867,29888000000.0,111000000.0,123000000.0,6971000000.0,30.263,
88,UNP,MRQ,1999-09-30,1999-09-30,1999-09-30,2021-10-21,0.0,29853000000.0,,,,,7.925,-526000000.0,198000000.0,198000000.0,572000000.0,245000000.0,,2.818,8708000000.0,,,8708000000.0,0.0,271000000.0,0.0,0.017,0.05,566000000.0,837000000.0,0.289,837000000.0,566000000.0,382000000.0,0.247,0.24,0.247,7820000000.0,,7820000000.0,20384674860.0,14.0,7.963,-37000000.0,-0.037,1.0,2321000000.0,0.802,0.0,184000000.0,38363000000.0,,335000000.0,775000000.0,,,22033000000.0,,,11910674860.0,-293000000.0,0.0,0.0,-105000000.0,-50000000.0,-157000000.0,-466000000.0,0.0,489000000.0,0.0,245000000.0,245000000.0,245000000.0,-27000000.0,0.0,0.085,1806000000.0,515000000.0,869000000.0,0.202,1.523,31.427,31.371,27402000000.0,0.0,12.015,1.078,1.073,626000000.0,,2893000000.0,2893000000.0,0.0,,,,,0.0,1099000000.0,1.0,991317092.0,986800000.0,1253600000.0,2.932,29853000000.0,110000000.0,137000000.0,6872000000.0,30.252,
89,UNP,MRQ,1999-06-30,1999-06-30,1999-06-30,2021-10-21,0.0,29787000000.0,,,,,7.733,-452000000.0,331000000.0,331000000.0,566000000.0,194000000.0,,2.906,8805000000.0,,,8805000000.0,0.0,268000000.0,0.0,0.014,0.05,465000000.0,733000000.0,0.264,733000000.0,465000000.0,281000000.0,0.198,0.198,0.198,7625000000.0,,7625000000.0,23057290880.0,20.0,10.303,113000000.0,0.115,1.0,2207000000.0,0.796,0.0,184000000.0,38261000000.0,,341000000.0,757000000.0,,,22162000000.0,,,14445290880.0,175000000.0,0.0,0.0,85000000.0,-49000000.0,38000000.0,-379000000.0,0.0,565000000.0,0.0,194000000.0,194000000.0,194000000.0,0.0,0.0,0.07,1766000000.0,441000000.0,918000000.0,0.253,1.894,85.984,85.75,27181000000.0,0.0,14.578,1.335,1.329,561000000.0,,2773000000.0,2773000000.0,0.0,,,,,0.0,1057000000.0,1.0,990930604.0,986000000.0,992000000.0,2.812,29787000000.0,248000000.0,87000000.0,6755000000.0,30.21,
90,UNP,MRQ,1999-03-31,1999-03-31,1999-03-31,2021-10-21,0.0,29455000000.0,,,,,7.59,-372000000.0,107000000.0,107000000.0,586000000.0,129000000.0,,2.939,8719000000.0,,,8719000000.0,0.0,270000000.0,0.0,0.015,0.05,387000000.0,657000000.0,0.24,657000000.0,387000000.0,201000000.0,0.13,0.13,0.13,7478000000.0,,7478000000.0,21746624325.0,62.0,15.25,41000000.0,0.042,1.0,2154000000.0,0.786,0.0,186000000.0,38067000000.0,,350000000.0,755000000.0,,,21977000000.0,,,13230624325.0,-20000000.0,0.0,0.0,29000000.0,-49000000.0,-20000000.0,-462000000.0,0.0,413000000.0,0.0,129000000.0,129000000.0,129000000.0,0.0,0.0,0.047,1792000000.0,362000000.0,863000000.0,0.385,1.769,-29.934,-29.689,27042000000.0,0.0,13.36,1.24,1.234,632000000.0,,2740000000.0,2740000000.0,0.0,,,,,0.0,1076000000.0,1.0,990316192.0,985200000.0,989600000.0,2.781,29455000000.0,245000000.0,72000000.0,6669000000.0,29.897,
91,UNP,MRQ,1998-12-31,1998-12-31,1998-12-31,2021-10-21,0.0,29374000000.0,,,,,7.513,-313000000.0,176000000.0,176000000.0,1386000000.0,-189000000.0,,2.973,8692000000.0,,,8692000000.0,0.0,270000000.0,0.0,0.018,0.05,63000000.0,333000000.0,0.126,333000000.0,63000000.0,-125000000.0,-0.192,-0.192,-0.192,7393000000.0,,7393000000.0,19799743995.0,1100.0,18.198,43000000.0,0.044,1.0,1259000000.0,0.476,0.0,188000000.0,37890000000.0,,343000000.0,691000000.0,,,21981000000.0,,,11146743995.0,-381000000.0,0.0,0.0,-511000000.0,-50000000.0,-533000000.0,-204000000.0,0.0,356000000.0,0.0,-189000000.0,-189000000.0,-189000000.0,-262000000.0,0.0,-0.071,1534000000.0,-275000000.0,586000000.0,-0.26,1.508,-17.609,-17.547,26939000000.0,0.0,11.265,1.06,1.054,643000000.0,,2645000000.0,2645000000.0,0.0,,,,,0.0,1101000000.0,1.0,989502352.0,984000000.0,984000000.0,2.688,29374000000.0,244000000.0,64000000.0,6609000000.0,29.852,
92,UNP,MRQ,1998-09-30,1998-09-30,1998-09-30,2021-10-21,0.0,29429000000.0,,2015000000.0,27414000000.0,,7.753,-532000000.0,554000000.0,554000000.0,611000000.0,34000000.0,0.725,2.858,9207000000.0,178000000.0,9029000000.0,9207000000.0,0.0,269000000.0,0.0,0.024,0.05,246000000.0,515000000.0,0.194,515000000.0,246000000.0,58000000.0,0.035,0.035,0.035,7629000000.0,,7629000000.0,18806751465.0,15.0,7.823,-406000000.0,-0.413,1.0,2049000000.0,0.77,0.0,188000000.0,35302000000.0,,308000000.0,1182000000.0,518000000.0,664000000.0,21800000000.0,2780000000.0,19020000000.0,10542751465.0,257000000.0,0.0,0.0,644000000.0,-50000000.0,602000000.0,-471000000.0,0.0,126000000.0,0.0,34000000.0,34000000.0,34000000.0,0.0,0.0,0.013,1839000000.0,210000000.0,531000000.0,1.429,1.382,24.461,24.222,26528000000.0,0.0,10.658,0.889,0.885,401000000.0,4680000000.0,2660000000.0,2660000000.0,0.0,,,,,0.0,1079000000.0,1.0,989233072.0,984000000.0,984000000.0,2.703,29429000000.0,0.0,24000000.0,6259000000.0,29.908,-765000000.0
93,UNP,MRQ,1998-06-30,1998-06-30,1998-06-30,2021-10-21,0.0,28944000000.0,,1769000000.0,27175000000.0,,7.757,-735000000.0,297000000.0,297000000.0,633000000.0,-416000000.0,0.616,2.792,8561000000.0,162000000.0,8399000000.0,8561000000.0,0.0,268000000.0,0.0,0.029,0.05,-347000000.0,-79000000.0,-0.03,-79000000.0,-347000000.0,-524000000.0,-0.422,-0.422,-0.422,7633000000.0,,7633000000.0,20080490576.0,16.0,8.552,-535000000.0,-0.544,1.0,1990000000.0,0.759,0.0,177000000.0,34338000000.0,,317000000.0,1178000000.0,516000000.0,662000000.0,21311000000.0,2870000000.0,18441000000.0,10881490576.0,109000000.0,0.0,0.0,680000000.0,-49000000.0,579000000.0,-670000000.0,0.0,200000000.0,0.0,-416000000.0,-416000000.0,-416000000.0,262000000.0,0.0,-0.159,2129000000.0,-139000000.0,573000000.0,-0.118,1.426,25.015,24.719,26262000000.0,0.0,11.0,0.938,0.933,389000000.0,4691000000.0,2623000000.0,2623000000.0,0.0,,,,,0.0,1090000000.0,1.0,989226416.0,984000000.0,984000000.0,2.666,28944000000.0,0.0,-108000000.0,6199000000.0,29.415,-1101000000.0
94,UNP,MRQ,1998-03-31,1998-03-31,1998-03-31,2021-10-21,0.0,29078000000.0,,1384000000.0,27694000000.0,,8.25,-531000000.0,191000000.0,191000000.0,643000000.0,-62000000.0,0.493,2.582,9390000000.0,132000000.0,9258000000.0,9390000000.0,0.0,263000000.0,0.0,0.026,0.05,56000000.0,319000000.0,0.123,319000000.0,56000000.0,-105000000.0,-0.062,-0.062,-0.062,8118000000.0,,8118000000.0,22353055822.0,23.0,11.011,-648000000.0,-0.659,1.0,1943000000.0,0.751,613000000.0,161000000.0,34856000000.0,,309000000.0,682000000.0,0.0,682000000.0,20960000000.0,2808000000.0,18152000000.0,13925055822.0,101000000.0,0.0,0.0,878000000.0,-106000000.0,771000000.0,-553000000.0,0.0,-117000000.0,0.0,-62000000.0,-62000000.0,-62000000.0,0.0,0.0,-0.024,1910000000.0,33000000.0,541000000.0,-0.806,1.715,57.542,56.994,26233000000.0,0.0,14.078,1.283,1.276,589000000.0,5159000000.0,2586000000.0,2586000000.0,0.0,,,,,0.0,1078000000.0,1.0,989171076.0,984000000.0,984000000.0,2.628,28465000000.0,0.0,-43000000.0,6492000000.0,28.928,-1424000000.0
95,UNP,MRQ,1997-12-31,1997-12-31,1997-12-31,2021-10-21,0.0,28860000000.0,,2194000000.0,26333000000.0,,8.318,-694000000.0,90000000.0,90000000.0,501000000.0,875000000.0,0.712,2.509,8518000000.0,229000000.0,8280000000.0,8518000000.0,0.0,311000000.0,0.0,0.027,0.107,1338000000.0,1649000000.0,0.414,1649000000.0,1338000000.0,1259000000.0,0.89,0.885,0.89,8225000000.0,,8225000000.0,23676468816.0,18.0,10.188,-212000000.0,-0.214,1.0,3484000000.0,0.874,562000000.0,79000000.0,33643000000.0,,296000000.0,624000000.0,955000000.0,624000000.0,20635000000.0,3083000000.0,17219000000.0,15482468816.0,-112000000.0,0.0,0.0,123000000.0,-105000000.0,16000000.0,-610000000.0,0.0,482000000.0,0.0,875000000.0,875000000.0,875000000.0,-252000000.0,0.0,0.22,2422000000.0,1062000000.0,758000000.0,0.12,1.882,35.839,35.585,25977000000.0,0.0,15.658,1.397,1.397,727000000.0,5271000000.0,3985000000.0,3985000000.0,0.0,,,,,0.0,1387000000.0,1.0,988821256.0,988821256.0,,4.03,28298000000.0,129000000.0,384000000.0,6520000000.0,28.618,-889000000.0
96,UNP,MRQ,1997-09-30,1997-09-30,1997-09-30,2021-10-21,0.0,28666000000.0,,1599000000.0,27067000000.0,,8.622,-468000000.0,201000000.0,201000000.0,625000000.0,38000000.0,0.484,2.379,8395000000.0,210000000.0,8185000000.0,8395000000.0,0.0,213000000.0,0.0,0.414,0.107,246000000.0,459000000.0,0.191,459000000.0,246000000.0,57000000.0,0.04,0.04,0.04,8484000000.0,,8484000000.0,23853496142.0,67.0,17.908,-57000000.0,-0.058,1.0,1779000000.0,0.74,683000000.0,189000000.0,32873000000.0,,295000000.0,640000000.0,0.0,640000000.0,20182000000.0,3304000000.0,16878000000.0,15474496142.0,73000000.0,0.0,0.0,-84000000.0,-105000000.0,-201000000.0,-137000000.0,0.0,411000000.0,0.0,38000000.0,38000000.0,38000000.0,-6000000.0,0.0,0.016,1576000000.0,203000000.0,580000000.0,2.675,1.824,-125.809,3131.5,25619000000.0,0.0,15.658,2.102,2.093,797000000.0,5528000000.0,2404000000.0,2404000000.0,0.0,,,,,0.0,925000000.0,1.0,988312064.0,984000000.0,884000000.0,2.443,27983000000.0,0.0,19000000.0,6435000000.0,28.438,-1705000000.0
97,UNP,MRQ,1997-06-30,1997-06-30,1997-06-30,2021-10-21,0.0,28751000000.0,,1559000000.0,27192000000.0,,8.557,-532000000.0,129000000.0,129000000.0,637000000.0,-609000000.0,0.484,2.44,8508000000.0,216000000.0,8292000000.0,8508000000.0,0.0,261000000.0,0.0,0.371,0.107,-658000000.0,-397000000.0,-0.211,-397000000.0,-658000000.0,-845000000.0,-0.62,,-0.62,8358000000.0,,8358000000.0,25398591214.0,40.0,16.198,,,1.0,1243000000.0,0.661,690000000.0,187000000.0,33217000000.0,,290000000.0,607000000.0,0.0,607000000.0,20393000000.0,3223000000.0,17170000000.0,17253591214.0,35000000.0,0.0,0.0,269000000.0,-107000000.0,170000000.0,-591000000.0,0.0,,0.0,-609000000.0,-609000000.0,-609000000.0,258000000.0,0.0,-0.324,1681000000.0,-438000000.0,674000000.0,-0.173,2.064,218.4,85.22,25631000000.0,0.0,17.47,2.217,2.193,802000000.0,5394000000.0,1880000000.0,1880000000.0,0.0,,,,,,800000000.0,1.0,987612548.0,976800000.0,,1.925,28061000000.0,0.0,-236000000.0,6296000000.0,28.727,-1664000000.0
98,UNP,MRQ,1997-03-31,1997-03-31,1997-03-31,2021-10-21,0.0,28186000000.0,,1454000000.0,26732000000.0,,8.312,-407000000.0,94000000.0,94000000.0,679000000.0,128000000.0,0.468,2.421,8239000000.0,164000000.0,8075000000.0,8239000000.0,0.0,258000000.0,0.0,0.457,0.107,355000000.0,613000000.0,0.218,613000000.0,355000000.0,205000000.0,0.13,,0.13,8239000000.0,,8239000000.0,21844310456.0,12.0,8.139,,,1.0,2131000000.0,0.758,695000000.0,150000000.0,32527000000.0,,275000000.0,614000000.0,0.0,614000000.0,19947000000.0,3109000000.0,16838000000.0,14008310456.0,-97000000.0,0.0,0.0,212000000.0,-105000000.0,86000000.0,-434000000.0,0.0,,0.0,128000000.0,128000000.0,128000000.0,0.0,0.0,0.046,1814000000.0,317000000.0,736000000.0,0.823,1.7,15.991,14.448,25246000000.0,0.0,14.188,1.455,1.461,699000000.0,5283000000.0,2810000000.0,2810000000.0,0.0,,,,,,1054000000.0,1.0,987369900.0,991200000.0,,2.835,27491000000.0,0.0,77000000.0,6238000000.0,27.735,-1655000000.0
99,UNP,MRQ,1996-12-31,1996-12-31,1996-12-31,2021-10-21,0.0,27927000000.0,,1334000000.0,26580000000.0,,8.33,-472000000.0,191000000.0,191000000.0,358000000.0,320000000.0,0.437,2.395,8027000000.0,127000000.0,7900000000.0,8027000000.0,0.0,246000000.0,0.0,0.432,6.167,411000000.0,657000000.0,2.451,657000000.0,411000000.0,363000000.0,0.455,,0.455,8225000000.0,,8225000000.0,,,,-94000000.0,-0.095,1.0,-90000000.0,-0.336,700000000.0,48000000.0,32007000000.0,,304000000.0,613000000.0,0.0,613000000.0,19702000000.0,3056000000.0,16633000000.0,14840169597.0,43000000.0,603000000.0,0.0,-589000000.0,-88000000.0,-588000000.0,253000000.0,0.0,378000000.0,0.0,320000000.0,320000000.0,320000000.0,-171000000.0,0.0,1.194,-307000000.0,217000000.0,705000000.0,13.554,1.804,16.416,14.424,25044000000.0,0.0,15.03,1.689,1.689,507000000.0,5262000000.0,268000000.0,268000000.0,0.0,,,,,0.0,61000000.0,1.0,987369900.0,987369900.0,,0.271,27227000000.0,0.0,43000000.0,6189000000.0,27.575,-1722000000.0
100,UNP,MRQ,1996-09-30,1996-09-30,1996-09-30,2021-10-21,,,,,,,,-390000000.0,,,139000000.0,240000000.0,,,,,,,,170000000.0,,0.023,0.107,525000000.0,695000000.0,0.246,695000000.0,525000000.0,368000000.0,0.24,,0.24,,,,,,,160000000.0,0.161,1.0,2686000000.0,0.951,,157000000.0,,,,,,,,,,,75000000.0,-539000000.0,0.0,492000000.0,-88000000.0,409000000.0,-884000000.0,0.0,550000000.0,0.0,240000000.0,240000000.0,240000000.0,0.0,0.0,0.085,2263000000.0,423000000.0,,0.446,,,,,0.0,18.312,,,,,2825000000.0,2825000000.0,0.0,,,,,0.0,1082000000.0,1.0,,992800000.0,,2.845,,,128000000.0,,,
101,UNP,MRQ,1996-06-30,1996-06-30,1996-06-30,2021-10-21,,,,,,,,-239000000.0,,,860000000.0,188000000.0,,,,,,,,174000000.0,,0.025,0.107,545000000.0,719000000.0,0.193,719000000.0,545000000.0,366000000.0,0.157,,0.157,,,,,,,,,1.0,2865000000.0,0.769,,179000000.0,,,,,,,,,,,-6000000.0,0.0,0.0,-199000000.0,-88000000.0,-257000000.0,-217000000.0,0.0,,0.0,188000000.0,188000000.0,188000000.0,49000000.0,0.0,0.05,2310000000.0,555000000.0,,0.682,,,,,0.0,17.531,,,,,3725000000.0,3725000000.0,0.0,,,,,,1316000000.0,1.0,,1158000000.0,,3.217,,,178000000.0,,,
102,UNP,MRQ,1996-03-31,1996-03-31,1996-03-31,2021-10-21,,,,,,,,-259000000.0,,,444000000.0,156000000.0,,,,,,,,172000000.0,,0.025,0.107,304000000.0,476000000.0,0.242,476000000.0,304000000.0,187000000.0,0.19,,0.19,,,,,,,,,1.0,1524000000.0,0.774,,117000000.0,,,,,,,,,,,-151000000.0,0.0,0.0,-10000000.0,-89000000.0,-166000000.0,-246000000.0,0.0,,0.0,156000000.0,156000000.0,156000000.0,-49000000.0,0.0,0.079,1287000000.0,237000000.0,,0.563,,,,,0.0,17.219,,,,,1968000000.0,1968000000.0,0.0,,,,,,801000000.0,1.0,,825200000.0,,2.385,,,31000000.0,,,
103,UNP,MRQ,1995-12-31,1995-12-31,1995-12-31,2021-10-21,0.0,19446000000.0,,,,,,,230000000.0,230000000.0,,,,2.128,6364000000.0,,,6364000000.0,0.0,,0.0,0.026,0.107,,,,,,,,,,6148000000.0,,6148000000.0,,,,,,1.0,,,730000000.0,,24850000000.0,,238000000.0,1447000000.0,,,13082000000.0,,,,,,,,,,,,,,,,,,,,,,436000000.0,,,,14.286,14105000000.0,,16.5,,,349000000.0,,,,,,,,,,,1.0,,,,,18716000000.0,0.0,,3676000000.0,,
0,UNP,MRT,2021-09-30,2021-09-30,2021-09-30,2021-10-21,-1533000000.0,62360000000.0,62156000000.0,3810000000.0,58550000000.0,0.341,21.454,-2578000000.0,1194000000.0,1194000000.0,4603000000.0,6192000000.0,0.745,3.481,30657000000.0,1835000000.0,28822000000.0,30657000000.0,0.0,2209000000.0,0.0,0.021,4.08,9184000000.0,11393000000.0,0.537,11393000000.0,9184000000.0,8043000000.0,9.38,9.34,9.38,13917000000.0,15358000000.0,13917000000.0,156775616097.0,17.0,13.761,6472000000.0,9.977,1.0,16609000000.0,0.783,0.0,1141000000.0,86712000000.0,85352750000.0,664000000.0,2319000000.0,46000000.0,2273000000.0,48443000000.0,5111000000.0,43332000000.0,127822616097.0,-1380000000.0,0.0,-6595000000.0,1560000000.0,-2697000000.0,-8043000000.0,-2387000000.0,29000000.0,9050000000.0,0.0,6192000000.0,6192000000.0,6192000000.0,0.0,0.0,0.292,7705000000.0,8904000000.0,3276000000.0,0.435,9.185,20.643,20.897,55992000000.0,0.0,196.01,6.026,5.994,1679000000.0,54094000000.0,21212000000.0,21212000000.0,0.0,0.1,0.403,0.108,0.433,0.0,4109000000.0,1.0,652122933.0,648700000.0,650300000.0,32.699,62360000000.0,0.0,1851000000.0,12500000000.0,96.131,-1301000000.0
1,UNP,MRT,2021-06-30,2021-06-30,2021-06-30,2021-10-21,-1551000000.0,62073000000.0,62494500000.0,3764000000.0,58309000000.0,0.329,21.721,-2518000000.0,1115000000.0,1115000000.0,4358000000.0,5882000000.0,0.864,3.34,30068000000.0,1110000000.0,28958000000.0,30068000000.0,0.0,2211000000.0,0.0,0.018,3.98,8782000000.0,10993000000.0,0.535,10993000000.0,8782000000.0,7636000000.0,8.82,8.78,8.82,14303000000.0,16178500000.0,14303000000.0,172770053444.0,20.0,15.716,5849000000.0,8.882,1.0,16207000000.0,0.788,0.0,1146000000.0,86669000000.0,85081000000.0,688000000.0,2323000000.0,46000000.0,2277000000.0,47770000000.0,4357000000.0,43413000000.0,146100053444.0,-1565000000.0,0.0,-5234000000.0,921000000.0,-2657000000.0,-7602000000.0,-2330000000.0,29000000.0,8367000000.0,0.0,5882000000.0,5882000000.0,5882000000.0,0.0,0.0,0.286,7704000000.0,8503000000.0,3247000000.0,0.451,10.215,24.838,24.935,55783000000.0,0.0,219.93,7.104,7.042,1666000000.0,53116000000.0,20565000000.0,20565000000.0,0.0,0.094,0.364,0.103,0.427,0.0,4077000000.0,1.0,664302521.0,658500000.0,660100000.0,31.23,62073000000.0,0.0,1754000000.0,12389000000.0,94.264,-593000000.0
2,UNP,MRT,2021-03-31,2021-03-31,2021-03-31,2021-10-21,-1594000000.0,61793000000.0,62865000000.0,3719000000.0,58074000000.0,0.307,24.347,-2656000000.0,1183000000.0,1183000000.0,4082000000.0,5216000000.0,0.763,2.802,27853000000.0,1565000000.0,26288000000.0,27853000000.0,0.0,2212000000.0,0.0,0.018,3.88,7969000000.0,10181000000.0,0.527,10181000000.0,7969000000.0,6816000000.0,7.76,7.73,7.76,16254000000.0,16715750000.0,16254000000.0,173850089899.0,22.0,17.076,5687000000.0,8.519,1.0,15223000000.0,0.789,0.0,1153000000.0,83592000000.0,84743500000.0,659000000.0,2227000000.0,60000000.0,2167000000.0,45539000000.0,4871000000.0,40668000000.0,147637089899.0,-9000000.0,0.0,-2096000000.0,-928000000.0,-2616000000.0,-5978000000.0,-2374000000.0,5000000.0,8343000000.0,0.0,5216000000.0,5216000000.0,5216000000.0,0.0,0.0,0.27,7539000000.0,7684000000.0,3306000000.0,0.5,9.083,28.305,28.403,55643000000.0,0.0,220.41,7.648,7.622,1610000000.0,52019000000.0,19305000000.0,19305000000.0,0.0,0.083,0.312,0.094,0.413,0.0,3960000000.0,1.0,669829363.0,667600000.0,669200000.0,28.917,61793000000.0,0.0,1600000000.0,12307000000.0,92.56,-1152000000.0
3,UNP,MRT,2020-12-31,2020-12-31,2020-12-31,2021-10-21,-1593000000.0,62398000000.0,62970750000.0,4214000000.0,58184000000.0,0.31,25.038,-2927000000.0,1799000000.0,1799000000.0,4151000000.0,5349000000.0,1.01,2.68,28012000000.0,1069000000.0,26943000000.0,28012000000.0,0.0,2210000000.0,0.0,0.019,3.88,8121000000.0,10331000000.0,0.529,10331000000.0,8121000000.0,6980000000.0,7.9,7.88,7.9,16958000000.0,16650000000.0,16958000000.0,167064975070.0,21.0,16.171,5613000000.0,8.287,1.0,15382000000.0,0.787,0.0,1141000000.0,84438000000.0,85260500000.0,638000000.0,2224000000.0,60000000.0,2164000000.0,45440000000.0,4173000000.0,41267000000.0,140312975070.0,962000000.0,0.0,-3705000000.0,1824000000.0,-2626000000.0,-4902000000.0,-2676000000.0,5000000.0,8540000000.0,0.0,5349000000.0,5349000000.0,5349000000.0,0.0,0.0,0.274,7548000000.0,7834000000.0,3104000000.0,0.491,8.274,26.232,26.357,55771000000.0,0.0,208.22,7.183,7.22,1505000000.0,51326000000.0,19533000000.0,19533000000.0,0.0,0.085,0.321,0.095,0.416,0.0,3993000000.0,1.0,673868865.0,677300000.0,679100000.0,28.84,62398000000.0,0.0,1631000000.0,12247000000.0,92.128,41000000.0
4,UNP,MRT,2020-09-30,2020-09-30,2020-09-30,2021-10-21,-1351000000.0,63714000000.0,62789500000.0,5130000000.0,58584000000.0,0.312,25.48,-3252000000.0,2601000000.0,2601000000.0,4380000000.0,5372000000.0,1.06,2.705,29353000000.0,1980000000.0,27373000000.0,29353000000.0,0.0,2212000000.0,0.0,0.02,3.88,8205000000.0,10417000000.0,0.531,10417000000.0,8205000000.0,7065000000.0,7.86,7.84,7.86,17199000000.0,16942500000.0,17199000000.0,160685994556.0,20.0,15.425,5086000000.0,7.535,1.0,15224000000.0,0.777,0.0,1140000000.0,85625000000.0,84941500000.0,649000000.0,2131000000.0,60000000.0,2071000000.0,46515000000.0,4841000000.0,41674000000.0,133642994556.0,1315000000.0,0.0,-3598000000.0,2994000000.0,-2647000000.0,-4014000000.0,-3009000000.0,5000000.0,8338000000.0,0.0,5372000000.0,5372000000.0,5372000000.0,0.0,0.0,0.274,7296000000.0,7928000000.0,2861000000.0,0.494,7.77,24.878,25.047,56017000000.0,0.0,196.87,6.817,6.779,1565000000.0,50600000000.0,19604000000.0,19604000000.0,0.0,0.086,0.317,0.097,0.419,0.0,4021000000.0,1.0,678838800.0,675000000.0,676800000.0,29.043,63714000000.0,0.0,1693000000.0,12328000000.0,94.391,289000000.0
5,UNP,MRT,2020-06-30,2020-06-30,2020-06-30,2021-10-21,-1372000000.0,63555000000.0,62355500000.0,5083000000.0,58472000000.0,0.324,24.276,-3492000000.0,2706000000.0,2706000000.0,4668000000.0,5564000000.0,0.963,2.863,29749000000.0,1990000000.0,27759000000.0,29749000000.0,0.0,2214000000.0,0.0,0.023,3.88,8424000000.0,10638000000.0,0.527,10638000000.0,8424000000.0,7313000000.0,8.06,8.05,8.06,16452000000.0,17146750000.0,16452000000.0,142810500721.0,17.0,13.425,5609000000.0,8.277,1.0,15533000000.0,0.769,0.0,1111000000.0,85319000000.0,84389750000.0,668000000.0,2102000000.0,60000000.0,2042000000.0,47103000000.0,5279000000.0,41824000000.0,114725500721.0,1653000000.0,0.0,-4631000000.0,3537000000.0,-2669000000.0,-4206000000.0,-3242000000.0,10000000.0,9101000000.0,0.0,5564000000.0,5564000000.0,5564000000.0,0.0,0.0,0.275,7402000000.0,8131000000.0,3289000000.0,0.481,6.973,20.619,20.976,55970000000.0,0.0,169.07,5.679,5.672,1388000000.0,49892000000.0,20201000000.0,20201000000.0,0.0,0.089,0.324,0.1,0.417,0.0,4147000000.0,1.0,678568053.0,677700000.0,679200000.0,29.808,63555000000.0,0.0,1749000000.0,12171000000.0,93.78,-196000000.0
6,UNP,MRT,2020-03-31,2020-03-31,2020-03-31,2021-10-21,-1329000000.0,62216000000.0,61893750000.0,3804000000.0,58412000000.0,0.348,23.368,-3508000000.0,1130000000.0,1130000000.0,5162000000.0,6002000000.0,0.82,2.891,29215000000.0,1511000000.0,27704000000.0,29215000000.0,0.0,2214000000.0,0.0,0.027,3.79,8956000000.0,11170000000.0,0.518,11170000000.0,8956000000.0,7875000000.0,8.62,8.6,8.62,15991000000.0,17576500000.0,15991000000.0,123194480550.0,14.0,11.029,5297000000.0,7.741,1.0,16391000000.0,0.76,0.0,1081000000.0,85660000000.0,83524500000.0,692000000.0,2138000000.0,60000000.0,2078000000.0,46225000000.0,4641000000.0,41584000000.0,97354480550.0,109000000.0,0.0,-5273000000.0,3122000000.0,-2632000000.0,-5238000000.0,-3458000000.0,15000000.0,8805000000.0,0.0,6002000000.0,6002000000.0,6002000000.0,0.0,0.0,0.278,7654000000.0,8737000000.0,3130000000.0,0.44,6.088,16.22,16.362,55894000000.0,0.0,141.04,4.517,4.478,1669000000.0,49419000000.0,21553000000.0,21553000000.0,0.0,0.097,0.341,0.107,0.416,0.0,4387000000.0,1.0,690261490.0,684300000.0,686200000.0,31.496,62216000000.0,0.0,1873000000.0,12088000000.0,90.919,-837000000.0
7,UNP,MRT,2019-12-31,2019-12-31,2019-12-31,2021-10-21,-1356000000.0,61673000000.0,61669500000.0,3459000000.0,58214000000.0,0.352,25.768,-3453000000.0,831000000.0,831000000.0,5345000000.0,5919000000.0,0.795,2.402,26671000000.0,1257000000.0,25414000000.0,26671000000.0,0.0,2216000000.0,0.0,0.02,3.7,8797000000.0,11013000000.0,0.507,11013000000.0,8797000000.0,7747000000.0,8.41,8.38,8.41,18128000000.0,18014250000.0,18128000000.0,151531397209.0,17.0,13.759,5156000000.0,7.329,1.0,16363000000.0,0.754,0.0,1050000000.0,83162000000.0,82552750000.0,751000000.0,2110000000.0,60000000.0,2050000000.0,43545000000.0,4351000000.0,39194000000.0,125504397209.0,-472000000.0,0.0,-5804000000.0,3163000000.0,-2598000000.0,-5646000000.0,-3435000000.0,15000000.0,8609000000.0,0.0,5919000000.0,5919000000.0,5919000000.0,0.0,0.0,0.273,7809000000.0,8554000000.0,3094000000.0,0.44,6.923,21.204,21.497,55728000000.0,0.0,180.79,5.781,5.859,1595000000.0,48605000000.0,21708000000.0,21708000000.0,0.0,0.096,0.329,0.107,0.405,0.0,4533000000.0,1.0,694199885.0,703500000.0,706100000.0,30.857,61673000000.0,0.0,1828000000.0,11992000000.0,87.666,-892000000.0
8,UNP,MRT,2019-09-30,2019-09-30,2019-09-30,2021-10-21,-1305000000.0,61978000000.0,61038000000.0,4073000000.0,57905000000.0,0.365,25.763,-3504000000.0,1250000000.0,1250000000.0,5563000000.0,6070000000.0,0.888,2.44,27277000000.0,1421000000.0,25856000000.0,27277000000.0,0.0,2212000000.0,0.0,0.022,3.53,8897000000.0,11109000000.0,0.499,11109000000.0,8897000000.0,7885000000.0,8.51,8.47,8.51,18016000000.0,18588000000.0,18016000000.0,139934728905.0,16.0,12.597,5072000000.0,7.253,1.0,16690000000.0,0.75,0.0,1012000000.0,83418000000.0,80672000000.0,771000000.0,2063000000.0,60000000.0,2003000000.0,43962000000.0,4587000000.0,39375000000.0,114119728905.0,-507000000.0,0.0,-6363000000.0,3309000000.0,-2508000000.0,-5599000000.0,-3484000000.0,10000000.0,8576000000.0,0.0,6070000000.0,6070000000.0,6070000000.0,0.0,0.0,0.273,8026000000.0,8664000000.0,3166000000.0,0.415,6.334,18.801,19.034,55419000000.0,0.0,161.98,5.128,5.09,1650000000.0,47875000000.0,22253000000.0,22253000000.0,0.0,0.099,0.327,0.11,0.4,0.0,4764000000.0,1.0,704529750.0,699300000.0,701900000.0,31.822,61978000000.0,0.0,1815000000.0,11744000000.0,88.629,-514000000.0
9,UNP,MRT,2019-06-30,2019-06-30,2019-06-30,2021-10-21,-1298000000.0,61708000000.0,60371500000.0,4086000000.0,57622000000.0,0.375,25.756,-3383000000.0,1049000000.0,1049000000.0,5812000000.0,6108000000.0,0.721,2.396,26864000000.0,2297000000.0,24567000000.0,26864000000.0,0.0,2202000000.0,0.0,0.02,3.36,8927000000.0,11129000000.0,0.491,11129000000.0,8927000000.0,7940000000.0,8.45,8.4,8.45,18171000000.0,19245250000.0,18171000000.0,145418513436.0,16.0,13.067,5170000000.0,7.328,1.0,16853000000.0,0.744,0.0,987000000.0,81858000000.0,78663500000.0,775000000.0,2049000000.0,60000000.0,1989000000.0,43537000000.0,5665000000.0,37872000000.0,119702513436.0,-533000000.0,0.0,-5661000000.0,2416000000.0,-2422000000.0,-5690000000.0,-3396000000.0,5000000.0,8553000000.0,0.0,6108000000.0,6108000000.0,6108000000.0,0.0,0.0,0.269,8154000000.0,8699000000.0,3368000000.0,0.398,6.588,19.598,20.013,55191000000.0,0.0,169.11,5.281,5.264,1809000000.0,46997000000.0,22665000000.0,22665000000.0,0.0,0.101,0.317,0.113,0.394,0.0,4892000000.0,1.0,707838173.0,705500000.0,708000000.0,32.126,61708000000.0,0.0,1832000000.0,11574000000.0,87.467,-1579000000.0
10,UNP,MRT,2019-03-31,2019-03-31,2019-03-31,2021-10-21,-1378000000.0,61319000000.0,59616750000.0,3953000000.0,57366000000.0,0.381,24.752,-3279000000.0,1059000000.0,1059000000.0,5957000000.0,6047000000.0,0.751,2.456,26775000000.0,1703000000.0,25072000000.0,26775000000.0,0.0,2197000000.0,0.0,0.019,3.21,8751000000.0,10948000000.0,0.481,10948000000.0,8751000000.0,7820000000.0,8.2,8.16,8.2,17742000000.0,19679750000.0,17742000000.0,141983171002.0,16.0,12.969,5465000000.0,7.624,1.0,16784000000.0,0.738,0.0,931000000.0,81773000000.0,77080500000.0,780000000.0,2011000000.0,60000000.0,1951000000.0,43577000000.0,5262000000.0,38315000000.0,120865171002.0,50000000.0,0.0,-10546000000.0,7532000000.0,-2357000000.0,-5418000000.0,-3276000000.0,0.0,8744000000.0,0.0,6047000000.0,6047000000.0,6047000000.0,0.0,0.0,0.266,8246000000.0,8538000000.0,3559000000.0,0.391,6.812,19.988,20.39,55002000000.0,0.0,167.2,5.315,5.27,1672000000.0,46049000000.0,22741000000.0,22741000000.0,0.0,0.101,0.307,0.114,0.385,0.0,4988000000.0,1.0,722877817.0,716800000.0,719500000.0,31.726,61319000000.0,0.0,1773000000.0,11408000000.0,85.545,-1309000000.0
11,UNP,MRT,2018-12-31,2018-12-31,2018-12-31,2021-10-21,-1415000000.0,59147000000.0,58734250000.0,4163000000.0,54984000000.0,0.389,27.198,-3437000000.0,1273000000.0,1273000000.0,6046000000.0,5966000000.0,0.9,1.896,22391000000.0,1466000000.0,20925000000.0,22391000000.0,0.0,2191000000.0,0.0,0.022,3.06,8611000000.0,10802000000.0,0.473,10802000000.0,8611000000.0,7741000000.0,7.95,7.91,7.95,20423000000.0,21341500000.0,20423000000.0,122447498011.0,14.0,11.336,5249000000.0,6.99,1.0,16786000000.0,0.735,0.0,870000000.0,75639000000.0,74033000000.0,742000000.0,1972000000.0,60000000.0,1912000000.0,38724000000.0,4626000000.0,34098000000.0,101846498011.0,53000000.0,0.0,-8225000000.0,5350000000.0,-2299000000.0,-5222000000.0,-3411000000.0,0.0,8686000000.0,0.0,5966000000.0,5966000000.0,5966000000.0,0.0,0.0,0.261,8269000000.0,8517000000.0,3160000000.0,0.385,4.987,17.071,17.387,52679000000.0,0.0,138.23,4.461,4.546,1755000000.0,45284000000.0,22832000000.0,22832000000.0,0.0,0.102,0.28,0.116,0.377,0.0,5056000000.0,1.0,736790118.0,750900000.0,754300000.0,30.406,59147000000.0,0.0,1775000000.0,11302000000.0,78.768,-463000000.0
12,UNP,MRT,2018-09-30,2018-09-30,2018-09-30,2021-10-21,-1392000000.0,59312000000.0,58399000000.0,4816000000.0,54496000000.0,0.386,27.997,-3287000000.0,1810000000.0,1810000000.0,5751000000.0,11690000000.0,1.063,1.873,22411000000.0,1468000000.0,20943000000.0,22411000000.0,0.0,2168000000.0,0.0,0.018,2.925,8635000000.0,10803000000.0,0.48,10803000000.0,8635000000.0,7817000000.0,14.98,14.9,14.98,20645000000.0,22449750000.0,20645000000.0,141620881131.0,16.0,13.109,4919000000.0,6.671,1.0,16774000000.0,0.745,0.0,818000000.0,75384000000.0,72507250000.0,789000000.0,1977000000.0,90000000.0,1887000000.0,38667000000.0,4529000000.0,34138000000.0,120411881131.0,-37000000.0,0.0,-8155000000.0,5461000000.0,-2238000000.0,-4983000000.0,-3260000000.0,0.0,8206000000.0,0.0,11690000000.0,11690000000.0,11690000000.0,0.0,0.0,0.519,8220000000.0,8554000000.0,3061000000.0,0.195,5.832,10.3,10.87,52210000000.0,0.0,162.83,5.346,5.331,1792000000.0,44313000000.0,22525000000.0,22525000000.0,0.0,0.2,0.521,0.119,0.383,0.0,5012000000.0,1.0,739494449.0,737400000.0,740900000.0,30.547,59312000000.0,0.0,-3873000000.0,11270000000.0,80.434,287000000.0
13,UNP,MRT,2018-06-30,2018-06-30,2018-06-30,2021-10-21,-1428000000.0,58689000000.0,57920250000.0,4494000000.0,54195000000.0,0.38,26.179,-3263000000.0,1604000000.0,1604000000.0,5528000000.0,11291000000.0,1.028,1.948,22813000000.0,1456000000.0,21357000000.0,22813000000.0,0.0,2149000000.0,0.0,0.019,2.73,8481000000.0,10630000000.0,0.483,10630000000.0,8481000000.0,7724000000.0,14.32,14.25,14.32,19909000000.0,22076250000.0,19909000000.0,125668440529.0,15.0,11.822,4541000000.0,5.971,1.0,16477000000.0,0.749,0.0,757000000.0,75526000000.0,70799250000.0,772000000.0,1946000000.0,90000000.0,1856000000.0,38780000000.0,4372000000.0,34408000000.0,109128440529.0,318000000.0,0.0,-9095000000.0,6946000000.0,-2127000000.0,-4339000000.0,-3147000000.0,0.0,7804000000.0,0.0,11291000000.0,11291000000.0,11291000000.0,0.0,0.0,0.513,8119000000.0,8358000000.0,2916000000.0,0.191,5.481,9.665,9.894,51947000000.0,0.0,141.68,4.959,4.897,1634000000.0,43311000000.0,22005000000.0,22005000000.0,0.0,0.195,0.511,0.12,0.385,0.0,4987000000.0,1.0,770245910.0,760500000.0,763700000.0,28.935,58689000000.0,0.0,-3567000000.0,11109000000.0,77.172,122000000.0
14,UNP,MRT,2018-03-31,2018-03-31,2018-03-31,2021-10-21,-1422000000.0,57789000000.0,57367500000.0,3897000000.0,53892000000.0,0.376,31.413,-3337000000.0,1048000000.0,1048000000.0,5294000000.0,10950000000.0,0.821,1.369,17588000000.0,1891000000.0,15697000000.0,17588000000.0,0.0,2128000000.0,0.0,0.019,2.605,8388000000.0,10516000000.0,0.487,10516000000.0,8388000000.0,7655000000.0,13.79,13.72,13.79,24389000000.0,22002750000.0,24389000000.0,120431008253.0,14.0,11.452,3911000000.0,5.037,1.0,16289000000.0,0.755,0.0,733000000.0,69583000000.0,68804250000.0,808000000.0,1900000000.0,90000000.0,1810000000.0,33400000000.0,4746000000.0,28654000000.0,104762008253.0,-1000000.0,0.0,-4420000000.0,2428000000.0,-2058000000.0,-4087000000.0,-3162000000.0,0.0,7248000000.0,0.0,10950000000.0,10950000000.0,10950000000.0,0.0,0.0,0.507,8032000000.0,8257000000.0,2855000000.0,0.189,4.295,9.567,9.748,51696000000.0,0.0,134.43,4.854,4.836,1571000000.0,42359000000.0,21583000000.0,21583000000.0,0.0,0.191,0.498,0.122,0.389,0.0,4950000000.0,1.0,779305276.0,776400000.0,779600000.0,27.799,57789000000.0,0.0,-3295000000.0,11050000000.0,74.432,-849000000.0
15,UNP,MRT,2017-12-31,2017-12-31,2017-12-31,2021-10-21,-1141000000.0,57806000000.0,56895250000.0,4006000000.0,53800000000.0,0.373,31.132,-3238000000.0,1275000000.0,1275000000.0,5142000000.0,10712000000.0,1.017,1.326,16944000000.0,800000000.0,16144000000.0,16944000000.0,0.0,2105000000.0,0.0,0.018,2.48,8351000000.0,10456000000.0,0.492,10456000000.0,8351000000.0,7632000000.0,13.42,13.36,13.42,24856000000.0,20836250000.0,24856000000.0,120545338092.0,14.0,11.529,3992000000.0,5.0,1.0,16098000000.0,0.758,0.0,719000000.0,69536000000.0,67917500000.0,749000000.0,1899000000.0,90000000.0,1809000000.0,32950000000.0,3939000000.0,29011000000.0,105559338092.0,-2000000.0,0.0,-4013000000.0,1895000000.0,-1982000000.0,-4146000000.0,-3086000000.0,-30000000.0,7230000000.0,0.0,10712000000.0,10712000000.0,10712000000.0,0.0,0.0,0.504,7992000000.0,8106000000.0,3139000000.0,0.185,4.247,9.854,9.993,51605000000.0,0.0,134.1,4.97,5.041,1493000000.0,41317000000.0,21240000000.0,21240000000.0,0.0,0.188,0.514,0.123,0.393,0.0,4939000000.0,1.0,787168815.0,798400000.0,801700000.0,26.603,57806000000.0,0.0,-3080000000.0,10936000000.0,72.402,67000000.0
16,UNP,MRT,2017-09-30,2017-09-30,2017-09-30,2021-10-21,-1172000000.0,57397000000.0,56373250000.0,4449000000.0,52948000000.0,0.372,24.104,-3280000000.0,1847000000.0,1847000000.0,5210000000.0,4578000000.0,1.161,1.997,16833000000.0,903000000.0,15930000000.0,16833000000.0,0.0,2093000000.0,0.0,0.021,2.42,8076000000.0,10169000000.0,0.485,10169000000.0,8076000000.0,7371000000.0,5.67,5.65,5.67,19151000000.0,19605250000.0,19151000000.0,107294637085.0,13.0,10.551,4176000000.0,5.256,1.0,15748000000.0,0.751,0.0,705000000.0,68552000000.0,66985500000.0,742000000.0,1656000000.0,90000000.0,1566000000.0,38246000000.0,3831000000.0,34415000000.0,92820637085.0,-62000000.0,0.0,-3887000000.0,1382000000.0,-1957000000.0,-4684000000.0,-2834000000.0,240000000.0,7456000000.0,0.0,4578000000.0,4578000000.0,4578000000.0,0.0,0.0,0.218,7953000000.0,7795000000.0,2928000000.0,0.427,4.847,20.275,20.453,51036000000.0,0.0,115.97,4.429,4.396,1428000000.0,34561000000.0,20958000000.0,20958000000.0,0.0,0.081,0.234,0.121,0.385,0.0,4918000000.0,1.0,800384902.0,794500000.0,797600000.0,26.379,57397000000.0,0.0,2793000000.0,16524000000.0,72.243,618000000.0
17,UNP,MRT,2017-06-30,2017-06-30,2017-06-30,2021-10-21,-1221000000.0,56478000000.0,56100250000.0,3869000000.0,52609000000.0,0.369,24.394,-3504000000.0,1286000000.0,1286000000.0,5110000000.0,4515000000.0,1.136,1.879,15760000000.0,531000000.0,15229000000.0,15760000000.0,0.0,2077000000.0,0.0,0.022,2.365,7902000000.0,9979000000.0,0.482,9979000000.0,7902000000.0,7193000000.0,5.53,5.51,5.53,19615000000.0,19888500000.0,19615000000.0,101922206757.0,13.0,10.214,3955000000.0,4.919,1.0,15614000000.0,0.753,0.0,709000000.0,67546000000.0,66535250000.0,726000000.0,1594000000.0,90000000.0,1504000000.0,36863000000.0,3406000000.0,33457000000.0,87938206757.0,-544000000.0,0.0,-3464000000.0,733000000.0,-1934000000.0,-4884000000.0,-3119000000.0,240000000.0,7459000000.0,0.0,4515000000.0,4515000000.0,4515000000.0,0.0,0.0,0.218,7932000000.0,7682000000.0,2875000000.0,0.428,4.483,19.477,19.694,50814000000.0,0.0,108.91,4.243,4.226,1357000000.0,33847000000.0,20724000000.0,20724000000.0,0.0,0.08,0.227,0.119,0.381,0.0,4872000000.0,1.0,807439232.0,804100000.0,807200000.0,25.773,56478000000.0,0.0,2678000000.0,16329000000.0,70.238,463000000.0
18,UNP,MRT,2017-03-31,2017-03-31,2017-03-31,2021-10-21,-1252000000.0,55900000000.0,55903250000.0,3588000000.0,52312000000.0,0.362,24.304,-3629000000.0,1049000000.0,1049000000.0,5008000000.0,4326000000.0,0.932,1.834,15033000000.0,723000000.0,14310000000.0,15033000000.0,0.0,2056000000.0,0.0,0.022,2.31,7591000000.0,9647000000.0,0.477,9647000000.0,7591000000.0,6888000000.0,5.25,5.23,5.25,19723000000.0,20090250000.0,19723000000.0,99927191821.0,13.0,10.358,3606000000.0,4.444,1.0,15236000000.0,0.753,0.0,703000000.0,66036000000.0,66136500000.0,760000000.0,1570000000.0,90000000.0,1480000000.0,36177000000.0,3848000000.0,32329000000.0,86197191821.0,-1624000000.0,0.0,-3158000000.0,-10000000.0,-1906000000.0,-5295000000.0,-3564000000.0,-90000000.0,7235000000.0,0.0,4326000000.0,4326000000.0,4326000000.0,0.0,0.0,0.214,7892000000.0,7344000000.0,3125000000.0,0.44,4.37,19.925,20.175,50550000000.0,0.0,105.92,4.258,4.246,1279000000.0,33167000000.0,20244000000.0,20244000000.0,0.0,0.077,0.215,0.115,0.375,0.0,4828000000.0,1.0,813795240.0,811500000.0,814800000.0,24.946,55900000000.0,0.0,2562000000.0,16157000000.0,68.885,-260000000.0
19,UNP,MRT,2016-12-31,2016-12-31,2016-12-31,2021-10-21,-1272000000.0,55718000000.0,55871250000.0,3596000000.0,52122000000.0,0.357,23.945,-3505000000.0,1277000000.0,1277000000.0,4884000000.0,4233000000.0,0.988,1.795,15007000000.0,758000000.0,14249000000.0,15007000000.0,0.0,2038000000.0,0.0,0.022,2.255,7464000000.0,9502000000.0,0.477,9502000000.0,7464000000.0,6766000000.0,5.09,5.07,5.09,19932000000.0,20278250000.0,19932000000.0,99146976950.0,13.0,10.434,4020000000.0,4.829,1.0,15057000000.0,0.755,0.0,698000000.0,65808000000.0,65878750000.0,717000000.0,1517000000.0,60000000.0,1457000000.0,35786000000.0,3640000000.0,32146000000.0,85443976950.0,-114000000.0,0.0,-3105000000.0,970000000.0,-1879000000.0,-4246000000.0,-3393000000.0,-60000000.0,7525000000.0,0.0,4233000000.0,4233000000.0,4233000000.0,0.0,0.0,0.212,7814000000.0,7243000000.0,2882000000.0,0.443,4.287,20.185,20.369,50389000000.0,0.0,103.68,4.285,4.328,1258000000.0,32587000000.0,19941000000.0,19941000000.0,0.0,0.076,0.209,0.113,0.374,0.0,4779000000.0,1.0,824112432.0,832400000.0,835400000.0,23.956,55718000000.0,0.0,2533000000.0,15996000000.0,66.937,-44000000.0
20,UNP,MRT,2016-09-30,2016-09-30,2016-09-30,2021-10-21,-1185000000.0,56305000000.0,55591750000.0,4602000000.0,51703000000.0,0.359,24.468,-3931000000.0,1909000000.0,1909000000.0,4938000000.0,4206000000.0,1.413,1.776,15612000000.0,407000000.0,15205000000.0,15612000000.0,0.0,2035000000.0,0.0,0.023,2.2,7405000000.0,9440000000.0,0.472,9440000000.0,7405000000.0,6717000000.0,5.0,5.0,5.0,20284000000.0,20470750000.0,20284000000.0,94590085450.0,13.0,10.02,3255000000.0,3.926,1.0,15043000000.0,0.753,0.0,688000000.0,66751000000.0,65477750000.0,690000000.0,1776000000.0,330000000.0,1446000000.0,36021000000.0,3257000000.0,32764000000.0,81234085450.0,831000000.0,0.0,-2770000000.0,2367000000.0,-1849000000.0,-2310000000.0,-4045000000.0,-330000000.0,7186000000.0,0.0,4206000000.0,4206000000.0,4206000000.0,0.0,0.0,0.21,7818000000.0,7225000000.0,2850000000.0,0.44,4.005,19.314,19.506,49939000000.0,0.0,97.53,4.066,4.046,1351000000.0,31940000000.0,19981000000.0,19981000000.0,0.0,0.076,0.205,0.113,0.371,0.0,4784000000.0,1.0,832913826.0,829000000.0,832200000.0,24.103,56305000000.0,0.0,2511000000.0,15774000000.0,67.919,1345000000.0
21,UNP,MRT,2016-06-30,2016-06-30,2016-06-30,2021-10-21,-1198000000.0,55690000000.0,54956250000.0,4566000000.0,51124000000.0,0.371,24.387,-4033000000.0,1830000000.0,1830000000.0,5073000000.0,4375000000.0,1.475,1.727,15186000000.0,409000000.0,14777000000.0,15186000000.0,0.0,2030000000.0,0.0,0.025,2.2,7654000000.0,9684000000.0,0.475,9684000000.0,7654000000.0,6993000000.0,5.15,5.14,5.15,20422000000.0,20549500000.0,20422000000.0,85900243373.0,11.0,8.87,3063000000.0,3.658,1.0,15296000000.0,0.751,0.0,661000000.0,65951000000.0,64414000000.0,660000000.0,1738000000.0,330000000.0,1408000000.0,35268000000.0,3095000000.0,32173000000.0,73380243373.0,-211000000.0,0.0,-3112000000.0,1904000000.0,-1868000000.0,-3129000000.0,-4178000000.0,-330000000.0,7096000000.0,0.0,4375000000.0,4375000000.0,4375000000.0,0.0,0.0,0.215,7823000000.0,7473000000.0,2686000000.0,0.427,3.593,16.773,16.942,49461000000.0,0.0,87.25,3.603,3.587,1373000000.0,31266000000.0,20369000000.0,20369000000.0,0.0,0.08,0.213,0.119,0.376,0.0,4860000000.0,1.0,841034308.0,837400000.0,840100000.0,24.324,55690000000.0,0.0,2618000000.0,15593000000.0,66.503,1471000000.0
22,UNP,MRT,2016-03-31,2016-03-31,2016-03-31,2021-10-21,-1208000000.0,55772000000.0,54578000000.0,5083000000.0,50689000000.0,0.385,24.259,-4236000000.0,2673000000.0,2673000000.0,5324000000.0,4600000000.0,1.546,1.724,15193000000.0,402000000.0,14791000000.0,15193000000.0,0.0,2023000000.0,0.0,0.028,2.2,8008000000.0,10031000000.0,0.477,10031000000.0,8008000000.0,7367000000.0,5.36,5.35,5.36,20475000000.0,20691500000.0,20475000000.0,80142261542.0,10.0,7.989,3217000000.0,3.812,1.0,15704000000.0,0.747,0.0,641000000.0,65005000000.0,63441750000.0,716000000.0,1404000000.0,0.0,1404000000.0,35297000000.0,3287000000.0,32010000000.0,67332261542.0,1086000000.0,0.0,-3379000000.0,2955000000.0,-1887000000.0,-2361000000.0,-4006000000.0,0.0,7453000000.0,0.0,4600000000.0,4600000000.0,4600000000.0,0.0,0.0,0.219,7942000000.0,7762000000.0,2885000000.0,0.41,3.289,14.637,14.841,49071000000.0,0.0,79.55,3.202,3.193,1355000000.0,30747000000.0,21028000000.0,21028000000.0,0.0,0.084,0.222,0.126,0.381,0.0,5005000000.0,1.0,846414350.0,844000000.0,846700000.0,24.915,55772000000.0,0.0,2767000000.0,15404000000.0,66.081,1796000000.0
23,UNP,MRT,2015-12-31,2015-12-31,2015-12-31,2021-10-21,-1195000000.0,54600000000.0,53921250000.0,4130000000.0,50470000000.0,0.405,23.9,-4650000000.0,1391000000.0,1391000000.0,5664000000.0,4772000000.0,1.288,1.637,14201000000.0,594000000.0,13607000000.0,14201000000.0,0.0,2012000000.0,0.0,0.028,2.2,8278000000.0,10290000000.0,0.472,10290000000.0,8278000000.0,7656000000.0,5.51,5.49,5.51,20702000000.0,20837000000.0,20702000000.0,79033233579.0,10.0,7.681,2694000000.0,3.11,1.0,16149000000.0,0.74,0.0,622000000.0,64204000000.0,62307500000.0,736000000.0,1410000000.0,0.0,1410000000.0,33898000000.0,3206000000.0,30692000000.0,66792233579.0,-195000000.0,0.0,-3465000000.0,2772000000.0,-2344000000.0,-3063000000.0,-4476000000.0,0.0,7344000000.0,0.0,4772000000.0,4772000000.0,4772000000.0,0.0,0.0,0.219,8097000000.0,8052000000.0,2612000000.0,0.399,3.226,13.997,14.192,48866000000.0,0.0,78.2,3.062,3.105,1356000000.0,30233000000.0,21813000000.0,21813000000.0,0.0,0.088,0.229,0.133,0.379,0.0,5161000000.0,1.0,854120634.0,866200000.0,869400000.0,25.182,54600000000.0,0.0,2884000000.0,15241000000.0,63.034,924000000.0
24,UNP,MRT,2015-09-30,2015-09-30,2015-09-30,2021-10-21,-1212000000.0,53763000000.0,53364250000.0,3942000000.0,49821000000.0,0.426,23.872,-4443000000.0,1078000000.0,1078000000.0,6120000000.0,5086000000.0,1.124,1.61,13319000000.0,521000000.0,12798000000.0,13319000000.0,0.0,1984000000.0,0.0,0.024,2.15,8776000000.0,10760000000.0,0.473,10760000000.0,8776000000.0,8172000000.0,5.81,5.78,5.81,20599000000.0,20958750000.0,20599000000.0,88010612588.0,10.0,8.179,3209000000.0,3.719,1.0,16638000000.0,0.731,0.0,604000000.0,62496000000.0,60865250000.0,741000000.0,1373000000.0,0.0,1373000000.0,33164000000.0,3508000000.0,29656000000.0,76712612588.0,-809000000.0,0.0,-3708000000.0,1775000000.0,-2323000000.0,-4287000000.0,-4174000000.0,0.0,7652000000.0,0.0,5086000000.0,5086000000.0,5086000000.0,0.0,0.0,0.223,8131000000.0,8507000000.0,2987000000.0,0.37,3.724,15.083,15.217,48149000000.0,0.0,88.41,3.371,3.352,1508000000.0,29583000000.0,22758000000.0,22758000000.0,0.0,0.095,0.243,0.144,0.386,0.0,5230000000.0,1.0,867691580.0,862900000.0,865800000.0,26.374,53763000000.0,218000000.0,3086000000.0,15062000000.0,62.305,434000000.0
25,UNP,MRT,2015-06-30,2015-06-30,2015-06-30,2021-10-21,-1208000000.0,54177000000.0,53065500000.0,4983000000.0,49194000000.0,0.441,24.066,-4485000000.0,2041000000.0,2041000000.0,6587000000.0,5156000000.0,1.46,1.581,13339000000.0,431000000.0,12908000000.0,13339000000.0,0.0,1958000000.0,0.0,0.022,2.1,8888000000.0,10846000000.0,0.464,10846000000.0,8888000000.0,8297000000.0,5.83,5.81,5.83,20990000000.0,21197250000.0,20990000000.0,94218073233.0,11.0,8.687,3452000000.0,3.958,1.0,16791000000.0,0.718,0.0,591000000.0,62062000000.0,59829500000.0,762000000.0,1375000000.0,0.0,1375000000.0,33187000000.0,3413000000.0,29774000000.0,83505073233.0,504000000.0,0.0,-3380000000.0,2470000000.0,-2257000000.0,-3226000000.0,-4207000000.0,0.0,7937000000.0,0.0,5156000000.0,5156000000.0,5156000000.0,0.0,0.0,0.221,8162000000.0,8629000000.0,2982000000.0,0.36,3.978,16.196,16.358,47512000000.0,0.0,95.37,3.572,3.558,1513000000.0,28759000000.0,23378000000.0,23378000000.0,0.0,0.097,0.243,0.149,0.38,0.0,5250000000.0,1.0,875590576.0,872200000.0,875200000.0,26.803,54177000000.0,235000000.0,3141000000.0,14907000000.0,62.115,1570000000.0
26,UNP,MRT,2015-03-31,2015-03-31,2015-03-31,2021-10-21,-1218000000.0,53145000000.0,52411750000.0,4479000000.0,48666000000.0,0.457,23.947,-4554000000.0,1587000000.0,1587000000.0,7009000000.0,5243000000.0,1.321,1.524,12300000000.0,416000000.0,11884000000.0,12300000000.0,0.0,1931000000.0,0.0,0.019,2.005,9015000000.0,10946000000.0,0.457,10946000000.0,9015000000.0,8439000000.0,5.88,5.86,5.88,21057000000.0,21309750000.0,21057000000.0,105345873181.0,12.0,9.624,3128000000.0,3.557,1.0,16955000000.0,0.708,0.0,576000000.0,60468000000.0,58586750000.0,744000000.0,1375000000.0,0.0,1375000000.0,32088000000.0,3390000000.0,28698000000.0,95451873181.0,-270000000.0,0.0,-3373000000.0,2098000000.0,-2191000000.0,-3466000000.0,-4486000000.0,0.0,7682000000.0,0.0,5243000000.0,5243000000.0,5243000000.0,0.0,0.0,0.219,8079000000.0,8876000000.0,2974000000.0,0.341,4.533,18.206,18.42,46928000000.0,0.0,108.31,3.983,3.974,1564000000.0,28034000000.0,23964000000.0,23964000000.0,0.0,0.1,0.246,0.154,0.376,0.0,5191000000.0,1.0,881284029.0,879300000.0,882800000.0,27.253,53145000000.0,250000000.0,3196000000.0,14774000000.0,60.44,1089000000.0
27,UNP,MRT,2014-12-31,2014-12-31,2014-12-31,2021-10-21,-1210000000.0,52372000000.0,51850000000.0,4401000000.0,47971000000.0,0.463,23.619,-4346000000.0,1586000000.0,1586000000.0,7331000000.0,5180000000.0,1.169,1.472,11413000000.0,461000000.0,10952000000.0,11413000000.0,0.0,1904000000.0,0.0,0.016,1.91,8904000000.0,10808000000.0,0.451,10808000000.0,8904000000.0,8343000000.0,5.77,5.75,5.77,21189000000.0,21363500000.0,21189000000.0,115536397346.0,13.0,10.69,3039000000.0,3.388,1.0,16657000000.0,0.694,0.0,561000000.0,58435000000.0,57227000000.0,712000000.0,1390000000.0,0.0,1390000000.0,31183000000.0,3764000000.0,27419000000.0,105918397346.0,154000000.0,0.0,-3225000000.0,1878000000.0,-1632000000.0,-2982000000.0,-4249000000.0,0.0,7385000000.0,0.0,5180000000.0,5180000000.0,5180000000.0,0.0,0.0,0.216,7904000000.0,8753000000.0,3303000000.0,0.331,4.999,20.448,20.646,46272000000.0,0.0,119.13,4.415,4.455,1611000000.0,27367000000.0,23988000000.0,23988000000.0,0.0,0.1,0.242,0.156,0.371,0.0,5076000000.0,1.0,889099281.0,897100000.0,901100000.0,26.739,52372000000.0,0.0,3163000000.0,14403000000.0,58.379,637000000.0
28,UNP,MRT,2014-09-30,2014-09-30,2014-09-30,2021-10-21,-708000000.0,52568000000.0,51189750000.0,4780000000.0,47788000000.0,0.458,24.13,-4087000000.0,1887000000.0,1887000000.0,7358000000.0,4923000000.0,1.247,1.439,11505000000.0,460000000.0,11045000000.0,11505000000.0,0.0,1873000000.0,0.0,0.017,1.805,8470000000.0,10343000000.0,0.441,10343000000.0,8470000000.0,7928000000.0,5.435,5.425,5.435,21553000000.0,21372500000.0,21553000000.0,106605130208.0,13.0,10.307,3213000000.0,3.597,1.0,16107000000.0,0.686,0.0,542000000.0,58353000000.0,56139500000.0,736000000.0,1384000000.0,0.0,1384000000.0,31015000000.0,3833000000.0,27182000000.0,97299130208.0,521000000.0,0.0,-3098000000.0,1986000000.0,-1551000000.0,-2645000000.0,-4134000000.0,0.0,7300000000.0,0.0,4923000000.0,4923000000.0,4923000000.0,0.0,0.0,0.21,7754000000.0,8353000000.0,3373000000.0,0.332,4.514,19.764,19.948,45553000000.0,0.0,108.42,4.147,4.127,1635000000.0,26380000000.0,23465000000.0,23465000000.0,0.0,0.096,0.23,0.151,0.361,0.0,4997000000.0,1.0,897427875.0,893200000.0,896900000.0,26.271,52568000000.0,218000000.0,3005000000.0,14421000000.0,58.854,947000000.0
29,UNP,MRT,2014-06-30,2014-06-30,2014-06-30,2021-10-21,-714000000.0,51562000000.0,50287250000.0,4503000000.0,47059000000.0,0.455,23.783,-3834000000.0,1537000000.0,1537000000.0,7279000000.0,4704000000.0,1.192,1.405,10843000000.0,458000000.0,10385000000.0,10843000000.0,0.0,1839000000.0,0.0,0.017,1.7,8110000000.0,9949000000.0,0.435,9949000000.0,8110000000.0,7574000000.0,5.155,5.135,5.155,21440000000.0,21177750000.0,21440000000.0,98674892330.0,12.0,9.918,2992000000.0,3.319,1.0,15577000000.0,0.682,0.0,536000000.0,57091000000.0,54899250000.0,739000000.0,1369000000.0,0.0,1369000000.0,30122000000.0,3777000000.0,26345000000.0,90355892330.0,-308000000.0,0.0,-2835000000.0,1253000000.0,-1463000000.0,-3290000000.0,-3844000000.0,0.0,6826000000.0,0.0,4704000000.0,4704000000.0,4704000000.0,0.0,0.0,0.206,7592000000.0,7985000000.0,3319000000.0,0.33,4.214,19.208,19.35,44901000000.0,0.0,99.75,3.953,3.934,1666000000.0,25456000000.0,22856000000.0,22856000000.0,0.0,0.094,0.222,0.148,0.355,0.0,4906000000.0,1.0,905823482.0,901500000.0,905000000.0,25.353,51562000000.0,239000000.0,2870000000.0,14301000000.0,57.196,726000000.0
30,UNP,MRT,2014-03-31,2014-03-31,2014-03-31,2021-10-21,-734000000.0,50898000000.0,49653250000.0,4679000000.0,46219000000.0,0.449,23.425,-3607000000.0,1857000000.0,1857000000.0,7154000000.0,4519000000.0,1.117,1.393,10176000000.0,632000000.0,9544000000.0,10176000000.0,0.0,1807000000.0,0.0,0.017,1.59,7793000000.0,9600000000.0,0.43,9600000000.0,7793000000.0,7262000000.0,4.915,4.885,4.915,21272000000.0,20948750000.0,21272000000.0,93541110905.0,12.0,9.744,3459000000.0,3.809,1.0,15157000000.0,0.679,0.0,531000000.0,55029000000.0,53917750000.0,705000000.0,1344000000.0,0.0,1344000000.0,29626000000.0,4188000000.0,25438000000.0,85396110905.0,-60000000.0,0.0,-2488000000.0,535000000.0,-1373000000.0,-3616000000.0,-3510000000.0,0.0,7066000000.0,0.0,4519000000.0,4519000000.0,4519000000.0,0.0,0.0,0.203,7490000000.0,7667000000.0,3556000000.0,0.323,4.014,18.897,19.091,44189000000.0,0.0,93.83,3.828,3.819,1542000000.0,25962000000.0,22311000000.0,22311000000.0,0.0,0.091,0.216,0.145,0.349,0.0,4845000000.0,1.0,910115218.0,908100000.0,912500000.0,24.569,50898000000.0,259000000.0,2743000000.0,14229000000.0,56.049,491000000.0
31,UNP,MRT,2013-12-31,2013-12-31,2013-12-31,2021-10-21,-750000000.0,49731000000.0,49069000000.0,3990000000.0,45741000000.0,0.448,22.909,-3496000000.0,1432000000.0,1432000000.0,7084000000.0,4388000000.0,1.052,1.343,9577000000.0,705000000.0,8872000000.0,9577000000.0,0.0,1777000000.0,0.0,0.018,1.48,7574000000.0,9351000000.0,0.426,9351000000.0,7574000000.0,7048000000.0,4.74,4.71,4.74,21225000000.0,20666750000.0,21225000000.0,85464531184.0,11.0,9.14,3327000000.0,3.591,1.0,14879000000.0,0.677,0.0,526000000.0,54085000000.0,53384250000.0,653000000.0,1321000000.0,0.0,1321000000.0,28506000000.0,3791000000.0,24715000000.0,77375531184.0,369000000.0,0.0,-2218000000.0,803000000.0,-1333000000.0,-3049000000.0,-3405000000.0,0.0,6823000000.0,0.0,4388000000.0,4388000000.0,4388000000.0,0.0,0.0,0.2,7433000000.0,7446000000.0,3086000000.0,0.312,3.645,17.633,17.722,43749000000.0,0.0,84.0,3.523,3.544,1414000000.0,23901000000.0,21963000000.0,21963000000.0,0.0,0.089,0.212,0.142,0.345,0.0,4807000000.0,1.0,921137276.0,926500000.0,931500000.0,23.705,49731000000.0,268000000.0,2660000000.0,14163000000.0,53.676,199000000.0
32,UNP,MRT,2013-09-30,2013-09-30,2013-09-30,2021-10-21,-1143000000.0,48958000000.0,48424500000.0,4064000000.0,44894000000.0,0.446,22.495,-3440000000.0,1366000000.0,1366000000.0,7038000000.0,4250000000.0,1.112,1.357,9455000000.0,691000000.0,8764000000.0,9455000000.0,0.0,1772000000.0,0.0,0.018,1.43,7332000000.0,9104000000.0,0.422,9104000000.0,7332000000.0,6805000000.0,4.57,4.535,4.57,20774000000.0,20329750000.0,20774000000.0,80017579465.0,11.0,8.789,3236000000.0,3.504,1.0,14545000000.0,0.674,0.0,527000000.0,53392000000.0,52855000000.0,683000000.0,1282000000.0,0.0,1282000000.0,28184000000.0,3655000000.0,24529000000.0,72053579465.0,236000000.0,0.0,-1727000000.0,219000000.0,-1254000000.0,-3077000000.0,-3363000000.0,0.0,6676000000.0,0.0,4250000000.0,4250000000.0,4250000000.0,0.0,0.0,0.197,7347000000.0,7198000000.0,2964000000.0,0.313,3.468,16.954,16.996,43311000000.0,0.0,77.67,3.338,3.323,1469000000.0,24476000000.0,21583000000.0,21583000000.0,0.0,0.088,0.209,0.139,0.34,0.0,4732000000.0,1.0,927688676.0,923500000.0,928400000.0,23.371,48958000000.0,230000000.0,2555000000.0,13739000000.0,53.014,409000000.0
33,UNP,MRT,2013-06-30,2013-06-30,2013-06-30,2021-10-21,-1148000000.0,49026000000.0,47952500000.0,4543000000.0,44483000000.0,0.445,22.055,-3378000000.0,1845000000.0,1845000000.0,6997000000.0,4141000000.0,1.188,1.389,9809000000.0,733000000.0,9076000000.0,9809000000.0,0.0,1772000000.0,0.0,0.017,1.335,7156000000.0,8928000000.0,0.418,8928000000.0,7156000000.0,6630000000.0,4.425,4.39,4.425,20524000000.0,20023500000.0,20524000000.0,79958609351.0,11.0,8.956,3225000000.0,3.466,1.0,14356000000.0,0.672,0.0,526000000.0,53165000000.0,52395000000.0,654000000.0,1272000000.0,0.0,1272000000.0,28502000000.0,3825000000.0,24677000000.0,72014609351.0,644000000.0,0.0,-1474000000.0,240000000.0,-1217000000.0,-2469000000.0,-3490000000.0,0.0,6603000000.0,0.0,4141000000.0,4141000000.0,4141000000.0,0.0,0.0,0.194,7334000000.0,7022000000.0,3092000000.0,0.302,3.509,17.391,17.433,42911000000.0,0.0,77.14,3.373,3.362,1468000000.0,23690000000.0,21353000000.0,21353000000.0,0.0,0.086,0.207,0.137,0.335,0.0,4724000000.0,1.0,933557290.0,930600000.0,935300000.0,22.945,49026000000.0,242000000.0,2489000000.0,13477000000.0,52.682,718000000.0
34,UNP,MRT,2013-03-31,2013-03-31,2013-03-31,2021-10-21,-1169000000.0,48561000000.0,47289500000.0,4646000000.0,43915000000.0,0.446,21.531,-3442000000.0,1917000000.0,1917000000.0,6970000000.0,4037000000.0,1.287,1.411,9861000000.0,552000000.0,9309000000.0,9861000000.0,0.0,1767000000.0,0.0,0.018,1.29,7000000000.0,8767000000.0,0.415,8767000000.0,7000000000.0,6472000000.0,4.29,4.26,4.29,20144000000.0,19664250000.0,20144000000.0,74766832424.0,11.0,8.528,2839000000.0,3.034,1.0,14134000000.0,0.67,0.0,528000000.0,52895000000.0,51771750000.0,655000000.0,1240000000.0,0.0,1240000000.0,28417000000.0,3610000000.0,24807000000.0,66832832424.0,922000000.0,0.0,-1415000000.0,870000000.0,-1180000000.0,-1756000000.0,-3603000000.0,0.0,6281000000.0,0.0,4037000000.0,4037000000.0,4037000000.0,0.0,0.0,0.191,7266000000.0,6868000000.0,3058000000.0,0.301,3.318,16.555,16.598,42376000000.0,0.0,71.205,3.167,3.157,1512000000.0,22905000000.0,21104000000.0,21104000000.0,0.0,0.085,0.205,0.135,0.332,0.0,4690000000.0,1.0,938597464.0,935600000.0,941000000.0,22.557,48561000000.0,251000000.0,2435000000.0,13288000000.0,51.904,1036000000.0
35,UNP,MRT,2012-12-31,2012-12-31,2012-12-31,2021-10-21,-1186000000.0,47153000000.0,46483250000.0,3614000000.0,43539000000.0,0.45,21.007,-3464000000.0,1063000000.0,1063000000.0,6948000000.0,3943000000.0,1.159,1.372,8997000000.0,196000000.0,8801000000.0,8997000000.0,0.0,1760000000.0,0.0,0.02,1.245,6853000000.0,8613000000.0,0.412,8613000000.0,6853000000.0,6318000000.0,4.17,4.14,4.17,19877000000.0,19317000000.0,19877000000.0,67494331207.0,10.0,7.836,2697000000.0,2.85,1.0,13978000000.0,0.668,0.0,535000000.0,51968000000.0,50866500000.0,660000000.0,1259000000.0,0.0,1259000000.0,27276000000.0,3119000000.0,24157000000.0,59138331207.0,-154000000.0,0.0,-1474000000.0,-63000000.0,-1146000000.0,-2682000000.0,-3633000000.0,0.0,6161000000.0,0.0,3943000000.0,3943000000.0,3943000000.0,0.0,0.0,0.188,7233000000.0,6745000000.0,2923000000.0,0.299,2.975,14.998,15.074,41997000000.0,0.0,62.86,2.826,2.842,1331000000.0,22271000000.0,20926000000.0,20926000000.0,0.0,0.085,0.204,0.135,0.327,0.0,4685000000.0,1.0,940794324.0,946200000.0,952900000.0,22.116,47153000000.0,263000000.0,2375000000.0,13108000000.0,49.834,495000000.0
36,UNP,MRT,2012-09-30,2012-09-30,2012-09-30,2021-10-21,-1015000000.0,47070000000.0,45969000000.0,3946000000.0,43124000000.0,0.452,20.709,-3617000000.0,1130000000.0,1130000000.0,6925000000.0,3871000000.0,1.019,1.408,9486000000.0,713000000.0,8773000000.0,9486000000.0,0.0,1720000000.0,0.0,0.02,1.2,6756000000.0,8476000000.0,0.408,8476000000.0,6756000000.0,6208000000.0,4.06,4.035,4.06,19549000000.0,18992250000.0,19549000000.0,64432236483.0,10.0,7.602,2288000000.0,2.424,1.0,13859000000.0,0.667,0.0,548000000.0,51552000000.0,50241500000.0,680000000.0,1235000000.0,0.0,1235000000.0,27521000000.0,3874000000.0,23647000000.0,56217236483.0,-517000000.0,0.0,-1561000000.0,-57000000.0,-1090000000.0,-2678000000.0,-3744000000.0,0.0,5905000000.0,0.0,3871000000.0,3871000000.0,3871000000.0,0.0,0.0,0.186,7222000000.0,6637000000.0,3161000000.0,0.296,2.876,14.523,14.618,41617000000.0,0.0,59.35,2.705,2.696,1583000000.0,21560000000.0,20784000000.0,20784000000.0,0.0,0.084,0.204,0.134,0.325,0.0,4705000000.0,1.0,947215442.0,944000000.0,950400000.0,22.017,47070000000.0,293000000.0,2337000000.0,12858000000.0,49.862,72000000.0
37,UNP,MRT,2012-06-30,2012-06-30,2012-06-30,2021-10-21,-1061000000.0,46374000000.0,45468000000.0,3956000000.0,42418000000.0,0.452,20.142,-3665000000.0,1201000000.0,1201000000.0,6918000000.0,3733000000.0,1.01,1.43,9416000000.0,780000000.0,8636000000.0,9416000000.0,0.0,1681000000.0,0.0,0.019,1.137,6537000000.0,8218000000.0,0.4,8218000000.0,6537000000.0,5984000000.0,3.89,3.865,3.89,19087000000.0,18746250000.0,19087000000.0,64657600004.0,10.0,7.868,2344000000.0,2.474,1.0,13624000000.0,0.663,0.0,553000000.0,50672000000.0,49629000000.0,646000000.0,1211000000.0,0.0,1211000000.0,27287000000.0,3917000000.0,23370000000.0,56817600004.0,146000000.0,0.0,-1643000000.0,429000000.0,-1038000000.0,-2228000000.0,-3635000000.0,0.0,6009000000.0,0.0,3733000000.0,3733000000.0,3733000000.0,0.0,0.0,0.182,7195000000.0,6429000000.0,3137000000.0,0.292,2.977,15.22,15.335,40937000000.0,0.0,59.655,2.766,2.752,1497000000.0,20802000000.0,20542000000.0,20542000000.0,0.0,0.082,0.199,0.132,0.318,0.0,4710000000.0,1.0,952436510.0,947600000.0,954400000.0,21.678,46374000000.0,324000000.0,2251000000.0,12646000000.0,48.938,39000000.0
38,UNP,MRT,2012-03-31,2012-03-31,2012-03-31,2021-10-21,-1046000000.0,45336000000.0,44881750000.0,3565000000.0,41771000000.0,0.45,19.626,-3329000000.0,995000000.0,995000000.0,6898000000.0,3516000000.0,0.914,1.417,8835000000.0,769000000.0,8066000000.0,8835000000.0,0.0,1649000000.0,0.0,0.02,1.075,6210000000.0,7859000000.0,0.389,7859000000.0,6210000000.0,5644000000.0,3.64,3.61,3.64,18755000000.0,18551000000.0,18755000000.0,59286694130.0,10.0,7.544,2654000000.0,2.777,1.0,13281000000.0,0.658,0.0,566000000.0,49274000000.0,49150750000.0,682000000.0,1210000000.0,0.0,1210000000.0,26581000000.0,3902000000.0,22679000000.0,51597694130.0,-253000000.0,0.0,-1603000000.0,-189000000.0,-940000000.0,-2944000000.0,-3292000000.0,0.0,5983000000.0,0.0,3516000000.0,3516000000.0,3516000000.0,0.0,0.0,0.174,7184000000.0,6097000000.0,3133000000.0,0.295,2.751,14.675,14.764,40309000000.0,0.0,53.74,2.557,2.545,1327000000.0,20084000000.0,20179000000.0,20179000000.0,0.0,0.078,0.19,0.126,0.308,0.0,4725000000.0,1.0,960135730.0,955600000.0,962800000.0,21.117,45336000000.0,314000000.0,2128000000.0,12505000000.0,47.442,-337000000.0
39,UNP,MRT,2011-12-31,2011-12-31,2011-12-31,2021-10-21,-1054000000.0,45096000000.0,44444500000.0,3727000000.0,41369000000.0,0.44,19.125,-3091000000.0,1217000000.0,1217000000.0,6753000000.0,3292000000.0,1.124,1.427,8906000000.0,209000000.0,8697000000.0,8906000000.0,0.0,1617000000.0,0.0,0.018,0.965,5836000000.0,7453000000.0,0.381,7453000000.0,5836000000.0,5264000000.0,3.39,3.36,3.39,18578000000.0,18373750000.0,18578000000.0,58937175049.0,10.0,7.908,2782000000.0,2.864,1.0,12804000000.0,0.655,0.0,572000000.0,49468000000.0,48979250000.0,614000000.0,1175000000.0,0.0,1175000000.0,26518000000.0,3317000000.0,23201000000.0,51177175049.0,131000000.0,0.0,-1418000000.0,-204000000.0,-837000000.0,-2623000000.0,-3119000000.0,0.0,5873000000.0,0.0,3292000000.0,3292000000.0,3292000000.0,0.0,0.0,0.168,7080000000.0,5724000000.0,3108000000.0,0.285,2.755,15.546,15.625,39934000000.0,0.0,52.97,2.617,2.631,1401000000.0,19508000000.0,19557000000.0,19557000000.0,0.0,0.074,0.179,0.119,0.298,0.0,4681000000.0,1.0,966153956.0,971400000.0,979600000.0,20.133,45096000000.0,306000000.0,1972000000.0,12368000000.0,46.424,410000000.0
40,UNP,MRT,2011-09-30,2011-09-30,2011-09-30,2021-10-21,-732000000.0,45066000000.0,43942500000.0,4214000000.0,40852000000.0,0.429,19.171,-2929000000.0,1647000000.0,1647000000.0,6453000000.0,3103000000.0,1.132,1.427,9407000000.0,642000000.0,8765000000.0,9407000000.0,0.0,1584000000.0,0.0,0.021,0.855,5487000000.0,7071000000.0,0.375,7071000000.0,5487000000.0,4914000000.0,3.175,3.145,3.175,18565000000.0,18170000000.0,18565000000.0,47745203802.0,9.0,6.752,2790000000.0,2.881,1.0,12406000000.0,0.658,0.0,573000000.0,49102000000.0,48685250000.0,607000000.0,1171000000.0,0.0,1171000000.0,26501000000.0,3724000000.0,22777000000.0,39862203802.0,289000000.0,0.0,-1266000000.0,-181000000.0,-771000000.0,-2374000000.0,-3056000000.0,0.0,5719000000.0,0.0,3103000000.0,3103000000.0,3103000000.0,0.0,0.0,0.165,6986000000.0,5420000000.0,3082000000.0,0.269,2.147,12.846,12.861,39425000000.0,0.0,40.835,2.114,2.097,1424000000.0,18833000000.0,18859000000.0,18859000000.0,0.0,0.071,0.171,0.113,0.291,0.0,4638000000.0,1.0,976177392.0,968400000.0,976200000.0,19.474,45066000000.0,305000000.0,1811000000.0,12290000000.0,46.537,490000000.0
41,UNP,MRT,2011-06-30,2011-06-30,2011-06-30,2021-10-21,-719000000.0,44029000000.0,43426250000.0,3699000000.0,40330000000.0,0.418,18.741,-2668000000.0,1055000000.0,1055000000.0,6103000000.0,2977000000.0,1.173,1.405,8938000000.0,179000000.0,8759000000.0,8938000000.0,0.0,1548000000.0,0.0,0.015,0.782,5318000000.0,6866000000.0,0.378,6866000000.0,5318000000.0,4734000000.0,3.03,3.0,3.03,18306000000.0,17887750000.0,18306000000.0,59158412340.0,11.0,8.616,2382000000.0,2.439,1.0,12063000000.0,0.664,0.0,584000000.0,48759000000.0,48454000000.0,630000000.0,1176000000.0,0.0,1176000000.0,25723000000.0,3153000000.0,22570000000.0,51210412340.0,-262000000.0,0.0,-1435000000.0,-164000000.0,-704000000.0,-2526000000.0,-2786000000.0,0.0,5050000000.0,0.0,2977000000.0,2977000000.0,2977000000.0,0.0,0.0,0.164,6820000000.0,5243000000.0,2974000000.0,0.258,2.797,17.202,17.228,38908000000.0,0.0,52.2,2.819,2.807,1427000000.0,18159000000.0,18166000000.0,18166000000.0,0.0,0.069,0.166,0.11,0.293,0.0,4537000000.0,1.0,981042382.0,976800000.0,984800000.0,18.597,44029000000.0,315000000.0,1757000000.0,12016000000.0,45.075,546000000.0
42,UNP,MRT,2011-03-31,2011-03-31,2011-03-31,2021-10-21,-728000000.0,43587000000.0,43052750000.0,3677000000.0,39910000000.0,0.406,18.429,-2587000000.0,1248000000.0,1248000000.0,5762000000.0,2903000000.0,1.248,1.415,9196000000.0,180000000.0,9016000000.0,9196000000.0,0.0,1515000000.0,0.0,0.014,0.71,5198000000.0,6713000000.0,0.384,6713000000.0,5198000000.0,4610000000.0,2.935,2.905,2.935,18046000000.0,17642000000.0,18046000000.0,56436169235.0,11.0,8.407,2156000000.0,2.202,1.0,11728000000.0,0.671,0.0,588000000.0,48588000000.0,48151250000.0,582000000.0,1157000000.0,0.0,1157000000.0,25541000000.0,2947000000.0,22594000000.0,48280169235.0,-505000000.0,0.0,-1497000000.0,-474000000.0,-653000000.0,-2598000000.0,-2650000000.0,0.0,4743000000.0,0.0,2903000000.0,2903000000.0,2903000000.0,0.0,0.0,0.166,6598000000.0,5130000000.0,2767000000.0,0.242,2.675,16.631,16.751,38512000000.0,0.0,49.165,2.76,2.753,1275000000.0,17607000000.0,17490000000.0,17490000000.0,0.0,0.067,0.165,0.108,0.297,0.0,4422000000.0,1.0,982002832.0,979200000.0,988200000.0,17.862,43587000000.0,307000000.0,1707000000.0,11788000000.0,44.513,730000000.0
43,UNP,MRT,2010-12-31,2010-12-31,2010-12-31,2021-10-21,-734000000.0,43088000000.0,42834000000.0,3432000000.0,39656000000.0,0.396,17.827,-2482000000.0,1086000000.0,1086000000.0,5464000000.0,2780000000.0,1.163,1.426,9242000000.0,239000000.0,9003000000.0,9242000000.0,0.0,1487000000.0,0.0,0.014,0.655,5035000000.0,6522000000.0,0.384,6522000000.0,5035000000.0,4433000000.0,2.79,2.765,2.79,17763000000.0,17433750000.0,17763000000.0,54056160673.0,11.0,8.288,1623000000.0,1.629,1.0,11501000000.0,0.678,0.0,602000000.0,48292000000.0,47946500000.0,534000000.0,1137000000.0,0.0,1137000000.0,25325000000.0,2952000000.0,22373000000.0,45695160673.0,-764000000.0,0.0,-1249000000.0,-518000000.0,-602000000.0,-2381000000.0,-2488000000.0,0.0,4105000000.0,0.0,2780000000.0,2780000000.0,2780000000.0,0.0,0.0,0.164,6520000000.0,4981000000.0,2713000000.0,0.235,2.572,16.437,16.606,38253000000.0,0.0,46.33,2.693,2.721,1184000000.0,17154000000.0,16965000000.0,16965000000.0,0.0,0.065,0.159,0.105,0.297,0.0,4314000000.0,1.0,986297446.0,996400000.0,1005800000.0,17.026,43088000000.0,261000000.0,1653000000.0,11557000000.0,43.244,480000000.0
44,UNP,MRT,2010-09-30,2010-09-30,2010-09-30,2021-10-21,-649000000.0,43001000000.0,42608000000.0,3910000000.0,39091000000.0,0.383,17.684,-2132000000.0,1358000000.0,1358000000.0,5267000000.0,2554000000.0,1.228,1.466,9719000000.0,659000000.0,9060000000.0,9719000000.0,0.0,1480000000.0,0.0,0.015,0.6,4735000000.0,6215000000.0,0.381,6215000000.0,4735000000.0,4122000000.0,2.56,2.53,2.56,17436000000.0,17193250000.0,17436000000.0,48748830088.0,10.0,7.844,1593000000.0,1.616,1.0,11042000000.0,0.677,0.0,613000000.0,48177000000.0,47748500000.0,504000000.0,1104000000.0,0.0,1104000000.0,25565000000.0,3185000000.0,22380000000.0,40700830088.0,-77000000.0,0.0,-1019000000.0,-84000000.0,-574000000.0,-1702000000.0,-2100000000.0,0.0,3725000000.0,0.0,2554000000.0,2554000000.0,2554000000.0,0.0,0.0,0.157,6375000000.0,4667000000.0,2526000000.0,0.234,2.334,15.936,15.977,37749000000.0,0.0,40.9,2.496,2.473,1297000000.0,16566000000.0,16309000000.0,16309000000.0,0.0,0.06,0.149,0.099,0.29,0.0,4220000000.0,1.0,995130320.0,986000000.0,995400000.0,16.541,43001000000.0,357000000.0,1568000000.0,11480000000.0,43.612,725000000.0
45,UNP,MRT,2010-06-30,2010-06-30,2010-06-30,2021-10-21,-648000000.0,42535000000.0,42280000000.0,3702000000.0,38833000000.0,0.368,17.261,-2244000000.0,1317000000.0,1317000000.0,5071000000.0,2290000000.0,1.22,1.455,9365000000.0,248000000.0,9117000000.0,9365000000.0,0.0,1471000000.0,0.0,0.016,0.57,4284000000.0,5755000000.0,0.37,5755000000.0,4284000000.0,3668000000.0,2.28,2.255,2.28,17323000000.0,16941500000.0,17323000000.0,43146598539.0,10.0,7.497,1147000000.0,1.143,1.0,10501000000.0,0.674,0.0,616000000.0,47548000000.0,47529000000.0,496000000.0,1064000000.0,0.0,1064000000.0,25212000000.0,3035000000.0,22177000000.0,35180598539.0,-339000000.0,0.0,-422000000.0,-728000000.0,-544000000.0,-1656000000.0,-2074000000.0,0.0,3391000000.0,0.0,2290000000.0,2290000000.0,2290000000.0,0.0,0.0,0.147,6274000000.0,4227000000.0,2787000000.0,0.25,2.031,15.363,15.243,37527000000.0,0.0,34.755,2.259,2.24,1250000000.0,15951000000.0,15572000000.0,15572000000.0,0.0,0.054,0.135,0.09,0.275,0.0,4127000000.0,1.0,1012245678.0,1003600000.0,1013000000.0,15.516,42535000000.0,364000000.0,1378000000.0,11189000000.0,42.382,667000000.0
46,UNP,MRT,2010-03-31,2010-03-31,2010-03-31,2021-10-21,-648000000.0,42712000000.0,42033750000.0,4112000000.0,38600000000.0,0.35,17.059,-2194000000.0,1753000000.0,1753000000.0,4785000000.0,2044000000.0,1.414,1.481,9719000000.0,239000000.0,9480000000.0,9719000000.0,0.0,1453000000.0,0.0,0.015,0.54,3869000000.0,5322000000.0,0.362,5322000000.0,3869000000.0,3255000000.0,2.03,2.015,2.03,17213000000.0,16615500000.0,17213000000.0,45035490774.0,12.0,8.462,948000000.0,0.94,1.0,9908000000.0,0.674,0.0,614000000.0,47769000000.0,47404500000.0,506000000.0,1036000000.0,0.0,1036000000.0,25499000000.0,2909000000.0,22590000000.0,37037490774.0,287000000.0,0.0,0.0,-421000000.0,-543000000.0,-843000000.0,-2012000000.0,0.0,3142000000.0,0.0,2044000000.0,2044000000.0,2044000000.0,0.0,0.0,0.139,6212000000.0,3696000000.0,2670000000.0,0.266,2.152,18.12,18.054,37301000000.0,0.0,36.65,2.521,2.517,1218000000.0,15406000000.0,14693000000.0,14693000000.0,0.0,0.049,0.123,0.082,0.263,0.0,4052000000.0,1.0,1010572736.0,1009000000.0,1017400000.0,14.562,42712000000.0,355000000.0,1211000000.0,11116000000.0,42.331,1203000000.0
47,UNP,MRT,2009-12-31,2009-12-31,2009-12-31,2021-10-21,-654000000.0,42184000000.0,41405500000.0,3680000000.0,38504000000.0,0.342,16.701,-2254000000.0,1850000000.0,1850000000.0,4587000000.0,1890000000.0,1.372,1.511,9848000000.0,212000000.0,9636000000.0,9848000000.0,0.0,1427000000.0,0.0,0.017,0.54,3574000000.0,5001000000.0,0.354,5001000000.0,3574000000.0,2974000000.0,1.88,1.87,1.88,16801000000.0,16225750000.0,16801000000.0,40598695030.0,11.0,8.118,950000000.0,0.944,1.0,9556000000.0,0.676,0.0,600000000.0,47500000000.0,46773750000.0,475000000.0,1036000000.0,0.0,1036000000.0,25383000000.0,2682000000.0,22701000000.0,32240695030.0,601000000.0,0.0,0.0,-28000000.0,-544000000.0,-458000000.0,-2145000000.0,0.0,3204000000.0,0.0,1890000000.0,1890000000.0,1890000000.0,0.0,0.0,0.134,6177000000.0,3379000000.0,2470000000.0,0.287,1.919,17.059,16.995,37202000000.0,0.0,31.95,2.28,2.273,666000000.0,15027000000.0,14143000000.0,14143000000.0,0.0,0.046,0.116,0.076,0.253,0.0,4063000000.0,1.0,1009098436.0,1006000000.0,1011600000.0,14.059,42184000000.0,339000000.0,1084000000.0,11044000000.0,41.932,998000000.0
48,UNP,MRT,2009-09-30,2009-09-30,2009-09-30,2021-10-21,-713000000.0,41689000000.0,40790000000.0,3217000000.0,38472000000.0,0.36,16.328,-2543000000.0,1435000000.0,1435000000.0,4888000000.0,1999000000.0,1.171,1.538,9793000000.0,173000000.0,9620000000.0,9793000000.0,0.0,1386000000.0,0.0,0.019,0.54,3713000000.0,5099000000.0,0.347,5099000000.0,3713000000.0,3139000000.0,1.975,1.965,1.975,16429000000.0,15887250000.0,16429000000.0,37760179887.0,10.0,7.405,662000000.0,0.658,1.0,9787000000.0,0.667,0.0,574000000.0,47299000000.0,46028750000.0,490000000.0,1013000000.0,0.0,1013000000.0,25260000000.0,2748000000.0,22512000000.0,29426179887.0,578000000.0,0.0,-199000000.0,461000000.0,-545000000.0,-180000000.0,-2447000000.0,0.0,3205000000.0,0.0,1999000000.0,1999000000.0,1999000000.0,0.0,0.0,0.136,6271000000.0,3516000000.0,2575000000.0,0.273,1.791,14.72,14.772,37122000000.0,0.0,29.175,2.005,2.0,727000000.0,14752000000.0,14675000000.0,14675000000.0,0.0,0.049,0.126,0.081,0.253,0.0,4146000000.0,1.0,1008609422.0,1006200000.0,1014000000.0,14.585,41689000000.0,299000000.0,1140000000.0,10595000000.0,41.432,469000000.0
49,UNP,MRT,2009-06-30,2009-06-30,2009-06-30,2021-10-21,-714000000.0,41550000000.0,40255500000.0,3346000000.0,38204000000.0,0.394,15.927,-2283000000.0,1656000000.0,1656000000.0,5661000000.0,2188000000.0,1.181,1.594,9990000000.0,174000000.0,9816000000.0,9990000000.0,0.0,1371000000.0,0.0,0.021,0.54,3976000000.0,5347000000.0,0.337,5347000000.0,3976000000.0,3428000000.0,2.16,2.15,2.16,16019000000.0,15713750000.0,16019000000.0,33972700001.0,9.0,6.354,1433000000.0,1.425,1.0,10189000000.0,0.643,0.0,548000000.0,47050000000.0,45132750000.0,507000000.0,990000000.0,0.0,990000000.0,25531000000.0,2834000000.0,22697000000.0,26243700001.0,1045000000.0,0.0,-699000000.0,819000000.0,-523000000.0,-276000000.0,-2395000000.0,0.0,3716000000.0,0.0,2188000000.0,2188000000.0,2188000000.0,0.0,0.0,0.138,6419000000.0,3770000000.0,2660000000.0,0.25,1.638,11.994,12.051,36763000000.0,0.0,26.03,1.656,1.652,629000000.0,14371000000.0,15850000000.0,15850000000.0,0.0,0.054,0.139,0.088,0.251,0.0,4270000000.0,1.0,1008209758.0,1005800000.0,1010600000.0,15.759,41550000000.0,283000000.0,1240000000.0,10487000000.0,41.31,512000000.0
50,UNP,MRT,2009-03-31,2009-03-31,2009-03-31,2021-10-21,-730000000.0,40199000000.0,39646000000.0,3017000000.0,37182000000.0,0.432,15.57,-2267000000.0,1466000000.0,1466000000.0,6576000000.0,2254000000.0,1.125,1.568,9195000000.0,137000000.0,9058000000.0,9195000000.0,0.0,1367000000.0,0.0,0.025,0.515,4043000000.0,5410000000.0,0.316,5410000000.0,4043000000.0,3517000000.0,2.215,2.2,2.215,15654000000.0,15600500000.0,15654000000.0,28364286142.0,7.0,5.243,1660000000.0,1.651,1.0,10539000000.0,0.616,0.0,526000000.0,45246000000.0,44231750000.0,446000000.0,947000000.0,0.0,947000000.0,24545000000.0,2682000000.0,21863000000.0,20686286142.0,639000000.0,0.0,-1173000000.0,885000000.0,-502000000.0,-693000000.0,-2595000000.0,0.0,3927000000.0,0.0,2254000000.0,2254000000.0,2254000000.0,0.0,0.0,0.132,6586000000.0,3953000000.0,2545000000.0,0.233,1.321,9.178,9.28,35856000000.0,0.0,20.555,1.209,1.207,548000000.0,14040000000.0,17115000000.0,17115000000.0,0.0,0.057,0.144,0.091,0.236,-14000000.0,4395000000.0,1.0,1006387066.0,1005400000.0,1009200000.0,17.023,40199000000.0,290000000.0,1263000000.0,10317000000.0,39.983,335000000.0
51,UNP,MRT,2008-12-31,2008-12-31,2008-12-31,2021-10-21,-704000000.0,39722000000.0,39235000000.0,2813000000.0,36909000000.0,0.458,15.126,-2366000000.0,1249000000.0,1249000000.0,7237000000.0,2335000000.0,0.977,1.572,8927000000.0,320000000.0,8607000000.0,8927000000.0,0.0,1366000000.0,0.0,0.021,0.49,4162000000.0,5528000000.0,0.308,5528000000.0,4162000000.0,3651000000.0,2.285,2.265,2.285,15447000000.0,15576250000.0,15447000000.0,31812397211.0,8.0,5.755,1678000000.0,1.643,1.0,10733000000.0,0.597,0.0,511000000.0,44520000000.0,43598750000.0,450000000.0,974000000.0,0.0,974000000.0,24275000000.0,2880000000.0,21395000000.0,24207397211.0,371000000.0,0.0,-1609000000.0,1049000000.0,-481000000.0,-935000000.0,-2738000000.0,0.0,4044000000.0,0.0,2335000000.0,2335000000.0,2335000000.0,0.0,0.0,0.13,6663000000.0,4070000000.0,2560000000.0,0.214,1.567,10.367,10.46,35701000000.0,0.0,23.9,1.347,1.358,594000000.0,13813000000.0,17970000000.0,17970000000.0,0.0,0.06,0.15,0.095,0.232,0.0,4457000000.0,1.0,1012861808.0,1021200000.0,1030000000.0,17.597,39722000000.0,276000000.0,1316000000.0,10282000000.0,38.897,-67000000.0
52,UNP,MRT,2008-09-30,2008-09-30,2008-09-30,2021-10-21,-68000000.0,39551000000.0,38812750000.0,2889000000.0,36662000000.0,0.461,15.53,-2271000000.0,857000000.0,857000000.0,7393000000.0,2168000000.0,0.84,1.514,8462000000.0,346000000.0,8116000000.0,8462000000.0,0.0,1371000000.0,0.0,0.013,0.465,3905000000.0,5276000000.0,0.295,5276000000.0,3905000000.0,3396000000.0,2.107,2.093,2.107,15735000000.0,15610750000.0,15735000000.0,47023683334.0,12.0,8.913,1677000000.0,1.655,1.0,10488000000.0,0.587,0.0,509000000.0,43715000000.0,42917750000.0,569000000.0,1009000000.0,0.0,1009000000.0,23816000000.0,3441000000.0,20375000000.0,39335683334.0,-165000000.0,0.0,-1680000000.0,437000000.0,-436000000.0,-1486000000.0,-2627000000.0,0.0,3948000000.0,0.0,2168000000.0,2168000000.0,2168000000.0,0.0,0.0,0.121,6690000000.0,3798000000.0,3095000000.0,0.221,2.5,18.144,16.887,35302000000.0,0.0,35.58,2.2,2.016,860000000.0,13289000000.0,17881000000.0,17881000000.0,0.0,0.056,0.139,0.091,0.218,-33000000.0,4477000000.0,1.0,1105556024.0,1013200000.0,1022600000.0,17.648,39551000000.0,343000000.0,1228000000.0,10393000000.0,39.036,-552000000.0
53,UNP,MRT,2008-06-30,2008-06-30,2008-06-30,2021-10-21,-69000000.0,39112000000.0,38404250000.0,2676000000.0,36436000000.0,0.449,15.133,-1959000000.0,611000000.0,611000000.0,7058000000.0,1997000000.0,0.798,1.513,8299000000.0,145000000.0,8154000000.0,8299000000.0,0.0,1355000000.0,0.0,0.011,0.417,3697000000.0,5052000000.0,0.293,5052000000.0,3697000000.0,3194000000.0,1.918,1.903,1.918,15566000000.0,15522750000.0,15566000000.0,46305401520.0,13.0,9.166,1670000000.0,1.624,1.0,10168000000.0,0.59,0.0,503000000.0,43446000000.0,42386500000.0,580000000.0,979000000.0,0.0,979000000.0,23546000000.0,3354000000.0,20192000000.0,39014401520.0,89000000.0,0.0,-1733000000.0,824000000.0,-416000000.0,-1139000000.0,-2401000000.0,0.0,3629000000.0,0.0,1997000000.0,1997000000.0,1997000000.0,0.0,0.0,0.116,6580000000.0,3588000000.0,3209000000.0,0.217,2.506,19.537,19.682,34960000000.0,0.0,37.75,2.265,2.254,877000000.0,12721000000.0,17226000000.0,17226000000.0,0.0,0.052,0.129,0.087,0.215,-22000000.0,4449000000.0,1.0,1033494080.0,1028600000.0,1038000000.0,16.747,39112000000.0,346000000.0,1197000000.0,10220000000.0,38.024,-678000000.0
54,UNP,MRT,2008-03-31,2008-03-31,2008-03-31,2021-10-21,-76000000.0,38555000000.0,37951750000.0,2647000000.0,35908000000.0,0.44,15.005,-1981000000.0,827000000.0,827000000.0,6652000000.0,1912000000.0,0.845,1.478,8118000000.0,188000000.0,7930000000.0,8118000000.0,0.0,1336000000.0,0.0,0.013,0.395,3570000000.0,4906000000.0,0.294,4906000000.0,3570000000.0,3075000000.0,1.818,1.802,1.818,15557000000.0,15492500000.0,15557000000.0,39490632075.0,11.0,8.049,1400000000.0,1.35,1.0,10052000000.0,0.602,0.0,495000000.0,42714000000.0,41745250000.0,514000000.0,946000000.0,0.0,946000000.0,22998000000.0,3132000000.0,19866000000.0,32686632075.0,229000000.0,0.0,-1643000000.0,1268000000.0,-396000000.0,-632000000.0,-2520000000.0,0.0,3381000000.0,0.0,1912000000.0,1912000000.0,1912000000.0,0.0,0.0,0.114,6608000000.0,3444000000.0,2944000000.0,0.217,2.101,17.096,17.241,34439000000.0,0.0,31.345,1.957,1.946,703000000.0,12996000000.0,16704000000.0,16704000000.0,0.0,0.05,0.123,0.086,0.214,3000000.0,4493000000.0,1.0,1042802108.0,1036800000.0,1045600000.0,16.111,38555000000.0,356000000.0,1163000000.0,10101000000.0,37.187,-485000000.0
55,UNP,MRT,2007-12-31,2007-12-31,2007-12-31,2021-10-21,-74000000.0,38033000000.0,37484500000.0,2594000000.0,35439000000.0,0.434,14.65,-1875000000.0,878000000.0,878000000.0,6328000000.0,1855000000.0,0.853,1.44,7682000000.0,139000000.0,7543000000.0,7682000000.0,0.0,1321000000.0,0.0,0.012,0.373,3491000000.0,4812000000.0,0.296,4812000000.0,3491000000.0,3009000000.0,1.745,1.73,1.745,15585000000.0,15465000000.0,15585000000.0,39809814946.0,11.0,8.273,1402000000.0,1.318,1.0,9955000000.0,0.611,0.0,482000000.0,41796000000.0,41030750000.0,453000000.0,923000000.0,0.0,923000000.0,22448000000.0,3041000000.0,19407000000.0,32990814946.0,51000000.0,0.0,-1375000000.0,789000000.0,-364000000.0,-800000000.0,-2426000000.0,0.0,3277000000.0,0.0,1855000000.0,1855000000.0,1855000000.0,0.0,0.0,0.114,6580000000.0,3375000000.0,2902000000.0,0.214,2.117,17.785,17.997,34158000000.0,0.0,31.405,2.026,2.052,632000000.0,12667000000.0,16283000000.0,16283000000.0,0.0,0.049,0.12,0.085,0.214,0.0,4526000000.0,1.0,1050495620.0,1063800000.0,1073600000.0,15.306,38033000000.0,336000000.0,1154000000.0,10050000000.0,35.752,-447000000.0
56,UNP,MRT,2007-09-30,2007-09-30,2007-09-30,2021-10-21,-140000000.0,37917000000.0,37105000000.0,2863000000.0,35054000000.0,0.433,14.609,-1246000000.0,1022000000.0,1022000000.0,5566000000.0,1849000000.0,0.91,1.465,7841000000.0,144000000.0,7697000000.0,7841000000.0,0.0,1299000000.0,0.0,0.012,0.337,3454000000.0,4753000000.0,0.296,4753000000.0,3454000000.0,2979000000.0,1.725,1.705,1.725,15383000000.0,15396750000.0,15383000000.0,36812295600.0,11.0,7.745,2022000000.0,1.92,1.0,10482000000.0,0.653,0.0,475000000.0,41590000000.0,40314000000.0,475000000.0,924000000.0,0.0,924000000.0,22534000000.0,3146000000.0,19388000000.0,30098295600.0,303000000.0,0.0,-1067000000.0,671000000.0,-353000000.0,-681000000.0,-2284000000.0,0.0,3268000000.0,0.0,1849000000.0,1849000000.0,1849000000.0,0.0,0.0,0.115,7161000000.0,3321000000.0,754000000.0,0.195,1.957,16.278,16.386,33793000000.0,0.0,28.265,1.876,1.855,820000000.0,12292000000.0,16048000000.0,16048000000.0,0.0,0.05,0.12,0.086,0.215,41000000.0,4510000000.0,1.0,1064860980.0,1053000000.0,1062800000.0,15.24,37917000000.0,322000000.0,1130000000.0,10202000000.0,36.009,-283000000.0
57,UNP,MRT,2007-06-30,2007-06-30,2007-06-30,2021-10-21,-137000000.0,37302000000.0,36718750000.0,2272000000.0,35030000000.0,0.431,14.397,-1640000000.0,522000000.0,522000000.0,5718000000.0,1737000000.0,0.725,1.415,7236000000.0,138000000.0,7098000000.0,7236000000.0,0.0,1278000000.0,0.0,0.011,0.325,3198000000.0,4476000000.0,0.283,4476000000.0,3198000000.0,2728000000.0,1.61,1.59,1.61,15445000000.0,15243500000.0,15445000000.0,37160385018.0,12.0,8.302,1491000000.0,1.39,1.0,10122000000.0,0.639,0.0,470000000.0,40881000000.0,39816500000.0,445000000.0,906000000.0,0.0,906000000.0,21857000000.0,3135000000.0,18722000000.0,31027385018.0,260000000.0,0.0,-514000000.0,95000000.0,-340000000.0,-706000000.0,-2165000000.0,0.0,3131000000.0,0.0,1737000000.0,1737000000.0,1737000000.0,0.0,0.0,0.11,7054000000.0,3068000000.0,741000000.0,0.202,2.009,17.863,17.88,33359000000.0,0.0,28.788,1.959,1.95,720000000.0,11851000000.0,15840000000.0,15840000000.0,0.0,0.047,0.114,0.08,0.202,37000000.0,4576000000.0,1.0,1077807556.0,1072800000.0,1083000000.0,14.765,37302000000.0,320000000.0,991000000.0,10043000000.0,34.771,-863000000.0
58,UNP,MRT,2007-03-31,2007-03-31,2007-03-31,2021-10-21,-141000000.0,36686000000.0,36395000000.0,2256000000.0,34430000000.0,0.432,14.271,-1671000000.0,598000000.0,598000000.0,5891000000.0,1681000000.0,0.761,1.375,6731000000.0,137000000.0,6594000000.0,6731000000.0,0.0,1259000000.0,0.0,0.012,0.312,3121000000.0,4380000000.0,0.279,4380000000.0,3121000000.0,2651000000.0,1.557,1.54,1.557,15447000000.0,14986000000.0,15447000000.0,33447896674.0,11.0,7.637,1533000000.0,1.416,1.0,9826000000.0,0.625,0.0,470000000.0,39856000000.0,39521250000.0,414000000.0,894000000.0,0.0,894000000.0,21239000000.0,2963000000.0,18276000000.0,27494896674.0,340000000.0,0.0,-96000000.0,-401000000.0,-325000000.0,-781000000.0,-2083000000.0,0.0,3204000000.0,0.0,1681000000.0,1681000000.0,1681000000.0,0.0,0.0,0.107,6828000000.0,2998000000.0,668000000.0,0.2,1.78,16.356,16.305,33066000000.0,0.0,25.387,1.749,1.748,660000000.0,11499000000.0,15717000000.0,15717000000.0,0.0,0.046,0.112,0.079,0.199,35000000.0,4571000000.0,1.0,1083009224.0,1082400000.0,1091200000.0,14.521,36686000000.0,319000000.0,970000000.0,10096000000.0,33.893,-707000000.0
59,UNP,MRT,2006-12-31,2006-12-31,2006-12-31,2021-10-21,-142000000.0,36515000000.0,36109500000.0,2411000000.0,34104000000.0,0.431,14.207,-1706000000.0,827000000.0,827000000.0,6120000000.0,1606000000.0,0.681,1.385,6780000000.0,780000000.0,6000000000.0,6780000000.0,0.0,1237000000.0,0.0,0.013,0.3,3002000000.0,4239000000.0,0.272,4239000000.0,3002000000.0,2525000000.0,1.49,1.475,1.49,15312000000.0,14640500000.0,15312000000.0,31150628051.0,10.0,7.349,1174000000.0,1.089,1.0,9458000000.0,0.607,0.0,477000000.0,38929000000.0,39407500000.0,395000000.0,877000000.0,0.0,877000000.0,21203000000.0,3539000000.0,17664000000.0,24819628051.0,54000000.0,0.0,160000000.0,-657000000.0,-322000000.0,-784000000.0,-2042000000.0,0.0,2880000000.0,0.0,1606000000.0,1606000000.0,1606000000.0,0.0,0.0,0.103,6574000000.0,2884000000.0,684000000.0,0.201,1.621,15.454,15.44,32873000000.0,0.0,23.005,1.593,1.592,679000000.0,11215000000.0,15578000000.0,15578000000.0,0.0,0.044,0.11,0.076,0.193,35000000.0,4535000000.0,1.0,1078879724.0,1077800000.0,1087800000.0,14.454,36515000000.0,319000000.0,919000000.0,9975000000.0,33.879,-1128000000.0
60,UNP,MRT,2006-09-30,2006-09-30,2006-09-30,2021-10-21,-230000000.0,36372000000.0,35885750000.0,2365000000.0,34007000000.0,0.425,13.686,-2188000000.0,719000000.0,719000000.0,6870000000.0,1417000000.0,0.762,1.463,7050000000.0,393000000.0,6657000000.0,7050000000.0,0.0,1222000000.0,0.0,0.014,0.3,2722000000.0,3944000000.0,0.259,3944000000.0,2722000000.0,2243000000.0,1.32,1.31,1.32,14770000000.0,14239250000.0,14770000000.0,30509763216.0,11.0,7.736,691000000.0,0.64,1.0,8367000000.0,0.549,0.0,479000000.0,39600000000.0,39395000000.0,427000000.0,858000000.0,0.0,858000000.0,21602000000.0,3103000000.0,18499000000.0,23702763216.0,382000000.0,0.0,212000000.0,-408000000.0,-320000000.0,-502000000.0,-1995000000.0,0.0,2879000000.0,0.0,1417000000.0,1417000000.0,1417000000.0,0.0,0.0,0.093,5760000000.0,2607000000.0,666000000.0,0.227,1.605,16.727,16.667,32644000000.0,0.0,22.0,1.556,1.558,770000000.0,10811000000.0,15237000000.0,15237000000.0,0.0,0.039,0.1,0.069,0.179,31000000.0,4538000000.0,1.0,1077398328.0,1079200000.0,1087600000.0,14.119,36372000000.0,268000000.0,826000000.0,9850000000.0,33.703,-738000000.0
61,UNP,MRT,2006-06-30,2006-06-30,2006-06-30,2021-10-21,-233000000.0,36007000000.0,35585500000.0,1887000000.0,34120000000.0,0.414,13.382,-2222000000.0,262000000.0,262000000.0,6704000000.0,1366000000.0,0.606,1.498,7069000000.0,391000000.0,6678000000.0,7069000000.0,0.0,1205000000.0,0.0,0.013,0.3,2471000000.0,3676000000.0,0.25,3676000000.0,2471000000.0,1987000000.0,1.28,1.27,1.28,14415000000.0,13889500000.0,14415000000.0,31849021196.0,13.0,8.664,469000000.0,0.435,1.0,8011000000.0,0.544,0.0,484000000.0,39700000000.0,39377250000.0,433000000.0,831000000.0,0.0,831000000.0,21592000000.0,3114000000.0,18478000000.0,25002021196.0,98000000.0,0.0,286000000.0,-402000000.0,-318000000.0,-628000000.0,-1965000000.0,0.0,2691000000.0,0.0,1366000000.0,1366000000.0,1366000000.0,0.0,0.0,0.093,5675000000.0,2336000000.0,665000000.0,0.234,1.734,18.303,18.156,32491000000.0,0.0,23.24,1.699,1.701,748000000.0,10472000000.0,14715000000.0,14715000000.0,0.0,0.038,0.098,0.063,0.168,28000000.0,4470000000.0,1.0,1075818468.0,1077200000.0,1088400000.0,13.66,36007000000.0,280000000.0,621000000.0,9802000000.0,33.426,-1227000000.0
62,UNP,MRT,2006-03-31,2006-03-31,2006-03-31,2021-10-21,-227000000.0,35544000000.0,35361000000.0,1860000000.0,33684000000.0,0.4,13.106,-2242000000.0,258000000.0,258000000.0,6455000000.0,1209000000.0,0.622,1.527,7105000000.0,393000000.0,6712000000.0,7105000000.0,0.0,1189000000.0,0.0,0.013,0.3,2222000000.0,3411000000.0,0.241,3411000000.0,2222000000.0,1730000000.0,1.14,1.13,1.14,14065000000.0,13532000000.0,14065000000.0,31622011861.0,14.0,9.271,309000000.0,0.288,1.0,7681000000.0,0.543,0.0,492000000.0,39401000000.0,39418250000.0,416000000.0,830000000.0,0.0,830000000.0,21479000000.0,2990000000.0,18489000000.0,24979011861.0,-474000000.0,0.0,292000000.0,-954000000.0,-316000000.0,-962000000.0,-2063000000.0,0.0,2551000000.0,0.0,1209000000.0,1209000000.0,1209000000.0,0.0,0.0,0.086,5594000000.0,2087000000.0,614000000.0,0.263,1.776,20.661,20.471,32234000000.0,0.0,23.337,1.767,1.772,730000000.0,10162000000.0,14136000000.0,14136000000.0,0.0,0.034,0.089,0.056,0.157,23000000.0,4405000000.0,1.0,1070337948.0,1073200000.0,1084000000.0,13.172,35544000000.0,293000000.0,521000000.0,9802000000.0,33.12,-1130000000.0
63,UNP,MRT,2005-12-31,2005-12-31,2005-12-31,2021-10-21,-230000000.0,35620000000.0,35228500000.0,2325000000.0,33295000000.0,0.385,13.01,-2169000000.0,773000000.0,773000000.0,6233000000.0,1026000000.0,0.687,1.599,7416000000.0,656000000.0,6760000000.0,7416000000.0,0.0,1175000000.0,0.0,0.015,0.3,1940000000.0,3115000000.0,0.229,3115000000.0,1940000000.0,1436000000.0,0.973,0.963,0.973,13707000000.0,13217750000.0,13707000000.0,28459327854.0,15.0,9.136,426000000.0,0.404,1.0,7345000000.0,0.541,0.0,504000000.0,38879000000.0,39517000000.0,331000000.0,806000000.0,0.0,806000000.0,21913000000.0,3384000000.0,18529000000.0,21330327854.0,-204000000.0,0.0,262000000.0,-699000000.0,-314000000.0,-752000000.0,-2047000000.0,0.0,2595000000.0,0.0,1026000000.0,1026000000.0,1026000000.0,0.0,0.0,0.076,5550000000.0,1795000000.0,783000000.0,0.308,1.556,20.79,20.686,31975000000.0,0.0,20.128,1.571,1.562,747000000.0,9932000000.0,13578000000.0,13578000000.0,0.0,0.029,0.078,0.049,0.143,21000000.0,4375000000.0,1.0,1059760420.0,1053600000.0,1066000000.0,12.887,35620000000.0,304000000.0,410000000.0,9694000000.0,33.808,-1059000000.0
64,UNP,MRT,2005-09-30,2005-09-30,2005-09-30,2021-10-21,-235000000.0,35171000000.0,34972500000.0,2061000000.0,33110000000.0,0.377,12.662,-2204000000.0,337000000.0,337000000.0,6233000000.0,809000000.0,0.744,1.63,7466000000.0,143000000.0,7323000000.0,7466000000.0,0.0,1157000000.0,0.0,0.017,0.3,1579000000.0,2736000000.0,0.208,2736000000.0,1579000000.0,1065000000.0,0.77,0.76,0.77,13371000000.0,12954750000.0,13371000000.0,26452668719.0,17.0,9.668,26000000.0,0.025,1.0,6941000000.0,0.527,0.0,514000000.0,39529000000.0,39602000000.0,377000000.0,780000000.0,0.0,780000000.0,21800000000.0,2771000000.0,19029000000.0,18912668719.0,-577000000.0,0.0,198000000.0,-78000000.0,-313000000.0,-771000000.0,-2036000000.0,0.0,2230000000.0,0.0,809000000.0,809000000.0,809000000.0,0.0,0.0,0.061,5475000000.0,1466000000.0,701000000.0,0.39,1.414,23.378,23.279,31821000000.0,0.0,17.925,1.436,1.437,736000000.0,9716000000.0,13174000000.0,13174000000.0,0.0,0.023,0.062,0.04,0.12,38000000.0,4318000000.0,1.0,1055100068.0,1056000000.0,1068400000.0,12.475,35171000000.0,407000000.0,256000000.0,9633000000.0,33.306,-710000000.0
65,UNP,MRT,2005-06-30,2005-06-30,2005-06-30,2021-10-21,-236000000.0,35109000000.0,34777750000.0,1861000000.0,33248000000.0,0.368,12.353,-2097000000.0,164000000.0,164000000.0,5963000000.0,642000000.0,0.668,1.704,7704000000.0,139000000.0,7565000000.0,7704000000.0,0.0,1141000000.0,0.0,0.019,0.3,1504000000.0,2645000000.0,0.207,2645000000.0,1504000000.0,982000000.0,0.615,0.607,0.615,12985000000.0,12785250000.0,12985000000.0,24373507380.0,16.0,9.215,347000000.0,0.33,1.0,6826000000.0,0.534,0.0,522000000.0,39864000000.0,39481500000.0,348000000.0,786000000.0,0.0,786000000.0,22124000000.0,2785000000.0,19339000000.0,17041507380.0,-493000000.0,0.0,129000000.0,-88000000.0,-311000000.0,-650000000.0,-2287000000.0,0.0,2444000000.0,0.0,642000000.0,642000000.0,642000000.0,0.0,0.0,0.05,5423000000.0,1403000000.0,690000000.0,0.488,1.312,26.544,26.341,31546000000.0,0.0,16.2,1.333,1.332,686000000.0,9427000000.0,12789000000.0,12789000000.0,0.0,0.018,0.05,0.038,0.118,34000000.0,4282000000.0,1.0,1051944900.0,1051200000.0,1062400000.0,12.166,35109000000.0,495000000.0,340000000.0,9746000000.0,33.399,-924000000.0
66,UNP,MRT,2005-03-31,2005-03-31,2005-03-31,2021-10-21,-237000000.0,35014000000.0,34543000000.0,2366000000.0,32648000000.0,0.361,12.249,-1963000000.0,732000000.0,732000000.0,5799000000.0,567000000.0,0.928,1.734,8064000000.0,145000000.0,7919000000.0,8064000000.0,0.0,1126000000.0,0.0,0.017,0.3,1374000000.0,2500000000.0,0.2,2500000000.0,1374000000.0,850000000.0,0.545,0.537,0.545,12808000000.0,12680000000.0,12808000000.0,25345563109.0,18.0,10.138,423000000.0,0.405,1.0,6675000000.0,0.535,0.0,524000000.0,39796000000.0,39304500000.0,336000000.0,777000000.0,0.0,777000000.0,22206000000.0,2550000000.0,19656000000.0,18191563109.0,457000000.0,0.0,94000000.0,171000000.0,-311000000.0,-50000000.0,-1879000000.0,0.0,2386000000.0,0.0,567000000.0,567000000.0,567000000.0,0.0,0.0,0.045,5381000000.0,1294000000.0,601000000.0,0.55,1.42,32.084,31.972,31230000000.0,0.0,17.425,1.458,1.461,593000000.0,9272000000.0,12474000000.0,12474000000.0,0.0,0.016,0.045,0.035,0.11,30000000.0,4255000000.0,1.0,1043992144.0,1045600000.0,1057200000.0,11.93,35014000000.0,532000000.0,283000000.0,9677000000.0,33.487,-184000000.0
67,UNP,MRT,2004-12-31,2004-12-31,2004-12-31,2021-10-21,-237000000.0,34596000000.0,34155500000.0,2297000000.0,32299000000.0,0.358,12.211,-1876000000.0,977000000.0,977000000.0,5642000000.0,604000000.0,0.908,1.734,8131000000.0,150000000.0,7981000000.0,8131000000.0,0.0,1111000000.0,0.0,0.018,0.3,1383000000.0,2494000000.0,0.204,2494000000.0,1383000000.0,856000000.0,0.583,0.575,0.583,12655000000.0,12597250000.0,12655000000.0,24702121244.0,18.0,9.905,381000000.0,0.368,1.0,6573000000.0,0.538,0.0,527000000.0,39219000000.0,39035250000.0,309000000.0,767000000.0,0.0,767000000.0,21941000000.0,2531000000.0,19410000000.0,17457121244.0,450000000.0,0.0,80000000.0,157000000.0,-310000000.0,-75000000.0,-1732000000.0,0.0,2257000000.0,0.0,604000000.0,604000000.0,604000000.0,0.0,0.0,0.049,5278000000.0,1295000000.0,590000000.0,0.515,1.379,28.903,28.838,31014000000.0,0.0,16.812,1.429,1.426,545000000.0,9222000000.0,12215000000.0,12215000000.0,0.0,0.018,0.048,0.035,0.113,21000000.0,4167000000.0,1.0,1038341784.0,1036400000.0,1048800000.0,11.786,34596000000.0,288000000.0,252000000.0,9388000000.0,33.381,-234000000.0
68,UNP,MRT,2004-09-30,2004-09-30,2004-09-30,2021-10-21,0.0,34392000000.0,33880000000.0,2461000000.0,31931000000.0,0.353,12.252,-1800000000.0,914000000.0,914000000.0,5067000000.0,1076000000.0,0.95,1.71,8159000000.0,163000000.0,7996000000.0,8159000000.0,0.0,1101000000.0,0.0,0.02,0.3,2010000000.0,3111000000.0,0.26,3111000000.0,2010000000.0,1479000000.0,1.048,1.025,1.048,12693000000.0,12522000000.0,12693000000.0,22720482157.0,11.0,7.303,594000000.0,0.573,1.0,6896000000.0,0.576,0.0,531000000.0,39047000000.0,38855500000.0,282000000.0,757000000.0,0.0,757000000.0,21699000000.0,2590000000.0,19109000000.0,15190482157.0,691000000.0,620000000.0,212000000.0,-1126000000.0,-291000000.0,-638000000.0,-1065000000.0,0.0,2394000000.0,0.0,1076000000.0,1076000000.0,1076000000.0,-218000000.0,0.0,0.09,5216000000.0,1680000000.0,581000000.0,0.286,1.197,14.118,13.979,30828000000.0,0.0,14.65,1.27,1.269,583000000.0,,11963000000.0,11963000000.0,0.0,0.032,0.086,0.052,0.168,0.0,4115000000.0,1.0,1036892980.0,1036000000.0,1046400000.0,11.547,34392000000.0,479000000.0,403000000.0,9665000000.0,33.197,-129000000.0
69,UNP,MRT,2004-06-30,2004-06-30,2004-06-30,2021-10-21,0.0,34170000000.0,33735750000.0,2412000000.0,31758000000.0,0.351,12.132,-1746000000.0,657000000.0,657000000.0,4864000000.0,1191000000.0,0.948,1.72,8187000000.0,171000000.0,8016000000.0,8187000000.0,0.0,1090000000.0,0.0,0.019,0.282,2186000000.0,3276000000.0,0.277,3276000000.0,2186000000.0,1647000000.0,1.163,1.14,1.163,12564000000.0,12242750000.0,12564000000.0,23070370172.0,11.0,7.042,590000000.0,0.57,1.0,6979000000.0,0.589,0.0,539000000.0,39156000000.0,38927750000.0,290000000.0,749000000.0,0.0,749000000.0,21606000000.0,2544000000.0,19062000000.0,15405370172.0,162000000.0,620000000.0,226000000.0,-1638000000.0,-272000000.0,-1110000000.0,-1064000000.0,0.0,2336000000.0,0.0,1191000000.0,1191000000.0,1191000000.0,-235000000.0,0.0,0.101,5125000000.0,1854000000.0,557000000.0,0.242,1.226,12.935,12.779,30624000000.0,0.0,14.863,1.301,1.3,562000000.0,,11843000000.0,11843000000.0,0.0,0.035,0.097,0.056,0.185,0.0,4035000000.0,1.0,1036526168.0,1035600000.0,1046400000.0,11.436,34170000000.0,479000000.0,456000000.0,9562000000.0,32.995,-132000000.0
70,UNP,MRT,2004-03-31,2004-03-31,2004-03-31,2021-10-21,0.0,33464000000.0,33677500000.0,1852000000.0,31612000000.0,0.348,12.057,-1729000000.0,275000000.0,275000000.0,4625000000.0,1321000000.0,0.768,1.682,7940000000.0,270000000.0,7670000000.0,7940000000.0,0.0,1066000000.0,0.0,0.018,0.265,2419000000.0,3485000000.0,0.298,3485000000.0,2419000000.0,1861000000.0,1.295,1.25,1.295,12477000000.0,11925500000.0,12477000000.0,22945802878.0,9.0,6.584,716000000.0,0.692,1.0,7083000000.0,0.605,0.0,558000000.0,38719000000.0,38893250000.0,273000000.0,746000000.0,0.0,746000000.0,20987000000.0,2410000000.0,18577000000.0,15483802878.0,-30000000.0,620000000.0,250000000.0,-1567000000.0,-253000000.0,-1587000000.0,-888000000.0,0.0,2445000000.0,0.0,1321000000.0,1321000000.0,1321000000.0,-248000000.0,0.0,0.113,5005000000.0,2078000000.0,483000000.0,0.205,1.241,11.721,11.548,30435000000.0,0.0,14.955,1.322,1.322,513000000.0,,11708000000.0,11708000000.0,0.0,0.039,0.111,0.062,0.207,0.0,3939000000.0,1.0,1035359604.0,1034800000.0,1050000000.0,11.314,33464000000.0,479000000.0,540000000.0,9432000000.0,32.339,-558000000.0
71,UNP,MRT,2003-12-31,2003-12-31,2003-12-31,2021-10-21,-124000000.0,33494000000.0,33683250000.0,2089000000.0,31405000000.0,0.343,12.14,-1752000000.0,527000000.0,527000000.0,4459000000.0,1585000000.0,0.851,1.711,7989000000.0,167000000.0,7822000000.0,7989000000.0,0.0,1067000000.0,0.0,0.014,0.247,2740000000.0,3807000000.0,0.33,3807000000.0,2740000000.0,2166000000.0,1.558,1.51,1.558,12354000000.0,11561750000.0,12354000000.0,25727031464.0,9.0,6.758,691000000.0,0.679,1.0,7092000000.0,0.614,0.0,574000000.0,38500000000.0,38792250000.0,267000000.0,726000000.0,0.0,726000000.0,21140000000.0,2456000000.0,18684000000.0,17730031464.0,160000000.0,620000000.0,216000000.0,-1371000000.0,-234000000.0,-1406000000.0,-877000000.0,0.0,2443000000.0,0.0,1585000000.0,1585000000.0,1585000000.0,-255000000.0,0.0,0.137,4959000000.0,2133000000.0,511000000.0,0.159,1.435,11.186,11.149,30283000000.0,0.0,17.37,1.535,1.53,498000000.0,8930000000.0,11551000000.0,11551000000.0,0.0,0.047,0.137,0.071,0.237,0.0,3892000000.0,1.0,1020727200.0,1017600000.0,1072000000.0,11.351,33494000000.0,518000000.0,581000000.0,9321000000.0,32.915,-367000000.0
72,UNP,MRT,2003-09-30,2003-09-30,2003-09-30,2021-10-21,0.0,33815000000.0,33500750000.0,1782000000.0,32033000000.0,0.341,11.371,-1693000000.0,223000000.0,223000000.0,4379000000.0,1412000000.0,0.72,1.921,8220000000.0,162000000.0,8058000000.0,8220000000.0,0.0,1084000000.0,0.0,0.016,0.23,2567000000.0,3651000000.0,0.32,3651000000.0,2567000000.0,1973000000.0,1.39,1.337,1.39,11576000000.0,11136000000.0,11576000000.0,22583276346.0,9.0,6.186,460000000.0,0.452,1.0,7032000000.0,0.616,0.0,594000000.0,39336000000.0,38561500000.0,269000000.0,722000000.0,0.0,722000000.0,22239000000.0,2476000000.0,19763000000.0,14811276346.0,-224000000.0,0.0,87000000.0,-835000000.0,-225000000.0,-973000000.0,-1404000000.0,0.0,2153000000.0,0.0,1412000000.0,1412000000.0,1412000000.0,-47000000.0,0.0,0.124,4926000000.0,2106000000.0,533000000.0,0.165,1.279,10.49,10.462,30121000000.0,0.0,14.543,1.298,1.297,540000000.0,,11411000000.0,11411000000.0,0.0,0.042,0.127,0.067,0.225,0.0,3842000000.0,1.0,1018482128.0,1018000000.0,1059600000.0,11.209,33815000000.0,498000000.0,561000000.0,9325000000.0,33.217,-694000000.0
73,UNP,MRT,2003-06-30,2003-06-30,2003-06-30,2021-10-21,0.0,33937000000.0,33203250000.0,2276000000.0,31661000000.0,0.321,11.126,-1711000000.0,499000000.0,499000000.0,4093000000.0,1532000000.0,0.846,2.005,8271000000.0,170000000.0,8101000000.0,8271000000.0,0.0,1076000000.0,0.0,0.015,0.223,2759000000.0,3835000000.0,0.36,3835000000.0,2759000000.0,2149000000.0,1.515,1.438,1.515,11295000000.0,10866750000.0,11295000000.0,22254397036.0,8.0,5.803,441000000.0,0.434,1.0,6566000000.0,0.616,0.0,610000000.0,39018000000.0,38739500000.0,288000000.0,718000000.0,0.0,718000000.0,22642000000.0,2691000000.0,19951000000.0,14741397036.0,124000000.0,0.0,87000000.0,-627000000.0,-218000000.0,-758000000.0,-1270000000.0,0.0,2152000000.0,0.0,1532000000.0,1532000000.0,1532000000.0,-96000000.0,0.0,0.144,4462000000.0,2104000000.0,581000000.0,0.147,1.305,9.622,9.574,30473000000.0,0.0,14.505,1.383,1.382,668000000.0,,10659000000.0,10659000000.0,0.0,0.046,0.141,0.071,0.259,0.0,3386000000.0,1.0,1016297624.0,1015200000.0,1144800000.0,10.499,33937000000.0,556000000.0,617000000.0,9130000000.0,33.429,-415000000.0
74,UNP,MRT,2003-03-31,2003-03-31,2003-03-31,2021-10-21,0.0,33487000000.0,32799750000.0,2045000000.0,31442000000.0,0.333,10.874,-1747000000.0,311000000.0,311000000.0,4125000000.0,1548000000.0,0.762,2.038,7824000000.0,268000000.0,7556000000.0,7824000000.0,0.0,1123000000.0,0.0,0.016,0.215,2796000000.0,3919000000.0,0.359,3919000000.0,2796000000.0,2176000000.0,1.53,1.465,1.53,11022000000.0,10564750000.0,11022000000.0,21295912240.0,8.0,5.434,427000000.0,0.421,1.0,6799000000.0,0.622,0.0,620000000.0,38315000000.0,39015000000.0,298000000.0,690000000.0,0.0,690000000.0,22465000000.0,2685000000.0,19780000000.0,13960912240.0,205000000.0,0.0,100000000.0,-547000000.0,-209000000.0,-656000000.0,-1313000000.0,0.0,2174000000.0,0.0,1548000000.0,1548000000.0,1548000000.0,-83000000.0,0.0,0.142,4676000000.0,2123000000.0,522000000.0,0.141,1.267,9.019,8.987,30099000000.0,0.0,13.75,1.278,1.276,631000000.0,,10924000000.0,10924000000.0,0.0,0.047,0.147,0.072,0.256,0.0,3553000000.0,1.0,1015339072.0,1013600000.0,1024800000.0,10.777,33487000000.0,558000000.0,628000000.0,8976000000.0,33.038,-640000000.0
75,UNP,MRT,2002-12-31,2002-12-31,2002-12-31,2021-10-21,0.0,32764000000.0,32398000000.0,1898000000.0,30866000000.0,0.344,10.562,-1694000000.0,367000000.0,367000000.0,4065000000.0,1341000000.0,0.752,2.076,7703000000.0,275000000.0,7428000000.0,7703000000.0,0.0,1147000000.0,0.0,0.014,0.208,2653000000.0,3800000000.0,0.341,3800000000.0,2653000000.0,2021000000.0,1.33,1.262,1.33,10651000000.0,10268250000.0,10651000000.0,22586995855.0,9.0,5.944,505000000.0,0.501,1.0,7094000000.0,0.636,0.0,632000000.0,37577000000.0,39431000000.0,277000000.0,699000000.0,0.0,699000000.0,22113000000.0,2523000000.0,19590000000.0,15163995855.0,264000000.0,0.0,150000000.0,-548000000.0,-201000000.0,-599000000.0,-1336000000.0,0.0,2199000000.0,0.0,1341000000.0,1341000000.0,1341000000.0,-76000000.0,0.0,0.12,4841000000.0,2253000000.0,430000000.0,0.156,1.424,11.308,11.254,29004000000.0,0.0,14.967,1.359,1.353,557000000.0,,11159000000.0,11159000000.0,0.0,0.041,0.131,0.067,0.238,0.0,3694000000.0,1.0,1013128168.0,1008400000.0,1107200000.0,11.066,32764000000.0,498000000.0,680000000.0,8777000000.0,32.491,-625000000.0
76,UNP,MRT,2002-09-30,2002-09-30,2002-09-30,2021-10-21,0.0,32625000000.0,32094750000.0,,,0.318,10.391,-1519000000.0,451000000.0,451000000.0,3764000000.0,1238000000.0,,2.107,7874000000.0,,,7874000000.0,0.0,1107000000.0,0.0,0.014,0.2,2541000000.0,3648000000.0,0.358,3648000000.0,2541000000.0,1897000000.0,1.235,1.175,1.235,10499000000.0,9999250000.0,10499000000.0,22424806787.0,9.0,6.147,801000000.0,0.793,1.0,6433000000.0,0.631,0.0,644000000.0,40048000000.0,39916250000.0,264000000.0,695000000.0,,,22126000000.0,,,14627806787.0,328000000.0,0.0,125000000.0,-750000000.0,-201000000.0,-826000000.0,-1166000000.0,0.0,2320000000.0,0.0,1238000000.0,1238000000.0,1238000000.0,-98000000.0,0.0,0.121,4231000000.0,2202000000.0,580000000.0,0.162,1.393,11.816,11.715,29373000000.0,0.0,14.467,1.435,1.434,765000000.0,,10197000000.0,10197000000.0,0.0,0.039,0.124,0.064,0.249,0.0,3124000000.0,1.0,1011080476.0,1010400000.0,1109200000.0,10.092,32625000000.0,398000000.0,659000000.0,8599000000.0,32.289,
77,UNP,MRT,2002-06-30,2002-06-30,2002-06-30,2021-10-21,0.0,32323000000.0,31764750000.0,,,0.347,10.015,-1626000000.0,381000000.0,381000000.0,4031000000.0,1068000000.0,,2.204,8178000000.0,,,8178000000.0,0.0,1140000000.0,0.0,0.013,0.2,2330000000.0,3470000000.0,0.315,3470000000.0,2330000000.0,1667000000.0,1.07,1.027,1.07,10087000000.0,9688750000.0,10087000000.0,24036195826.0,10.0,6.927,500000000.0,0.496,1.0,6988000000.0,0.634,0.0,663000000.0,40120000000.0,39801500000.0,250000000.0,800000000.0,,,22236000000.0,,,15937195826.0,242000000.0,0.0,154000000.0,-570000000.0,-199000000.0,-615000000.0,-1269000000.0,0.0,2126000000.0,0.0,1068000000.0,1068000000.0,1068000000.0,-32000000.0,0.0,0.097,4802000000.0,2186000000.0,603000000.0,0.187,1.58,14.922,14.785,29172000000.0,0.0,15.82,1.446,1.446,695000000.0,,11019000000.0,11019000000.0,0.0,0.034,0.11,0.059,0.211,0.0,3662000000.0,1.0,1007408080.0,1007200000.0,1104000000.0,10.94,32323000000.0,406000000.0,599000000.0,8375000000.0,32.092,
78,UNP,MRT,2002-03-31,2002-03-31,2002-03-31,2021-10-21,0.0,31880000000.0,31431750000.0,,,0.345,9.797,-1570000000.0,110000000.0,110000000.0,4250000000.0,1007000000.0,,2.241,8209000000.0,,,8209000000.0,0.0,1133000000.0,0.0,0.013,0.2,2262000000.0,3395000000.0,0.313,3395000000.0,2262000000.0,1580000000.0,1.015,0.978,1.015,9836000000.0,9425250000.0,9836000000.0,23102473045.0,10.0,6.805,424000000.0,0.422,1.0,6608000000.0,0.609,0.0,682000000.0,39979000000.0,39611500000.0,259000000.0,801000000.0,,,22044000000.0,,,15135473045.0,28000000.0,0.0,112000000.0,-517000000.0,-199000000.0,-604000000.0,-1362000000.0,0.0,1994000000.0,0.0,1007000000.0,1007000000.0,1007000000.0,-32000000.0,0.0,0.093,4530000000.0,2078000000.0,535000000.0,0.197,1.539,15.03,15.305,28855000000.0,0.0,15.535,1.394,1.436,676000000.0,,10858000000.0,10858000000.0,0.0,0.032,0.107,0.057,0.208,0.0,3606000000.0,1.0,974282140.0,1004000000.0,1104800000.0,10.815,31880000000.0,400000000.0,573000000.0,8256000000.0,31.753,
79,UNP,MRT,2001-12-31,2001-12-31,2001-12-31,2021-10-21,0.0,31551000000.0,31149750000.0,,,0.348,9.652,-1572000000.0,113000000.0,113000000.0,4100000000.0,966000000.0,,2.295,8080000000.0,,,8080000000.0,0.0,1126000000.0,0.0,0.014,0.2,2211000000.0,3337000000.0,0.308,3337000000.0,2211000000.0,1511000000.0,0.975,0.943,0.975,9575000000.0,9169000000.0,9575000000.0,22443131683.0,10.0,6.726,293000000.0,0.295,1.0,6730000000.0,0.621,0.0,700000000.0,39518000000.0,39446000000.0,265000000.0,786000000.0,,,21976000000.0,,,14159131683.0,-1000000.0,0.0,52000000.0,-338000000.0,-198000000.0,-484000000.0,-1382000000.0,0.0,1865000000.0,0.0,966000000.0,966000000.0,966000000.0,-32000000.0,0.0,0.089,4712000000.0,2018000000.0,567000000.0,0.205,1.479,14.657,14.615,28792000000.0,0.0,14.25,1.307,1.305,604000000.0,,10830000000.0,10830000000.0,0.0,0.031,0.105,0.056,0.204,0.0,3586000000.0,1.0,993623276.0,992000000.0,1087600000.0,10.917,31551000000.0,400000000.0,545000000.0,8168000000.0,31.805,
80,UNP,MRT,2001-09-30,2001-09-30,2001-09-30,2021-10-21,0.0,31305000000.0,30991250000.0,,,0.385,9.335,-1734000000.0,120000000.0,120000000.0,5241000000.0,848000000.0,,2.382,8404000000.0,,,8404000000.0,0.0,1167000000.0,0.0,0.017,0.2,2051000000.0,3218000000.0,0.27,3218000000.0,2051000000.0,1337000000.0,0.858,0.835,0.858,9257000000.0,8940750000.0,9257000000.0,20016408874.0,10.0,6.22,184000000.0,0.186,1.0,6678000000.0,0.56,0.0,714000000.0,39589000000.0,39357250000.0,280000000.0,800000000.0,,,22048000000.0,,,11647408874.0,65000000.0,0.0,51000000.0,-150000000.0,-197000000.0,-296000000.0,-1557000000.0,0.0,1918000000.0,0.0,848000000.0,848000000.0,848000000.0,0.0,0.0,0.071,4832000000.0,1846000000.0,556000000.0,0.233,1.258,13.735,13.666,28679000000.0,0.0,11.725,0.977,0.975,690000000.0,,11919000000.0,11919000000.0,0.0,0.027,0.095,0.052,0.172,0.0,4355000000.0,1.0,993382420.0,991600000.0,1086800000.0,12.02,31305000000.0,117000000.0,489000000.0,7807000000.0,31.57,
81,UNP,MRT,2001-06-30,2001-06-30,2001-06-30,2021-10-21,0.0,30991000000.0,30762750000.0,,,0.388,9.117,-1758000000.0,130000000.0,130000000.0,5063000000.0,837000000.0,,2.431,8499000000.0,,,8499000000.0,0.0,1160000000.0,0.0,0.015,0.2,2033000000.0,3193000000.0,0.267,3193000000.0,2033000000.0,1313000000.0,0.847,0.827,0.847,9033000000.0,8764500000.0,9033000000.0,22176362879.0,11.0,6.945,104000000.0,0.105,1.0,6884000000.0,0.576,0.0,720000000.0,39360000000.0,39175000000.0,309000000.0,767000000.0,,,21958000000.0,,,13611362879.0,58000000.0,0.0,3000000.0,-42000000.0,-197000000.0,-236000000.0,-1568000000.0,0.0,1862000000.0,0.0,837000000.0,837000000.0,837000000.0,0.0,0.0,0.07,5042000000.0,1842000000.0,580000000.0,0.236,1.507,16.262,16.207,28425000000.0,0.0,13.727,1.139,1.138,640000000.0,,11947000000.0,11947000000.0,0.0,0.027,0.095,0.052,0.17,0.0,4354000000.0,1.0,991539820.0,990800000.0,1087200000.0,12.058,30991000000.0,118000000.0,476000000.0,7628000000.0,31.279,
82,UNP,MRT,2001-03-31,2001-03-31,2001-03-31,2021-10-21,0.0,30752000000.0,30565500000.0,,,0.39,8.922,-1784000000.0,73000000.0,73000000.0,4566000000.0,838000000.0,,2.49,8638000000.0,,,8638000000.0,0.0,1150000000.0,0.0,0.014,0.2,2030000000.0,3180000000.0,0.267,3180000000.0,2030000000.0,1308000000.0,0.85,0.83,0.85,8811000000.0,8591000000.0,8811000000.0,22161869019.0,11.0,6.969,130000000.0,0.132,1.0,7349000000.0,0.617,0.0,722000000.0,39317000000.0,39010250000.0,340000000.0,757000000.0,,,21941000000.0,,,13915869019.0,13000000.0,0.0,3000000.0,80000000.0,-196000000.0,-113000000.0,-1788000000.0,0.0,1914000000.0,0.0,838000000.0,838000000.0,838000000.0,0.0,0.0,0.07,5459000000.0,1890000000.0,509000000.0,0.235,1.579,16.606,16.544,28281000000.0,0.0,14.062,1.168,1.166,631000000.0,,11915000000.0,11915000000.0,0.0,0.027,0.098,0.052,0.17,0.0,4331000000.0,1.0,989572908.0,987600000.0,1084000000.0,12.065,30752000000.0,111000000.0,470000000.0,7477000000.0,31.138,
83,UNP,MRT,2000-12-31,2000-12-31,2000-12-31,2021-10-21,0.0,30917000000.0,30354750000.0,,,0.391,8.785,-1783000000.0,105000000.0,105000000.0,4524000000.0,842000000.0,,2.569,8351000000.0,,,8351000000.0,0.0,1140000000.0,0.0,0.016,0.2,2033000000.0,3173000000.0,0.267,3173000000.0,2033000000.0,1310000000.0,0.855,0.835,0.855,8662000000.0,8423000000.0,8662000000.0,21046494351.0,10.0,6.633,270000000.0,0.274,1.0,7354000000.0,0.619,0.0,723000000.0,39163000000.0,38787500000.0,360000000.0,740000000.0,,,22255000000.0,,,12577494351.0,-70000000.0,0.0,3000000.0,-290000000.0,-199000000.0,-486000000.0,-1637000000.0,0.0,2053000000.0,0.0,842000000.0,842000000.0,842000000.0,0.0,0.0,0.071,5451000000.0,1903000000.0,658000000.0,0.234,1.452,14.938,14.839,28196000000.0,0.0,12.688,1.059,1.053,597000000.0,,11878000000.0,11878000000.0,0.0,0.028,0.1,0.052,0.171,0.0,4311000000.0,1.0,991329604.0,986000000.0,1078000000.0,12.047,30917000000.0,507000000.0,468000000.0,7795000000.0,31.356,
84,UNP,MRT,2000-09-30,2000-09-30,2000-09-30,2021-10-21,0.0,30391000000.0,30097500000.0,,,0.391,8.677,-1887000000.0,55000000.0,55000000.0,4032000000.0,927000000.0,,2.554,8524000000.0,,,8524000000.0,0.0,1124000000.0,0.0,0.021,0.2,2169000000.0,3293000000.0,0.28,3293000000.0,2169000000.0,1447000000.0,0.94,0.915,0.94,8552000000.0,8257750000.0,8552000000.0,18150685261.0,8.0,5.512,12000000.0,0.012,1.0,7725000000.0,0.657,0.0,722000000.0,38860000000.0,38585000000.0,333000000.0,722000000.0,,,21839000000.0,,,9651685261.0,17000000.0,0.0,0.0,-180000000.0,-200000000.0,-380000000.0,-1661000000.0,0.0,1899000000.0,0.0,927000000.0,927000000.0,927000000.0,0.0,0.0,0.079,5675000000.0,2050000000.0,585000000.0,0.213,1.129,10.412,10.356,28145000000.0,0.0,9.735,0.821,0.816,645000000.0,,11757000000.0,11757000000.0,0.0,0.031,0.112,0.056,0.184,0.0,4216000000.0,1.0,991441732.0,985600000.0,1077600000.0,11.929,30391000000.0,114000000.0,520000000.0,7346000000.0,30.835,
85,UNP,MRT,2000-06-30,2000-06-30,2000-06-30,2021-10-21,0.0,30202000000.0,29963000000.0,,,0.387,8.461,-1827000000.0,72000000.0,72000000.0,3681000000.0,916000000.0,,2.622,8571000000.0,,,8571000000.0,0.0,1110000000.0,0.0,0.022,0.2,2148000000.0,3258000000.0,0.281,3258000000.0,2148000000.0,1423000000.0,0.927,0.903,0.927,8339000000.0,8074750000.0,8339000000.0,17734468347.0,8.0,5.443,98000000.0,0.099,1.0,7915000000.0,0.683,0.0,725000000.0,38701000000.0,38460750000.0,324000000.0,706000000.0,,,21863000000.0,,,9217468347.0,-259000000.0,0.0,0.0,-236000000.0,-201000000.0,-439000000.0,-1745000000.0,0.0,1925000000.0,0.0,916000000.0,916000000.0,916000000.0,-27000000.0,0.0,0.079,5920000000.0,1995000000.0,633000000.0,0.216,1.105,10.063,10.03,27825000000.0,0.0,9.297,0.795,0.79,569000000.0,,11596000000.0,11596000000.0,0.0,0.031,0.113,0.056,0.185,0.0,4257000000.0,1.0,991392132.0,985600000.0,1078000000.0,11.765,30202000000.0,114000000.0,507000000.0,7174000000.0,30.643,
86,UNP,MRT,2000-03-31,2000-03-31,2000-03-31,2021-10-21,0.0,29909000000.0,29859250000.0,,,0.382,8.258,-1822000000.0,60000000.0,60000000.0,3387000000.0,866000000.0,,2.675,8577000000.0,,,8577000000.0,0.0,1095000000.0,0.0,0.02,0.2,2047000000.0,3142000000.0,0.276,3142000000.0,2047000000.0,1318000000.0,0.877,0.86,0.877,8139000000.0,7896250000.0,8139000000.0,18163070999.0,9.0,5.781,-11000000.0,-0.011,1.0,8016000000.0,0.703,0.0,729000000.0,38426000000.0,38350750000.0,324000000.0,678000000.0,,,21770000000.0,,,9698070999.0,-96000000.0,0.0,0.0,-151000000.0,-201000000.0,-352000000.0,-1506000000.0,0.0,1811000000.0,0.0,866000000.0,866000000.0,866000000.0,-27000000.0,0.0,0.076,6122000000.0,1894000000.0,573000000.0,0.228,1.192,11.199,11.155,27628000000.0,0.0,9.783,0.85,0.846,618000000.0,,11403000000.0,11403000000.0,0.0,0.029,0.11,0.053,0.18,0.0,4274000000.0,1.0,991369384.0,985600000.0,1077200000.0,11.57,29909000000.0,113000000.0,452000000.0,7051000000.0,30.346,
87,UNP,MRT,1999-12-31,1999-12-31,1999-12-31,2021-10-21,0.0,29888000000.0,29745750000.0,,,0.378,8.111,-1834000000.0,175000000.0,175000000.0,3097000000.0,810000000.0,,2.736,8640000000.0,,,8640000000.0,0.0,1083000000.0,0.0,0.018,0.2,1962000000.0,3045000000.0,0.271,3045000000.0,1962000000.0,1229000000.0,0.82,0.805,0.82,8001000000.0,7731000000.0,8001000000.0,19369949420.0,10.0,6.361,35000000.0,0.035,1.0,8140000000.0,0.724,0.0,733000000.0,38353000000.0,38261000000.0,337000000.0,753000000.0,,,21887000000.0,,,10859949420.0,-1000000.0,0.0,0.0,-58000000.0,-198000000.0,-256000000.0,-1614000000.0,0.0,1869000000.0,0.0,810000000.0,810000000.0,810000000.0,-27000000.0,0.0,0.072,6336000000.0,1804000000.0,598000000.0,0.244,1.357,13.407,13.32,27519000000.0,0.0,10.922,0.966,0.959,581000000.0,,11237000000.0,11237000000.0,0.0,0.027,0.105,0.051,0.175,0.0,4285000000.0,1.0,994273236.0,986400000.0,1079200000.0,11.392,29888000000.0,111000000.0,419000000.0,6971000000.0,30.3,
88,UNP,MRT,1999-09-30,1999-09-30,1999-09-30,2021-10-21,0.0,29853000000.0,29617250000.0,,,0.373,7.925,-1663000000.0,198000000.0,198000000.0,3110000000.0,379000000.0,,2.818,8708000000.0,,,8708000000.0,0.0,1079000000.0,0.0,0.017,0.2,1481000000.0,2560000000.0,0.232,2560000000.0,1481000000.0,739000000.0,0.383,0.375,0.383,7820000000.0,7579000000.0,7820000000.0,20384674860.0,14.0,7.963,160000000.0,0.162,1.0,7941000000.0,0.719,0.0,742000000.0,38363000000.0,38145250000.0,335000000.0,775000000.0,,,22033000000.0,,,11910674860.0,-519000000.0,0.0,0.0,-502000000.0,-198000000.0,-672000000.0,-1511000000.0,0.0,1823000000.0,0.0,379000000.0,379000000.0,379000000.0,-289000000.0,0.0,0.034,6898000000.0,1043000000.0,869000000.0,0.522,1.523,31.427,31.371,27402000000.0,0.0,12.015,1.078,1.073,626000000.0,,11051000000.0,11051000000.0,0.0,0.013,0.05,0.039,0.134,0.0,4333000000.0,1.0,991317092.0,986800000.0,1253600000.0,11.199,29853000000.0,110000000.0,360000000.0,6872000000.0,30.252,
89,UNP,MRT,1999-06-30,1999-06-30,1999-06-30,2021-10-21,0.0,29787000000.0,29511250000.0,,,0.367,7.733,-1669000000.0,331000000.0,331000000.0,3149000000.0,168000000.0,,2.906,8805000000.0,,,8805000000.0,0.0,1077000000.0,0.0,0.014,0.2,1161000000.0,2238000000.0,0.207,2238000000.0,1161000000.0,415000000.0,0.17,0.17,0.17,7625000000.0,7531250000.0,7625000000.0,23057290880.0,20.0,10.303,-209000000.0,-0.212,1.0,7669000000.0,0.709,0.0,746000000.0,38261000000.0,37380000000.0,341000000.0,757000000.0,,,22162000000.0,,,14445290880.0,31000000.0,0.0,0.0,247000000.0,-198000000.0,87000000.0,-1516000000.0,0.0,1460000000.0,0.0,168000000.0,168000000.0,168000000.0,-262000000.0,0.0,0.016,6931000000.0,738000000.0,918000000.0,1.176,1.894,85.984,85.75,27181000000.0,0.0,14.578,1.335,1.329,561000000.0,,10818000000.0,10818000000.0,0.0,0.006,0.022,0.031,0.107,0.0,4313000000.0,1.0,990930604.0,986000000.0,992000000.0,10.972,29787000000.0,248000000.0,247000000.0,6755000000.0,30.21,
90,UNP,MRT,1999-03-31,1999-03-31,1999-03-31,2021-10-21,0.0,29455000000.0,29300500000.0,,,0.364,7.59,-1952000000.0,107000000.0,107000000.0,3216000000.0,-442000000.0,,2.939,8719000000.0,,,8719000000.0,0.0,1077000000.0,0.0,0.015,0.2,349000000.0,1426000000.0,0.134,1426000000.0,349000000.0,-390000000.0,-0.45,-0.45,-0.45,7478000000.0,7533250000.0,7478000000.0,21746624325.0,62.0,15.25,-857000000.0,-0.87,1.0,7452000000.0,0.699,0.0,739000000.0,38067000000.0,36399250000.0,350000000.0,755000000.0,,,21977000000.0,,,13230624325.0,-35000000.0,0.0,0.0,842000000.0,-198000000.0,628000000.0,-1807000000.0,0.0,1095000000.0,0.0,-442000000.0,-442000000.0,-442000000.0,0.0,0.0,-0.041,7294000000.0,158000000.0,863000000.0,-0.444,1.769,-29.934,-29.689,27042000000.0,0.0,13.36,1.24,1.234,632000000.0,,10668000000.0,10668000000.0,0.0,-0.015,-0.059,0.01,0.033,0.0,4346000000.0,1.0,990316192.0,985200000.0,989600000.0,10.828,29455000000.0,245000000.0,52000000.0,6669000000.0,29.897,
91,UNP,MRT,1998-12-31,1998-12-31,1998-12-31,2021-10-21,0.0,29374000000.0,29206250000.0,,,0.36,7.513,-2111000000.0,176000000.0,176000000.0,3273000000.0,-633000000.0,,2.973,8692000000.0,,,8692000000.0,0.0,1070000000.0,0.0,0.018,0.2,18000000.0,1088000000.0,0.103,1088000000.0,18000000.0,-696000000.0,-0.642,-0.642,-0.642,7393000000.0,7693250000.0,7393000000.0,19799743995.0,1100.0,18.198,-1546000000.0,-1.571,1.0,7241000000.0,0.689,0.0,714000000.0,37890000000.0,35596500000.0,343000000.0,691000000.0,,,21981000000.0,,,11146743995.0,86000000.0,0.0,0.0,1691000000.0,-255000000.0,1419000000.0,-1898000000.0,0.0,565000000.0,0.0,-633000000.0,-633000000.0,-633000000.0,0.0,0.0,-0.06,7412000000.0,-171000000.0,586000000.0,-0.312,1.508,-17.609,-17.547,26939000000.0,0.0,11.265,1.06,1.054,643000000.0,,10514000000.0,10514000000.0,0.0,-0.022,-0.082,0.001,0.002,0.0,4348000000.0,1.0,989502352.0,984000000.0,984000000.0,10.685,29374000000.0,244000000.0,-63000000.0,6609000000.0,29.852,
92,UNP,MRT,1998-09-30,1998-09-30,1998-09-30,2021-10-21,0.0,29429000000.0,29077750000.0,2015000000.0,27414000000.0,0.408,7.753,-2492000000.0,554000000.0,554000000.0,2388000000.0,431000000.0,0.725,2.858,9207000000.0,178000000.0,9029000000.0,9207000000.0,0.0,1111000000.0,0.0,0.024,0.258,1293000000.0,2404000000.0,0.203,2404000000.0,1293000000.0,688000000.0,0.44,0.435,0.44,7629000000.0,7901250000.0,7629000000.0,18806751465.0,15.0,7.823,-1801000000.0,-1.83,1.0,9466000000.0,0.799,0.0,605000000.0,35302000000.0,34534750000.0,308000000.0,1182000000.0,518000000.0,664000000.0,21800000000.0,2780000000.0,19020000000.0,10542751465.0,355000000.0,0.0,0.0,2325000000.0,-310000000.0,1968000000.0,-2304000000.0,0.0,691000000.0,0.0,431000000.0,431000000.0,431000000.0,10000000.0,0.0,0.036,8300000000.0,1166000000.0,531000000.0,0.586,1.382,24.461,24.222,26528000000.0,0.0,10.658,0.889,0.885,401000000.0,4680000000.0,11854000000.0,11854000000.0,0.0,0.015,0.055,0.037,0.109,0.0,4634000000.0,1.0,989233072.0,984000000.0,,12.047,29429000000.0,0.0,257000000.0,6259000000.0,29.908,-765000000.0
93,UNP,MRT,1998-06-30,1998-06-30,1998-06-30,2021-10-21,0.0,28944000000.0,28887000000.0,1769000000.0,27175000000.0,0.401,7.757,-2428000000.0,297000000.0,297000000.0,2402000000.0,435000000.0,0.616,2.792,8561000000.0,162000000.0,8399000000.0,8561000000.0,0.0,1055000000.0,0.0,0.029,0.315,1293000000.0,2348000000.0,0.202,2348000000.0,1293000000.0,687000000.0,0.445,0.44,0.445,7633000000.0,8115000000.0,7633000000.0,20080490576.0,16.0,8.552,-1452000000.0,-1.476,1.0,9196000000.0,0.793,0.0,606000000.0,34338000000.0,33927500000.0,317000000.0,1178000000.0,516000000.0,662000000.0,21311000000.0,2870000000.0,18441000000.0,10881490576.0,171000000.0,0.0,0.0,1597000000.0,-365000000.0,1165000000.0,-1970000000.0,0.0,976000000.0,0.0,435000000.0,435000000.0,435000000.0,4000000.0,0.0,0.038,8037000000.0,1159000000.0,573000000.0,0.708,1.426,25.015,24.719,26262000000.0,0.0,11.0,0.938,0.933,389000000.0,4691000000.0,11598000000.0,11598000000.0,0.0,0.015,0.054,0.038,0.111,0.0,4480000000.0,1.0,989226416.0,984000000.0,,11.787,28944000000.0,0.0,252000000.0,6199000000.0,29.415,-1101000000.0
94,UNP,MRT,1998-03-31,1998-03-31,1998-03-31,2021-10-21,0.0,29078000000.0,28838750000.0,1384000000.0,27694000000.0,0.376,8.25,-2225000000.0,191000000.0,191000000.0,2406000000.0,242000000.0,0.493,2.582,9390000000.0,132000000.0,9258000000.0,9390000000.0,0.0,1048000000.0,0.0,0.026,0.372,982000000.0,2030000000.0,0.187,2030000000.0,982000000.0,366000000.0,0.247,,0.247,8118000000.0,8296250000.0,8118000000.0,22353055822.0,23.0,11.011,,,1.0,8449000000.0,0.778,613000000.0,616000000.0,34856000000.0,33647250000.0,309000000.0,682000000.0,0.0,682000000.0,20960000000.0,2808000000.0,18152000000.0,13925055822.0,97000000.0,0.0,0.0,1186000000.0,-423000000.0,756000000.0,-1891000000.0,0.0,,0.0,242000000.0,242000000.0,242000000.0,0.0,0.0,0.022,7589000000.0,860000000.0,541000000.0,1.506,1.715,57.542,56.994,26233000000.0,0.0,14.078,1.283,1.276,589000000.0,5159000000.0,10855000000.0,10855000000.0,0.0,0.008,0.029,0.029,0.09,,4190000000.0,1.0,989171076.0,984000000.0,,11.032,28465000000.0,0.0,124000000.0,6492000000.0,28.928,-1424000000.0
95,UNP,MRT,1997-12-31,1997-12-31,1997-12-31,2021-10-21,0.0,28860000000.0,28615750000.0,2194000000.0,26333000000.0,0.387,8.318,-2101000000.0,90000000.0,90000000.0,2442000000.0,432000000.0,0.712,2.509,8518000000.0,229000000.0,8280000000.0,8518000000.0,0.0,1043000000.0,0.0,0.027,0.43,1281000000.0,2324000000.0,0.21,2324000000.0,1281000000.0,676000000.0,0.44,0.435,0.44,8225000000.0,8326500000.0,8225000000.0,23676468816.0,18.0,10.188,-501000000.0,-0.507,1.0,8637000000.0,0.78,562000000.0,605000000.0,33643000000.0,33065000000.0,296000000.0,624000000.0,955000000.0,624000000.0,20635000000.0,3083000000.0,17219000000.0,15482468816.0,-101000000.0,0.0,0.0,520000000.0,-422000000.0,71000000.0,-1772000000.0,0.0,1600000000.0,0.0,432000000.0,432000000.0,432000000.0,0.0,0.0,0.039,7493000000.0,1144000000.0,758000000.0,0.977,1.882,35.839,35.585,25977000000.0,0.0,15.658,1.397,1.397,727000000.0,5271000000.0,11079000000.0,11079000000.0,0.0,0.015,0.052,0.039,0.116,0.0,4166000000.0,1.0,988821256.0,988821256.0,,11.204,28298000000.0,129000000.0,244000000.0,6520000000.0,28.618,-889000000.0
96,UNP,MRT,1997-09-30,1997-09-30,1997-09-30,2021-10-21,0.0,28666000000.0,28382500000.0,1599000000.0,27067000000.0,0.259,8.622,-1879000000.0,201000000.0,201000000.0,2299000000.0,-123000000.0,0.484,2.379,8395000000.0,210000000.0,8185000000.0,8395000000.0,0.0,978000000.0,0.0,0.414,6.49,354000000.0,1332000000.0,0.181,1332000000.0,354000000.0,-220000000.0,0.005,,0.005,8484000000.0,8326500000.0,8484000000.0,23853496142.0,67.0,17.908,,,1.0,5063000000.0,0.688,683000000.0,574000000.0,32873000000.0,32656000000.0,295000000.0,640000000.0,0.0,640000000.0,20182000000.0,3304000000.0,16878000000.0,15474496142.0,54000000.0,603000000.0,0.0,-192000000.0,-405000000.0,-533000000.0,-909000000.0,0.0,,0.0,-123000000.0,-123000000.0,-123000000.0,81000000.0,0.0,-0.017,4764000000.0,299000000.0,580000000.0,1298.0,1.824,-125.809,3131.5,25619000000.0,0.0,15.658,2.102,2.093,797000000.0,5528000000.0,7362000000.0,7362000000.0,0.0,-0.004,-0.015,0.011,0.048,,2840000000.0,1.0,988312064.0,984000000.0,,7.482,27983000000.0,0.0,-97000000.0,6435000000.0,28.438,-1705000000.0
97,UNP,MRT,1997-06-30,1997-06-30,1997-06-30,2021-10-21,0.0,28751000000.0,,1559000000.0,27192000000.0,,8.557,-1801000000.0,129000000.0,129000000.0,1813000000.0,79000000.0,0.484,2.44,8508000000.0,216000000.0,8292000000.0,8508000000.0,0.0,935000000.0,0.0,0.371,6.49,633000000.0,1568000000.0,0.201,1568000000.0,633000000.0,91000000.0,0.205,,0.205,8358000000.0,,8358000000.0,25398591214.0,40.0,16.198,-166000000.0,-0.17,1.0,5970000000.0,0.767,690000000.0,542000000.0,33217000000.0,,290000000.0,607000000.0,0.0,607000000.0,20393000000.0,3223000000.0,17170000000.0,17253591214.0,56000000.0,64000000.0,0.0,384000000.0,-388000000.0,77000000.0,-1656000000.0,0.0,1635000000.0,0.0,79000000.0,79000000.0,79000000.0,87000000.0,0.0,0.01,5451000000.0,519000000.0,674000000.0,31.659,2.064,218.4,85.22,25631000000.0,0.0,17.47,2.217,2.193,802000000.0,5394000000.0,7783000000.0,7783000000.0,0.0,,,,0.081,0.0,2997000000.0,1.0,987612548.0,976800000.0,,7.968,28061000000.0,0.0,12000000.0,6296000000.0,28.727,-1664000000.0
98,UNP,MRT,1997-03-31,1997-03-31,1997-03-31,2021-10-21,0.0,28186000000.0,,1454000000.0,26732000000.0,,8.312,-1508000000.0,94000000.0,94000000.0,2036000000.0,876000000.0,0.468,2.421,8239000000.0,164000000.0,8075000000.0,8239000000.0,0.0,848000000.0,0.0,0.457,6.49,1836000000.0,2684000000.0,0.279,2684000000.0,1836000000.0,1302000000.0,0.982,,0.982,8239000000.0,,8239000000.0,21844310456.0,12.0,8.139,,,1.0,7592000000.0,0.789,695000000.0,534000000.0,32527000000.0,,275000000.0,614000000.0,0.0,614000000.0,19947000000.0,3109000000.0,16838000000.0,14008310456.0,15000000.0,64000000.0,0.0,-84000000.0,-369000000.0,-350000000.0,-1282000000.0,0.0,,0.0,876000000.0,876000000.0,876000000.0,-122000000.0,0.0,0.091,6080000000.0,1512000000.0,736000000.0,6.609,1.7,15.991,14.448,25246000000.0,0.0,14.188,1.455,1.461,699000000.0,5283000000.0,9628000000.0,9628000000.0,0.0,,,,0.191,,3513000000.0,1.0,987369900.0,991200000.0,,9.713,27491000000.0,0.0,426000000.0,6238000000.0,27.735,-1655000000.0
99,UNP,MRT,1996-12-31,1996-12-31,1996-12-31,2021-10-21,0.0,27927000000.0,23686500000.0,1334000000.0,26580000000.0,0.371,8.33,-1360000000.0,191000000.0,191000000.0,1801000000.0,904000000.0,0.437,2.395,8027000000.0,127000000.0,7900000000.0,8027000000.0,0.0,762000000.0,0.0,0.432,6.49,1785000000.0,2547000000.0,0.29,2547000000.0,1785000000.0,1284000000.0,1.042,1.035,1.042,8225000000.0,7186500000.0,8225000000.0,,,,297000000.0,0.301,1.0,6985000000.0,0.795,700000000.0,501000000.0,32007000000.0,28428500000.0,304000000.0,613000000.0,0.0,613000000.0,19702000000.0,3056000000.0,16633000000.0,14840169597.0,-39000000.0,64000000.0,0.0,-306000000.0,-353000000.0,-602000000.0,-1094000000.0,0.0,1657000000.0,0.0,904000000.0,904000000.0,904000000.0,-171000000.0,0.0,0.103,5553000000.0,1432000000.0,705000000.0,6.228,1.804,16.416,14.424,25044000000.0,0.0,15.03,1.689,1.689,507000000.0,5262000000.0,8786000000.0,8786000000.0,0.0,0.038,0.126,0.063,0.203,0.0,3260000000.0,1.0,987369900.0,987369900.0,,8.898,27227000000.0,0.0,380000000.0,6189000000.0,27.575,-1722000000.0
100,UNP,MRT,1996-09-30,1996-09-30,1996-09-30,2021-10-21,,,,,,,,,,,,,,,,,,,,,,0.023,0.43,,,,,,,,,,,,,,,,,,1.0,,,,,,,,,,,,,,,,,,,,,,,,,,,,,,,,,,,,,,,,18.312,,,,,,,,,,,,,,1.0,,992800000.0,,,,,,,,
101,UNP,MRT,1996-06-30,1996-06-30,1996-06-30,2021-10-21,,,,,,,,,,,,,,,,,,,,,,0.025,0.43,,,,,,,,,,,,,,,,,,1.0,,,,,,,,,,,,,,,,,,,,,,,,,,,,,,,,,,,,,,,,17.531,,,,,,,,,,,,,,1.0,,1158000000.0,,,,,,,,
102,UNP,MRT,1996-03-31,1996-03-31,1996-03-31,2021-10-21,,,,,,,,,,,,,,,,,,,,,,0.025,0.43,,,,,,,,,,,,,,,,,,1.0,,,,,,,,,,,,,,,,,,,,,,,,,,,,,,,,,,,,,,,,17.219,,,,,,,,,,,,,,1.0,,825200000.0,,,,,,,,
103,UNP,MRT,1995-12-31,1995-12-31,1995-12-31,2021-10-21,0.0,19446000000.0,,,,,,-1058000000.0,230000000.0,230000000.0,1482000000.0,946000000.0,,2.128,6364000000.0,,,6364000000.0,0.0,642000000.0,0.0,0.026,0.43,1710000000.0,2352000000.0,0.314,2352000000.0,1710000000.0,1260000000.0,1.155,1.15,1.155,6148000000.0,,6148000000.0,,,,396000000.0,,1.0,6004000000.0,0.802,730000000.0,450000000.0,24850000000.0,,238000000.0,1447000000.0,,,13082000000.0,,,,115000000.0,-2146000000.0,844000000.0,-1531000000.0,-353000000.0,1230000000.0,-2569000000.0,0.0,1454000000.0,0.0,946000000.0,946000000.0,946000000.0,-327000000.0,0.0,0.126,4762000000.0,1242000000.0,436000000.0,0.372,,,14.286,14105000000.0,0.0,16.5,,,349000000.0,,7486000000.0,7486000000.0,0.0,,,,0.228,0.0,2925000000.0,1.0,,,,,18716000000.0,0.0,314000000.0,3676000000.0,,
104,UNP,MRT,1994-12-31,1994-12-31,1994-12-31,2021-10-21,,,,,,,,-876000000.0,,,1254000000.0,546000000.0,,,,,,,,541000000.0,,0.037,0.415,1223000000.0,1764000000.0,0.272,1764000000.0,1223000000.0,876000000.0,0.69,,0.69,,,,,,,203000000.0,,1.0,5238000000.0,0.807,,347000000.0,,,,,,,,,,,13000000.0,-295000000.0,0.0,26000000.0,-334000000.0,77000000.0,-1143000000.0,0.0,1079000000.0,0.0,546000000.0,546000000.0,546000000.0,22000000.0,0.0,0.084,4093000000.0,1145000000.0,,0.601,,,16.442,,0.0,11.345,,,,,6492000000.0,6492000000.0,0.0,,,,0.188,0.0,2559000000.0,1.0,,,,,,,330000000.0,,,
