None,ticker,dimension,calendardate,datekey,reportperiod,lastupdated,accoci,assets,assetsavg,assetsc,assetsnc,assetturnover,bvps,capex,cashneq,cashnequsd,cor,consolinc,currentratio,de,debt,debtc,debtnc,debtusd,deferredrev,depamor,deposits,divyield,dps,ebit,ebitda,ebitdamargin,ebitdausd,ebitusd,ebt,eps,epsdil,epsusd,equity,equityavg,equityusd,ev,evebit,evebitda,fcf,fcfps,fxusd,gp,grossmargin,intangibles,intexp,invcap,invcapavg,inventory,investments,investmentsc,investmentsnc,liabilities,liabilitiesc,liabilitiesnc,marketcap,ncf,ncfbus,ncfcommon,ncfdebt,ncfdiv,ncff,ncfi,ncfinv,ncfo,ncfx,netinc,netinccmn,netinccmnusd,netincdis,netincnci,netmargin,opex,opinc,payables,payoutratio,pb,pe,pe1,ppnenet,prefdivis,price,ps,ps1,receivables,retearn,revenue,revenueusd,rnd,roa,roe,roic,ros,sbcomp,sgna,sharefactor,sharesbas,shareswa,shareswadil,sps,tangibles,taxassets,taxexp,taxliabilities,tbvps,workingcapital
0,NCR,MRY,2020-12-31,2020-12-31,2020-12-31,2021-09-08,-271000000.0,8414000000.0,9436500000.0,2478000000.0,5936000000.0,0.658,8.162,-256000000.0,397000000.0,397000000.0,4683000000.0,-78000000.0,1.187,6.765,3603000000.0,8000000.0,3595000000.0,3603000000.0,507000000.0,364000000.0,0.0,0.0,0.0,86000000.0,450000000.0,0.072,450000000.0,86000000.0,-132000000.0,-0.86,-0.86,-0.86,1048000000.0,1096750000.0,1048000000.0,8061773000.0,94.0,17.915,385000000.0,2.998,1.0,1524000000.0,0.246,3369000000.0,218000000.0,6163000000.0,7108750000.0,601000000.0,0.0,0.0,0.0,7090000000.0,2088000000.0,5002000000.0,4842773000.0,-157000000.0,-25000000.0,-24000000.0,-320000000.0,0.0,-514000000.0,-277000000.0,7000000.0,641000000.0,-7000000.0,-79000000.0,-110000000.0,-110000000.0,72000000.0,1000000.0,-0.018,1303000000.0,221000000.0,632000000.0,0.0,4.621,-44.025,-43.686,717000000.0,31000000.0,37.57,0.78,0.777,1117000000.0,950000000.0,6207000000.0,6207000000.0,234000000.0,-0.012,-0.1,0.012,0.014,108000000.0,1051000000.0,1.0,128900000.0,128400000.0,128400000.0,48.341,5045000000.0,965000000.0,-53000000.0,102000000.0,39.291,390000000.0
1,NCR,MRY,2019-12-31,2019-12-31,2019-12-31,2021-09-08,-269000000.0,8987000000.0,8464500000.0,3144000000.0,5843000000.0,0.817,9.042,-318000000.0,509000000.0,509000000.0,4994000000.0,564000000.0,1.239,6.78,3928000000.0,282000000.0,3646000000.0,3928000000.0,502000000.0,333000000.0,0.0,0.0,0.0,488000000.0,821000000.0,0.119,821000000.0,488000000.0,291000000.0,3.72,3.36,3.72,1104000000.0,705250000.0,1104000000.0,8106416000.0,17.0,9.874,316000000.0,2.588,1.0,1921000000.0,0.278,3439000000.0,197000000.0,6429000000.0,6105500000.0,784000000.0,0.0,0.0,0.0,7485000000.0,2538000000.0,4947000000.0,4486416000.0,31000000.0,-203000000.0,-80000000.0,372000000.0,0.0,-61000000.0,-512000000.0,0.0,634000000.0,-6000000.0,564000000.0,454000000.0,454000000.0,50000000.0,0.0,0.066,1310000000.0,611000000.0,840000000.0,0.0,4.064,9.882,9.452,804000000.0,110000000.0,35.16,0.649,0.621,1490000000.0,1060000000.0,6915000000.0,6915000000.0,259000000.0,0.054,0.644,0.08,0.071,107000000.0,1051000000.0,1.0,127600000.0,122100000.0,145200000.0,56.634,5548000000.0,821000000.0,-273000000.0,92000000.0,45.438,606000000.0
2,NCR,MRY,2018-12-31,2018-12-31,2018-12-31,2021-09-08,-246000000.0,7761000000.0,7567750000.0,3023000000.0,4738000000.0,0.846,3.336,-310000000.0,464000000.0,464000000.0,4730000000.0,-86000000.0,1.325,16.428,3165000000.0,185000000.0,2980000000.0,3165000000.0,461000000.0,330000000.0,0.0,0.0,0.0,153000000.0,483000000.0,0.075,483000000.0,153000000.0,-15000000.0,-1.16,-1.16,-1.16,395000000.0,452250000.0,395000000.0,5521056000.0,36.0,11.431,262000000.0,2.213,1.0,1675000000.0,0.262,3287000000.0,168000000.0,4893000000.0,5115750000.0,806000000.0,0.0,0.0,0.0,6489000000.0,2282000000.0,4207000000.0,2728056000.0,-11000000.0,-160000000.0,-190000000.0,168000000.0,0.0,-48000000.0,-474000000.0,0.0,572000000.0,-25000000.0,-88000000.0,-137000000.0,-137000000.0,52000000.0,2000000.0,-0.021,1484000000.0,191000000.0,897000000.0,0.0,6.906,-19.913,-19.897,359000000.0,49000000.0,23.08,0.426,0.427,1356000000.0,606000000.0,6405000000.0,6405000000.0,252000000.0,-0.018,-0.303,0.03,0.024,72000000.0,1005000000.0,1.0,118200000.0,118400000.0,118400000.0,54.096,4474000000.0,448000000.0,73000000.0,91000000.0,37.787,741000000.0
3,NCR,MRY,2017-12-31,2017-12-31,2017-12-31,2021-09-08,-199000000.0,7654000000.0,7749000000.0,2830000000.0,4824000000.0,0.841,5.898,-288000000.0,537000000.0,537000000.0,4661000000.0,235000000.0,1.498,8.494,2991000000.0,52000000.0,2939000000.0,2991000000.0,458000000.0,354000000.0,0.0,0.0,0.0,637000000.0,991000000.0,0.152,991000000.0,637000000.0,474000000.0,1.01,0.97,1.01,719000000.0,665250000.0,719000000.0,6987982000.0,11.0,7.051,464000000.0,3.806,1.0,1855000000.0,0.285,3319000000.0,163000000.0,4900000000.0,5135250000.0,780000000.0,0.0,0.0,0.0,6107000000.0,1889000000.0,4218000000.0,4139982000.0,36000000.0,-8000000.0,-335000000.0,-65000000.0,0.0,-434000000.0,-290000000.0,0.0,752000000.0,16000000.0,232000000.0,123000000.0,123000000.0,5000000.0,3000000.0,0.019,1164000000.0,691000000.0,762000000.0,0.0,5.758,33.658,33.653,341000000.0,109000000.0,33.99,0.635,0.636,1270000000.0,857000000.0,6516000000.0,6516000000.0,241000000.0,0.016,0.185,0.124,0.098,77000000.0,923000000.0,1.0,121800000.0,121900000.0,127000000.0,53.454,4335000000.0,460000000.0,242000000.0,148000000.0,35.562,941000000.0
4,NCR,MRY,2016-12-31,2016-12-31,2016-12-31,2021-09-08,-205000000.0,7673000000.0,7721750000.0,2757000000.0,4916000000.0,0.847,5.533,-227000000.0,498000000.0,498000000.0,4725000000.0,274000000.0,1.403,8.794,3051000000.0,50000000.0,3001000000.0,3051000000.0,468000000.0,344000000.0,0.0,0.0,0.0,532000000.0,876000000.0,0.134,876000000.0,532000000.0,362000000.0,1.76,1.71,1.76,695000000.0,613000000.0,695000000.0,8004496000.0,15.0,9.138,669000000.0,5.326,1.0,1818000000.0,0.278,3399000000.0,170000000.0,4862000000.0,5233250000.0,699000000.0,0.0,0.0,0.0,6112000000.0,1965000000.0,4147000000.0,5033496000.0,172000000.0,47000000.0,-235000000.0,-214000000.0,0.0,-467000000.0,-189000000.0,0.0,896000000.0,-29000000.0,270000000.0,221000000.0,221000000.0,13000000.0,4000000.0,0.034,1144000000.0,674000000.0,781000000.0,0.0,7.242,22.776,23.045,287000000.0,49000000.0,40.56,0.769,0.779,1282000000.0,867000000.0,6543000000.0,6543000000.0,225000000.0,0.029,0.361,0.102,0.081,61000000.0,904000000.0,1.0,124100000.0,125600000.0,129200000.0,52.094,4274000000.0,575000000.0,92000000.0,142000000.0,34.029,792000000.0
5,NCR,MRY,2015-12-31,2015-12-31,2015-12-31,2021-09-08,-150000000.0,7635000000.0,8025250000.0,2549000000.0,5086000000.0,0.794,4.296,-210000000.0,328000000.0,328000000.0,4904000000.0,-174000000.0,1.431,8.465,3252000000.0,13000000.0,3239000000.0,3252000000.0,476000000.0,308000000.0,0.0,0.0,0.0,50000000.0,358000000.0,0.056,358000000.0,50000000.0,-123000000.0,-1.09,-1.09,-1.09,720000000.0,1469250000.0,720000000.0,7100754000.0,142.0,19.835,471000000.0,2.81,1.0,1469000000.0,0.231,3531000000.0,173000000.0,5247000000.0,5560750000.0,643000000.0,0.0,0.0,0.0,6095000000.0,1781000000.0,4314000000.0,4155754000.0,-183000000.0,0.0,15000000.0,-371000000.0,0.0,-583000000.0,-209000000.0,0.0,681000000.0,-29000000.0,-178000000.0,-182000000.0,-182000000.0,24000000.0,4000000.0,-0.029,1334000000.0,135000000.0,657000000.0,0.0,5.772,-22.834,-22.44,322000000.0,4000000.0,24.46,0.652,0.643,1251000000.0,869000000.0,6373000000.0,6373000000.0,230000000.0,-0.023,-0.124,0.009,0.008,42000000.0,1042000000.0,1.0,169900000.0,167600000.0,167600000.0,38.025,4104000000.0,582000000.0,55000000.0,167000000.0,24.487,768000000.0
6,NCR,MRY,2014-12-31,2014-12-31,2014-12-31,2021-09-08,-136000000.0,8566000000.0,8713250000.0,3088000000.0,5478000000.0,0.756,11.144,-257000000.0,511000000.0,511000000.0,4859000000.0,195000000.0,1.492,3.564,3618000000.0,187000000.0,3431000000.0,3618000000.0,494000000.0,284000000.0,0.0,0.0,0.0,324000000.0,608000000.0,0.092,608000000.0,324000000.0,143000000.0,1.14,1.12,1.14,1871000000.0,1887500000.0,1871000000.0,8228176000.0,25.0,13.533,267000000.0,1.59,1.0,1732000000.0,0.263,3686000000.0,181000000.0,5917000000.0,6268500000.0,669000000.0,0.0,0.0,0.0,6668000000.0,2070000000.0,4598000000.0,4907176000.0,-17000000.0,-1647000000.0,13000000.0,304000000.0,0.0,284000000.0,-788000000.0,0.0,524000000.0,-36000000.0,191000000.0,191000000.0,191000000.0,-10000000.0,4000000.0,0.029,1379000000.0,353000000.0,712000000.0,0.0,2.623,25.692,25.561,396000000.0,0.0,29.14,0.745,0.742,1404000000.0,1563000000.0,6591000000.0,6591000000.0,263000000.0,0.022,0.101,0.052,0.049,31000000.0,1012000000.0,1.0,168400000.0,167900000.0,171200000.0,39.256,4880000000.0,349000000.0,-48000000.0,181000000.0,29.065,1018000000.0
7,NCR,MRY,2013-12-31,2013-12-31,2013-12-31,2021-09-08,-38000000.0,8108000000.0,7086750000.0,4339000000.0,3769000000.0,0.864,10.695,-216000000.0,1642000000.0,1642000000.0,4383000000.0,447000000.0,2.307,3.568,3354000000.0,34000000.0,3320000000.0,3354000000.0,525000000.0,208000000.0,0.0,0.0,0.0,644000000.0,852000000.0,0.139,852000000.0,644000000.0,541000000.0,2.68,2.62,2.68,1769000000.0,1518000000.0,1769000000.0,7434584000.0,12.0,8.726,65000000.0,0.393,1.0,1740000000.0,0.284,2028000000.0,103000000.0,5911000000.0,4988750000.0,790000000.0,0.0,0.0,0.0,6311000000.0,1881000000.0,4430000000.0,5667584000.0,-541000000.0,-780000000.0,57000000.0,1357000000.0,0.0,1357000000.0,-2105000000.0,0.0,281000000.0,-22000000.0,443000000.0,443000000.0,443000000.0,9000000.0,4000000.0,0.072,1074000000.0,666000000.0,670000000.0,0.0,3.204,12.794,12.709,352000000.0,0.0,34.06,0.926,0.92,1339000000.0,1372000000.0,6123000000.0,6123000000.0,203000000.0,0.063,0.292,0.129,0.105,41000000.0,871000000.0,1.0,166400000.0,165400000.0,169300000.0,37.019,6080000000.0,441000000.0,98000000.0,189000000.0,36.759,2458000000.0
8,NCR,MRY,2012-12-31,2012-12-31,2012-12-31,2021-09-08,-37000000.0,6369000000.0,5929000000.0,3406000000.0,2963000000.0,0.966,7.859,-152000000.0,1069000000.0,1069000000.0,4085000000.0,481000000.0,1.955,4.051,1963000000.0,72000000.0,1891000000.0,1963000000.0,455000000.0,166000000.0,0.0,0.0,0.0,746000000.0,912000000.0,0.159,912000000.0,746000000.0,704000000.0,3.02,2.94,3.02,1252000000.0,1007250000.0,1252000000.0,4955252000.0,7.0,5.433,-332000000.0,-2.084,1.0,1645000000.0,0.287,1307000000.0,42000000.0,4214000000.0,3612750000.0,797000000.0,0.0,0.0,0.0,5072000000.0,1742000000.0,3330000000.0,4074252000.0,671000000.0,-108000000.0,53000000.0,1091000000.0,0.0,1131000000.0,-256000000.0,0.0,-180000000.0,-9000000.0,481000000.0,481000000.0,481000000.0,0.0,0.0,0.084,897000000.0,748000000.0,611000000.0,0.0,3.254,8.47,8.437,308000000.0,0.0,25.48,0.711,0.708,1086000000.0,929000000.0,5730000000.0,5730000000.0,155000000.0,0.081,0.478,0.206,0.13,49000000.0,742000000.0,1.0,159900000.0,159300000.0,163800000.0,35.97,5062000000.0,532000000.0,223000000.0,138000000.0,31.777,1664000000.0
9,NCR,MRY,2011-12-31,2011-12-31,2011-12-31,2021-09-08,-1492000000.0,5591000000.0,5061750000.0,2515000000.0,3076000000.0,1.045,4.968,-121000000.0,398000000.0,398000000.0,4340000000.0,-191000000.0,1.613,6.059,853000000.0,1000000.0,852000000.0,853000000.0,418000000.0,128000000.0,0.0,0.0,0.0,-243000000.0,-115000000.0,-0.022,-115000000.0,-243000000.0,-256000000.0,-1.2,-1.2,-1.2,785000000.0,920250000.0,785000000.0,3311804000.0,-14.0,-28.798,267000000.0,1.69,1.0,951000000.0,0.18,1225000000.0,13000000.0,3262000000.0,2897250000.0,774000000.0,0.0,0.0,0.0,4756000000.0,1559000000.0,3197000000.0,2590804000.0,-98000000.0,-1085000000.0,-52000000.0,811000000.0,0.0,802000000.0,-1206000000.0,0.0,388000000.0,-5000000.0,-190000000.0,-190000000.0,-190000000.0,0.0,-1000000.0,-0.036,1099000000.0,-148000000.0,525000000.0,0.0,3.3,-13.636,-13.717,365000000.0,0.0,16.46,0.49,0.492,1032000000.0,1988000000.0,5291000000.0,5291000000.0,209000000.0,-0.038,-0.206,-0.084,-0.046,32000000.0,890000000.0,1.0,157400000.0,158000000.0,158000000.0,33.487,4366000000.0,714000000.0,-66000000.0,148000000.0,27.633,956000000.0
10,NCR,MRY,2010-12-31,2010-12-31,2010-12-31,2021-09-08,-1335000000.0,4361000000.0,4227000000.0,2478000000.0,1883000000.0,1.115,5.526,-92000000.0,496000000.0,496000000.0,3721000000.0,137000000.0,1.75,3.901,11000000.0,1000000.0,10000000.0,11000000.0,362000000.0,114000000.0,0.0,0.0,0.0,125000000.0,239000000.0,0.051,239000000.0,125000000.0,123000000.0,0.84,0.83,0.84,883000000.0,733750000.0,883000000.0,2098441000.0,17.0,8.78,187000000.0,1.17,1.0,990000000.0,0.21,130000000.0,2000000.0,2330000000.0,2291250000.0,741000000.0,0.0,0.0,0.0,3445000000.0,1416000000.0,2029000000.0,2448441000.0,45000000.0,0.0,-9000000.0,-5000000.0,0.0,-14000000.0,-111000000.0,0.0,279000000.0,7000000.0,134000000.0,134000000.0,134000000.0,0.0,3000000.0,0.028,841000000.0,149000000.0,499000000.0,0.0,2.773,18.272,18.298,429000000.0,0.0,15.37,0.52,0.521,928000000.0,1935000000.0,4711000000.0,4711000000.0,156000000.0,0.032,0.183,0.055,0.027,21000000.0,685000000.0,1.0,159300000.0,159800000.0,161200000.0,29.481,4231000000.0,630000000.0,-11000000.0,165000000.0,26.477,1062000000.0
11,NCR,MRY,2009-12-31,2009-12-31,2009-12-31,2021-09-08,-1509000000.0,4094000000.0,3989500000.0,2299000000.0,1795000000.0,1.153,3.549,-171000000.0,451000000.0,451000000.0,3719000000.0,-30000000.0,1.664,6.209,15000000.0,4000000.0,11000000.0,15000000.0,329000000.0,128000000.0,0.0,0.0,0.0,-26000000.0,102000000.0,0.022,102000000.0,-26000000.0,-36000000.0,-0.21,-0.21,-0.21,564000000.0,472250000.0,564000000.0,1363896000.0,-52.0,13.372,89000000.0,0.56,1.0,880000000.0,0.191,100000000.0,10000000.0,2176000000.0,2071750000.0,686000000.0,0.0,0.0,0.0,3502000000.0,1382000000.0,2120000000.0,1771896000.0,-260000000.0,0.0,8000000.0,-296000000.0,0.0,-288000000.0,-203000000.0,0.0,260000000.0,8000000.0,-33000000.0,-33000000.0,-33000000.0,0.0,3000000.0,-0.007,777000000.0,103000000.0,557000000.0,0.0,3.142,-53.694,-53.0,356000000.0,0.0,11.13,0.385,0.385,896000000.0,1801000000.0,4599000000.0,4599000000.0,141000000.0,-0.008,-0.07,-0.013,-0.006,12000000.0,636000000.0,1.0,159200000.0,158900000.0,160100000.0,28.943,3994000000.0,617000000.0,-3000000.0,165000000.0,25.135,917000000.0
12,NCR,MRY,2008-12-31,2008-12-31,2008-12-31,2021-09-08,-1644000000.0,4255000000.0,4468250000.0,2557000000.0,1698000000.0,1.19,2.662,-79000000.0,711000000.0,711000000.0,4132000000.0,227000000.0,1.51,8.614,308000000.0,301000000.0,7000000.0,308000000.0,317000000.0,114000000.0,0.0,0.0,0.0,318000000.0,432000000.0,0.081,432000000.0,318000000.0,296000000.0,1.38,1.36,1.38,440000000.0,1299000000.0,440000000.0,1806292000.0,6.0,4.181,361000000.0,2.184,1.0,1183000000.0,0.223,84000000.0,22000000.0,2075000000.0,2278500000.0,692000000.0,0.0,0.0,0.0,3790000000.0,1693000000.0,2097000000.0,2231292000.0,-241000000.0,-65000000.0,-477000000.0,0.0,0.0,-475000000.0,-144000000.0,0.0,440000000.0,-18000000.0,228000000.0,228000000.0,228000000.0,0.0,-1000000.0,0.043,861000000.0,322000000.0,492000000.0,0.0,5.071,9.786,10.246,308000000.0,0.0,14.14,0.42,0.44,913000000.0,1834000000.0,5315000000.0,5315000000.0,148000000.0,0.051,0.176,0.14,0.06,39000000.0,713000000.0,1.0,157800000.0,165300000.0,167900000.0,32.154,4171000000.0,645000000.0,68000000.0,155000000.0,25.233,864000000.0
13,NCR,MRY,2007-12-31,2007-12-31,2007-12-31,2021-09-08,-536000000.0,4780000000.0,5140250000.0,3088000000.0,1692000000.0,0.967,9.756,-81000000.0,952000000.0,952000000.0,3930000000.0,274000000.0,2.018,1.721,308000000.0,1000000.0,307000000.0,308000000.0,359000000.0,110000000.0,0.0,0.0,0.0,359000000.0,469000000.0,0.094,469000000.0,359000000.0,335000000.0,1.52,1.5,1.52,1757000000.0,1913000000.0,1757000000.0,3817100000.0,11.0,8.139,70000000.0,0.389,1.0,1040000000.0,0.209,64000000.0,24000000.0,2542000000.0,2616000000.0,717000000.0,0.0,0.0,0.0,3023000000.0,1530000000.0,1493000000.0,4543100000.0,5000000.0,-12000000.0,-35000000.0,0.0,0.0,-227000000.0,-93000000.0,0.0,151000000.0,20000000.0,274000000.0,274000000.0,274000000.0,0.0,0.0,0.055,821000000.0,219000000.0,516000000.0,0.0,2.586,16.581,16.513,313000000.0,0.0,25.1,0.914,0.91,1167000000.0,1608000000.0,4970000000.0,4970000000.0,137000000.0,0.053,0.143,0.137,0.072,33000000.0,684000000.0,1.0,181000000.0,180100000.0,182700000.0,27.596,4716000000.0,210000000.0,61000000.0,210000000.0,26.185,1558000000.0
14,NCR,MRY,2006-12-31,2006-12-31,2006-12-31,2021-09-08,-676000000.0,5227000000.0,5403000000.0,3332000000.0,1895000000.0,0.848,10.45,-85000000.0,947000000.0,947000000.0,3655000000.0,382000000.0,1.882,1.779,307000000.0,1000000.0,306000000.0,307000000.0,318000000.0,104000000.0,0.0,0.0,0.0,414000000.0,518000000.0,0.113,518000000.0,414000000.0,390000000.0,2.12,2.09,2.12,1881000000.0,2114000000.0,1881000000.0,7169832000.0,17.0,13.841,105000000.0,0.583,1.0,927000000.0,0.202,60000000.0,24000000.0,2757000000.0,3104750000.0,641000000.0,0.0,0.0,0.0,3346000000.0,1770000000.0,1576000000.0,7619832000.0,137000000.0,-6000000.0,-191000000.0,0.0,0.0,-184000000.0,-91000000.0,0.0,190000000.0,12000000.0,382000000.0,382000000.0,382000000.0,-231000000.0,0.0,0.083,773000000.0,154000000.0,467000000.0,0.0,4.051,19.947,20.17,314000000.0,0.0,42.76,1.663,1.68,1016000000.0,1900000000.0,4582000000.0,4582000000.0,119000000.0,0.071,0.181,0.133,0.09,10000000.0,654000000.0,1.0,178200000.0,180000000.0,182900000.0,25.456,5167000000.0,212000000.0,8000000.0,159000000.0,28.706,1562000000.0
15,NCR,MRY,2005-12-31,2005-12-31,2005-12-31,2021-09-08,-279000000.0,5287000000.0,5359250000.0,2927000000.0,2360000000.0,0.851,11.0,-81000000.0,810000000.0,810000000.0,3625000000.0,529000000.0,1.779,1.598,307000000.0,2000000.0,305000000.0,307000000.0,444000000.0,113000000.0,0.0,0.0,0.0,342000000.0,455000000.0,0.1,455000000.0,342000000.0,319000000.0,2.86,2.8,2.86,2035000000.0,2102000000.0,2035000000.0,5799384000.0,17.0,12.746,234000000.0,1.265,1.0,936000000.0,0.205,129000000.0,23000000.0,3010000000.0,3189750000.0,595000000.0,0.0,0.0,0.0,3252000000.0,1645000000.0,1607000000.0,6231384000.0,60000000.0,-17000000.0,-277000000.0,0.0,0.0,-277000000.0,-98000000.0,0.0,315000000.0,-16000000.0,529000000.0,529000000.0,529000000.0,-213000000.0,0.0,0.116,816000000.0,120000000.0,490000000.0,0.0,3.062,11.78,11.867,378000000.0,0.0,33.94,1.366,1.377,1305000000.0,1518000000.0,4561000000.0,4561000000.0,125000000.0,0.099,0.252,0.107,0.075,4000000.0,691000000.0,1.0,183600000.0,185000000.0,189100000.0,24.654,5158000000.0,522000000.0,-210000000.0,307000000.0,27.881,1282000000.0
16,NCR,MRY,2004-12-31,2004-12-31,2004-12-31,2021-09-08,65000000.0,5554000000.0,5456750000.0,2633000000.0,2921000000.0,1.097,11.119,-97000000.0,750000000.0,750000000.0,4368000000.0,290000000.0,1.527,1.663,309000000.0,2000000.0,307000000.0,309000000.0,407000000.0,180000000.0,0.0,0.0,0.0,274000000.0,454000000.0,0.076,454000000.0,274000000.0,251000000.0,1.55,1.51,1.55,2086000000.0,1950750000.0,2086000000.0,6138236000.0,22.0,13.52,250000000.0,1.333,1.0,1616000000.0,0.27,124000000.0,23000000.0,3265000000.0,3367500000.0,355000000.0,0.0,0.0,0.0,3468000000.0,1724000000.0,1744000000.0,6452236000.0,111000000.0,-36000000.0,-168000000.0,-1000000.0,0.0,-169000000.0,-83000000.0,50000000.0,347000000.0,16000000.0,290000000.0,290000000.0,290000000.0,0.0,0.0,0.048,1383000000.0,233000000.0,492000000.0,0.0,3.093,22.249,22.332,670000000.0,0.0,34.615,1.078,1.085,1304000000.0,989000000.0,5984000000.0,5984000000.0,242000000.0,0.053,0.149,0.081,0.046,5000000.0,1141000000.0,1.0,186400000.0,187600000.0,191500000.0,31.898,5430000000.0,372000000.0,-39000000.0,500000000.0,28.945,909000000.0
17,NCR,MRY,2003-12-31,2003-12-31,2003-12-31,2021-09-08,9000000.0,5197000000.0,4807500000.0,2422000000.0,2775000000.0,1.164,9.868,-222000000.0,689000000.0,689000000.0,4064000000.0,58000000.0,1.534,1.772,310000000.0,3000000.0,307000000.0,310000000.0,362000000.0,315000000.0,0.0,0.0,0.0,98000000.0,413000000.0,0.074,413000000.0,98000000.0,72000000.0,0.31,0.3,0.31,1875000000.0,1433500000.0,1875000000.0,3406480000.0,35.0,8.248,219000000.0,1.153,1.0,1534000000.0,0.274,105000000.0,26000000.0,3134000000.0,2989750000.0,308000000.0,0.0,0.0,0.0,3322000000.0,1579000000.0,1743000000.0,3670480000.0,153000000.0,0.0,-55000000.0,-1000000.0,0.0,-76000000.0,-235000000.0,-10000000.0,441000000.0,23000000.0,58000000.0,58000000.0,58000000.0,0.0,0.0,0.01,1404000000.0,130000000.0,414000000.0,0.0,1.958,63.284,62.581,746000000.0,0.0,19.4,0.656,0.658,1230000000.0,699000000.0,5598000000.0,5598000000.0,233000000.0,0.012,0.04,0.033,0.018,0.0,1171000000.0,1.0,189200000.0,190000000.0,191700000.0,29.463,5092000000.0,275000000.0,14000000.0,447000000.0,26.8,843000000.0
18,NCR,MRY,2002-12-31,2002-12-31,2002-12-31,2021-09-08,-534000000.0,4672000000.0,4800000000.0,2186000000.0,2486000000.0,1.164,6.771,-236000000.0,526000000.0,526000000.0,3998000000.0,-220000000.0,1.543,2.526,311000000.0,5000000.0,306000000.0,311000000.0,339000000.0,328000000.0,0.0,0.0,0.0,-198000000.0,130000000.0,0.023,130000000.0,-198000000.0,-217000000.0,-1.13,-1.1,-1.13,1325000000.0,1713000000.0,1325000000.0,2183120598.0,-11.0,16.793,11000000.0,0.056,1.0,1587000000.0,0.284,102000000.0,19000000.0,2938000000.0,2925250000.0,263000000.0,0.0,0.0,0.0,3347000000.0,1417000000.0,1930000000.0,2316120598.0,151000000.0,0.0,-15000000.0,163000000.0,0.0,151000000.0,-260000000.0,-40000000.0,247000000.0,13000000.0,-220000000.0,-220000000.0,-220000000.0,0.0,0.0,-0.039,1398000000.0,189000000.0,364000000.0,0.0,1.748,-10.528,-10.504,792000000.0,0.0,11.87,0.415,0.416,1204000000.0,641000000.0,5585000000.0,5585000000.0,232000000.0,-0.046,-0.128,-0.068,-0.035,0.0,1166000000.0,1.0,195123892.0,195700000.0,199800000.0,28.539,4570000000.0,596000000.0,3000000.0,0.0,23.352,769000000.0
19,NCR,MRY,2001-12-31,2001-12-31,2001-12-31,2021-09-08,-70000000.0,4855000000.0,4816500000.0,1963000000.0,2892000000.0,1.228,10.481,-285000000.0,336000000.0,336000000.0,4123000000.0,217000000.0,1.293,1.395,148000000.0,138000000.0,10000000.0,148000000.0,319000000.0,423000000.0,0.0,0.0,0.0,138000000.0,561000000.0,0.095,561000000.0,138000000.0,120000000.0,1.125,1.09,1.125,2027000000.0,1952250000.0,2027000000.0,3442690132.0,25.0,6.137,-139000000.0,-0.719,1.0,1794000000.0,0.303,450000000.0,18000000.0,2699000000.0,3003000000.0,280000000.0,0.0,0.0,0.0,2828000000.0,1518000000.0,1310000000.0,3580690132.0,-12000000.0,38000000.0,41000000.0,41000000.0,0.0,87000000.0,-233000000.0,9000000.0,146000000.0,-12000000.0,217000000.0,217000000.0,217000000.0,0.0,0.0,0.037,1608000000.0,186000000.0,362000000.0,0.0,1.766,16.501,16.382,853000000.0,0.0,18.43,0.605,0.602,1126000000.0,861000000.0,5917000000.0,5917000000.0,293000000.0,0.045,0.111,0.046,0.023,0.0,1315000000.0,1.0,194285954.0,193400000.0,199200000.0,30.595,4405000000.0,0.0,-97000000.0,0.0,22.777,445000000.0
20,NCR,MRY,2000-12-31,2000-12-31,2000-12-31,2021-09-08,-43000000.0,5106000000.0,4873000000.0,2234000000.0,2872000000.0,1.223,9.243,-218000000.0,357000000.0,357000000.0,4092000000.0,178000000.0,1.217,1.904,107000000.0,96000000.0,11000000.0,107000000.0,344000000.0,361000000.0,0.0,0.0,0.0,288000000.0,649000000.0,0.109,649000000.0,288000000.0,275000000.0,0.935,0.91,0.935,1758000000.0,1689250000.0,1758000000.0,4199638964.0,15.0,6.471,-47000000.0,-0.247,1.0,1867000000.0,0.313,0.0,13000000.0,3020000000.0,2784000000.0,288000000.0,0.0,0.0,0.0,3348000000.0,1836000000.0,1512000000.0,4737638964.0,-224000000.0,-319000000.0,12000000.0,-14000000.0,0.0,-7000000.0,-367000000.0,182000000.0,171000000.0,-21000000.0,178000000.0,178000000.0,178000000.0,0.0,0.0,0.03,1662000000.0,205000000.0,521000000.0,0.0,2.695,26.616,26.273,960000000.0,0.0,24.565,0.795,0.784,1338000000.0,644000000.0,5959000000.0,5959000000.0,333000000.0,0.037,0.105,0.103,0.048,0.0,1329000000.0,1.0,192861346.0,190200000.0,196000000.0,31.33,5106000000.0,0.0,97000000.0,0.0,26.845,398000000.0
21,NCR,MRY,1999-12-31,1999-12-31,1999-12-31,2021-09-08,48000000.0,4895000000.0,4799250000.0,2541000000.0,2354000000.0,1.291,8.176,-129000000.0,763000000.0,763000000.0,4306000000.0,337000000.0,1.529,2.059,77000000.0,37000000.0,40000000.0,77000000.0,365000000.0,358000000.0,0.0,0.0,0.0,247000000.0,605000000.0,0.098,605000000.0,247000000.0,235000000.0,1.725,1.675,1.725,1596000000.0,1482500000.0,1596000000.0,3157767386.0,13.0,5.219,478000000.0,2.449,1.0,1890000000.0,0.305,0.0,12000000.0,2547000000.0,2619500000.0,299000000.0,0.0,0.0,0.0,3286000000.0,1662000000.0,1624000000.0,3657767386.0,83000000.0,-32000000.0,-186000000.0,-6000000.0,0.0,-194000000.0,-326000000.0,-165000000.0,607000000.0,-4000000.0,337000000.0,337000000.0,337000000.0,0.0,0.0,0.054,1812000000.0,78000000.0,378000000.0,0.0,2.292,10.854,10.98,1002000000.0,0.0,18.94,0.59,0.597,1197000000.0,466000000.0,6196000000.0,6196000000.0,341000000.0,0.07,0.227,0.094,0.04,0.0,1471000000.0,1.0,193123938.0,195200000.0,201200000.0,31.742,4895000000.0,0.0,-102000000.0,0.0,25.077,879000000.0
22,NCR,MRY,1998-12-31,1998-12-31,1998-12-31,2021-09-08,22000000.0,4892000000.0,4994500000.0,2632000000.0,2260000000.0,1.302,7.163,-35000000.0,514000000.0,514000000.0,4583000000.0,122000000.0,1.548,2.381,83000000.0,50000000.0,33000000.0,83000000.0,352000000.0,364000000.0,0.0,0.0,0.0,225000000.0,589000000.0,0.091,589000000.0,225000000.0,212000000.0,0.605,0.6,0.605,1447000000.0,1353250000.0,1447000000.0,3666344302.0,16.0,6.225,-114000000.0,-0.564,1.0,1922000000.0,0.295,0.0,13000000.0,2761000000.0,2528250000.0,384000000.0,0.0,0.0,0.0,3445000000.0,1700000000.0,1745000000.0,4094344302.0,-398000000.0,-274000000.0,-200000000.0,-11000000.0,0.0,-154000000.0,-186000000.0,217000000.0,-79000000.0,21000000.0,122000000.0,122000000.0,122000000.0,0.0,0.0,0.019,1820000000.0,102000000.0,376000000.0,0.0,2.83,33.56,34.504,1104000000.0,0.0,20.875,0.629,0.648,1556000000.0,129000000.0,6505000000.0,6505000000.0,360000000.0,0.024,0.09,0.089,0.035,0.0,1460000000.0,1.0,196136254.0,202000000.0,204200000.0,32.203,4892000000.0,0.0,90000000.0,0.0,24.218,932000000.0
23,NCR,MRY,1997-12-31,1997-12-31,1997-12-31,2021-09-08,-93000000.0,5376000000.0,5238250000.0,3285000000.0,2091000000.0,1.258,6.632,-249000000.0,1129000000.0,1129000000.0,4715000000.0,7000000.0,1.661,2.973,94000000.0,59000000.0,35000000.0,94000000.0,348000000.0,383000000.0,0.0,0.0,0.0,42000000.0,425000000.0,0.065,425000000.0,42000000.0,27000000.0,0.035,0.035,0.035,1353000000.0,1365500000.0,1353000000.0,1936807958.0,46.0,4.557,38000000.0,0.186,1.0,1874000000.0,0.284,0.0,15000000.0,2363000000.0,2293250000.0,489000000.0,0.0,0.0,0.0,4023000000.0,1978000000.0,2045000000.0,2858807958.0,-277000000.0,0.0,0.0,18000000.0,0.0,62000000.0,-563000000.0,-203000000.0,287000000.0,-63000000.0,7000000.0,7000000.0,7000000.0,0.0,0.0,0.001,1893000000.0,-19000000.0,378000000.0,0.0,2.113,408.401,397.286,1106000000.0,0.0,13.905,0.434,0.431,1471000000.0,7000000.0,6589000000.0,6589000000.0,383000000.0,0.001,0.005,0.018,0.006,0.0,1510000000.0,1.0,205595682.0,204000000.0,204000000.0,32.299,5376000000.0,0.0,20000000.0,0.0,26.353,1307000000.0
24,NCR,MRY,1996-12-31,1996-12-31,1996-12-31,2021-09-08,0.0,5280000000.0,5268000000.0,3318000000.0,1962000000.0,1.322,6.884,-325000000.0,1203000000.0,1203000000.0,4925000000.0,-109000000.0,1.687,2.782,76000000.0,28000000.0,48000000.0,76000000.0,348000000.0,385000000.0,0.0,0.0,0.0,166000000.0,551000000.0,0.079,551000000.0,166000000.0,110000000.0,-0.535,-0.535,-0.535,1396000000.0,877000000.0,1396000000.0,,,,43000000.0,0.212,1.0,2038000000.0,0.293,0.0,56000000.0,2186000000.0,2291000000.0,439000000.0,0.0,0.0,0.0,3884000000.0,1967000000.0,1917000000.0,3413622602.0,849000000.0,0.0,0.0,-299000000.0,0.0,895000000.0,-395000000.0,-16000000.0,368000000.0,-19000000.0,-109000000.0,-109000000.0,-109000000.0,0.0,0.0,-0.016,1908000000.0,130000000.0,352000000.0,0.0,2.445,-31.318,-31.421,1207000000.0,0.0,16.81,0.49,0.49,1457000000.0,,6963000000.0,6963000000.0,390000000.0,-0.021,-0.124,0.072,0.024,0.0,1573000000.0,1.0,203070946.0,202800000.0,202800000.0,34.334,5280000000.0,0.0,219000000.0,0.0,26.036,1351000000.0
25,NCR,MRY,1995-12-31,1995-12-31,1995-12-31,2021-09-08,0.0,5256000000.0,,3318000000.0,1938000000.0,,1.765,-83000000.0,314000000.0,314000000.0,7316000000.0,-2280000000.0,1.136,13.682,375000000.0,45000000.0,330000000.0,375000000.0,0.0,350000000.0,381000000.0,,0.0,-2326000000.0,-1976000000.0,-0.242,-1976000000.0,-2326000000.0,-2416000000.0,-11.245,-11.245,-11.245,358000000.0,,358000000.0,,,,-907000000.0,-4.472,1.0,846000000.0,0.104,0.0,90000000.0,2396000000.0,,621000000.0,24000000.0,24000000.0,0.0,4898000000.0,2921000000.0,1977000000.0,,-149000000.0,0.0,0.0,-338000000.0,0.0,696000000.0,-11000000.0,174000000.0,-824000000.0,-10000000.0,-2280000000.0,-2280000000.0,-2280000000.0,0.0,0.0,-0.279,3217000000.0,-2371000000.0,478000000.0,0.0,,,,1215000000.0,0.0,,,,1908000000.0,,8162000000.0,8162000000.0,585000000.0,,,,-0.285,0.0,2632000000.0,1.0,,202800000.0,202800000.0,40.247,5256000000.0,320000000.0,-136000000.0,118000000.0,25.917,397000000.0
26,NCR,MRY,1994-12-31,1994-12-31,1994-12-31,2021-09-08,,,,,,,,-364000000.0,,,5894000000.0,-203000000.0,,,,,,,,415000000.0,,,0.0,28000000.0,443000000.0,0.052,443000000.0,28000000.0,-16000000.0,,,,,,,,,,-977000000.0,,1.0,2567000000.0,0.303,,44000000.0,,,,,,,,,,,263000000.0,0.0,0.0,560000000.0,0.0,1330000000.0,-477000000.0,-55000000.0,-613000000.0,23000000.0,-203000000.0,-203000000.0,-203000000.0,0.0,0.0,-0.024,2669000000.0,-102000000.0,,,,,,,0.0,,,,,,8461000000.0,8461000000.0,500000000.0,,,,0.003,0.0,2169000000.0,1.0,,,,,,,187000000.0,,,
0,NCR,MRQ,2021-06-30,2021-06-30,2021-06-30,2021-09-08,-271000000.0,12063000000.0,,3106000000.0,8957000000.0,,8.809,-79000000.0,690000000.0,690000000.0,1221000000.0,-9000000.0,1.047,9.213,6391000000.0,303000000.0,6088000000.0,6391000000.0,572000000.0,120000000.0,0.0,0.0,0.0,83000000.0,203000000.0,0.121,203000000.0,83000000.0,22000000.0,-0.1,-0.1,-0.1,1154000000.0,,1154000000.0,9429349000.0,94.0,18.859,76000000.0,0.58,1.0,456000000.0,0.272,5940000000.0,61000000.0,8857000000.0,,695000000.0,0.0,0.0,0.0,10632000000.0,2967000000.0,7665000000.0,5970349000.0,306000000.0,-2307000000.0,10000000.0,2548000000.0,0.0,2543000000.0,-2391000000.0,1000000.0,155000000.0,2000000.0,-9000000.0,-13000000.0,-13000000.0,0.0,0.0,-0.008,372000000.0,84000000.0,746000000.0,0.0,5.174,-34.914,-34.037,1115000000.0,4000000.0,45.61,0.927,0.928,1271000000.0,963000000.0,1677000000.0,1677000000.0,69000000.0,,,,,37000000.0,303000000.0,1.0,130900000.0,131000000.0,131000000.0,12.802,6123000000.0,930000000.0,31000000.0,98000000.0,46.74,139000000.0
1,NCR,MRQ,2021-03-31,2021-03-31,2021-03-31,2021-09-08,-279000000.0,8702000000.0,,2612000000.0,6090000000.0,,8.431,-61000000.0,319000000.0,319000000.0,1130000000.0,31000000.0,1.178,6.687,3778000000.0,52000000.0,3726000000.0,3778000000.0,594000000.0,92000000.0,0.0,0.0,0.0,92000000.0,184000000.0,0.119,184000000.0,92000000.0,47000000.0,0.2,0.19,0.2,1096000000.0,,1096000000.0,8202295000.0,79.0,17.341,94000000.0,0.723,1.0,414000000.0,0.268,3489000000.0,45000000.0,6454000000.0,,634000000.0,0.0,0.0,0.0,7329000000.0,2218000000.0,5111000000.0,4937295000.0,-15000000.0,-157000000.0,8000000.0,117000000.0,0.0,98000000.0,-218000000.0,0.0,155000000.0,-6000000.0,30000000.0,26000000.0,26000000.0,0.0,1000000.0,0.017,304000000.0,110000000.0,707000000.0,0.0,4.505,-48.884,-48.038,760000000.0,4000000.0,37.95,0.79,0.79,1212000000.0,976000000.0,1544000000.0,1544000000.0,66000000.0,,,,,44000000.0,238000000.0,1.0,130100000.0,130000000.0,134700000.0,11.877,5213000000.0,946000000.0,17000000.0,101000000.0,40.1,394000000.0
2,NCR,MRQ,2020-12-31,2020-12-31,2020-12-31,2021-09-08,-271000000.0,8414000000.0,,2478000000.0,5936000000.0,,8.124,-63000000.0,397000000.0,397000000.0,1303000000.0,-198000000.0,1.187,6.765,3603000000.0,8000000.0,3595000000.0,3603000000.0,507000000.0,95000000.0,0.0,0.0,0.0,-166000000.0,-71000000.0,-0.044,-71000000.0,-166000000.0,-217000000.0,-1.63,-1.62,-1.63,1048000000.0,,1048000000.0,8061773000.0,94.0,17.915,83000000.0,0.643,1.0,328000000.0,0.201,3369000000.0,51000000.0,6163000000.0,,601000000.0,0.0,0.0,0.0,7090000000.0,2088000000.0,5002000000.0,4842773000.0,-1252000000.0,0.0,5000000.0,-1216000000.0,0.0,-1341000000.0,-62000000.0,1000000.0,146000000.0,9000000.0,-197000000.0,-209000000.0,-209000000.0,72000000.0,-1000000.0,-0.128,391000000.0,-63000000.0,632000000.0,0.0,4.621,-44.025,-43.686,717000000.0,12000000.0,37.57,0.78,0.777,1117000000.0,950000000.0,1631000000.0,1631000000.0,65000000.0,,,,,32000000.0,308000000.0,1.0,128900000.0,129000000.0,124200000.0,12.643,5045000000.0,965000000.0,-20000000.0,102000000.0,39.109,390000000.0
3,NCR,MRQ,2020-09-30,2020-09-30,2020-09-30,2021-09-08,-297000000.0,9828000000.0,,3997000000.0,5831000000.0,,9.3,-60000000.0,1605000000.0,1605000000.0,1162000000.0,32000000.0,1.755,6.879,4824000000.0,222000000.0,4602000000.0,4824000000.0,512000000.0,93000000.0,0.0,0.0,0.0,91000000.0,184000000.0,0.116,184000000.0,91000000.0,31000000.0,0.19,0.19,0.19,1195000000.0,,1195000000.0,6185776000.0,17.0,8.749,152000000.0,1.183,1.0,427000000.0,0.269,3375000000.0,60000000.0,7394000000.0,,748000000.0,0.0,0.0,0.0,8221000000.0,2278000000.0,5943000000.0,2842776000.0,-81000000.0,0.0,3000000.0,-233000000.0,0.0,-230000000.0,-61000000.0,1000000.0,212000000.0,0.0,31000000.0,25000000.0,25000000.0,0.0,1000000.0,0.016,309000000.0,118000000.0,676000000.0,0.0,2.379,6.432,6.202,731000000.0,6000000.0,22.14,0.44,0.44,1248000000.0,1159000000.0,1589000000.0,1589000000.0,55000000.0,,,,,31000000.0,254000000.0,1.0,128400000.0,128500000.0,129700000.0,12.366,6453000000.0,871000000.0,0.0,94000000.0,50.218,1719000000.0
4,NCR,MRQ,2020-06-30,2020-06-30,2020-06-30,2021-09-08,-315000000.0,9949000000.0,,4136000000.0,5813000000.0,,8.75,-61000000.0,1681000000.0,1681000000.0,1112000000.0,64000000.0,1.803,7.521,5024000000.0,217000000.0,4807000000.0,5024000000.0,563000000.0,89000000.0,0.0,0.0,0.0,87000000.0,176000000.0,0.119,176000000.0,87000000.0,30000000.0,0.45,0.44,0.45,1120000000.0,,1120000000.0,5730496000.0,14.0,7.55,168000000.0,1.312,1.0,372000000.0,0.251,3385000000.0,57000000.0,7613000000.0,,782000000.0,0.0,0.0,0.0,8424000000.0,2294000000.0,6130000000.0,2213496000.0,466000000.0,1000000.0,6000000.0,305000000.0,0.0,292000000.0,-56000000.0,5000000.0,229000000.0,-2000000.0,64000000.0,57000000.0,57000000.0,0.0,0.0,0.038,283000000.0,89000000.0,680000000.0,0.0,1.976,5.172,4.991,741000000.0,7000000.0,17.32,0.333,0.333,1249000000.0,1134000000.0,1484000000.0,1484000000.0,49000000.0,,,,,20000000.0,234000000.0,1.0,127800000.0,128000000.0,128900000.0,11.594,6564000000.0,849000000.0,-34000000.0,91000000.0,51.281,1842000000.0
5,NCR,MRQ,2020-03-31,2020-03-31,2020-03-31,2021-09-08,-329000000.0,9555000000.0,,3777000000.0,5778000000.0,,8.0,-72000000.0,1214000000.0,1214000000.0,1106000000.0,24000000.0,1.57,7.942,4731000000.0,304000000.0,4427000000.0,4731000000.0,616000000.0,87000000.0,0.0,0.0,0.0,74000000.0,161000000.0,0.107,161000000.0,74000000.0,24000000.0,0.13,0.13,0.13,1024000000.0,,1024000000.0,5696989982.0,12.0,7.033,-18000000.0,-0.141,1.0,397000000.0,0.264,3401000000.0,50000000.0,7265000000.0,,747000000.0,0.0,0.0,0.0,8133000000.0,2406000000.0,5727000000.0,2277989982.0,710000000.0,-26000000.0,-38000000.0,821000000.0,0.0,765000000.0,-98000000.0,0.0,54000000.0,-14000000.0,23000000.0,17000000.0,17000000.0,0.0,1000000.0,0.011,320000000.0,77000000.0,790000000.0,0.0,2.225,5.096,4.849,761000000.0,6000000.0,17.7,0.331,0.329,1353000000.0,1077000000.0,1503000000.0,1503000000.0,65000000.0,,,,,25000000.0,255000000.0,1.0,128699999.0,128000000.0,130500000.0,11.742,6154000000.0,808000000.0,1000000.0,89000000.0,48.078,1371000000.0
6,NCR,MRQ,2019-12-31,2019-12-31,2019-12-31,2021-09-08,-269000000.0,8987000000.0,,3144000000.0,5843000000.0,,8.659,-109000000.0,509000000.0,509000000.0,1354000000.0,349000000.0,1.239,6.78,3928000000.0,282000000.0,3646000000.0,3928000000.0,502000000.0,84000000.0,0.0,0.0,0.0,102000000.0,186000000.0,0.099,186000000.0,102000000.0,48000000.0,2.8,2.46,2.8,1104000000.0,,1104000000.0,8106416000.0,17.0,9.874,299000000.0,2.345,1.0,532000000.0,0.282,3439000000.0,54000000.0,6429000000.0,,784000000.0,0.0,0.0,0.0,7485000000.0,2538000000.0,4947000000.0,4486416000.0,100000000.0,-117000000.0,4000000.0,-75000000.0,0.0,-90000000.0,-222000000.0,0.0,408000000.0,1000000.0,349000000.0,343000000.0,343000000.0,35000000.0,0.0,0.182,350000000.0,182000000.0,840000000.0,0.0,4.064,9.882,9.452,804000000.0,6000000.0,35.16,0.649,0.621,1490000000.0,1060000000.0,1886000000.0,1886000000.0,74000000.0,,,,,31000000.0,276000000.0,1.0,127600000.0,127500000.0,145200000.0,14.792,5548000000.0,821000000.0,-301000000.0,92000000.0,43.514,606000000.0
7,NCR,MRQ,2019-09-30,2019-09-30,2019-09-30,2021-09-08,-261000000.0,8451000000.0,,3156000000.0,5295000000.0,,5.98,-82000000.0,388000000.0,388000000.0,1276000000.0,89000000.0,1.345,10.083,4008000000.0,208000000.0,3800000000.0,4008000000.0,513000000.0,89000000.0,0.0,0.0,0.0,147000000.0,236000000.0,0.132,236000000.0,147000000.0,94000000.0,0.09,0.09,0.09,726000000.0,,726000000.0,6969824000.0,15.0,8.658,73000000.0,0.601,1.0,507000000.0,0.284,3303000000.0,53000000.0,6422000000.0,,865000000.0,0.0,0.0,0.0,7320000000.0,2346000000.0,4974000000.0,3799824000.0,62000000.0,-74000000.0,-94000000.0,499000000.0,0.0,87000000.0,-156000000.0,0.0,155000000.0,-8000000.0,90000000.0,11000000.0,11000000.0,15000000.0,-1000000.0,0.006,335000000.0,172000000.0,800000000.0,0.0,5.234,74.506,76.976,779000000.0,79000000.0,31.56,0.556,0.561,1487000000.0,717000000.0,1783000000.0,1783000000.0,64000000.0,,,,,28000000.0,271000000.0,1.0,120400000.0,121400000.0,123400000.0,14.687,5148000000.0,488000000.0,4000000.0,95000000.0,42.405,810000000.0
8,NCR,MRQ,2019-06-30,2019-06-30,2019-06-30,2021-09-08,-241000000.0,8222000000.0,,3035000000.0,5187000000.0,,4.509,-62000000.0,335000000.0,335000000.0,1239000000.0,88000000.0,1.318,12.504,3505000000.0,198000000.0,3307000000.0,3505000000.0,546000000.0,79000000.0,0.0,0.0,0.0,148000000.0,227000000.0,0.133,227000000.0,148000000.0,103000000.0,0.63,0.58,0.63,542000000.0,,542000000.0,6938110000.0,16.0,9.141,25000000.0,0.208,1.0,471000000.0,0.275,3260000000.0,45000000.0,5829000000.0,,868000000.0,0.0,0.0,0.0,6777000000.0,2303000000.0,4474000000.0,3735110000.0,-95000000.0,-6000000.0,6000000.0,-97000000.0,0.0,-111000000.0,-66000000.0,0.0,87000000.0,0.0,88000000.0,76000000.0,76000000.0,0.0,0.0,0.044,314000000.0,157000000.0,769000000.0,0.0,6.891,33.349,33.441,786000000.0,12000000.0,31.1,0.566,0.567,1430000000.0,706000000.0,1710000000.0,1710000000.0,62000000.0,,,,,25000000.0,252000000.0,1.0,120100000.0,120200000.0,152700000.0,14.226,4962000000.0,468000000.0,15000000.0,94000000.0,41.281,732000000.0
9,NCR,MRQ,2019-03-31,2019-03-31,2019-03-31,2021-09-08,-230000000.0,8198000000.0,,3016000000.0,5182000000.0,,3.764,-65000000.0,414000000.0,414000000.0,1125000000.0,38000000.0,1.267,15.274,3617000000.0,297000000.0,3320000000.0,3617000000.0,566000000.0,81000000.0,0.0,0.0,0.0,91000000.0,172000000.0,0.112,172000000.0,91000000.0,46000000.0,0.2,0.2,0.2,449000000.0,,449000000.0,5945781000.0,34.0,11.868,-81000000.0,-0.679,1.0,411000000.0,0.268,3278000000.0,45000000.0,5742000000.0,,874000000.0,0.0,0.0,0.0,6858000000.0,2381000000.0,4477000000.0,3244781000.0,-36000000.0,-6000000.0,4000000.0,45000000.0,0.0,53000000.0,-68000000.0,0.0,-16000000.0,1000000.0,37000000.0,24000000.0,24000000.0,0.0,1000000.0,0.016,311000000.0,100000000.0,788000000.0,0.0,7.227,-26.816,-26.495,806000000.0,13000000.0,27.29,0.505,0.507,1335000000.0,630000000.0,1536000000.0,1536000000.0,59000000.0,,,,,23000000.0,252000000.0,1.0,118900000.0,119300000.0,122200000.0,12.875,4920000000.0,453000000.0,9000000.0,93000000.0,41.241,635000000.0
10,NCR,MRQ,2018-12-31,2018-12-31,2018-12-31,2021-09-08,-246000000.0,7761000000.0,,3023000000.0,4738000000.0,,3.336,-79000000.0,464000000.0,464000000.0,1359000000.0,-47000000.0,1.325,16.428,3165000000.0,185000000.0,2980000000.0,3165000000.0,461000000.0,81000000.0,0.0,0.0,0.0,89000000.0,170000000.0,0.094,170000000.0,89000000.0,46000000.0,-0.51,-0.51,-0.51,395000000.0,,395000000.0,5521056000.0,36.0,11.431,330000000.0,2.787,1.0,442000000.0,0.245,3287000000.0,43000000.0,4893000000.0,,806000000.0,0.0,0.0,0.0,6489000000.0,2282000000.0,4207000000.0,2728056000.0,189000000.0,-160000000.0,4000000.0,37000000.0,0.0,45000000.0,-239000000.0,0.0,409000000.0,-13000000.0,-47000000.0,-60000000.0,-60000000.0,14000000.0,0.0,-0.033,379000000.0,63000000.0,897000000.0,0.0,6.906,-19.913,-19.897,359000000.0,13000000.0,23.08,0.426,0.427,1356000000.0,606000000.0,1801000000.0,1801000000.0,62000000.0,,,,,17000000.0,273000000.0,1.0,118200000.0,118400000.0,118400000.0,15.211,4474000000.0,448000000.0,93000000.0,91000000.0,37.787,741000000.0
11,NCR,MRQ,2018-09-30,2018-09-30,2018-09-30,2021-09-08,-242000000.0,7505000000.0,,2855000000.0,4650000000.0,,3.763,-75000000.0,334000000.0,334000000.0,1140000000.0,86000000.0,1.425,13.957,3127000000.0,246000000.0,2881000000.0,3127000000.0,427000000.0,78000000.0,0.0,0.0,0.0,112000000.0,190000000.0,0.123,190000000.0,112000000.0,69000000.0,0.61,0.56,0.61,444000000.0,,444000000.0,6118539000.0,27.0,10.848,-7000000.0,-0.059,1.0,410000000.0,0.265,3090000000.0,43000000.0,5204000000.0,,916000000.0,0.0,0.0,0.0,6197000000.0,2004000000.0,4193000000.0,3349539000.0,-7000000.0,0.0,5000000.0,13000000.0,0.0,17000000.0,-76000000.0,0.0,68000000.0,-4000000.0,84000000.0,72000000.0,72000000.0,1000000.0,2000000.0,0.046,285000000.0,125000000.0,804000000.0,0.0,7.544,-25.185,-25.595,348000000.0,12000000.0,28.41,0.525,0.525,1309000000.0,666000000.0,1550000000.0,1550000000.0,59000000.0,,,,,15000000.0,226000000.0,1.0,117900000.0,118000000.0,149300000.0,13.136,4415000000.0,488000000.0,-15000000.0,118000000.0,37.415,851000000.0
12,NCR,MRQ,2018-06-30,2018-06-30,2018-06-30,2021-09-08,-224000000.0,7364000000.0,,2739000000.0,4625000000.0,,3.147,-85000000.0,343000000.0,343000000.0,1134000000.0,-146000000.0,1.458,16.561,3112000000.0,160000000.0,2952000000.0,3112000000.0,469000000.0,85000000.0,0.0,0.0,0.0,-116000000.0,-31000000.0,-0.02,-31000000.0,-116000000.0,-157000000.0,-1.33,-1.33,-1.33,371000000.0,,371000000.0,6270634000.0,21.0,9.559,34000000.0,0.288,1.0,403000000.0,0.262,3107000000.0,41000000.0,5147000000.0,,842000000.0,0.0,0.0,0.0,6144000000.0,1879000000.0,4265000000.0,3546634000.0,-5000000.0,0.0,-39000000.0,38000000.0,0.0,-19000000.0,-85000000.0,0.0,119000000.0,-13000000.0,-145000000.0,-157000000.0,-157000000.0,2000000.0,-1000000.0,-0.102,509000000.0,-106000000.0,711000000.0,0.0,9.56,-35.825,-35.271,326000000.0,12000000.0,29.98,0.546,0.544,1272000000.0,594000000.0,1537000000.0,1537000000.0,65000000.0,,,,,26000000.0,261000000.0,1.0,118300000.0,117900000.0,117900000.0,13.036,4257000000.0,472000000.0,-12000000.0,127000000.0,36.107,860000000.0
13,NCR,MRQ,2018-03-31,2018-03-31,2018-03-31,2021-09-08,-184000000.0,7641000000.0,,2791000000.0,4850000000.0,,5.025,-71000000.0,348000000.0,348000000.0,1097000000.0,21000000.0,1.514,10.352,3072000000.0,34000000.0,3038000000.0,3072000000.0,538000000.0,86000000.0,0.0,0.0,0.0,68000000.0,154000000.0,0.102,154000000.0,68000000.0,27000000.0,0.07,0.06,0.07,599000000.0,,599000000.0,6185968000.0,10.0,6.512,-95000000.0,-0.797,1.0,420000000.0,0.277,3302000000.0,41000000.0,5219000000.0,,822000000.0,0.0,0.0,0.0,6201000000.0,1844000000.0,4357000000.0,3731968000.0,-188000000.0,0.0,-160000000.0,80000000.0,0.0,-91000000.0,-74000000.0,0.0,-24000000.0,5000000.0,20000000.0,8000000.0,8000000.0,35000000.0,1000000.0,0.005,311000000.0,109000000.0,697000000.0,0.0,6.23,25.216,25.836,338000000.0,12000000.0,31.52,0.569,0.573,1338000000.0,782000000.0,1517000000.0,1517000000.0,66000000.0,,,,,14000000.0,245000000.0,1.0,118400000.0,119200000.0,123800000.0,12.727,4339000000.0,474000000.0,7000000.0,131000000.0,36.401,947000000.0
14,NCR,MRQ,2017-12-31,2017-12-31,2017-12-31,2021-09-08,-199000000.0,7654000000.0,,2830000000.0,4824000000.0,,5.898,-88000000.0,537000000.0,537000000.0,1272000000.0,-43000000.0,1.498,8.494,2991000000.0,52000000.0,2939000000.0,2991000000.0,458000000.0,91000000.0,0.0,0.0,0.0,160000000.0,251000000.0,0.141,251000000.0,160000000.0,119000000.0,-0.46,-0.44,-0.46,719000000.0,,719000000.0,6987982000.0,11.0,7.051,394000000.0,3.232,1.0,510000000.0,0.286,3319000000.0,41000000.0,4900000000.0,,780000000.0,0.0,0.0,0.0,6107000000.0,1889000000.0,4218000000.0,4139982000.0,130000000.0,-8000000.0,4000000.0,-263000000.0,0.0,-268000000.0,-90000000.0,0.0,482000000.0,0.0,-45000000.0,-56000000.0,-56000000.0,10000000.0,2000000.0,-0.031,308000000.0,202000000.0,762000000.0,0.0,5.758,33.658,33.653,341000000.0,11000000.0,33.99,0.635,0.636,1270000000.0,857000000.0,1782000000.0,1782000000.0,63000000.0,,,,,17000000.0,245000000.0,1.0,121800000.0,121900000.0,127300000.0,14.619,4335000000.0,460000000.0,164000000.0,148000000.0,35.562,941000000.0
15,NCR,MRQ,2017-09-30,2017-09-30,2017-09-30,2021-09-08,-188000000.0,7850000000.0,,2900000000.0,4950000000.0,,6.337,-73000000.0,405000000.0,405000000.0,1191000000.0,119000000.0,1.417,8.134,3253000000.0,269000000.0,2984000000.0,3253000000.0,465000000.0,91000000.0,0.0,0.0,0.0,191000000.0,282000000.0,0.17,282000000.0,191000000.0,149000000.0,0.87,0.77,0.87,770000000.0,,770000000.0,7463680000.0,13.0,7.949,63000000.0,0.519,1.0,472000000.0,0.284,3332000000.0,42000000.0,5320000000.0,,824000000.0,0.0,0.0,0.0,6263000000.0,2046000000.0,4217000000.0,4558680000.0,31000000.0,0.0,3000000.0,-30000000.0,0.0,-27000000.0,-73000000.0,0.0,136000000.0,4000000.0,118000000.0,106000000.0,106000000.0,0.0,1000000.0,0.064,273000000.0,199000000.0,720000000.0,0.0,5.92,20.351,20.503,321000000.0,12000000.0,37.52,0.697,0.697,1408000000.0,913000000.0,1663000000.0,1663000000.0,53000000.0,,,,,19000000.0,220000000.0,1.0,121500000.0,121500000.0,153100000.0,13.687,4518000000.0,595000000.0,31000000.0,138000000.0,37.185,854000000.0
16,NCR,MRQ,2017-06-30,2017-06-30,2017-06-30,2021-09-08,-190000000.0,7767000000.0,,2816000000.0,4951000000.0,,5.288,-75000000.0,377000000.0,377000000.0,1132000000.0,102000000.0,1.333,9.844,3282000000.0,267000000.0,3015000000.0,3282000000.0,521000000.0,87000000.0,0.0,0.0,0.0,176000000.0,263000000.0,0.165,263000000.0,176000000.0,135000000.0,0.74,0.67,0.74,642000000.0,,642000000.0,7880892000.0,14.0,8.585,20000000.0,0.165,1.0,461000000.0,0.289,3354000000.0,41000000.0,5205000000.0,,828000000.0,0.0,0.0,0.0,6320000000.0,2113000000.0,4207000000.0,4953892000.0,-24000000.0,0.0,5000000.0,-49000000.0,0.0,-47000000.0,-74000000.0,0.0,95000000.0,4000000.0,102000000.0,90000000.0,90000000.0,-5000000.0,0.0,0.056,286000000.0,175000000.0,731000000.0,0.0,7.716,23.59,24.024,304000000.0,12000000.0,40.84,0.756,0.757,1321000000.0,806000000.0,1593000000.0,1593000000.0,58000000.0,,,,,22000000.0,228000000.0,1.0,121300000.0,121400000.0,152700000.0,13.122,4413000000.0,611000000.0,33000000.0,140000000.0,36.351,703000000.0
17,NCR,MRQ,2017-03-31,2017-03-31,2017-03-31,2021-09-08,-187000000.0,7725000000.0,,2780000000.0,4945000000.0,,4.316,-52000000.0,401000000.0,401000000.0,1066000000.0,57000000.0,1.288,12.075,3328000000.0,252000000.0,3076000000.0,3328000000.0,562000000.0,85000000.0,0.0,0.0,0.0,110000000.0,195000000.0,0.132,195000000.0,110000000.0,71000000.0,-0.14,-0.14,-0.14,530000000.0,,530000000.0,8171640000.0,15.0,9.171,-13000000.0,-0.106,1.0,412000000.0,0.279,3377000000.0,39000000.0,5116000000.0,,800000000.0,0.0,0.0,0.0,6400000000.0,2159000000.0,4241000000.0,5618640000.0,-101000000.0,0.0,-347000000.0,277000000.0,0.0,-92000000.0,-53000000.0,0.0,39000000.0,8000000.0,57000000.0,-17000000.0,-17000000.0,0.0,0.0,-0.012,297000000.0,115000000.0,765000000.0,0.0,10.601,30.703,31.075,288000000.0,74000000.0,45.68,0.854,0.853,1298000000.0,716000000.0,1478000000.0,1478000000.0,67000000.0,,,,,19000000.0,230000000.0,1.0,123000000.0,122800000.0,122800000.0,12.036,4348000000.0,619000000.0,14000000.0,145000000.0,35.407,621000000.0
18,NCR,MRQ,2016-12-31,2016-12-31,2016-12-31,2021-09-08,-205000000.0,7673000000.0,,2757000000.0,4916000000.0,,5.587,-67000000.0,498000000.0,498000000.0,1287000000.0,61000000.0,1.403,8.794,3051000000.0,50000000.0,3001000000.0,3051000000.0,468000000.0,85000000.0,0.0,0.0,0.0,114000000.0,199000000.0,0.11,199000000.0,114000000.0,74000000.0,0.36,0.35,0.36,695000000.0,,695000000.0,8004496000.0,15.0,9.138,460000000.0,3.698,1.0,515000000.0,0.286,3399000000.0,40000000.0,4862000000.0,,699000000.0,0.0,0.0,0.0,6112000000.0,1965000000.0,4147000000.0,5033496000.0,182000000.0,0.0,5000000.0,-240000000.0,0.0,-244000000.0,-68000000.0,0.0,527000000.0,-24000000.0,57000000.0,45000000.0,45000000.0,11000000.0,4000000.0,0.025,294000000.0,221000000.0,781000000.0,0.0,7.242,22.776,23.045,287000000.0,12000000.0,40.56,0.769,0.779,1282000000.0,867000000.0,1802000000.0,1802000000.0,66000000.0,,,,,16000000.0,226000000.0,1.0,124100000.0,124400000.0,129200000.0,14.486,4274000000.0,575000000.0,17000000.0,142000000.0,34.357,792000000.0
19,NCR,MRQ,2016-09-30,2016-09-30,2016-09-30,2021-09-08,-172000000.0,7711000000.0,,2751000000.0,4960000000.0,,5.424,-62000000.0,318000000.0,318000000.0,1200000000.0,107000000.0,1.374,9.213,3289000000.0,256000000.0,3033000000.0,3289000000.0,471000000.0,84000000.0,0.0,0.0,0.0,177000000.0,261000000.0,0.156,261000000.0,177000000.0,136000000.0,0.74,0.68,0.74,672000000.0,,672000000.0,7110122000.0,14.0,8.556,163000000.0,1.316,1.0,477000000.0,0.284,3441000000.0,41000000.0,5239000000.0,,776000000.0,0.0,0.0,0.0,6191000000.0,2002000000.0,4189000000.0,3985122000.0,-14000000.0,0.0,4000000.0,-169000000.0,0.0,-167000000.0,-62000000.0,0.0,225000000.0,0.0,105000000.0,92000000.0,92000000.0,2000000.0,2000000.0,0.055,288000000.0,189000000.0,718000000.0,0.0,5.93,19.926,20.903,289000000.0,13000000.0,32.19,0.621,0.621,1387000000.0,822000000.0,1677000000.0,1677000000.0,56000000.0,,,,,16000000.0,225000000.0,1.0,123800000.0,123900000.0,155400000.0,13.535,4270000000.0,546000000.0,31000000.0,169000000.0,34.463,749000000.0
20,NCR,MRQ,2016-06-30,2016-06-30,2016-06-30,2021-09-08,-176000000.0,7751000000.0,,2753000000.0,4998000000.0,,4.483,-58000000.0,332000000.0,332000000.0,1174000000.0,74000000.0,1.365,11.459,3457000000.0,259000000.0,3198000000.0,3457000000.0,535000000.0,86000000.0,0.0,0.0,0.0,150000000.0,236000000.0,0.146,236000000.0,150000000.0,107000000.0,0.51,0.49,0.51,555000000.0,,555000000.0,6626703000.0,14.0,8.252,63000000.0,0.509,1.0,446000000.0,0.275,3470000000.0,43000000.0,5389000000.0,,765000000.0,0.0,0.0,0.0,6360000000.0,2017000000.0,4343000000.0,3440703000.0,-1000000.0,47000000.0,-34000000.0,-63000000.0,0.0,-98000000.0,-11000000.0,0.0,121000000.0,-5000000.0,76000000.0,63000000.0,63000000.0,0.0,-2000000.0,0.039,283000000.0,163000000.0,676000000.0,0.0,6.199,16.702,20.123,290000000.0,13000000.0,27.77,0.541,0.541,1362000000.0,730000000.0,1620000000.0,1620000000.0,50000000.0,,,,,16000000.0,229000000.0,1.0,123900000.0,123800000.0,154500000.0,13.086,4281000000.0,564000000.0,31000000.0,174000000.0,34.58,736000000.0
21,NCR,MRQ,2016-03-31,2016-03-31,2016-03-31,2021-09-08,-158000000.0,7752000000.0,,2705000000.0,5047000000.0,,4.064,-40000000.0,333000000.0,333000000.0,1064000000.0,32000000.0,1.363,12.066,3519000000.0,250000000.0,3269000000.0,3519000000.0,509000000.0,89000000.0,0.0,0.0,0.0,91000000.0,180000000.0,0.125,180000000.0,91000000.0,45000000.0,0.16,0.16,0.16,530000000.0,,530000000.0,6907683000.0,126.0,18.371,-17000000.0,-0.13,1.0,380000000.0,0.263,3511000000.0,46000000.0,5443000000.0,,725000000.0,0.0,0.0,0.0,6395000000.0,1984000000.0,4411000000.0,3983683000.0,5000000.0,0.0,-210000000.0,258000000.0,0.0,42000000.0,-48000000.0,0.0,23000000.0,0.0,32000000.0,21000000.0,21000000.0,0.0,0.0,0.015,279000000.0,101000000.0,649000000.0,0.0,7.516,-19.819,-25.802,302000000.0,11000000.0,29.93,0.628,0.615,1306000000.0,687000000.0,1444000000.0,1444000000.0,53000000.0,,,,,13000000.0,224000000.0,1.0,133100000.0,130400000.0,132700000.0,11.074,4241000000.0,577000000.0,13000000.0,169000000.0,32.523,721000000.0
22,NCR,MRQ,2015-12-31,2015-12-31,2015-12-31,2021-09-08,-150000000.0,7635000000.0,,2549000000.0,5086000000.0,,4.447,-46000000.0,328000000.0,328000000.0,1204000000.0,28000000.0,1.431,8.465,3252000000.0,13000000.0,3239000000.0,3252000000.0,476000000.0,79000000.0,0.0,0.0,0.0,75000000.0,154000000.0,0.092,154000000.0,75000000.0,33000000.0,0.13,0.13,0.13,720000000.0,,720000000.0,7100754000.0,142.0,19.835,219000000.0,1.353,1.0,476000000.0,0.283,3531000000.0,42000000.0,5247000000.0,,643000000.0,0.0,0.0,0.0,6095000000.0,1781000000.0,4314000000.0,4155754000.0,25000000.0,0.0,3000000.0,37000000.0,0.0,-177000000.0,-45000000.0,0.0,265000000.0,-2000000.0,28000000.0,24000000.0,24000000.0,20000000.0,0.0,0.014,338000000.0,138000000.0,657000000.0,0.0,5.772,-22.834,-22.44,322000000.0,4000000.0,24.46,0.652,0.643,1251000000.0,869000000.0,1680000000.0,1680000000.0,55000000.0,,,,,10000000.0,254000000.0,1.0,169900000.0,161900000.0,161900000.0,10.377,4104000000.0,582000000.0,5000000.0,167000000.0,25.349,768000000.0
23,NCR,MRQ,2015-09-30,2015-09-30,2015-09-30,2021-09-08,-175000000.0,7887000000.0,,2898000000.0,4989000000.0,,9.829,-54000000.0,303000000.0,303000000.0,1156000000.0,99000000.0,1.579,3.715,3248000000.0,5000000.0,3243000000.0,3248000000.0,537000000.0,77000000.0,0.0,0.0,0.0,156000000.0,233000000.0,0.144,233000000.0,156000000.0,114000000.0,0.58,0.57,0.58,1669000000.0,,1669000000.0,6911950000.0,-864.0,23.51,116000000.0,0.683,1.0,457000000.0,0.283,3580000000.0,42000000.0,5417000000.0,,718000000.0,0.0,0.0,0.0,6200000000.0,1835000000.0,4365000000.0,3862950000.0,-122000000.0,0.0,1000000.0,-224000000.0,0.0,-223000000.0,-51000000.0,0.0,170000000.0,-8000000.0,98000000.0,98000000.0,98000000.0,4000000.0,1000000.0,0.061,289000000.0,168000000.0,691000000.0,0.0,2.315,-22.329,-22.525,338000000.0,0.0,22.75,0.598,0.598,1424000000.0,1357000000.0,1613000000.0,1613000000.0,53000000.0,,,,,12000000.0,224000000.0,1.0,169800000.0,169800000.0,172300000.0,9.499,4307000000.0,383000000.0,16000000.0,176000000.0,25.365,1063000000.0
24,NCR,MRQ,2015-06-30,2015-06-30,2015-06-30,2021-09-08,-137000000.0,8066000000.0,,3040000000.0,5026000000.0,,9.399,-59000000.0,425000000.0,425000000.0,1458000000.0,-343000000.0,1.592,4.048,3474000000.0,59000000.0,3415000000.0,3474000000.0,567000000.0,76000000.0,0.0,0.0,0.0,-267000000.0,-191000000.0,-0.119,-191000000.0,-267000000.0,-312000000.0,-2.03,-2.03,-2.03,1594000000.0,,1594000000.0,8254950000.0,-68.0,47.994,108000000.0,0.637,1.0,146000000.0,0.091,3621000000.0,45000000.0,5584000000.0,,709000000.0,0.0,0.0,0.0,6452000000.0,1910000000.0,4542000000.0,5101950000.0,-37000000.0,0.0,5000000.0,-142000000.0,0.0,-138000000.0,-56000000.0,0.0,167000000.0,3000000.0,-344000000.0,-344000000.0,-344000000.0,0.0,1000000.0,-0.214,412000000.0,-266000000.0,695000000.0,0.0,3.201,-19.929,-20.067,348000000.0,0.0,30.1,0.786,0.786,1425000000.0,1259000000.0,1604000000.0,1604000000.0,67000000.0,,,,,11000000.0,339000000.0,1.0,169500000.0,169600000.0,169600000.0,9.458,4445000000.0,375000000.0,32000000.0,181000000.0,26.209,1130000000.0
25,NCR,MRQ,2015-03-31,2015-03-31,2015-03-31,2021-09-08,-158000000.0,8513000000.0,,3102000000.0,5411000000.0,,11.207,-51000000.0,462000000.0,462000000.0,1086000000.0,42000000.0,1.533,3.481,3615000000.0,172000000.0,3443000000.0,3615000000.0,588000000.0,76000000.0,0.0,0.0,0.0,86000000.0,162000000.0,0.11,162000000.0,86000000.0,42000000.0,0.24,0.23,0.24,1894000000.0,,1894000000.0,8126337000.0,26.0,13.521,28000000.0,0.166,1.0,390000000.0,0.264,3647000000.0,44000000.0,5995000000.0,,676000000.0,0.0,0.0,0.0,6593000000.0,2024000000.0,4569000000.0,4978337000.0,-49000000.0,0.0,6000000.0,-42000000.0,0.0,-45000000.0,-57000000.0,0.0,79000000.0,-22000000.0,40000000.0,40000000.0,40000000.0,0.0,2000000.0,0.027,295000000.0,95000000.0,642000000.0,0.0,2.628,27.968,27.579,351000000.0,0.0,29.51,0.76,0.762,1415000000.0,1603000000.0,1476000000.0,1476000000.0,55000000.0,,,,,9000000.0,225000000.0,1.0,168700000.0,169000000.0,171600000.0,8.734,4866000000.0,344000000.0,2000000.0,175000000.0,28.793,1078000000.0
26,NCR,MRQ,2014-12-31,2014-12-31,2014-12-31,2021-09-08,-136000000.0,8566000000.0,,3088000000.0,5478000000.0,,11.104,-60000000.0,511000000.0,511000000.0,1336000000.0,35000000.0,1.492,3.564,3618000000.0,187000000.0,3431000000.0,3618000000.0,494000000.0,73000000.0,0.0,0.0,0.0,17000000.0,90000000.0,0.051,90000000.0,17000000.0,-29000000.0,0.2,0.2,0.2,1871000000.0,,1871000000.0,8228176000.0,25.0,13.533,229000000.0,1.359,1.0,432000000.0,0.244,3686000000.0,46000000.0,5917000000.0,,669000000.0,0.0,0.0,0.0,6668000000.0,2070000000.0,4598000000.0,4907176000.0,87000000.0,0.0,3000000.0,-87000000.0,0.0,-86000000.0,-62000000.0,0.0,289000000.0,-25000000.0,33000000.0,33000000.0,33000000.0,-10000000.0,2000000.0,0.019,397000000.0,35000000.0,712000000.0,0.0,2.623,25.692,25.561,396000000.0,0.0,29.14,0.745,0.742,1404000000.0,1563000000.0,1768000000.0,1768000000.0,77000000.0,,,,,5000000.0,288000000.0,1.0,168400000.0,168500000.0,171500000.0,10.493,4880000000.0,349000000.0,-62000000.0,181000000.0,28.961,1018000000.0
27,NCR,MRQ,2014-09-30,2014-09-30,2014-09-30,2021-09-08,-60000000.0,8610000000.0,,3212000000.0,5398000000.0,,11.403,-58000000.0,424000000.0,424000000.0,1243000000.0,15000000.0,1.6,3.475,3745000000.0,85000000.0,3660000000.0,3745000000.0,529000000.0,69000000.0,0.0,0.0,0.0,42000000.0,111000000.0,0.067,111000000.0,42000000.0,-4000000.0,0.09,0.09,0.09,1918000000.0,,1918000000.0,9056221000.0,15.0,10.506,66000000.0,0.392,1.0,404000000.0,0.245,3735000000.0,46000000.0,6188000000.0,,777000000.0,0.0,0.0,0.0,6666000000.0,2008000000.0,4658000000.0,5616221000.0,-59000000.0,-5000000.0,3000000.0,-177000000.0,0.0,-178000000.0,-63000000.0,0.0,124000000.0,-8000000.0,15000000.0,15000000.0,15000000.0,0.0,0.0,0.009,363000000.0,41000000.0,705000000.0,0.0,2.928,15.776,15.54,398000000.0,0.0,33.41,0.865,0.865,1454000000.0,1530000000.0,1647000000.0,1647000000.0,59000000.0,,,,,7000000.0,232000000.0,1.0,168100000.0,168200000.0,171300000.0,9.792,4875000000.0,245000000.0,-19000000.0,189000000.0,28.983,1204000000.0
28,NCR,MRQ,2014-06-30,2014-06-30,2014-06-30,2021-09-08,-14000000.0,8849000000.0,,3390000000.0,5459000000.0,,11.56,-73000000.0,483000000.0,483000000.0,1178000000.0,91000000.0,1.716,3.545,3923000000.0,83000000.0,3840000000.0,3923000000.0,563000000.0,73000000.0,0.0,0.0,0.0,165000000.0,238000000.0,0.144,238000000.0,165000000.0,119000000.0,0.54,0.53,0.54,1941000000.0,,1941000000.0,9325611000.0,14.0,9.889,7000000.0,0.042,1.0,480000000.0,0.29,3785000000.0,46000000.0,6528000000.0,,816000000.0,0.0,0.0,0.0,6880000000.0,1976000000.0,4904000000.0,5891611000.0,-32000000.0,0.0,2000000.0,-26000000.0,0.0,-28000000.0,-65000000.0,0.0,80000000.0,3000000.0,90000000.0,90000000.0,90000000.0,0.0,1000000.0,0.054,311000000.0,169000000.0,678000000.0,0.0,3.035,13.421,13.242,402000000.0,0.0,35.09,0.927,0.927,1464000000.0,1515000000.0,1658000000.0,1658000000.0,64000000.0,,,,,9000000.0,247000000.0,1.0,167900000.0,167900000.0,170900000.0,9.875,5064000000.0,247000000.0,29000000.0,178000000.0,30.161,1414000000.0
29,NCR,MRQ,2014-03-31,2014-03-31,2014-03-31,2021-09-08,-33000000.0,8828000000.0,,3385000000.0,5443000000.0,,10.892,-66000000.0,515000000.0,515000000.0,1102000000.0,54000000.0,1.686,3.835,3949000000.0,64000000.0,3885000000.0,3949000000.0,587000000.0,69000000.0,0.0,0.0,0.0,100000000.0,169000000.0,0.111,169000000.0,100000000.0,57000000.0,0.32,0.31,0.32,1820000000.0,,1820000000.0,7804885000.0,12.0,8.77,-35000000.0,-0.209,1.0,416000000.0,0.274,3813000000.0,43000000.0,6441000000.0,,820000000.0,0.0,0.0,0.0,6980000000.0,2008000000.0,4972000000.0,6092885000.0,-13000000.0,-1642000000.0,5000000.0,594000000.0,0.0,576000000.0,-598000000.0,0.0,31000000.0,-6000000.0,53000000.0,53000000.0,53000000.0,0.0,1000000.0,0.035,308000000.0,108000000.0,695000000.0,0.0,3.348,14.007,13.897,390000000.0,0.0,36.55,0.978,0.98,1442000000.0,1425000000.0,1518000000.0,1518000000.0,63000000.0,,,,,10000000.0,245000000.0,1.0,166700000.0,167100000.0,171000000.0,9.084,5015000000.0,252000000.0,4000000.0,182000000.0,30.012,1377000000.0
30,NCR,MRQ,2013-12-31,2013-12-31,2013-12-31,2021-09-08,-38000000.0,8108000000.0,,4339000000.0,3769000000.0,,10.637,-71000000.0,1642000000.0,1642000000.0,1140000000.0,197000000.0,2.307,3.568,3354000000.0,34000000.0,3320000000.0,3354000000.0,525000000.0,59000000.0,0.0,0.0,0.0,285000000.0,344000000.0,0.206,344000000.0,285000000.0,252000000.0,1.2,1.17,1.2,1769000000.0,,1769000000.0,7434584000.0,12.0,8.726,194000000.0,1.167,1.0,530000000.0,0.317,2028000000.0,33000000.0,5911000000.0,,790000000.0,0.0,0.0,0.0,6311000000.0,1881000000.0,4430000000.0,5667584000.0,68000000.0,-84000000.0,5000000.0,1105000000.0,0.0,1081000000.0,-1269000000.0,0.0,265000000.0,-8000000.0,198000000.0,198000000.0,198000000.0,8000000.0,-1000000.0,0.119,233000000.0,297000000.0,670000000.0,0.0,3.204,12.794,12.709,352000000.0,0.0,34.06,0.926,0.92,1339000000.0,1372000000.0,1670000000.0,1670000000.0,40000000.0,,,,,7000000.0,193000000.0,1.0,166400000.0,166300000.0,170800000.0,10.042,6080000000.0,441000000.0,54000000.0,189000000.0,36.56,2458000000.0
31,NCR,MRQ,2013-09-30,2013-09-30,2013-09-30,2021-09-08,-73000000.0,6878000000.0,,3242000000.0,3636000000.0,,9.248,-58000000.0,460000000.0,460000000.0,1093000000.0,100000000.0,1.849,3.439,2227000000.0,15000000.0,2212000000.0,2227000000.0,508000000.0,52000000.0,0.0,0.0,0.0,140000000.0,192000000.0,0.127,192000000.0,140000000.0,117000000.0,0.59,0.58,0.59,1537000000.0,,1537000000.0,8279260000.0,11.0,8.571,-31000000.0,-0.187,1.0,415000000.0,0.275,1946000000.0,23000000.0,4946000000.0,,842000000.0,0.0,0.0,0.0,5286000000.0,1753000000.0,3533000000.0,6575260000.0,0.0,0.0,7000000.0,54000000.0,0.0,60000000.0,-59000000.0,0.0,27000000.0,-1000000.0,98000000.0,98000000.0,98000000.0,0.0,2000000.0,0.065,270000000.0,145000000.0,584000000.0,0.0,4.278,13.502,13.203,338000000.0,0.0,39.61,1.079,1.08,1349000000.0,1174000000.0,1508000000.0,1508000000.0,53000000.0,,,,,12000000.0,217000000.0,1.0,166000000.0,166200000.0,170000000.0,9.073,4932000000.0,492000000.0,19000000.0,143000000.0,29.675,1489000000.0
32,NCR,MRQ,2013-06-30,2013-06-30,2013-06-30,2021-09-08,-222000000.0,6706000000.0,,3076000000.0,3630000000.0,,8.656,-42000000.0,460000000.0,460000000.0,1109000000.0,87000000.0,1.674,3.652,2164000000.0,85000000.0,2079000000.0,2164000000.0,543000000.0,50000000.0,0.0,0.0,0.0,135000000.0,185000000.0,0.121,185000000.0,135000000.0,109000000.0,0.52,0.51,0.52,1430000000.0,,1430000000.0,7031556000.0,9.0,7.457,-74000000.0,-0.448,1.0,426000000.0,0.278,1945000000.0,26000000.0,4627000000.0,,825000000.0,0.0,0.0,0.0,5222000000.0,1838000000.0,3384000000.0,5423556000.0,-23000000.0,-15000000.0,27000000.0,72000000.0,0.0,97000000.0,-56000000.0,0.0,-32000000.0,-7000000.0,86000000.0,86000000.0,86000000.0,0.0,1000000.0,0.056,287000000.0,139000000.0,582000000.0,0.0,3.793,11.394,11.145,327000000.0,0.0,32.99,0.901,0.905,1266000000.0,1231000000.0,1535000000.0,1535000000.0,55000000.0,,,,,12000000.0,232000000.0,1.0,164400000.0,165200000.0,168800000.0,9.292,4761000000.0,536000000.0,23000000.0,139000000.0,28.82,1238000000.0
33,NCR,MRQ,2013-03-31,2013-03-31,2013-03-31,2021-09-08,-192000000.0,6655000000.0,,3013000000.0,3642000000.0,,8.161,-45000000.0,483000000.0,483000000.0,1041000000.0,63000000.0,1.64,3.94,2091000000.0,77000000.0,2014000000.0,2091000000.0,558000000.0,47000000.0,0.0,0.0,0.0,84000000.0,131000000.0,0.093,131000000.0,84000000.0,63000000.0,0.37,0.36,0.37,1336000000.0,,1336000000.0,5405572000.0,7.0,5.775,-24000000.0,-0.147,1.0,369000000.0,0.262,1955000000.0,21000000.0,4471000000.0,,847000000.0,0.0,0.0,0.0,5264000000.0,1837000000.0,3427000000.0,4511572000.0,-586000000.0,-681000000.0,18000000.0,126000000.0,0.0,119000000.0,-721000000.0,0.0,21000000.0,-6000000.0,61000000.0,61000000.0,61000000.0,1000000.0,2000000.0,0.043,284000000.0,85000000.0,593000000.0,0.0,3.377,9.17,8.948,327000000.0,0.0,27.56,0.765,0.765,1193000000.0,1145000000.0,1410000000.0,1410000000.0,55000000.0,,,,,10000000.0,229000000.0,1.0,163700000.0,163700000.0,167500000.0,8.613,4700000000.0,538000000.0,2000000.0,140000000.0,28.711,1176000000.0
34,NCR,MRQ,2012-12-31,2012-12-31,2012-12-31,2021-09-08,-37000000.0,6369000000.0,,3406000000.0,2963000000.0,,7.801,-49000000.0,1069000000.0,1069000000.0,1068000000.0,240000000.0,1.955,4.051,1963000000.0,72000000.0,1891000000.0,1963000000.0,455000000.0,43000000.0,0.0,0.0,0.0,415000000.0,458000000.0,0.279,458000000.0,415000000.0,397000000.0,1.52,1.48,1.52,1252000000.0,,1252000000.0,4955252000.0,7.0,5.433,51000000.0,0.318,1.0,574000000.0,0.35,1307000000.0,18000000.0,4214000000.0,,797000000.0,0.0,0.0,0.0,5072000000.0,1742000000.0,3330000000.0,4074252000.0,488000000.0,-50000000.0,30000000.0,492000000.0,0.0,522000000.0,-99000000.0,0.0,100000000.0,-7000000.0,242000000.0,242000000.0,242000000.0,3000000.0,-2000000.0,0.147,163000000.0,411000000.0,611000000.0,0.0,3.254,8.47,8.437,308000000.0,0.0,25.48,0.711,0.708,1086000000.0,929000000.0,1642000000.0,1642000000.0,13000000.0,,,,,13000000.0,150000000.0,1.0,159900000.0,160500000.0,163200000.0,10.231,5062000000.0,532000000.0,155000000.0,138000000.0,31.539,1664000000.0
35,NCR,MRQ,2012-09-30,2012-09-30,2012-09-30,2021-09-08,-1507000000.0,6034000000.0,,2956000000.0,3078000000.0,,6.178,-43000000.0,581000000.0,581000000.0,1053000000.0,88000000.0,1.709,5.069,1462000000.0,54000000.0,1408000000.0,1462000000.0,477000000.0,42000000.0,0.0,0.0,0.0,127000000.0,169000000.0,0.118,169000000.0,127000000.0,120000000.0,0.55,0.53,0.55,986000000.0,,986000000.0,4071621000.0,4072.0,24.827,-443000000.0,-2.776,1.0,382000000.0,0.266,1265000000.0,7000000.0,3920000000.0,,826000000.0,0.0,0.0,0.0,4998000000.0,1730000000.0,3268000000.0,3708621000.0,204000000.0,-33000000.0,10000000.0,712000000.0,0.0,718000000.0,-80000000.0,0.0,-400000000.0,7000000.0,87000000.0,87000000.0,87000000.0,1000000.0,1000000.0,0.061,253000000.0,129000000.0,612000000.0,0.0,3.761,-285.279,-291.375,303000000.0,0.0,23.31,0.652,0.654,1124000000.0,2154000000.0,1435000000.0,1435000000.0,47000000.0,,,,,14000000.0,206000000.0,1.0,159100000.0,159600000.0,164800000.0,8.991,4769000000.0,717000000.0,33000000.0,161000000.0,29.881,1226000000.0
36,NCR,MRQ,2012-06-30,2012-06-30,2012-06-30,2021-09-08,-1468000000.0,5623000000.0,,2612000000.0,3011000000.0,,5.956,-29000000.0,377000000.0,377000000.0,1035000000.0,102000000.0,1.588,4.886,740000000.0,39000000.0,701000000.0,740000000.0,470000000.0,40000000.0,0.0,0.0,0.0,138000000.0,178000000.0,0.126,178000000.0,138000000.0,130000000.0,0.64,0.62,0.64,947000000.0,,947000000.0,4022524000.0,-38.0,87.446,2000000.0,0.013,1.0,374000000.0,0.265,1234000000.0,8000000.0,3107000000.0,,798000000.0,0.0,0.0,0.0,4627000000.0,1645000000.0,2982000000.0,3609524000.0,-37000000.0,-25000000.0,6000000.0,-88000000.0,0.0,-82000000.0,-44000000.0,0.0,31000000.0,-6000000.0,102000000.0,102000000.0,102000000.0,-13000000.0,0.0,0.072,244000000.0,130000000.0,559000000.0,0.0,3.812,-42.971,-42.887,297000000.0,0.0,22.73,0.643,0.644,1078000000.0,2097000000.0,1409000000.0,1409000000.0,49000000.0,,,,,11000000.0,195000000.0,1.0,158800000.0,159000000.0,163900000.0,8.862,4389000000.0,710000000.0,28000000.0,143000000.0,27.604,967000000.0
37,NCR,MRQ,2012-03-31,2012-03-31,2012-03-31,2021-09-08,-1475000000.0,5690000000.0,,2678000000.0,3012000000.0,,5.335,-31000000.0,414000000.0,414000000.0,929000000.0,51000000.0,1.601,5.684,827000000.0,18000000.0,809000000.0,827000000.0,503000000.0,41000000.0,0.0,0.0,0.0,66000000.0,107000000.0,0.086,107000000.0,66000000.0,57000000.0,0.32,0.31,0.32,844000000.0,,844000000.0,3891693000.0,-20.0,-69.495,58000000.0,0.367,1.0,315000000.0,0.253,1220000000.0,9000000.0,3210000000.0,,802000000.0,0.0,0.0,0.0,4797000000.0,1673000000.0,3124000000.0,3436693000.0,16000000.0,0.0,7000000.0,-25000000.0,0.0,-27000000.0,-33000000.0,0.0,89000000.0,-3000000.0,50000000.0,50000000.0,50000000.0,0.0,1000000.0,0.04,237000000.0,78000000.0,582000000.0,0.0,4.072,-22.462,-22.615,298000000.0,0.0,21.71,0.627,0.627,1065000000.0,2017000000.0,1244000000.0,1244000000.0,46000000.0,,,,,11000000.0,191000000.0,1.0,158300000.0,158200000.0,162300000.0,7.863,4470000000.0,715000000.0,7000000.0,128000000.0,28.255,1005000000.0
38,NCR,MRQ,2011-12-31,2011-12-31,2011-12-31,2021-09-08,-1492000000.0,5591000000.0,,2515000000.0,3076000000.0,,4.978,-35000000.0,398000000.0,398000000.0,1447000000.0,-255000000.0,1.613,6.059,853000000.0,1000000.0,852000000.0,853000000.0,418000000.0,40000000.0,0.0,0.0,0.0,-330000000.0,-290000000.0,-0.181,-290000000.0,-330000000.0,-339000000.0,-1.59,-1.59,-1.59,785000000.0,,785000000.0,3311804000.0,-14.0,-28.798,239000000.0,1.516,1.0,154000000.0,0.096,1225000000.0,9000000.0,3262000000.0,,774000000.0,0.0,0.0,0.0,4756000000.0,1559000000.0,3197000000.0,2590804000.0,57000000.0,2000000.0,3000000.0,-211000000.0,0.0,-166000000.0,-33000000.0,0.0,274000000.0,-8000000.0,-252000000.0,-252000000.0,-252000000.0,0.0,-3000000.0,-0.157,412000000.0,-258000000.0,525000000.0,0.0,3.3,-13.636,-13.717,365000000.0,0.0,16.46,0.49,0.492,1032000000.0,1988000000.0,1601000000.0,1601000000.0,84000000.0,,,,,9000000.0,328000000.0,1.0,157400000.0,157700000.0,149300000.0,10.152,4366000000.0,714000000.0,-87000000.0,148000000.0,27.685,956000000.0
39,NCR,MRQ,2011-09-30,2011-09-30,2011-09-30,2021-09-08,-1229000000.0,5680000000.0,,2684000000.0,2996000000.0,,6.493,-27000000.0,341000000.0,341000000.0,1061000000.0,15000000.0,1.641,4.521,1062000000.0,1000000.0,1061000000.0,1062000000.0,419000000.0,30000000.0,0.0,0.0,0.0,21000000.0,51000000.0,0.037,51000000.0,21000000.0,18000000.0,0.1,0.1,0.1,1022000000.0,,1022000000.0,2210797000.0,15.0,8.773,-33000000.0,-0.21,1.0,299000000.0,0.22,1246000000.0,3000000.0,3519000000.0,,850000000.0,0.0,0.0,0.0,4620000000.0,1636000000.0,2984000000.0,2656797000.0,-116000000.0,-1087000000.0,2000000.0,1022000000.0,0.0,1024000000.0,-1114000000.0,0.0,-6000000.0,-8000000.0,16000000.0,16000000.0,16000000.0,0.0,-1000000.0,0.012,271000000.0,28000000.0,568000000.0,0.0,2.6,26.305,26.391,459000000.0,0.0,16.89,0.533,0.533,1128000000.0,1997000000.0,1360000000.0,1360000000.0,44000000.0,,,,,9000000.0,227000000.0,1.0,157300000.0,157400000.0,160200000.0,8.64,4434000000.0,554000000.0,2000000.0,149000000.0,28.17,1048000000.0
40,NCR,MRQ,2011-06-30,2011-06-30,2011-06-30,2021-09-08,-1263000000.0,4504000000.0,,2575000000.0,1929000000.0,,6.077,-36000000.0,457000000.0,457000000.0,993000000.0,35000000.0,1.696,3.658,11000000.0,1000000.0,10000000.0,11000000.0,396000000.0,29000000.0,0.0,0.0,0.0,47000000.0,76000000.0,0.06,76000000.0,47000000.0,46000000.0,0.21,0.21,0.21,959000000.0,,959000000.0,2526954000.0,15.0,9.189,35000000.0,0.222,1.0,279000000.0,0.219,115000000.0,1000000.0,2425000000.0,,810000000.0,0.0,0.0,0.0,3508000000.0,1518000000.0,1990000000.0,2995954000.0,-23000000.0,0.0,-28000000.0,0.0,0.0,-28000000.0,-36000000.0,0.0,71000000.0,5000000.0,33000000.0,33000000.0,33000000.0,0.0,2000000.0,0.026,217000000.0,62000000.0,548000000.0,0.0,3.124,17.833,17.821,453000000.0,0.0,18.89,0.62,0.616,980000000.0,1981000000.0,1272000000.0,1272000000.0,41000000.0,,,,,8000000.0,176000000.0,1.0,158600000.0,157800000.0,160700000.0,8.061,4389000000.0,628000000.0,13000000.0,136000000.0,27.814,1057000000.0
41,NCR,MRQ,2011-03-31,2011-03-31,2011-03-31,2021-09-08,-1296000000.0,4472000000.0,,2568000000.0,1904000000.0,,5.747,-23000000.0,480000000.0,480000000.0,839000000.0,14000000.0,1.707,3.849,11000000.0,1000000.0,10000000.0,11000000.0,424000000.0,29000000.0,0.0,0.0,0.0,19000000.0,48000000.0,0.045,48000000.0,19000000.0,19000000.0,0.08,0.08,0.08,915000000.0,,915000000.0,2531284000.0,16.0,9.238,26000000.0,0.163,1.0,219000000.0,0.207,116000000.0,0.0,2383000000.0,,793000000.0,0.0,0.0,0.0,3522000000.0,1504000000.0,2018000000.0,3016284000.0,-16000000.0,0.0,-29000000.0,0.0,0.0,-28000000.0,-23000000.0,0.0,49000000.0,6000000.0,13000000.0,13000000.0,13000000.0,0.0,1000000.0,0.012,199000000.0,20000000.0,540000000.0,0.0,3.296,18.17,18.115,434000000.0,0.0,18.84,0.636,0.633,946000000.0,1948000000.0,1058000000.0,1058000000.0,40000000.0,,,,,6000000.0,159000000.0,1.0,160100000.0,159200000.0,161700000.0,6.646,4356000000.0,624000000.0,6000000.0,138000000.0,27.362,1064000000.0
42,NCR,MRQ,2010-12-31,2010-12-31,2010-12-31,2021-09-08,-1335000000.0,4361000000.0,,2478000000.0,1883000000.0,,5.557,48000000.0,496000000.0,496000000.0,987000000.0,38000000.0,1.75,3.901,11000000.0,1000000.0,10000000.0,11000000.0,362000000.0,13000000.0,0.0,0.0,0.0,64000000.0,77000000.0,0.059,77000000.0,64000000.0,63000000.0,0.25,0.24,0.25,883000000.0,,883000000.0,2098441000.0,17.0,8.78,266000000.0,1.674,1.0,312000000.0,0.24,130000000.0,1000000.0,2330000000.0,,741000000.0,0.0,0.0,0.0,3445000000.0,1416000000.0,2029000000.0,2448441000.0,136000000.0,0.0,4000000.0,0.0,0.0,4000000.0,32000000.0,0.0,218000000.0,4000000.0,39000000.0,39000000.0,39000000.0,16000000.0,-1000000.0,0.03,210000000.0,102000000.0,499000000.0,0.0,2.773,18.272,18.298,429000000.0,0.0,15.37,0.52,0.521,928000000.0,1935000000.0,1299000000.0,1299000000.0,39000000.0,,,,,6000000.0,171000000.0,1.0,159300000.0,158900000.0,160600000.0,8.175,4231000000.0,630000000.0,24000000.0,165000000.0,26.627,1062000000.0
43,NCR,MRQ,2010-09-30,2010-09-30,2010-09-30,2021-09-08,-1386000000.0,4318000000.0,,2486000000.0,1832000000.0,,4.891,-32000000.0,360000000.0,360000000.0,961000000.0,85000000.0,1.702,4.471,10000000.0,0.0,10000000.0,10000000.0,348000000.0,36000000.0,0.0,0.0,0.0,38000000.0,74000000.0,0.061,74000000.0,38000000.0,38000000.0,0.52,0.51,0.52,783000000.0,,783000000.0,1750615000.0,584.0,12.778,-80000000.0,-0.5,1.0,246000000.0,0.204,101000000.0,0.0,2406000000.0,,815000000.0,0.0,0.0,0.0,3501000000.0,1461000000.0,2040000000.0,2187615000.0,-87000000.0,0.0,-16000000.0,0.0,0.0,-16000000.0,-39000000.0,0.0,-48000000.0,10000000.0,83000000.0,83000000.0,83000000.0,-5000000.0,2000000.0,0.069,212000000.0,34000000.0,567000000.0,0.0,2.794,56.093,56.792,410000000.0,0.0,13.63,0.461,0.46,957000000.0,1896000000.0,1207000000.0,1207000000.0,39000000.0,,,,,6000000.0,173000000.0,1.0,160500000.0,160100000.0,161500000.0,7.539,4217000000.0,618000000.0,-45000000.0,144000000.0,26.34,1025000000.0
44,NCR,MRQ,2010-06-30,2010-06-30,2010-06-30,2021-09-08,-1419000000.0,4125000000.0,,2349000000.0,1776000000.0,,4.227,-56000000.0,447000000.0,447000000.0,935000000.0,31000000.0,1.715,5.038,10000000.0,0.0,10000000.0,10000000.0,345000000.0,33000000.0,0.0,0.0,0.0,42000000.0,75000000.0,0.064,75000000.0,42000000.0,42000000.0,0.19,0.19,0.19,678000000.0,,678000000.0,1545836000.0,-48.0,15.305,31000000.0,0.193,1.0,241000000.0,0.205,99000000.0,0.0,2219000000.0,,729000000.0,0.0,0.0,0.0,3416000000.0,1370000000.0,2046000000.0,1942836000.0,39000000.0,0.0,1000000.0,-1000000.0,0.0,0.0,-53000000.0,0.0,87000000.0,-3000000.0,31000000.0,31000000.0,31000000.0,0.0,0.0,0.026,210000000.0,31000000.0,546000000.0,0.0,2.866,-66.994,-63.789,392000000.0,0.0,12.12,0.416,0.416,879000000.0,1813000000.0,1176000000.0,1176000000.0,39000000.0,,,,,7000000.0,171000000.0,1.0,160300000.0,160400000.0,161600000.0,7.332,4026000000.0,596000000.0,11000000.0,158000000.0,25.1,979000000.0
45,NCR,MRQ,2010-03-31,2010-03-31,2010-03-31,2021-09-08,-1465000000.0,4104000000.0,,2299000000.0,1805000000.0,,3.696,-52000000.0,408000000.0,408000000.0,838000000.0,-17000000.0,1.644,5.893,11000000.0,0.0,11000000.0,11000000.0,375000000.0,32000000.0,0.0,0.0,0.0,-19000000.0,13000000.0,0.013,13000000.0,-19000000.0,-20000000.0,-0.12,-0.12,-0.12,591000000.0,,591000000.0,1767860000.0,-54.0,18.039,-30000000.0,-0.188,1.0,191000000.0,0.186,99000000.0,1000000.0,2210000000.0,,720000000.0,0.0,0.0,0.0,3483000000.0,1398000000.0,2085000000.0,2203860000.0,-43000000.0,0.0,2000000.0,-4000000.0,0.0,-2000000.0,-51000000.0,0.0,22000000.0,-4000000.0,-19000000.0,-19000000.0,-19000000.0,0.0,2000000.0,-0.018,209000000.0,-18000000.0,520000000.0,0.0,3.729,-59.564,-57.5,374000000.0,0.0,13.8,0.477,0.478,884000000.0,1782000000.0,1029000000.0,1029000000.0,39000000.0,,,,,2000000.0,170000000.0,1.0,159700000.0,159900000.0,159900000.0,6.435,4005000000.0,616000000.0,-1000000.0,166000000.0,25.047,901000000.0
46,NCR,MRQ,2009-12-31,2009-12-31,2009-12-31,2021-09-08,-1509000000.0,4094000000.0,,2299000000.0,1795000000.0,,3.536,-61000000.0,451000000.0,451000000.0,1089000000.0,-57000000.0,1.664,6.209,15000000.0,4000000.0,11000000.0,15000000.0,329000000.0,33000000.0,0.0,0.0,0.0,-58000000.0,-25000000.0,-0.019,-25000000.0,-58000000.0,-58000000.0,-0.35,-0.35,-0.35,564000000.0,,564000000.0,1363896000.0,-52.0,13.372,49000000.0,0.307,1.0,243000000.0,0.182,100000000.0,0.0,2176000000.0,,686000000.0,0.0,0.0,0.0,3502000000.0,1382000000.0,2120000000.0,1771896000.0,32000000.0,12000000.0,3000000.0,4000000.0,0.0,7000000.0,-81000000.0,0.0,110000000.0,-1000000.0,-56000000.0,-56000000.0,-56000000.0,0.0,-1000000.0,-0.042,198000000.0,45000000.0,557000000.0,0.0,3.142,-53.694,-53.0,356000000.0,0.0,11.13,0.385,0.385,896000000.0,1801000000.0,1332000000.0,1332000000.0,36000000.0,,,,,1000000.0,162000000.0,1.0,159200000.0,159500000.0,161000000.0,8.351,3994000000.0,617000000.0,-2000000.0,165000000.0,25.041,917000000.0
47,NCR,MRQ,2009-09-30,2009-09-30,2009-09-30,2021-09-08,-1672000000.0,3904000000.0,,2241000000.0,1663000000.0,,2.83,-49000000.0,419000000.0,419000000.0,911000000.0,17000000.0,1.69,7.611,11000000.0,0.0,11000000.0,11000000.0,344000000.0,35000000.0,0.0,0.0,0.0,3000000.0,38000000.0,0.033,38000000.0,3000000.0,3000000.0,0.09,0.09,0.09,450000000.0,,450000000.0,1795998000.0,16.0,7.578,10000000.0,0.063,1.0,224000000.0,0.197,89000000.0,0.0,2081000000.0,,708000000.0,0.0,0.0,0.0,3425000000.0,1326000000.0,2099000000.0,2195998000.0,12000000.0,0.0,2000000.0,0.0,0.0,2000000.0,-49000000.0,0.0,59000000.0,8000000.0,15000000.0,15000000.0,15000000.0,0.0,2000000.0,0.013,195000000.0,29000000.0,532000000.0,0.0,4.88,27.797,28.204,345000000.0,0.0,13.82,0.468,0.469,844000000.0,1857000000.0,1135000000.0,1135000000.0,36000000.0,,,,,-1000000.0,159000000.0,1.0,158900000.0,159000000.0,160200000.0,7.138,3815000000.0,634000000.0,-12000000.0,154000000.0,23.994,915000000.0
48,NCR,MRQ,2009-06-30,2009-06-30,2009-06-30,2021-09-08,-1655000000.0,3819000000.0,,2239000000.0,1580000000.0,,2.842,-36000000.0,407000000.0,407000000.0,895000000.0,24000000.0,1.707,7.412,7000000.0,0.0,7000000.0,7000000.0,381000000.0,31000000.0,0.0,0.0,0.0,41000000.0,72000000.0,0.064,72000000.0,41000000.0,36000000.0,0.14,0.14,0.14,451000000.0,,451000000.0,1467238000.0,7.0,4.446,17000000.0,0.107,1.0,229000000.0,0.204,88000000.0,5000000.0,2019000000.0,,691000000.0,0.0,0.0,0.0,3343000000.0,1312000000.0,2031000000.0,1876238000.0,-310000000.0,-12000000.0,2000000.0,-300000000.0,0.0,-298000000.0,-48000000.0,0.0,53000000.0,9000000.0,23000000.0,23000000.0,23000000.0,0.0,1000000.0,0.02,190000000.0,39000000.0,487000000.0,0.0,4.16,13.029,13.292,315000000.0,0.0,11.83,0.38,0.381,856000000.0,1842000000.0,1124000000.0,1124000000.0,34000000.0,,,,,8000000.0,156000000.0,1.0,158600000.0,158700000.0,159800000.0,7.083,3731000000.0,628000000.0,13000000.0,167000000.0,23.51,927000000.0
49,NCR,MRQ,2009-03-31,2009-03-31,2009-03-31,2021-09-08,-1649000000.0,4141000000.0,,2523000000.0,1618000000.0,,2.678,-25000000.0,717000000.0,717000000.0,824000000.0,-14000000.0,1.54,8.708,308000000.0,301000000.0,7000000.0,308000000.0,385000000.0,29000000.0,0.0,0.0,0.0,-11000000.0,18000000.0,0.018,18000000.0,-11000000.0,-16000000.0,-0.09,-0.09,-0.09,424000000.0,,424000000.0,854690000.0,4.0,2.442,13000000.0,0.082,1.0,184000000.0,0.183,83000000.0,5000000.0,2011000000.0,,697000000.0,0.0,0.0,0.0,3692000000.0,1638000000.0,2054000000.0,1257690000.0,6000000.0,0.0,1000000.0,0.0,0.0,1000000.0,-25000000.0,0.0,38000000.0,-8000000.0,-15000000.0,-15000000.0,-15000000.0,0.0,1000000.0,-0.015,194000000.0,-10000000.0,463000000.0,0.0,2.966,7.622,7.871,297000000.0,0.0,7.95,0.245,0.245,855000000.0,1819000000.0,1008000000.0,1008000000.0,35000000.0,,,,,4000000.0,159000000.0,1.0,158200000.0,158300000.0,158300000.0,6.368,4058000000.0,627000000.0,-1000000.0,155000000.0,25.635,885000000.0
50,NCR,MRQ,2008-12-31,2008-12-31,2008-12-31,2021-09-08,-1644000000.0,4255000000.0,,2557000000.0,1698000000.0,,2.778,-28000000.0,711000000.0,711000000.0,1094000000.0,56000000.0,1.51,8.614,308000000.0,301000000.0,7000000.0,308000000.0,317000000.0,31000000.0,0.0,0.0,0.0,78000000.0,109000000.0,0.077,109000000.0,78000000.0,73000000.0,0.35,0.35,0.35,440000000.0,,440000000.0,1806292000.0,6.0,4.181,105000000.0,0.663,1.0,327000000.0,0.23,84000000.0,5000000.0,2075000000.0,,692000000.0,0.0,0.0,0.0,3790000000.0,1693000000.0,2097000000.0,2231292000.0,-22000000.0,-11000000.0,-68000000.0,0.0,0.0,-68000000.0,-39000000.0,0.0,133000000.0,-21000000.0,56000000.0,56000000.0,56000000.0,-4000000.0,0.0,0.039,232000000.0,95000000.0,492000000.0,0.0,5.071,9.786,10.246,308000000.0,0.0,14.14,0.42,0.44,913000000.0,1834000000.0,1421000000.0,1421000000.0,37000000.0,,,,,11000000.0,195000000.0,1.0,157800000.0,158400000.0,159800000.0,8.971,4171000000.0,645000000.0,17000000.0,155000000.0,26.332,864000000.0
51,NCR,MRQ,2008-09-30,2008-09-30,2008-09-30,2021-09-08,-574000000.0,4406000000.0,,2629000000.0,1777000000.0,,9.21,-36000000.0,733000000.0,733000000.0,1069000000.0,80000000.0,1.53,1.931,308000000.0,301000000.0,7000000.0,308000000.0,364000000.0,28000000.0,0.0,0.0,0.0,103000000.0,131000000.0,0.095,131000000.0,103000000.0,97000000.0,0.49,0.48,0.49,1503000000.0,,1503000000.0,3162380000.0,9.0,6.772,121000000.0,0.741,1.0,310000000.0,0.225,84000000.0,6000000.0,2179000000.0,,711000000.0,0.0,0.0,0.0,2903000000.0,1718000000.0,1185000000.0,3607380000.0,-21000000.0,-31000000.0,-99000000.0,-1000000.0,0.0,-99000000.0,-67000000.0,0.0,157000000.0,-11000000.0,80000000.0,80000000.0,80000000.0,2000000.0,0.0,0.058,210000000.0,100000000.0,443000000.0,0.0,2.4,13.821,14.507,308000000.0,0.0,22.05,0.666,0.665,943000000.0,1780000000.0,1379000000.0,1379000000.0,35000000.0,,,,,9000000.0,175000000.0,1.0,163600000.0,163200000.0,166200000.0,8.45,4322000000.0,179000000.0,17000000.0,240000000.0,26.483,911000000.0
52,NCR,MRQ,2008-06-30,2008-06-30,2008-06-30,2021-09-08,-505000000.0,4556000000.0,,2765000000.0,1791000000.0,,9.508,-21000000.0,754000000.0,754000000.0,1045000000.0,43000000.0,1.558,1.873,309000000.0,301000000.0,8000000.0,309000000.0,411000000.0,26000000.0,0.0,0.0,0.0,66000000.0,92000000.0,0.069,92000000.0,66000000.0,61000000.0,0.26,0.26,0.26,1586000000.0,,1586000000.0,3679000000.0,11.0,8.38,48000000.0,0.288,1.0,287000000.0,0.215,67000000.0,5000000.0,2269000000.0,,735000000.0,0.0,0.0,0.0,2970000000.0,1775000000.0,1195000000.0,4221000000.0,-97000000.0,-23000000.0,-121000000.0,1000000.0,0.0,-119000000.0,-44000000.0,0.0,69000000.0,0.0,44000000.0,44000000.0,44000000.0,1000000.0,-1000000.0,0.033,225000000.0,62000000.0,469000000.0,0.0,2.661,18.038,19.091,305000000.0,0.0,25.2,0.794,0.791,991000000.0,1700000000.0,1332000000.0,1332000000.0,41000000.0,,,,,9000000.0,184000000.0,1.0,167500000.0,166800000.0,169900000.0,7.986,4489000000.0,202000000.0,17000000.0,237000000.0,26.912,990000000.0
53,NCR,MRQ,2008-03-31,2008-03-31,2008-03-31,2021-09-08,-494000000.0,4656000000.0,,2911000000.0,1745000000.0,,9.636,6000000.0,851000000.0,851000000.0,924000000.0,48000000.0,1.998,1.793,309000000.0,1000000.0,308000000.0,309000000.0,432000000.0,29000000.0,0.0,0.0,0.0,71000000.0,100000000.0,0.085,100000000.0,71000000.0,65000000.0,0.28,0.27,0.28,1667000000.0,,1667000000.0,3344401000.0,8.0,6.596,87000000.0,0.503,1.0,259000000.0,0.219,66000000.0,6000000.0,2591000000.0,,752000000.0,0.0,0.0,0.0,2989000000.0,1457000000.0,1532000000.0,3988401000.0,-101000000.0,0.0,-189000000.0,0.0,0.0,-189000000.0,6000000.0,0.0,81000000.0,14000000.0,48000000.0,48000000.0,48000000.0,1000000.0,0.0,0.041,194000000.0,65000000.0,481000000.0,0.0,2.393,13.849,14.269,309000000.0,0.0,22.83,0.773,0.765,1048000000.0,1656000000.0,1183000000.0,1183000000.0,35000000.0,,,,,10000000.0,159000000.0,1.0,174700000.0,173000000.0,175700000.0,6.838,4590000000.0,208000000.0,17000000.0,232000000.0,26.532,1454000000.0
54,NCR,MRQ,2007-12-31,2007-12-31,2007-12-31,2021-09-08,-536000000.0,4780000000.0,,3088000000.0,1692000000.0,,9.739,-18000000.0,952000000.0,952000000.0,1169000000.0,89000000.0,2.018,1.721,308000000.0,1000000.0,307000000.0,308000000.0,359000000.0,29000000.0,0.0,0.0,0.0,115000000.0,144000000.0,0.095,144000000.0,115000000.0,109000000.0,0.49,0.49,0.49,1757000000.0,,1757000000.0,3817100000.0,11.0,8.139,41000000.0,0.227,1.0,352000000.0,0.231,64000000.0,6000000.0,2542000000.0,,717000000.0,0.0,0.0,0.0,3023000000.0,1530000000.0,1493000000.0,4543100000.0,-81000000.0,-8000000.0,-78000000.0,1000000.0,0.0,-81000000.0,-26000000.0,0.0,59000000.0,5000000.0,89000000.0,89000000.0,89000000.0,110000000.0,0.0,0.059,233000000.0,119000000.0,516000000.0,0.0,2.586,16.581,16.513,313000000.0,0.0,25.1,0.914,0.91,1167000000.0,1608000000.0,1521000000.0,1521000000.0,41000000.0,,,,,12000000.0,192000000.0,1.0,181000000.0,180400000.0,183600000.0,8.431,4716000000.0,210000000.0,20000000.0,210000000.0,26.142,1558000000.0
55,NCR,MRQ,2007-09-30,2007-09-30,2007-09-30,2021-09-08,-508000000.0,4747000000.0,,3133000000.0,1614000000.0,,9.784,-21000000.0,1033000000.0,1033000000.0,1016000000.0,53000000.0,2.072,1.686,307000000.0,0.0,307000000.0,307000000.0,339000000.0,27000000.0,0.0,0.0,0.0,76000000.0,103000000.0,0.081,103000000.0,76000000.0,70000000.0,0.29,0.29,0.29,1767000000.0,,1767000000.0,8156900000.0,19.0,15.247,44000000.0,0.244,1.0,262000000.0,0.205,61000000.0,6000000.0,2448000000.0,,767000000.0,0.0,0.0,0.0,2980000000.0,1512000000.0,1468000000.0,8988900000.0,-106000000.0,-5000000.0,7000000.0,0.0,0.0,-187000000.0,-26000000.0,0.0,65000000.0,8000000.0,53000000.0,53000000.0,53000000.0,-20000000.0,0.0,0.041,224000000.0,38000000.0,481000000.0,0.0,5.087,25.039,25.025,304000000.0,0.0,49.8,1.875,1.876,1014000000.0,1524000000.0,1278000000.0,1278000000.0,37000000.0,,,,,17000000.0,187000000.0,1.0,180500000.0,180600000.0,182300000.0,7.076,4686000000.0,204000000.0,17000000.0,239000000.0,25.947,1621000000.0
56,NCR,MRQ,2007-06-30,2007-06-30,2007-06-30,2021-09-08,-607000000.0,5615000000.0,,3606000000.0,2009000000.0,,11.921,-19000000.0,1139000000.0,1139000000.0,910000000.0,98000000.0,1.964,1.615,307000000.0,1000000.0,306000000.0,307000000.0,556000000.0,27000000.0,0.0,0.0,0.0,133000000.0,160000000.0,0.136,160000000.0,133000000.0,127000000.0,0.54,0.54,0.54,2147000000.0,,2147000000.0,8678946000.0,19.0,16.162,-35000000.0,-0.194,1.0,269000000.0,0.228,148000000.0,6000000.0,2799000000.0,,739000000.0,0.0,0.0,0.0,3468000000.0,1836000000.0,1632000000.0,9451946000.0,59000000.0,1000000.0,18000000.0,-1000000.0,0.0,21000000.0,-18000000.0,0.0,-16000000.0,5000000.0,98000000.0,98000000.0,98000000.0,-47000000.0,0.0,0.083,190000000.0,79000000.0,516000000.0,0.0,4.402,23.929,23.882,370000000.0,0.0,52.54,2.029,2.031,1385000000.0,2032000000.0,1179000000.0,1179000000.0,30000000.0,,,,,1000000.0,160000000.0,1.0,179900000.0,180100000.0,182800000.0,6.546,5467000000.0,336000000.0,29000000.0,210000000.0,30.355,1770000000.0
57,NCR,MRQ,2007-03-31,2007-03-31,2007-03-31,2021-09-08,-649000000.0,5419000000.0,,3446000000.0,1973000000.0,,11.049,-23000000.0,1080000000.0,1080000000.0,835000000.0,34000000.0,1.892,1.735,307000000.0,1000000.0,306000000.0,307000000.0,590000000.0,27000000.0,0.0,0.0,0.0,35000000.0,62000000.0,0.062,62000000.0,35000000.0,29000000.0,0.19,0.19,0.19,1981000000.0,,1981000000.0,7910830000.0,18.0,15.097,20000000.0,0.112,1.0,157000000.0,0.158,150000000.0,6000000.0,2675000000.0,,717000000.0,0.0,0.0,0.0,3438000000.0,1821000000.0,1617000000.0,8550830000.0,133000000.0,0.0,18000000.0,0.0,0.0,20000000.0,-23000000.0,0.0,43000000.0,2000000.0,34000000.0,34000000.0,34000000.0,-43000000.0,0.0,0.034,174000000.0,-17000000.0,493000000.0,0.0,4.316,22.802,22.856,375000000.0,0.0,47.77,1.707,1.71,1324000000.0,1941000000.0,992000000.0,992000000.0,29000000.0,,,,,3000000.0,145000000.0,1.0,179000000.0,179300000.0,179300000.0,5.533,5269000000.0,372000000.0,-5000000.0,204000000.0,29.387,1625000000.0
58,NCR,MRQ,2006-12-31,2006-12-31,2006-12-31,2021-09-08,-676000000.0,5227000000.0,,3332000000.0,1895000000.0,,10.538,-12000000.0,947000000.0,947000000.0,1047000000.0,174000000.0,1.882,1.779,307000000.0,1000000.0,306000000.0,307000000.0,318000000.0,27000000.0,0.0,0.0,0.0,183000000.0,210000000.0,0.156,210000000.0,183000000.0,177000000.0,0.97,0.96,0.97,1881000000.0,,1881000000.0,7169832000.0,17.0,13.841,103000000.0,0.577,1.0,298000000.0,0.222,60000000.0,6000000.0,2757000000.0,,641000000.0,0.0,0.0,0.0,3346000000.0,1770000000.0,1576000000.0,7619832000.0,186000000.0,3000000.0,21000000.0,-4000000.0,0.0,19000000.0,-9000000.0,0.0,115000000.0,6000000.0,174000000.0,174000000.0,174000000.0,-79000000.0,0.0,0.129,201000000.0,97000000.0,467000000.0,0.0,4.051,19.947,20.17,314000000.0,0.0,42.76,1.663,1.68,1016000000.0,1900000000.0,1345000000.0,1345000000.0,33000000.0,,,,,4000000.0,168000000.0,1.0,178200000.0,178500000.0,181100000.0,7.535,5167000000.0,212000000.0,3000000.0,159000000.0,28.947,1562000000.0
59,NCR,MRQ,2006-09-30,2006-09-30,2006-09-30,2021-09-08,41000000.0,5661000000.0,,3040000000.0,2621000000.0,,13.391,-3000000.0,761000000.0,761000000.0,901000000.0,89000000.0,1.781,1.366,311000000.0,5000000.0,306000000.0,311000000.0,468000000.0,-1000000.0,0.0,0.0,0.0,106000000.0,105000000.0,0.092,105000000.0,106000000.0,100000000.0,0.5,0.49,0.5,2393000000.0,,2393000000.0,6674296000.0,18.0,15.558,-74000000.0,-0.414,1.0,241000000.0,0.211,150000000.0,6000000.0,3354000000.0,,708000000.0,0.0,0.0,0.0,3268000000.0,1707000000.0,1561000000.0,7114296000.0,14000000.0,22000000.0,-87000000.0,4000000.0,0.0,-90000000.0,19000000.0,0.0,-71000000.0,1000000.0,89000000.0,89000000.0,89000000.0,-50000000.0,0.0,0.078,193000000.0,48000000.0,514000000.0,0.0,2.973,19.872,19.939,376000000.0,0.0,39.48,1.691,1.677,1306000000.0,1725000000.0,1142000000.0,1142000000.0,28000000.0,,,,,4000000.0,165000000.0,1.0,180200000.0,178700000.0,181400000.0,6.391,5511000000.0,391000000.0,11000000.0,333000000.0,30.839,1333000000.0
60,NCR,MRQ,2006-06-30,2006-06-30,2006-06-30,2021-09-08,-220000000.0,5409000000.0,,2966000000.0,2443000000.0,,11.712,-46000000.0,747000000.0,747000000.0,1106000000.0,78000000.0,1.809,1.55,307000000.0,2000000.0,305000000.0,307000000.0,495000000.0,39000000.0,0.0,0.0,0.0,108000000.0,147000000.0,0.096,147000000.0,108000000.0,102000000.0,0.43,0.42,0.43,2121000000.0,,2121000000.0,6229480000.0,17.0,12.978,88000000.0,0.486,1.0,425000000.0,0.278,148000000.0,6000000.0,3181000000.0,,665000000.0,0.0,0.0,0.0,3288000000.0,1640000000.0,1648000000.0,6668480000.0,1000000.0,-16000000.0,-77000000.0,0.0,0.0,-73000000.0,-62000000.0,0.0,134000000.0,2000000.0,78000000.0,78000000.0,78000000.0,0.0,0.0,0.051,322000000.0,103000000.0,484000000.0,0.0,3.144,13.581,13.672,372000000.0,0.0,36.64,1.462,1.455,1301000000.0,1637000000.0,1531000000.0,1531000000.0,58000000.0,,,,,3000000.0,264000000.0,1.0,182000000.0,181100000.0,184200000.0,8.454,5261000000.0,545000000.0,24000000.0,323000000.0,29.05,1326000000.0
61,NCR,MRQ,2006-03-31,2006-03-31,2006-03-31,2021-09-08,-266000000.0,5315000000.0,,2663000000.0,2652000000.0,,11.343,-24000000.0,746000000.0,746000000.0,931000000.0,41000000.0,1.655,1.579,307000000.0,2000000.0,305000000.0,307000000.0,528000000.0,39000000.0,0.0,0.0,0.0,56000000.0,95000000.0,0.074,95000000.0,56000000.0,50000000.0,0.23,0.22,0.23,2061000000.0,,2061000000.0,7102780000.0,20.0,16.106,-12000000.0,-0.066,1.0,352000000.0,0.274,140000000.0,6000000.0,3127000000.0,,393000000.0,0.0,0.0,0.0,3254000000.0,1609000000.0,1645000000.0,7605780000.0,-64000000.0,-15000000.0,-48000000.0,0.0,0.0,-40000000.0,-39000000.0,0.0,12000000.0,3000000.0,41000000.0,41000000.0,41000000.0,0.0,0.0,0.032,305000000.0,47000000.0,440000000.0,0.0,3.69,14.085,14.263,611000000.0,0.0,41.79,1.69,1.687,1290000000.0,1559000000.0,1283000000.0,1283000000.0,60000000.0,,,,,-1000000.0,245000000.0,1.0,182000000.0,181700000.0,185000000.0,7.061,5175000000.0,589000000.0,9000000.0,348000000.0,28.481,1054000000.0
62,NCR,MRQ,2005-12-31,2005-12-31,2005-12-31,2021-09-08,-279000000.0,5287000000.0,,2927000000.0,2360000000.0,,11.145,20000000.0,810000000.0,810000000.0,517000000.0,150000000.0,1.779,1.598,307000000.0,2000000.0,305000000.0,307000000.0,444000000.0,-14000000.0,0.0,0.0,0.0,96000000.0,82000000.0,0.328,82000000.0,96000000.0,90000000.0,0.82,0.81,0.82,2035000000.0,,2035000000.0,5799384000.0,17.0,12.746,32000000.0,0.175,1.0,-267000000.0,-1.068,129000000.0,6000000.0,3010000000.0,,595000000.0,0.0,0.0,0.0,3252000000.0,1645000000.0,1607000000.0,6231384000.0,70000000.0,-19000000.0,-74000000.0,0.0,0.0,-74000000.0,1000000.0,0.0,12000000.0,-5000000.0,150000000.0,150000000.0,150000000.0,-213000000.0,0.0,0.6,-148000000.0,-119000000.0,490000000.0,0.0,3.062,11.78,11.867,378000000.0,0.0,33.94,1.366,1.377,1305000000.0,1518000000.0,250000000.0,250000000.0,-49000000.0,,,,,1000000.0,-99000000.0,1.0,183600000.0,182600000.0,186100000.0,1.369,5158000000.0,522000000.0,-60000000.0,307000000.0,28.248,1282000000.0
63,NCR,MRQ,2005-09-30,2005-09-30,2005-09-30,2021-09-08,29000000.0,5434000000.0,,2621000000.0,2813000000.0,,12.066,-39000000.0,740000000.0,740000000.0,1062000000.0,222000000.0,1.573,1.436,308000000.0,2000000.0,306000000.0,308000000.0,430000000.0,41000000.0,0.0,0.0,0.0,115000000.0,156000000.0,0.104,156000000.0,115000000.0,110000000.0,1.2,1.18,1.2,2231000000.0,,2231000000.0,5512878000.0,14.0,10.938,101000000.0,0.546,1.0,436000000.0,0.291,123000000.0,5000000.0,3213000000.0,,395000000.0,0.0,0.0,0.0,3203000000.0,1666000000.0,1537000000.0,5928878000.0,16000000.0,0.0,-87000000.0,0.0,0.0,-87000000.0,-39000000.0,0.0,140000000.0,2000000.0,222000000.0,222000000.0,222000000.0,0.0,0.0,0.148,324000000.0,112000000.0,487000000.0,0.0,2.657,11.671,11.689,628000000.0,0.0,31.91,0.972,0.967,1270000000.0,1368000000.0,1498000000.0,1498000000.0,57000000.0,,,,,1000000.0,267000000.0,1.0,185800000.0,184900000.0,188700000.0,8.102,5311000000.0,418000000.0,-112000000.0,315000000.0,28.724,955000000.0
64,NCR,MRQ,2005-06-30,2005-06-30,2005-06-30,2021-09-08,27000000.0,5318000000.0,,2509000000.0,2809000000.0,,11.235,-14000000.0,724000000.0,724000000.0,1074000000.0,127000000.0,1.616,1.542,308000000.0,2000000.0,306000000.0,308000000.0,449000000.0,23000000.0,0.0,0.0,0.0,85000000.0,108000000.0,0.073,108000000.0,85000000.0,79000000.0,0.68,0.67,0.68,2092000000.0,,2092000000.0,6214416000.0,18.0,12.974,138000000.0,0.741,1.0,396000000.0,0.269,124000000.0,6000000.0,3225000000.0,,369000000.0,0.0,0.0,0.0,3226000000.0,1553000000.0,1673000000.0,6560416000.0,69000000.0,-1000000.0,-56000000.0,-1000000.0,0.0,-57000000.0,-15000000.0,0.0,152000000.0,-11000000.0,127000000.0,127000000.0,127000000.0,0.0,0.0,0.086,323000000.0,73000000.0,434000000.0,0.0,3.136,19.88,19.842,632000000.0,0.0,35.12,1.083,1.08,1184000000.0,1146000000.0,1470000000.0,1470000000.0,58000000.0,,,,,1000000.0,265000000.0,1.0,186800000.0,186200000.0,190300000.0,7.895,5194000000.0,409000000.0,-48000000.0,461000000.0,27.895,956000000.0
65,NCR,MRQ,2005-03-31,2005-03-31,2005-03-31,2021-09-08,59000000.0,5398000000.0,,2538000000.0,2860000000.0,,10.998,-48000000.0,655000000.0,655000000.0,972000000.0,30000000.0,1.57,1.633,309000000.0,3000000.0,306000000.0,309000000.0,486000000.0,63000000.0,0.0,0.0,0.0,46000000.0,109000000.0,0.081,109000000.0,46000000.0,40000000.0,0.16,0.16,0.16,2050000000.0,,2050000000.0,5868380000.0,18.0,11.808,-37000000.0,-0.198,1.0,371000000.0,0.276,124000000.0,6000000.0,3311000000.0,,356000000.0,0.0,0.0,0.0,3348000000.0,1617000000.0,1731000000.0,6309380000.0,-95000000.0,3000000.0,-60000000.0,1000000.0,0.0,-59000000.0,-45000000.0,0.0,11000000.0,-2000000.0,30000000.0,30000000.0,30000000.0,0.0,0.0,0.022,317000000.0,54000000.0,429000000.0,0.0,3.078,19.413,19.391,654000000.0,0.0,33.74,1.045,1.042,1284000000.0,1019000000.0,1343000000.0,1343000000.0,59000000.0,,,,,1000000.0,258000000.0,1.0,187000000.0,186400000.0,191600000.0,7.205,5274000000.0,375000000.0,10000000.0,496000000.0,28.294,921000000.0
66,NCR,MRQ,2004-12-31,2004-12-31,2004-12-31,2021-09-08,65000000.0,5554000000.0,,2633000000.0,2921000000.0,,11.191,78000000.0,750000000.0,750000000.0,1282000000.0,129000000.0,1.527,1.663,309000000.0,2000000.0,307000000.0,309000000.0,407000000.0,-24000000.0,0.0,0.0,0.0,155000000.0,131000000.0,0.073,131000000.0,155000000.0,149000000.0,0.69,0.67,0.69,2086000000.0,,2086000000.0,6138236000.0,22.0,13.52,184000000.0,0.987,1.0,506000000.0,0.283,124000000.0,6000000.0,3265000000.0,,355000000.0,0.0,0.0,0.0,3468000000.0,1724000000.0,1744000000.0,6452236000.0,175000000.0,-36000000.0,-33000000.0,-2000000.0,0.0,-85000000.0,135000000.0,50000000.0,106000000.0,19000000.0,129000000.0,129000000.0,129000000.0,0.0,0.0,0.072,377000000.0,129000000.0,492000000.0,0.0,3.093,22.249,22.332,670000000.0,0.0,34.615,1.078,1.085,1304000000.0,989000000.0,1788000000.0,1788000000.0,68000000.0,,,,,5000000.0,309000000.0,1.0,186400000.0,186400000.0,191200000.0,9.592,5430000000.0,372000000.0,20000000.0,500000000.0,29.131,909000000.0
67,NCR,MRQ,2004-09-30,2004-09-30,2004-09-30,2021-09-08,21000000.0,5410000000.0,,2375000000.0,3035000000.0,,10.262,-70000000.0,625000000.0,625000000.0,1059000000.0,44000000.0,1.49,1.824,311000000.0,4000000.0,307000000.0,311000000.0,375000000.0,68000000.0,0.0,0.0,0.0,63000000.0,131000000.0,0.09,131000000.0,63000000.0,57000000.0,0.24,0.23,0.24,1916000000.0,,1916000000.0,4348378000.0,19.0,8.476,81000000.0,0.434,1.0,395000000.0,0.272,119000000.0,6000000.0,3383000000.0,,392000000.0,0.0,0.0,0.0,3494000000.0,1594000000.0,1900000000.0,4671378000.0,-8000000.0,0.0,-61000000.0,0.0,0.0,-62000000.0,-96000000.0,0.0,151000000.0,-1000000.0,44000000.0,44000000.0,44000000.0,0.0,0.0,0.03,336000000.0,59000000.0,419000000.0,0.0,2.438,19.383,19.296,697000000.0,0.0,24.795,0.8,0.793,1143000000.0,860000000.0,1454000000.0,1454000000.0,58000000.0,,,,,0.0,278000000.0,1.0,188400000.0,186700000.0,190400000.0,7.788,5291000000.0,554000000.0,13000000.0,0.0,28.34,781000000.0
68,NCR,MRQ,2004-06-30,2004-06-30,2004-06-30,2021-09-08,29000000.0,5440000000.0,,2415000000.0,3025000000.0,,10.308,-67000000.0,633000000.0,633000000.0,1059000000.0,122000000.0,1.509,1.803,310000000.0,4000000.0,306000000.0,310000000.0,427000000.0,69000000.0,0.0,0.0,0.0,57000000.0,126000000.0,0.087,126000000.0,57000000.0,51000000.0,0.65,0.63,0.65,1941000000.0,,1941000000.0,4337214000.0,22.0,8.87,14000000.0,0.074,1.0,393000000.0,0.271,105000000.0,6000000.0,3412000000.0,,382000000.0,0.0,0.0,0.0,3499000000.0,1600000000.0,1899000000.0,4691214000.0,-33000000.0,0.0,-41000000.0,1000000.0,0.0,-39000000.0,-73000000.0,0.0,81000000.0,-2000000.0,122000000.0,122000000.0,122000000.0,0.0,0.0,0.084,340000000.0,53000000.0,425000000.0,0.0,2.417,21.82,21.75,703000000.0,0.0,24.795,0.817,0.813,1195000000.0,816000000.0,1452000000.0,1452000000.0,59000000.0,,,,,0.0,281000000.0,1.0,189200000.0,188300000.0,192300000.0,7.711,5335000000.0,553000000.0,-71000000.0,0.0,28.332,815000000.0
69,NCR,MRQ,2004-03-31,2004-03-31,2004-03-31,2021-09-08,30000000.0,5423000000.0,,2371000000.0,3052000000.0,,9.836,-38000000.0,666000000.0,666000000.0,968000000.0,-5000000.0,1.526,1.916,312000000.0,4000000.0,308000000.0,312000000.0,445000000.0,67000000.0,0.0,0.0,0.0,-1000000.0,66000000.0,0.051,66000000.0,-1000000.0,-6000000.0,-0.03,-0.03,-0.03,1860000000.0,,1860000000.0,3806700000.0,30.0,8.936,-29000000.0,-0.153,1.0,322000000.0,0.25,105000000.0,5000000.0,3410000000.0,,341000000.0,0.0,0.0,0.0,3563000000.0,1554000000.0,2009000000.0,4185700000.0,-23000000.0,0.0,-33000000.0,0.0,0.0,17000000.0,-49000000.0,0.0,9000000.0,0.0,-5000000.0,-5000000.0,-5000000.0,0.0,0.0,-0.004,330000000.0,-8000000.0,363000000.0,0.0,2.25,52.321,52.452,716000000.0,0.0,22.03,0.74,0.737,1171000000.0,695000000.0,1290000000.0,1290000000.0,57000000.0,,,,,0.0,273000000.0,1.0,190000000.0,189100000.0,189100000.0,6.822,5318000000.0,550000000.0,-1000000.0,0.0,28.123,817000000.0
70,NCR,MRQ,2003-12-31,2003-12-31,2003-12-31,2021-09-08,9000000.0,5197000000.0,,2422000000.0,2775000000.0,,9.9,-69000000.0,689000000.0,689000000.0,1149000000.0,80000000.0,1.534,1.772,310000000.0,3000000.0,307000000.0,310000000.0,362000000.0,77000000.0,0.0,0.0,0.0,113000000.0,190000000.0,0.116,190000000.0,113000000.0,107000000.0,0.425,0.415,0.425,1875000000.0,,1875000000.0,3406480000.0,35.0,8.248,98000000.0,0.517,1.0,494000000.0,0.301,105000000.0,6000000.0,3134000000.0,,308000000.0,0.0,0.0,0.0,3322000000.0,1579000000.0,1743000000.0,3670480000.0,98000000.0,0.0,4000000.0,-8000000.0,0.0,-3000000.0,-78000000.0,-10000000.0,167000000.0,12000000.0,80000000.0,80000000.0,80000000.0,0.0,0.0,0.049,381000000.0,113000000.0,414000000.0,0.0,1.958,63.284,62.581,746000000.0,0.0,19.4,0.656,0.658,1230000000.0,699000000.0,1643000000.0,1643000000.0,62000000.0,,,,,0.0,319000000.0,1.0,189200000.0,189400000.0,196200000.0,8.675,5092000000.0,275000000.0,27000000.0,447000000.0,26.885,843000000.0
71,NCR,MRQ,2003-09-30,2003-09-30,2003-09-30,2021-09-08,-474000000.0,4748000000.0,,2239000000.0,2509000000.0,,6.908,-50000000.0,581000000.0,581000000.0,981000000.0,18000000.0,1.608,2.633,317000000.0,11000000.0,306000000.0,317000000.0,332000000.0,75000000.0,0.0,0.0,0.0,32000000.0,107000000.0,0.079,107000000.0,32000000.0,25000000.0,0.095,0.095,0.095,1307000000.0,,1307000000.0,2731212000.0,65.0,7.524,24000000.0,0.127,1.0,374000000.0,0.276,105000000.0,7000000.0,2987000000.0,,319000000.0,0.0,0.0,0.0,3441000000.0,1392000000.0,2049000000.0,3004212000.0,-4000000.0,0.0,-11000000.0,6000000.0,0.0,-28000000.0,-51000000.0,0.0,74000000.0,1000000.0,18000000.0,18000000.0,18000000.0,0.0,0.0,0.013,341000000.0,33000000.0,380000000.0,0.0,2.299,85.835,96.03,734000000.0,0.0,15.845,0.543,0.542,1152000000.0,619000000.0,1355000000.0,1355000000.0,56000000.0,,,,,0.0,285000000.0,1.0,189600000.0,189200000.0,190600000.0,7.162,4643000000.0,615000000.0,7000000.0,0.0,24.54,847000000.0
72,NCR,MRQ,2003-06-30,2003-06-30,2003-06-30,2021-09-08,-478000000.0,4717000000.0,,2191000000.0,2526000000.0,,6.83,-42000000.0,585000000.0,585000000.0,1007000000.0,-13000000.0,1.574,2.642,312000000.0,6000000.0,306000000.0,312000000.0,403000000.0,80000000.0,0.0,0.0,0.0,-17000000.0,63000000.0,0.046,63000000.0,-17000000.0,-23000000.0,-0.07,-0.07,-0.07,1295000000.0,,1295000000.0,2233148000.0,41.0,5.815,56000000.0,0.295,1.0,359000000.0,0.263,103000000.0,6000000.0,2949000000.0,,297000000.0,0.0,0.0,0.0,3422000000.0,1392000000.0,2030000000.0,2444148000.0,57000000.0,0.0,2000000.0,-7000000.0,0.0,-8000000.0,-43000000.0,0.0,98000000.0,10000000.0,-13000000.0,-13000000.0,-13000000.0,0.0,0.0,-0.01,343000000.0,16000000.0,342000000.0,0.0,1.887,42.14,45.75,750000000.0,0.0,12.81,0.44,0.437,1132000000.0,601000000.0,1366000000.0,1366000000.0,56000000.0,,,,,0.0,287000000.0,1.0,190800000.0,189600000.0,189600000.0,7.205,4614000000.0,614000000.0,-10000000.0,0.0,24.335,799000000.0
73,NCR,MRQ,2003-03-31,2003-03-31,2003-03-31,2021-09-08,-531000000.0,4568000000.0,,2097000000.0,2471000000.0,,6.547,-61000000.0,529000000.0,529000000.0,927000000.0,-27000000.0,1.536,2.634,318000000.0,13000000.0,305000000.0,318000000.0,433000000.0,83000000.0,0.0,0.0,0.0,-30000000.0,53000000.0,0.043,53000000.0,-30000000.0,-37000000.0,-0.14,-0.14,-0.14,1257000000.0,,1257000000.0,1560747868.0,14.0,3.523,41000000.0,0.214,1.0,307000000.0,0.249,103000000.0,7000000.0,2889000000.0,,274000000.0,0.0,0.0,0.0,3311000000.0,1365000000.0,1946000000.0,1775747868.0,2000000.0,0.0,-50000000.0,8000000.0,0.0,-37000000.0,-63000000.0,0.0,102000000.0,0.0,-27000000.0,-27000000.0,-27000000.0,0.0,0.0,-0.022,339000000.0,-32000000.0,307000000.0,0.0,1.413,18.307,19.104,776000000.0,0.0,9.17,0.319,0.316,1107000000.0,614000000.0,1234000000.0,1234000000.0,59000000.0,,,,,0.0,280000000.0,1.0,193647532.0,192000000.0,192000000.0,6.427,4465000000.0,0.0,-10000000.0,0.0,23.255,732000000.0
74,NCR,MRQ,2002-12-31,2002-12-31,2002-12-31,2021-09-08,-534000000.0,4672000000.0,,2186000000.0,2486000000.0,,6.823,-50000000.0,526000000.0,526000000.0,1141000000.0,57000000.0,1.543,2.526,311000000.0,5000000.0,306000000.0,311000000.0,339000000.0,83000000.0,0.0,0.0,0.0,57000000.0,140000000.0,0.089,140000000.0,57000000.0,51000000.0,0.28,0.28,0.28,1325000000.0,,1325000000.0,2183120598.0,-11.0,16.793,94000000.0,0.484,1.0,440000000.0,0.278,102000000.0,6000000.0,2938000000.0,,263000000.0,0.0,0.0,0.0,3347000000.0,1417000000.0,1930000000.0,2316120598.0,25000000.0,0.0,32000000.0,-17000000.0,0.0,-30000000.0,-91000000.0,-40000000.0,144000000.0,2000000.0,57000000.0,57000000.0,57000000.0,0.0,0.0,0.036,364000000.0,76000000.0,364000000.0,0.0,1.748,-10.528,-10.504,792000000.0,0.0,11.87,0.415,0.416,1204000000.0,641000000.0,1581000000.0,1581000000.0,59000000.0,,,,,0.0,305000000.0,1.0,195123892.0,194200000.0,198000000.0,8.141,4570000000.0,596000000.0,-6000000.0,0.0,23.532,769000000.0
75,NCR,MRQ,2002-09-30,2002-09-30,2002-09-30,2021-09-08,-39000000.0,4835000000.0,,2162000000.0,2673000000.0,,9.013,-69000000.0,461000000.0,461000000.0,981000000.0,41000000.0,1.497,1.736,328000000.0,22000000.0,306000000.0,328000000.0,358000000.0,83000000.0,0.0,0.0,0.0,45000000.0,128000000.0,0.093,128000000.0,45000000.0,38000000.0,0.21,0.21,0.21,1763000000.0,,1763000000.0,1690258053.0,-12.0,8.245,-106000000.0,-0.542,1.0,396000000.0,0.288,100000000.0,7000000.0,3158000000.0,,311000000.0,0.0,0.0,0.0,3061000000.0,1444000000.0,1617000000.0,1941258053.0,-108000000.0,0.0,-22000000.0,10000000.0,0.0,-6000000.0,-65000000.0,0.0,-37000000.0,0.0,41000000.0,41000000.0,41000000.0,0.0,0.0,0.03,343000000.0,53000000.0,367000000.0,0.0,1.101,-9.424,-9.474,822000000.0,0.0,9.9,0.346,0.346,1196000000.0,584000000.0,1377000000.0,1377000000.0,56000000.0,,,,,0.0,287000000.0,1.0,196086672.0,195600000.0,199200000.0,7.04,4735000000.0,0.0,-3000000.0,0.0,24.208,718000000.0
76,NCR,MRQ,2002-06-30,2002-06-30,2002-06-30,2021-09-08,-60000000.0,4866000000.0,,2208000000.0,2658000000.0,,8.77,-60000000.0,569000000.0,569000000.0,979000000.0,26000000.0,1.457,1.819,318000000.0,12000000.0,306000000.0,318000000.0,378000000.0,82000000.0,0.0,0.0,0.0,40000000.0,122000000.0,0.088,122000000.0,40000000.0,36000000.0,0.13,0.125,0.13,1726000000.0,,1726000000.0,3142396686.0,-16.0,17.458,-1000000.0,-0.005,1.0,401000000.0,0.291,100000000.0,4000000.0,3000000000.0,,296000000.0,0.0,0.0,0.0,3140000000.0,1515000000.0,1625000000.0,3407396686.0,191000000.0,0.0,-25000000.0,204000000.0,0.0,187000000.0,-66000000.0,0.0,59000000.0,11000000.0,26000000.0,26000000.0,26000000.0,0.0,0.0,0.019,361000000.0,40000000.0,385000000.0,0.0,1.974,-13.468,-13.411,838000000.0,0.0,17.3,0.601,0.601,1130000000.0,543000000.0,1380000000.0,1380000000.0,61000000.0,,,,,0.0,289000000.0,1.0,196959346.0,196800000.0,201000000.0,7.012,4766000000.0,0.0,10000000.0,0.0,24.217,693000000.0
77,NCR,MRQ,2002-03-31,2002-03-31,2002-03-31,2021-09-08,-85000000.0,4827000000.0,,1947000000.0,2880000000.0,,10.409,-57000000.0,379000000.0,379000000.0,897000000.0,-344000000.0,1.294,1.368,114000000.0,106000000.0,8000000.0,114000000.0,407000000.0,80000000.0,0.0,0.0,0.0,-340000000.0,-260000000.0,-0.209,-260000000.0,-340000000.0,-342000000.0,-1.755,-1.705,-1.755,2038000000.0,,2038000000.0,4198110882.0,-24.0,18.91,24000000.0,0.123,1.0,350000000.0,0.281,452000000.0,2000000.0,2605000000.0,,282000000.0,0.0,0.0,0.0,2789000000.0,1505000000.0,1284000000.0,4386110882.0,43000000.0,0.0,0.0,-34000000.0,0.0,0.0,-38000000.0,0.0,81000000.0,0.0,-344000000.0,-344000000.0,-344000000.0,0.0,0.0,-0.276,341000000.0,9000000.0,334000000.0,0.0,2.152,-17.976,-18.044,827000000.0,0.0,22.375,0.758,0.757,1081000000.0,865000000.0,1247000000.0,1247000000.0,56000000.0,,,,,0.0,285000000.0,1.0,196027302.0,195800000.0,201200000.0,6.369,4375000000.0,0.0,2000000.0,0.0,22.344,442000000.0
78,NCR,MRQ,2001-12-31,2001-12-31,2001-12-31,2021-09-08,-70000000.0,4855000000.0,,1963000000.0,2892000000.0,,10.448,-96000000.0,336000000.0,336000000.0,1087000000.0,71000000.0,1.293,1.395,148000000.0,138000000.0,10000000.0,148000000.0,319000000.0,106000000.0,0.0,0.0,0.0,109000000.0,215000000.0,0.134,215000000.0,109000000.0,107000000.0,0.37,0.36,0.37,2027000000.0,,2027000000.0,3442690132.0,25.0,6.137,-49000000.0,-0.253,1.0,513000000.0,0.321,450000000.0,2000000.0,2699000000.0,,280000000.0,0.0,0.0,0.0,2828000000.0,1518000000.0,1310000000.0,3580690132.0,70000000.0,38000000.0,91000000.0,2000000.0,0.0,14000000.0,13000000.0,18000000.0,47000000.0,-4000000.0,71000000.0,71000000.0,71000000.0,0.0,0.0,0.044,402000000.0,111000000.0,362000000.0,0.0,1.766,16.501,16.382,853000000.0,0.0,18.43,0.605,0.602,1126000000.0,861000000.0,1600000000.0,1600000000.0,72000000.0,,,,,0.0,330000000.0,1.0,194285954.0,194000000.0,198000000.0,8.247,4405000000.0,0.0,36000000.0,0.0,22.706,445000000.0
79,NCR,MRQ,2001-09-30,2001-09-30,2001-09-30,2021-09-08,-32000000.0,4838000000.0,,1911000000.0,2927000000.0,,9.995,-46000000.0,284000000.0,284000000.0,1034000000.0,-6000000.0,1.25,1.482,146000000.0,135000000.0,11000000.0,146000000.0,340000000.0,107000000.0,0.0,0.0,0.0,-4000000.0,103000000.0,0.071,103000000.0,-4000000.0,-10000000.0,-0.035,-0.035,-0.035,1943000000.0,,1943000000.0,2697003774.0,16.0,4.732,-21000000.0,-0.108,1.0,408000000.0,0.283,0.0,6000000.0,3171000000.0,,312000000.0,0.0,0.0,0.0,2880000000.0,1529000000.0,1351000000.0,2881003774.0,-35000000.0,0.0,-16000000.0,4000000.0,0.0,1000000.0,-65000000.0,8000000.0,25000000.0,4000000.0,-6000000.0,-6000000.0,-6000000.0,0.0,0.0,-0.004,373000000.0,35000000.0,414000000.0,0.0,1.483,12.208,12.102,927000000.0,0.0,14.825,0.472,0.472,1064000000.0,790000000.0,1442000000.0,1442000000.0,68000000.0,,,,,0.0,305000000.0,1.0,194334150.0,194400000.0,194400000.0,7.418,4838000000.0,0.0,-4000000.0,0.0,24.887,382000000.0
80,NCR,MRQ,2001-06-30,2001-06-30,2001-06-30,2021-09-08,-36000000.0,4777000000.0,,1943000000.0,2834000000.0,,10.176,-65000000.0,327000000.0,327000000.0,1036000000.0,35000000.0,1.32,1.427,143000000.0,131000000.0,12000000.0,143000000.0,372000000.0,105000000.0,0.0,0.0,0.0,59000000.0,164000000.0,0.109,164000000.0,59000000.0,53000000.0,0.18,0.175,0.18,1968000000.0,,1968000000.0,4342537816.0,17.0,6.754,-28000000.0,-0.145,1.0,463000000.0,0.309,0.0,6000000.0,3121000000.0,,309000000.0,0.0,0.0,0.0,2809000000.0,1472000000.0,1337000000.0,4534537816.0,-5000000.0,0.0,0.0,9000000.0,0.0,46000000.0,-85000000.0,-7000000.0,37000000.0,-3000000.0,35000000.0,35000000.0,35000000.0,0.0,0.0,0.023,404000000.0,59000000.0,386000000.0,0.0,2.304,15.319,15.21,935000000.0,0.0,23.5,0.74,0.741,1060000000.0,796000000.0,1499000000.0,1499000000.0,77000000.0,,,,,0.0,327000000.0,1.0,192959056.0,193400000.0,200600000.0,7.751,4777000000.0,0.0,18000000.0,0.0,24.7,471000000.0
81,NCR,MRQ,2001-03-31,2001-03-31,2001-03-31,2021-09-08,-46000000.0,4796000000.0,,1996000000.0,2800000000.0,,9.775,-78000000.0,325000000.0,325000000.0,966000000.0,117000000.0,1.261,1.563,133000000.0,123000000.0,10000000.0,133000000.0,432000000.0,105000000.0,0.0,0.0,0.0,-26000000.0,79000000.0,0.057,79000000.0,-26000000.0,-30000000.0,0.61,0.59,0.61,1871000000.0,,1871000000.0,3491322245.0,13.0,5.481,-41000000.0,-0.214,1.0,410000000.0,0.298,0.0,4000000.0,3021000000.0,,329000000.0,0.0,0.0,0.0,2925000000.0,1583000000.0,1342000000.0,3741322245.0,-42000000.0,0.0,-34000000.0,26000000.0,0.0,26000000.0,-96000000.0,-10000000.0,37000000.0,-9000000.0,117000000.0,117000000.0,117000000.0,0.0,0.0,0.085,429000000.0,-19000000.0,406000000.0,0.0,2.0,12.471,12.43,949000000.0,0.0,19.515,0.615,0.614,1092000000.0,761000000.0,1376000000.0,1376000000.0,76000000.0,,,,,0.0,353000000.0,1.0,191715206.0,191400000.0,198600000.0,7.189,4796000000.0,0.0,-147000000.0,0.0,25.057,413000000.0
82,NCR,MRQ,2000-12-31,2000-12-31,2000-12-31,2021-09-08,-43000000.0,5106000000.0,,2234000000.0,2872000000.0,,9.243,-151000000.0,357000000.0,357000000.0,1216000000.0,90000000.0,1.217,1.904,107000000.0,96000000.0,11000000.0,107000000.0,344000000.0,89000000.0,0.0,0.0,0.0,135000000.0,224000000.0,0.125,224000000.0,135000000.0,131000000.0,0.47,0.46,0.47,1758000000.0,,1758000000.0,4199638964.0,15.0,6.471,-44000000.0,-0.231,1.0,576000000.0,0.321,0.0,4000000.0,3020000000.0,,288000000.0,0.0,0.0,0.0,3348000000.0,1836000000.0,1512000000.0,4737638964.0,-135000000.0,-248000000.0,49000000.0,-19000000.0,0.0,-30000000.0,-208000000.0,130000000.0,107000000.0,-4000000.0,90000000.0,90000000.0,90000000.0,0.0,0.0,0.05,463000000.0,113000000.0,521000000.0,0.0,2.695,26.616,26.273,960000000.0,0.0,24.565,0.795,0.784,1338000000.0,644000000.0,1792000000.0,1792000000.0,87000000.0,,,,,0.0,376000000.0,1.0,192861346.0,190200000.0,195400000.0,9.422,5106000000.0,0.0,41000000.0,0.0,26.845,398000000.0
83,NCR,MRQ,2000-09-30,2000-09-30,2000-09-30,2021-09-08,-17000000.0,4815000000.0,,2365000000.0,2450000000.0,,8.845,46000000.0,621000000.0,621000000.0,1001000000.0,54000000.0,1.535,1.824,83000000.0,45000000.0,38000000.0,83000000.0,357000000.0,87000000.0,0.0,0.0,0.0,89000000.0,176000000.0,0.12,176000000.0,89000000.0,85000000.0,0.285,0.275,0.285,1700000000.0,,1700000000.0,3133902280.0,14.0,5.413,127000000.0,0.661,1.0,463000000.0,0.316,0.0,4000000.0,2736000000.0,,311000000.0,0.0,0.0,0.0,3101000000.0,1541000000.0,1560000000.0,3619902280.0,76000000.0,-15000000.0,-33000000.0,8000000.0,0.0,-11000000.0,10000000.0,16000000.0,81000000.0,-4000000.0,54000000.0,54000000.0,54000000.0,0.0,0.0,0.037,396000000.0,67000000.0,388000000.0,0.0,2.129,11.207,11.284,929000000.0,0.0,18.845,0.611,0.611,1152000000.0,554000000.0,1464000000.0,1464000000.0,77000000.0,,,,,0.0,319000000.0,1.0,192088208.0,192200000.0,198200000.0,7.617,4815000000.0,0.0,31000000.0,0.0,25.052,824000000.0
84,NCR,MRQ,2000-06-30,2000-06-30,2000-06-30,2021-09-08,8000000.0,4777000000.0,,2331000000.0,2446000000.0,,8.92,-41000000.0,561000000.0,561000000.0,978000000.0,39000000.0,1.54,1.807,75000000.0,37000000.0,38000000.0,75000000.0,422000000.0,91000000.0,0.0,0.0,0.0,67000000.0,158000000.0,0.109,158000000.0,67000000.0,64000000.0,0.205,0.195,0.205,1702000000.0,,1702000000.0,3112693229.0,14.0,5.321,-82000000.0,-0.43,1.0,470000000.0,0.325,0.0,3000000.0,2777000000.0,,299000000.0,0.0,0.0,0.0,3075000000.0,1514000000.0,1561000000.0,3704693229.0,-52000000.0,-31000000.0,-2000000.0,-3000000.0,0.0,12000000.0,-25000000.0,56000000.0,-41000000.0,2000000.0,39000000.0,39000000.0,39000000.0,0.0,0.0,0.027,427000000.0,43000000.0,335000000.0,0.0,2.177,11.505,11.764,972000000.0,0.0,19.47,0.618,0.62,1173000000.0,498000000.0,1448000000.0,1448000000.0,99000000.0,,,,,0.0,328000000.0,1.0,190277002.0,190800000.0,197600000.0,7.589,4777000000.0,0.0,25000000.0,0.0,25.037,817000000.0
85,NCR,MRQ,2000-03-31,2000-03-31,2000-03-31,2021-09-08,36000000.0,4794000000.0,,2434000000.0,2360000000.0,,8.504,-72000000.0,670000000.0,670000000.0,897000000.0,-5000000.0,1.522,1.992,78000000.0,39000000.0,39000000.0,78000000.0,498000000.0,94000000.0,0.0,0.0,0.0,-3000000.0,91000000.0,0.073,91000000.0,-3000000.0,-5000000.0,-0.025,-0.025,-0.025,1597000000.0,,1597000000.0,3079586471.0,13.0,5.176,-48000000.0,-0.256,1.0,358000000.0,0.285,0.0,2000000.0,2603000000.0,,292000000.0,0.0,0.0,0.0,3182000000.0,1599000000.0,1583000000.0,3765586471.0,-113000000.0,-25000000.0,-2000000.0,0.0,0.0,22000000.0,-144000000.0,-20000000.0,24000000.0,-15000000.0,-5000000.0,-5000000.0,-5000000.0,0.0,0.0,-0.004,376000000.0,-18000000.0,295000000.0,0.0,2.358,11.446,11.908,981000000.0,0.0,20.065,0.615,0.616,1132000000.0,459000000.0,1255000000.0,1255000000.0,70000000.0,,,,,0.0,306000000.0,1.0,187669398.0,187800000.0,193000000.0,6.683,4794000000.0,0.0,0.0,0.0,25.527,835000000.0
86,NCR,MRQ,1999-12-31,1999-12-31,1999-12-31,2021-09-08,48000000.0,4895000000.0,,2541000000.0,2354000000.0,,8.356,-8000000.0,763000000.0,763000000.0,1218000000.0,235000000.0,1.529,2.059,77000000.0,37000000.0,40000000.0,77000000.0,365000000.0,80000000.0,0.0,0.0,0.0,74000000.0,154000000.0,0.087,154000000.0,74000000.0,70000000.0,1.205,1.175,1.205,1596000000.0,,1596000000.0,3157767386.0,13.0,5.219,245000000.0,1.283,1.0,543000000.0,0.308,0.0,4000000.0,2547000000.0,,299000000.0,0.0,0.0,0.0,3286000000.0,1662000000.0,1624000000.0,3657767386.0,95000000.0,-32000000.0,-25000000.0,-18000000.0,0.0,-116000000.0,-44000000.0,-72000000.0,253000000.0,2000000.0,235000000.0,235000000.0,235000000.0,0.0,0.0,0.133,570000000.0,-27000000.0,378000000.0,0.0,2.292,10.854,10.98,1002000000.0,0.0,18.94,0.59,0.597,1197000000.0,466000000.0,1761000000.0,1761000000.0,94000000.0,,,,,0.0,476000000.0,1.0,193123938.0,191000000.0,192800000.0,9.22,4895000000.0,0.0,-165000000.0,0.0,25.628,879000000.0
87,NCR,MRQ,1999-09-30,1999-09-30,1999-09-30,2021-09-08,0.0,4783000000.0,,2435000000.0,2348000000.0,,7.485,9000000.0,595000000.0,595000000.0,1066000000.0,53000000.0,1.487,2.274,95000000.0,63000000.0,32000000.0,95000000.0,364000000.0,93000000.0,0.0,0.0,0.0,89000000.0,182000000.0,0.119,182000000.0,89000000.0,86000000.0,0.27,0.265,0.27,1461000000.0,,1461000000.0,2781033886.0,11.0,4.457,148000000.0,0.758,1.0,464000000.0,0.303,0.0,3000000.0,2645000000.0,,392000000.0,0.0,0.0,0.0,3322000000.0,1638000000.0,1684000000.0,3247033886.0,35000000.0,0.0,-99000000.0,-16000000.0,0.0,-94000000.0,-19000000.0,16000000.0,139000000.0,9000000.0,53000000.0,53000000.0,53000000.0,0.0,0.0,0.035,412000000.0,52000000.0,321000000.0,0.0,2.222,21.504,21.608,1082000000.0,0.0,16.53,0.499,0.496,1291000000.0,1426000000.0,1530000000.0,1530000000.0,82000000.0,,,,,0.0,330000000.0,1.0,196432782.0,195200000.0,202200000.0,7.838,4783000000.0,0.0,33000000.0,0.0,24.503,797000000.0
88,NCR,MRQ,1999-06-30,1999-06-30,1999-06-30,2021-09-08,0.0,4720000000.0,,2469000000.0,2251000000.0,,7.131,-74000000.0,576000000.0,576000000.0,1073000000.0,46000000.0,1.494,2.367,110000000.0,78000000.0,32000000.0,110000000.0,0.0,92000000.0,401000000.0,0.0,0.0,76000000.0,168000000.0,0.107,168000000.0,76000000.0,74000000.0,0.235,0.225,0.235,1402000000.0,,1402000000.0,4385074249.0,21.0,7.626,33000000.0,0.168,1.0,499000000.0,0.317,0.0,2000000.0,2601000000.0,,394000000.0,0.0,0.0,0.0,3318000000.0,1653000000.0,1665000000.0,4884074249.0,-134000000.0,0.0,-62000000.0,15000000.0,0.0,-28000000.0,-206000000.0,-115000000.0,107000000.0,-7000000.0,46000000.0,46000000.0,46000000.0,0.0,0.0,0.029,438000000.0,61000000.0,327000000.0,0.0,3.484,39.708,39.363,1065000000.0,0.0,24.405,0.748,0.735,1354000000.0,1420000000.0,1572000000.0,1572000000.0,85000000.0,,,,,0.0,353000000.0,1.0,200125968.0,196600000.0,204200000.0,7.996,4720000000.0,0.0,28000000.0,0.0,24.008,816000000.0
89,NCR,MRQ,1999-03-31,1999-03-31,1999-03-31,2021-09-08,0.0,4799000000.0,,2509000000.0,2290000000.0,,7.429,-56000000.0,595000000.0,595000000.0,949000000.0,3000000.0,1.554,2.262,96000000.0,63000000.0,33000000.0,96000000.0,0.0,93000000.0,483000000.0,0.0,0.0,8000000.0,101000000.0,0.076,101000000.0,8000000.0,5000000.0,0.015,0.015,0.015,1471000000.0,,1471000000.0,4542916400.0,20.0,7.7,52000000.0,0.263,1.0,384000000.0,0.288,0.0,3000000.0,2685000000.0,,399000000.0,0.0,0.0,0.0,3328000000.0,1615000000.0,1713000000.0,4973916400.0,87000000.0,0.0,0.0,13000000.0,0.0,44000000.0,-57000000.0,6000000.0,108000000.0,-8000000.0,3000000.0,3000000.0,3000000.0,0.0,0.0,0.002,392000000.0,-8000000.0,303000000.0,0.0,3.381,39.791,40.323,1094000000.0,0.0,25.0,0.762,0.758,1357000000.0,1464000000.0,1333000000.0,1333000000.0,80000000.0,,,,,0.0,312000000.0,1.0,198956656.0,198000000.0,205800000.0,6.732,4799000000.0,0.0,2000000.0,0.0,24.237,894000000.0
90,NCR,MRQ,1998-12-31,1998-12-31,1998-12-31,2021-09-08,22000000.0,4892000000.0,,2632000000.0,2260000000.0,,7.36,-59000000.0,514000000.0,514000000.0,1432000000.0,49000000.0,1.548,2.381,83000000.0,50000000.0,33000000.0,83000000.0,352000000.0,90000000.0,0.0,0.0,0.0,83000000.0,173000000.0,0.084,173000000.0,83000000.0,78000000.0,0.245,0.245,0.245,1447000000.0,,1447000000.0,3666344302.0,16.0,6.225,-12000000.0,-0.061,1.0,635000000.0,0.307,0.0,5000000.0,2761000000.0,,384000000.0,0.0,0.0,0.0,3445000000.0,1700000000.0,1745000000.0,4094344302.0,45000000.0,-274000000.0,0.0,-25000000.0,0.0,-12000000.0,-19000000.0,338000000.0,47000000.0,29000000.0,49000000.0,49000000.0,49000000.0,0.0,0.0,0.024,555000000.0,80000000.0,376000000.0,0.0,2.83,33.56,34.504,1104000000.0,0.0,20.875,0.629,0.648,1556000000.0,129000000.0,2067000000.0,2067000000.0,101000000.0,,,,,0.0,454000000.0,1.0,196136254.0,196600000.0,199400000.0,10.514,4892000000.0,0.0,29000000.0,0.0,24.883,932000000.0
91,NCR,MRQ,1998-09-30,1998-09-30,1998-09-30,2021-09-08,0.0,4825000000.0,,2647000000.0,2178000000.0,,6.341,-46000000.0,536000000.0,536000000.0,1094000000.0,25000000.0,1.429,2.808,108000000.0,75000000.0,33000000.0,108000000.0,0.0,90000000.0,401000000.0,0.0,0.0,43000000.0,133000000.0,0.086,133000000.0,43000000.0,42000000.0,0.125,0.125,0.125,1267000000.0,,1267000000.0,2246244785.0,12.0,3.92,-91000000.0,-0.455,1.0,461000000.0,0.296,0.0,1000000.0,2545000000.0,,458000000.0,0.0,0.0,0.0,3558000000.0,1852000000.0,1706000000.0,2914244785.0,-150000000.0,0.0,-122000000.0,6000000.0,0.0,-111000000.0,1000000.0,84000000.0,-45000000.0,5000000.0,25000000.0,25000000.0,25000000.0,0.0,0.0,0.016,428000000.0,33000000.0,293000000.0,0.0,2.3,26.736,26.869,1089000000.0,0.0,14.375,0.453,0.447,1485000000.0,1365000000.0,1555000000.0,1555000000.0,87000000.0,,,,,0.0,341000000.0,1.0,202730072.0,199800000.0,201400000.0,7.783,4825000000.0,0.0,17000000.0,0.0,24.149,795000000.0
92,NCR,MRQ,1998-06-30,1998-06-30,1998-06-30,2021-09-08,0.0,5022000000.0,,2900000000.0,2122000000.0,,6.52,135000000.0,770000000.0,770000000.0,1102000000.0,48000000.0,1.53,2.753,102000000.0,69000000.0,33000000.0,102000000.0,0.0,87000000.0,445000000.0,0.0,0.0,96000000.0,183000000.0,0.116,183000000.0,96000000.0,92000000.0,0.235,0.23,0.235,1338000000.0,,1338000000.0,2366947545.0,16.0,4.474,25000000.0,0.122,1.0,472000000.0,0.3,0.0,4000000.0,2459000000.0,,451000000.0,0.0,0.0,0.0,3684000000.0,1895000000.0,1789000000.0,3366947545.0,-194000000.0,0.0,-78000000.0,-4000000.0,0.0,-60000000.0,-15000000.0,-129000000.0,-110000000.0,-9000000.0,48000000.0,48000000.0,48000000.0,0.0,0.0,0.03,449000000.0,23000000.0,304000000.0,0.0,2.516,44.893,44.521,1101000000.0,0.0,16.25,0.523,0.518,1472000000.0,1458000000.0,1574000000.0,1574000000.0,91000000.0,,,,,0.0,358000000.0,1.0,207196772.0,205200000.0,208200000.0,7.671,5022000000.0,0.0,44000000.0,0.0,24.474,1005000000.0
93,NCR,MRQ,1998-03-31,1998-03-31,1998-03-31,2021-09-08,0.0,5239000000.0,,3218000000.0,2021000000.0,,6.594,-65000000.0,1106000000.0,1106000000.0,955000000.0,0.0,1.702,2.849,106000000.0,71000000.0,35000000.0,106000000.0,0.0,97000000.0,463000000.0,0.0,0.0,3000000.0,100000000.0,0.076,100000000.0,3000000.0,0.0,0.0,0.0,0.0,1361000000.0,,1361000000.0,2379988704.0,41.0,5.336,-36000000.0,-0.174,1.0,354000000.0,0.27,0.0,3000000.0,2348000000.0,,545000000.0,0.0,0.0,0.0,3878000000.0,1891000000.0,1987000000.0,3414988704.0,-99000000.0,0.0,0.0,12000000.0,0.0,29000000.0,-153000000.0,-76000000.0,29000000.0,-4000000.0,0.0,0.0,0.0,0.0,0.0,0.0,388000000.0,-34000000.0,336000000.0,,2.509,148.478,150.273,1089000000.0,0.0,16.53,0.525,0.524,1355000000.0,7000000.0,1309000000.0,1309000000.0,81000000.0,,,,,0.0,307000000.0,1.0,206593388.0,206400000.0,206400000.0,6.342,5239000000.0,0.0,0.0,0.0,25.383,1327000000.0
94,NCR,MRQ,1997-12-31,1997-12-31,1997-12-31,2021-09-08,-93000000.0,5376000000.0,,3285000000.0,2091000000.0,,6.632,-34000000.0,1129000000.0,1129000000.0,1425000000.0,36000000.0,1.661,2.973,94000000.0,59000000.0,35000000.0,94000000.0,348000000.0,105000000.0,0.0,0.0,0.0,52000000.0,157000000.0,0.079,157000000.0,52000000.0,47000000.0,0.175,0.175,0.175,1353000000.0,,1353000000.0,1936807958.0,46.0,4.557,229000000.0,1.123,1.0,567000000.0,0.285,0.0,5000000.0,2363000000.0,,489000000.0,0.0,0.0,0.0,4023000000.0,1978000000.0,2045000000.0,2858807958.0,113000000.0,0.0,0.0,-11000000.0,0.0,4000000.0,-143000000.0,11000000.0,263000000.0,-11000000.0,36000000.0,36000000.0,36000000.0,0.0,0.0,0.018,533000000.0,34000000.0,378000000.0,0.0,2.113,408.401,397.286,1106000000.0,0.0,13.905,0.434,0.431,1471000000.0,7000000.0,1992000000.0,1992000000.0,103000000.0,,,,,0.0,430000000.0,1.0,205595682.0,204000000.0,204000000.0,9.765,5376000000.0,0.0,11000000.0,0.0,26.353,1307000000.0
95,NCR,MRQ,1997-09-30,1997-09-30,1997-09-30,2021-09-08,0.0,5125000000.0,,3166000000.0,1959000000.0,,6.624,-66000000.0,1027000000.0,1027000000.0,1114000000.0,-9000000.0,1.708,2.774,105000000.0,69000000.0,36000000.0,105000000.0,330000000.0,92000000.0,0.0,0.0,0.0,-3000000.0,89000000.0,0.057,89000000.0,-3000000.0,-7000000.0,-0.045,-0.045,-0.045,1358000000.0,,1358000000.0,2506452867.0,18.0,4.783,-116000000.0,-0.566,1.0,449000000.0,0.287,0.0,4000000.0,2349000000.0,,540000000.0,0.0,0.0,0.0,3767000000.0,1854000000.0,1913000000.0,3570452867.0,-66000000.0,0.0,0.0,13000000.0,0.0,24000000.0,-9000000.0,63000000.0,-50000000.0,-31000000.0,-9000000.0,-9000000.0,-9000000.0,0.0,0.0,-0.006,465000000.0,-16000000.0,300000000.0,0.0,2.629,-162.293,-158.545,1118000000.0,0.0,17.44,0.538,0.539,1363000000.0,-29000000.0,1563000000.0,1563000000.0,97000000.0,,,,,0.0,368000000.0,1.0,204727802.0,205000000.0,205000000.0,7.624,5125000000.0,0.0,2000000.0,0.0,25.0,1312000000.0
96,NCR,MRQ,1997-06-30,1997-06-30,1997-06-30,2021-09-08,0.0,5285000000.0,,3363000000.0,1922000000.0,,7.003,-101000000.0,1156000000.0,1156000000.0,1187000000.0,-4000000.0,1.734,2.696,92000000.0,56000000.0,36000000.0,92000000.0,417000000.0,94000000.0,0.0,0.0,0.0,6000000.0,100000000.0,0.061,100000000.0,6000000.0,2000000.0,-0.02,-0.02,-0.02,1430000000.0,,1430000000.0,1974416261.0,11.0,3.416,-25000000.0,-0.122,1.0,458000000.0,0.278,0.0,4000000.0,2281000000.0,,517000000.0,0.0,0.0,0.0,3855000000.0,1940000000.0,1915000000.0,3019416261.0,-17000000.0,0.0,0.0,4000000.0,0.0,22000000.0,-132000000.0,-40000000.0,76000000.0,17000000.0,-4000000.0,-4000000.0,-4000000.0,0.0,0.0,-0.002,477000000.0,-19000000.0,303000000.0,0.0,2.111,-65.639,-65.844,1146000000.0,0.0,14.815,0.449,0.449,1446000000.0,-20000000.0,1645000000.0,1645000000.0,96000000.0,,,,,0.0,381000000.0,1.0,203808050.0,204200000.0,204200000.0,8.056,5285000000.0,0.0,6000000.0,0.0,25.881,1423000000.0
97,NCR,MRQ,1997-03-31,1997-03-31,1997-03-31,2021-09-08,0.0,5167000000.0,,3261000000.0,1906000000.0,,6.507,-48000000.0,1133000000.0,1133000000.0,989000000.0,-16000000.0,1.679,2.911,88000000.0,44000000.0,44000000.0,88000000.0,0.0,92000000.0,434000000.0,0.0,0.0,-13000000.0,79000000.0,0.057,79000000.0,-13000000.0,-15000000.0,-0.08,-0.08,-0.08,1321000000.0,,1321000000.0,2479941166.0,13.0,4.147,-50000000.0,-0.246,1.0,400000000.0,0.288,0.0,2000000.0,2180000000.0,,535000000.0,0.0,0.0,0.0,3846000000.0,1942000000.0,1904000000.0,3566941166.0,-307000000.0,0.0,0.0,12000000.0,0.0,12000000.0,-279000000.0,-237000000.0,-2000000.0,-38000000.0,-16000000.0,-16000000.0,-16000000.0,0.0,0.0,-0.012,418000000.0,-18000000.0,314000000.0,0.0,2.7,-59.449,-59.542,1143000000.0,0.0,17.565,0.527,0.527,1336000000.0,-16000000.0,1389000000.0,1389000000.0,87000000.0,,,,,0.0,331000000.0,1.0,203070946.0,203000000.0,203000000.0,6.842,5167000000.0,121000000.0,1000000.0,0.0,25.453,1319000000.0
98,NCR,MRQ,1996-12-31,1996-12-31,1996-12-31,2021-09-08,0.0,5280000000.0,,3318000000.0,1962000000.0,,6.884,-15000000.0,1203000000.0,1203000000.0,1353000000.0,7000000.0,1.687,2.782,76000000.0,28000000.0,48000000.0,76000000.0,348000000.0,110000000.0,0.0,0.0,0.0,146000000.0,256000000.0,0.125,256000000.0,146000000.0,130000000.0,0.035,,0.035,1396000000.0,,1396000000.0,,,,49000000.0,0.242,1.0,687000000.0,0.337,0.0,16000000.0,2186000000.0,,439000000.0,0.0,0.0,0.0,3884000000.0,1967000000.0,1917000000.0,3413622602.0,468000000.0,0.0,0.0,-56000000.0,0.0,500000000.0,-78000000.0,33000000.0,64000000.0,-18000000.0,7000000.0,7000000.0,7000000.0,0.0,0.0,0.003,560000000.0,127000000.0,352000000.0,0.0,2.445,-31.318,-31.421,1207000000.0,0.0,16.81,0.49,0.49,1457000000.0,,2040000000.0,2040000000.0,117000000.0,,,,,0.0,498000000.0,1.0,203070946.0,202800000.0,,10.059,5280000000.0,0.0,123000000.0,0.0,26.036,1351000000.0
99,NCR,MRQ,1996-09-30,1996-09-30,1996-09-30,2021-09-08,,,,,,,,-79000000.0,,,1176000000.0,-33000000.0,,,,,,,,100000000.0,,,0.0,43000000.0,143000000.0,0.086,143000000.0,43000000.0,29000000.0,-0.16,,-0.16,,,,,,,-124000000.0,-0.611,1.0,482000000.0,0.291,,14000000.0,,,,,,,,,,,-89000000.0,0.0,0.0,-6000000.0,0.0,37000000.0,-87000000.0,-32000000.0,-45000000.0,6000000.0,-33000000.0,-33000000.0,-33000000.0,0.0,0.0,-0.02,453000000.0,29000000.0,,0.0,,,,,0.0,,,,,,1658000000.0,1658000000.0,89000000.0,,,,,0.0,364000000.0,1.0,,202800000.0,,8.176,,,62000000.0,,,
100,NCR,MRQ,1996-06-30,1996-06-30,1996-06-30,2021-09-08,,,,,,,,-206000000.0,,,1215000000.0,-18000000.0,,,,,,,,103000000.0,,,0.0,17000000.0,120000000.0,0.071,120000000.0,17000000.0,4000000.0,-0.09,,-0.09,,,,,,,-155000000.0,-0.764,1.0,464000000.0,0.276,,13000000.0,,,,,,,,,,,179000000.0,0.0,0.0,11000000.0,0.0,297000000.0,-178000000.0,-9000000.0,51000000.0,9000000.0,-18000000.0,-18000000.0,-18000000.0,0.0,0.0,-0.011,453000000.0,11000000.0,,0.0,,,,,0.0,,,,,,1679000000.0,1679000000.0,97000000.0,,,,,0.0,356000000.0,1.0,,202800000.0,,8.279,,,22000000.0,,,
101,NCR,MRQ,1996-03-31,1996-03-31,1996-03-31,2021-09-08,,,,,,,,-25000000.0,,,1181000000.0,-65000000.0,,,,,,,,72000000.0,,,0.0,-40000000.0,32000000.0,0.02,32000000.0,-40000000.0,-53000000.0,-0.32,,-0.32,,,,,,,273000000.0,1.346,1.0,405000000.0,0.255,,13000000.0,,,,,,,,,,,291000000.0,0.0,0.0,-248000000.0,0.0,61000000.0,-52000000.0,-8000000.0,298000000.0,-16000000.0,-65000000.0,-65000000.0,-65000000.0,0.0,0.0,-0.041,442000000.0,-37000000.0,,0.0,,,,,0.0,,,,,,1586000000.0,1586000000.0,87000000.0,,,,,0.0,355000000.0,1.0,,202800000.0,,7.821,,,12000000.0,,,
102,NCR,MRQ,1995-12-31,1995-12-31,1995-12-31,2021-09-08,0.0,5256000000.0,,3318000000.0,1938000000.0,,1.765,,314000000.0,314000000.0,,,1.136,13.682,375000000.0,45000000.0,330000000.0,375000000.0,0.0,,381000000.0,,0.0,,,,,,,,,,358000000.0,,358000000.0,,,,,,1.0,,,0.0,,2396000000.0,,621000000.0,24000000.0,24000000.0,0.0,4898000000.0,2921000000.0,1977000000.0,,,,,,,,,,,,,,,,,,,,478000000.0,,,,,1215000000.0,,,,,1908000000.0,,,,,,,,,,,1.0,,202800000.0,,,5256000000.0,320000000.0,,118000000.0,25.917,397000000.0
0,NCR,MRT,2021-06-30,2021-06-30,2021-06-30,2021-09-08,-271000000.0,12063000000.0,9751750000.0,3106000000.0,8957000000.0,0.66,8.809,-263000000.0,690000000.0,690000000.0,4816000000.0,-144000000.0,1.047,9.213,6391000000.0,303000000.0,6088000000.0,6391000000.0,572000000.0,400000000.0,0.0,0.0,0.0,100000000.0,500000000.0,0.078,500000000.0,100000000.0,-117000000.0,-1.34,-1.34,-1.34,1154000000.0,1123250000.0,1154000000.0,9429349000.0,94.0,18.859,405000000.0,3.092,1.0,1625000000.0,0.252,5940000000.0,217000000.0,8857000000.0,7217000000.0,695000000.0,0.0,0.0,0.0,10632000000.0,2967000000.0,7665000000.0,5970349000.0,-1042000000.0,-2464000000.0,26000000.0,1216000000.0,0.0,1070000000.0,-2732000000.0,3000000.0,668000000.0,5000000.0,-145000000.0,-171000000.0,-171000000.0,72000000.0,1000000.0,-0.027,1376000000.0,249000000.0,746000000.0,0.0,5.174,-34.914,-34.037,1115000000.0,26000000.0,45.61,0.927,0.928,1271000000.0,963000000.0,6441000000.0,6441000000.0,255000000.0,-0.018,-0.152,0.014,0.016,144000000.0,1103000000.0,1.0,130900000.0,131000000.0,131000000.0,49.168,6123000000.0,930000000.0,28000000.0,98000000.0,46.74,139000000.0
1,NCR,MRT,2021-03-31,2021-03-31,2021-03-31,2021-09-08,-279000000.0,8702000000.0,9223250000.0,2612000000.0,6090000000.0,0.677,8.431,-245000000.0,319000000.0,319000000.0,4707000000.0,-71000000.0,1.178,6.687,3778000000.0,52000000.0,3726000000.0,3778000000.0,594000000.0,369000000.0,0.0,0.0,0.0,104000000.0,473000000.0,0.076,473000000.0,104000000.0,-109000000.0,-0.79,-0.8,-0.79,1096000000.0,1114750000.0,1096000000.0,8202295000.0,79.0,17.341,497000000.0,3.823,1.0,1541000000.0,0.247,3489000000.0,213000000.0,6454000000.0,6906000000.0,634000000.0,0.0,0.0,0.0,7329000000.0,2218000000.0,5111000000.0,4937295000.0,-882000000.0,-156000000.0,22000000.0,-1027000000.0,0.0,-1181000000.0,-397000000.0,7000000.0,742000000.0,1000000.0,-72000000.0,-101000000.0,-101000000.0,72000000.0,1000000.0,-0.016,1287000000.0,254000000.0,707000000.0,0.0,4.505,-48.884,-48.038,760000000.0,29000000.0,37.95,0.79,0.79,1212000000.0,976000000.0,6248000000.0,6248000000.0,235000000.0,-0.011,-0.091,0.015,0.017,127000000.0,1034000000.0,1.0,130100000.0,130000000.0,134700000.0,48.062,5213000000.0,946000000.0,-37000000.0,101000000.0,40.1,394000000.0
2,NCR,MRT,2020-12-31,2020-12-31,2020-12-31,2021-09-08,-271000000.0,8414000000.0,9436500000.0,2478000000.0,5936000000.0,0.658,8.162,-256000000.0,397000000.0,397000000.0,4683000000.0,-78000000.0,1.187,6.765,3603000000.0,8000000.0,3595000000.0,3603000000.0,507000000.0,364000000.0,0.0,0.0,0.0,86000000.0,450000000.0,0.072,450000000.0,86000000.0,-132000000.0,-0.86,-0.86,-0.86,1048000000.0,1096750000.0,1048000000.0,8061773000.0,94.0,17.915,385000000.0,2.998,1.0,1524000000.0,0.246,3369000000.0,218000000.0,6163000000.0,7108750000.0,601000000.0,0.0,0.0,0.0,7090000000.0,2088000000.0,5002000000.0,4842773000.0,-157000000.0,-25000000.0,-24000000.0,-320000000.0,0.0,-514000000.0,-277000000.0,7000000.0,641000000.0,-7000000.0,-79000000.0,-110000000.0,-110000000.0,72000000.0,1000000.0,-0.018,1303000000.0,221000000.0,632000000.0,0.0,4.621,-44.025,-43.686,717000000.0,31000000.0,37.57,0.78,0.777,1117000000.0,950000000.0,6207000000.0,6207000000.0,234000000.0,-0.012,-0.1,0.012,0.014,108000000.0,1051000000.0,1.0,128900000.0,128400000.0,128400000.0,48.341,5045000000.0,965000000.0,-53000000.0,102000000.0,39.291,390000000.0
3,NCR,MRT,2020-09-30,2020-09-30,2020-09-30,2021-09-08,-297000000.0,9828000000.0,9579750000.0,3997000000.0,5831000000.0,0.675,9.3,-302000000.0,1605000000.0,1605000000.0,4734000000.0,469000000.0,1.755,6.879,4824000000.0,222000000.0,4602000000.0,4824000000.0,512000000.0,353000000.0,0.0,0.0,0.0,354000000.0,707000000.0,0.109,707000000.0,354000000.0,133000000.0,3.57,3.22,3.57,1195000000.0,1110750000.0,1195000000.0,6185776000.0,17.0,8.749,601000000.0,4.677,1.0,1728000000.0,0.267,3375000000.0,221000000.0,7394000000.0,7175250000.0,748000000.0,0.0,0.0,0.0,8221000000.0,2278000000.0,5943000000.0,2842776000.0,1195000000.0,-142000000.0,-25000000.0,818000000.0,0.0,737000000.0,-437000000.0,6000000.0,903000000.0,-15000000.0,467000000.0,442000000.0,442000000.0,35000000.0,2000000.0,0.068,1262000000.0,466000000.0,676000000.0,0.0,2.379,6.432,6.202,731000000.0,25000000.0,22.14,0.44,0.44,1248000000.0,1159000000.0,6462000000.0,6462000000.0,243000000.0,0.046,0.398,0.049,0.055,107000000.0,1019000000.0,1.0,128400000.0,128500000.0,129700000.0,50.288,6453000000.0,871000000.0,-334000000.0,94000000.0,50.218,1719000000.0
4,NCR,MRT,2020-06-30,2020-06-30,2020-06-30,2021-09-08,-315000000.0,9949000000.0,9235500000.0,4136000000.0,5813000000.0,0.721,8.75,-324000000.0,1681000000.0,1681000000.0,4848000000.0,526000000.0,1.803,7.521,5024000000.0,217000000.0,4807000000.0,5024000000.0,563000000.0,349000000.0,0.0,0.0,0.0,410000000.0,759000000.0,0.114,759000000.0,410000000.0,196000000.0,3.47,3.12,3.47,1120000000.0,993500000.0,1120000000.0,5730496000.0,14.0,7.55,522000000.0,4.078,1.0,1808000000.0,0.272,3385000000.0,214000000.0,7613000000.0,6932250000.0,782000000.0,0.0,0.0,0.0,8424000000.0,2294000000.0,6130000000.0,2213496000.0,1338000000.0,-216000000.0,-122000000.0,1550000000.0,0.0,1054000000.0,-532000000.0,5000000.0,846000000.0,-23000000.0,526000000.0,428000000.0,428000000.0,50000000.0,0.0,0.064,1288000000.0,520000000.0,680000000.0,0.0,1.976,5.172,4.991,741000000.0,98000000.0,17.32,0.333,0.333,1249000000.0,1134000000.0,6656000000.0,6656000000.0,252000000.0,0.046,0.431,0.059,0.062,104000000.0,1036000000.0,1.0,127800000.0,128000000.0,128900000.0,52.0,6564000000.0,849000000.0,-330000000.0,91000000.0,51.281,1842000000.0
5,NCR,MRT,2020-03-31,2020-03-31,2020-03-31,2021-09-08,-329000000.0,9555000000.0,8803750000.0,3777000000.0,5778000000.0,0.782,8.0,-325000000.0,1214000000.0,1214000000.0,4975000000.0,550000000.0,1.57,7.942,4731000000.0,304000000.0,4427000000.0,4731000000.0,616000000.0,339000000.0,0.0,0.0,0.0,471000000.0,810000000.0,0.118,810000000.0,471000000.0,269000000.0,3.65,3.26,3.65,1024000000.0,849000000.0,1024000000.0,5696989982.0,12.0,7.033,379000000.0,2.961,1.0,1907000000.0,0.277,3401000000.0,202000000.0,7265000000.0,6486250000.0,747000000.0,0.0,0.0,0.0,8133000000.0,2406000000.0,5727000000.0,2277989982.0,777000000.0,-223000000.0,-122000000.0,1148000000.0,0.0,651000000.0,-542000000.0,0.0,704000000.0,-21000000.0,550000000.0,447000000.0,447000000.0,50000000.0,0.0,0.065,1319000000.0,588000000.0,790000000.0,0.0,2.225,5.096,4.849,761000000.0,103000000.0,17.7,0.331,0.329,1353000000.0,1077000000.0,6882000000.0,6882000000.0,265000000.0,0.051,0.527,0.073,0.068,109000000.0,1054000000.0,1.0,128699999.0,128000000.0,130500000.0,53.766,6154000000.0,808000000.0,-281000000.0,89000000.0,48.078,1371000000.0
6,NCR,MRT,2019-12-31,2019-12-31,2019-12-31,2021-09-08,-269000000.0,8987000000.0,8464500000.0,3144000000.0,5843000000.0,0.817,9.042,-318000000.0,509000000.0,509000000.0,4994000000.0,564000000.0,1.239,6.78,3928000000.0,282000000.0,3646000000.0,3928000000.0,502000000.0,333000000.0,0.0,0.0,0.0,488000000.0,821000000.0,0.119,821000000.0,488000000.0,291000000.0,3.72,3.36,3.72,1104000000.0,705250000.0,1104000000.0,8106416000.0,17.0,9.874,316000000.0,2.588,1.0,1921000000.0,0.278,3439000000.0,197000000.0,6429000000.0,6105500000.0,784000000.0,0.0,0.0,0.0,7485000000.0,2538000000.0,4947000000.0,4486416000.0,31000000.0,-203000000.0,-80000000.0,372000000.0,0.0,-61000000.0,-512000000.0,0.0,634000000.0,-6000000.0,564000000.0,454000000.0,454000000.0,50000000.0,0.0,0.066,1310000000.0,611000000.0,840000000.0,0.0,4.064,9.882,9.452,804000000.0,110000000.0,35.16,0.649,0.621,1490000000.0,1060000000.0,6915000000.0,6915000000.0,259000000.0,0.054,0.644,0.08,0.071,107000000.0,1051000000.0,1.0,127600000.0,122100000.0,145200000.0,56.634,5548000000.0,821000000.0,-273000000.0,92000000.0,45.438,606000000.0
7,NCR,MRT,2019-09-30,2019-09-30,2019-09-30,2021-09-08,-261000000.0,8451000000.0,8158000000.0,3156000000.0,5295000000.0,0.837,5.98,-288000000.0,388000000.0,388000000.0,4999000000.0,168000000.0,1.345,10.083,4008000000.0,208000000.0,3800000000.0,4008000000.0,513000000.0,330000000.0,0.0,0.0,0.0,475000000.0,805000000.0,0.118,805000000.0,475000000.0,289000000.0,0.41,0.36,0.41,726000000.0,528000000.0,726000000.0,6969824000.0,15.0,8.658,347000000.0,2.858,1.0,1831000000.0,0.268,3303000000.0,186000000.0,6422000000.0,5721500000.0,865000000.0,0.0,0.0,0.0,7320000000.0,2346000000.0,4974000000.0,3799824000.0,120000000.0,-246000000.0,-80000000.0,484000000.0,0.0,74000000.0,-529000000.0,0.0,635000000.0,-20000000.0,168000000.0,51000000.0,51000000.0,29000000.0,0.0,0.007,1339000000.0,492000000.0,800000000.0,0.0,5.234,74.506,76.976,779000000.0,117000000.0,31.56,0.556,0.561,1487000000.0,717000000.0,6830000000.0,6830000000.0,247000000.0,0.006,0.097,0.083,0.07,93000000.0,1048000000.0,1.0,120400000.0,121400000.0,123400000.0,56.26,5148000000.0,488000000.0,121000000.0,95000000.0,42.405,810000000.0
8,NCR,MRT,2019-06-30,2019-06-30,2019-06-30,2021-09-08,-241000000.0,8222000000.0,7921500000.0,3035000000.0,5187000000.0,0.833,4.509,-281000000.0,335000000.0,335000000.0,4863000000.0,165000000.0,1.318,12.504,3505000000.0,198000000.0,3307000000.0,3505000000.0,546000000.0,319000000.0,0.0,0.0,0.0,440000000.0,759000000.0,0.115,759000000.0,440000000.0,264000000.0,0.93,0.83,0.93,542000000.0,457500000.0,542000000.0,6938110000.0,16.0,9.141,267000000.0,2.221,1.0,1734000000.0,0.263,3260000000.0,176000000.0,5829000000.0,5417000000.0,868000000.0,0.0,0.0,0.0,6777000000.0,2303000000.0,4474000000.0,3735110000.0,51000000.0,-172000000.0,19000000.0,-2000000.0,0.0,4000000.0,-449000000.0,0.0,548000000.0,-16000000.0,162000000.0,112000000.0,112000000.0,15000000.0,3000000.0,0.017,1289000000.0,445000000.0,769000000.0,0.0,6.891,33.349,33.441,786000000.0,50000000.0,31.1,0.566,0.567,1430000000.0,706000000.0,6597000000.0,6597000000.0,242000000.0,0.014,0.245,0.081,0.067,80000000.0,1003000000.0,1.0,120100000.0,120200000.0,152700000.0,54.884,4962000000.0,468000000.0,102000000.0,94000000.0,41.281,732000000.0
9,NCR,MRT,2019-03-31,2019-03-31,2019-03-31,2021-09-08,-230000000.0,8198000000.0,7707000000.0,3016000000.0,5182000000.0,0.834,3.764,-304000000.0,414000000.0,414000000.0,4758000000.0,-69000000.0,1.267,15.274,3617000000.0,297000000.0,3320000000.0,3617000000.0,566000000.0,325000000.0,0.0,0.0,0.0,176000000.0,501000000.0,0.078,501000000.0,176000000.0,4000000.0,-1.03,-1.08,-1.03,449000000.0,414750000.0,449000000.0,5945781000.0,34.0,11.868,276000000.0,2.313,1.0,1666000000.0,0.259,3278000000.0,172000000.0,5742000000.0,5246500000.0,874000000.0,0.0,0.0,0.0,6858000000.0,2381000000.0,4477000000.0,3244781000.0,141000000.0,-166000000.0,-26000000.0,133000000.0,0.0,96000000.0,-468000000.0,0.0,580000000.0,-29000000.0,-71000000.0,-121000000.0,-121000000.0,17000000.0,2000000.0,-0.019,1484000000.0,182000000.0,788000000.0,0.0,7.227,-26.816,-26.495,806000000.0,50000000.0,27.29,0.505,0.507,1335000000.0,630000000.0,6424000000.0,6424000000.0,245000000.0,-0.016,-0.292,0.034,0.027,81000000.0,1012000000.0,1.0,118900000.0,119300000.0,122200000.0,53.847,4920000000.0,453000000.0,75000000.0,93000000.0,41.241,635000000.0
10,NCR,MRT,2018-12-31,2018-12-31,2018-12-31,2021-09-08,-246000000.0,7761000000.0,7567750000.0,3023000000.0,4738000000.0,0.846,3.336,-310000000.0,464000000.0,464000000.0,4730000000.0,-86000000.0,1.325,16.428,3165000000.0,185000000.0,2980000000.0,3165000000.0,461000000.0,330000000.0,0.0,0.0,0.0,153000000.0,483000000.0,0.075,483000000.0,153000000.0,-15000000.0,-1.16,-1.16,-1.16,395000000.0,452250000.0,395000000.0,5521056000.0,36.0,11.431,262000000.0,2.213,1.0,1675000000.0,0.262,3287000000.0,168000000.0,4893000000.0,5115750000.0,806000000.0,0.0,0.0,0.0,6489000000.0,2282000000.0,4207000000.0,2728056000.0,-11000000.0,-160000000.0,-190000000.0,168000000.0,0.0,-48000000.0,-474000000.0,0.0,572000000.0,-25000000.0,-88000000.0,-137000000.0,-137000000.0,52000000.0,2000000.0,-0.021,1484000000.0,191000000.0,897000000.0,0.0,6.906,-19.913,-19.897,359000000.0,49000000.0,23.08,0.426,0.427,1356000000.0,606000000.0,6405000000.0,6405000000.0,252000000.0,-0.018,-0.303,0.03,0.024,72000000.0,1005000000.0,1.0,118200000.0,118400000.0,118400000.0,54.096,4474000000.0,448000000.0,73000000.0,91000000.0,37.787,741000000.0
11,NCR,MRT,2018-09-30,2018-09-30,2018-09-30,2021-09-08,-242000000.0,7505000000.0,7541000000.0,2855000000.0,4650000000.0,0.847,3.763,-319000000.0,334000000.0,334000000.0,4643000000.0,-82000000.0,1.425,13.957,3127000000.0,246000000.0,2881000000.0,3127000000.0,427000000.0,340000000.0,0.0,0.0,0.0,224000000.0,564000000.0,0.088,564000000.0,224000000.0,58000000.0,-1.11,-1.15,-1.11,444000000.0,533250000.0,444000000.0,6118539000.0,27.0,10.848,326000000.0,2.763,1.0,1743000000.0,0.273,3090000000.0,166000000.0,5204000000.0,5117500000.0,916000000.0,0.0,0.0,0.0,6197000000.0,2004000000.0,4193000000.0,3349539000.0,-70000000.0,-8000000.0,-190000000.0,-132000000.0,0.0,-361000000.0,-325000000.0,0.0,645000000.0,-12000000.0,-86000000.0,-133000000.0,-133000000.0,48000000.0,4000000.0,-0.021,1413000000.0,330000000.0,804000000.0,0.0,7.544,-25.185,-25.595,348000000.0,47000000.0,28.41,0.525,0.525,1309000000.0,666000000.0,6386000000.0,6386000000.0,253000000.0,-0.018,-0.249,0.044,0.035,72000000.0,977000000.0,1.0,117900000.0,118000000.0,149300000.0,54.119,4415000000.0,488000000.0,144000000.0,118000000.0,37.415,851000000.0
12,NCR,MRT,2018-06-30,2018-06-30,2018-06-30,2021-09-08,-224000000.0,7364000000.0,7627250000.0,2739000000.0,4625000000.0,0.852,3.147,-317000000.0,343000000.0,343000000.0,4694000000.0,-49000000.0,1.458,16.561,3112000000.0,160000000.0,2952000000.0,3112000000.0,469000000.0,353000000.0,0.0,0.0,0.0,303000000.0,656000000.0,0.101,656000000.0,303000000.0,138000000.0,-0.85,-0.94,-0.85,371000000.0,614750000.0,371000000.0,6270634000.0,21.0,9.559,396000000.0,3.359,1.0,1805000000.0,0.278,3107000000.0,165000000.0,5147000000.0,5146500000.0,842000000.0,0.0,0.0,0.0,6144000000.0,1879000000.0,4265000000.0,3546634000.0,-32000000.0,-8000000.0,-192000000.0,-175000000.0,0.0,-405000000.0,-322000000.0,0.0,713000000.0,-4000000.0,-52000000.0,-99000000.0,-99000000.0,47000000.0,3000000.0,-0.015,1401000000.0,404000000.0,711000000.0,0.0,9.56,-35.825,-35.271,326000000.0,47000000.0,29.98,0.546,0.544,1272000000.0,594000000.0,6499000000.0,6499000000.0,247000000.0,-0.013,-0.161,0.059,0.047,76000000.0,971000000.0,1.0,118300000.0,117900000.0,117900000.0,55.123,4257000000.0,472000000.0,190000000.0,127000000.0,36.107,860000000.0
13,NCR,MRT,2018-03-31,2018-03-31,2018-03-31,2021-09-08,-184000000.0,7641000000.0,7728000000.0,2791000000.0,4850000000.0,0.848,5.025,-307000000.0,348000000.0,348000000.0,4692000000.0,199000000.0,1.514,10.352,3072000000.0,34000000.0,3038000000.0,3072000000.0,538000000.0,355000000.0,0.0,0.0,0.0,595000000.0,950000000.0,0.145,950000000.0,595000000.0,430000000.0,1.22,1.06,1.22,599000000.0,682500000.0,599000000.0,6185968000.0,10.0,6.512,382000000.0,3.205,1.0,1863000000.0,0.284,3302000000.0,165000000.0,5219000000.0,5161000000.0,822000000.0,0.0,0.0,0.0,6201000000.0,1844000000.0,4357000000.0,3731968000.0,-51000000.0,-8000000.0,-148000000.0,-262000000.0,0.0,-433000000.0,-311000000.0,0.0,689000000.0,13000000.0,195000000.0,148000000.0,148000000.0,40000000.0,4000000.0,0.023,1178000000.0,685000000.0,697000000.0,0.0,6.23,25.216,25.836,338000000.0,47000000.0,31.52,0.569,0.573,1338000000.0,782000000.0,6555000000.0,6555000000.0,240000000.0,0.019,0.217,0.115,0.091,72000000.0,938000000.0,1.0,118400000.0,119200000.0,123800000.0,54.992,4339000000.0,474000000.0,235000000.0,131000000.0,36.401,947000000.0
14,NCR,MRT,2017-12-31,2017-12-31,2017-12-31,2021-09-08,-199000000.0,7654000000.0,7749000000.0,2830000000.0,4824000000.0,0.841,5.898,-288000000.0,537000000.0,537000000.0,4661000000.0,235000000.0,1.498,8.494,2991000000.0,52000000.0,2939000000.0,2991000000.0,458000000.0,354000000.0,0.0,0.0,0.0,637000000.0,991000000.0,0.152,991000000.0,637000000.0,474000000.0,1.01,0.97,1.01,719000000.0,665250000.0,719000000.0,6987982000.0,11.0,7.051,464000000.0,3.806,1.0,1855000000.0,0.285,3319000000.0,163000000.0,4900000000.0,5135250000.0,780000000.0,0.0,0.0,0.0,6107000000.0,1889000000.0,4218000000.0,4139982000.0,36000000.0,-8000000.0,-335000000.0,-65000000.0,0.0,-434000000.0,-290000000.0,0.0,752000000.0,16000000.0,232000000.0,123000000.0,123000000.0,5000000.0,3000000.0,0.019,1164000000.0,691000000.0,762000000.0,0.0,5.758,33.658,33.653,341000000.0,109000000.0,33.99,0.635,0.636,1270000000.0,857000000.0,6516000000.0,6516000000.0,241000000.0,0.016,0.185,0.124,0.098,77000000.0,923000000.0,1.0,121800000.0,121900000.0,127000000.0,53.454,4335000000.0,460000000.0,242000000.0,148000000.0,35.562,941000000.0
15,NCR,MRT,2017-09-30,2017-09-30,2017-09-30,2021-09-08,-188000000.0,7850000000.0,7753750000.0,2900000000.0,4950000000.0,0.843,6.337,-267000000.0,405000000.0,405000000.0,4676000000.0,339000000.0,1.417,8.134,3253000000.0,269000000.0,2984000000.0,3253000000.0,465000000.0,348000000.0,0.0,0.0,0.0,591000000.0,939000000.0,0.144,939000000.0,591000000.0,429000000.0,1.83,1.65,1.83,770000000.0,659250000.0,770000000.0,7463680000.0,13.0,7.949,530000000.0,4.362,1.0,1860000000.0,0.285,3332000000.0,162000000.0,5320000000.0,5125750000.0,824000000.0,0.0,0.0,0.0,6263000000.0,2046000000.0,4217000000.0,4558680000.0,88000000.0,0.0,-334000000.0,-42000000.0,0.0,-410000000.0,-268000000.0,0.0,797000000.0,-8000000.0,334000000.0,224000000.0,224000000.0,6000000.0,5000000.0,0.034,1150000000.0,710000000.0,720000000.0,0.0,5.92,20.351,20.503,321000000.0,110000000.0,37.52,0.697,0.697,1408000000.0,913000000.0,6536000000.0,6536000000.0,244000000.0,0.029,0.34,0.115,0.09,76000000.0,904000000.0,1.0,121500000.0,121500000.0,153100000.0,53.794,4518000000.0,595000000.0,95000000.0,138000000.0,37.185,854000000.0
16,NCR,MRT,2017-06-30,2017-06-30,2017-06-30,2021-09-08,-190000000.0,7767000000.0,7719000000.0,2816000000.0,4951000000.0,0.849,5.288,-256000000.0,377000000.0,377000000.0,4685000000.0,327000000.0,1.333,9.844,3282000000.0,267000000.0,3015000000.0,3282000000.0,521000000.0,341000000.0,0.0,0.0,0.0,577000000.0,918000000.0,0.14,918000000.0,577000000.0,416000000.0,1.7,1.56,1.7,642000000.0,634750000.0,642000000.0,7880892000.0,14.0,8.585,630000000.0,5.189,1.0,1865000000.0,0.285,3354000000.0,161000000.0,5205000000.0,5105500000.0,828000000.0,0.0,0.0,0.0,6320000000.0,2113000000.0,4207000000.0,4953892000.0,43000000.0,0.0,-333000000.0,-181000000.0,0.0,-550000000.0,-257000000.0,0.0,886000000.0,-12000000.0,321000000.0,210000000.0,210000000.0,8000000.0,6000000.0,0.032,1165000000.0,700000000.0,731000000.0,0.0,7.716,23.59,24.024,304000000.0,111000000.0,40.84,0.756,0.757,1321000000.0,806000000.0,6550000000.0,6550000000.0,247000000.0,0.027,0.331,0.113,0.088,73000000.0,909000000.0,1.0,121300000.0,121400000.0,152700000.0,53.954,4413000000.0,611000000.0,95000000.0,140000000.0,36.351,703000000.0
17,NCR,MRT,2017-03-31,2017-03-31,2017-03-31,2021-09-08,-187000000.0,7725000000.0,7715000000.0,2780000000.0,4945000000.0,0.852,4.316,-239000000.0,401000000.0,401000000.0,4727000000.0,299000000.0,1.288,12.075,3328000000.0,252000000.0,3076000000.0,3328000000.0,562000000.0,340000000.0,0.0,0.0,0.0,551000000.0,891000000.0,0.135,891000000.0,551000000.0,388000000.0,1.47,1.38,1.47,530000000.0,613000000.0,530000000.0,8171640000.0,15.0,9.171,673000000.0,5.48,1.0,1850000000.0,0.281,3377000000.0,163000000.0,5116000000.0,5151500000.0,800000000.0,0.0,0.0,0.0,6400000000.0,2159000000.0,4241000000.0,5618640000.0,66000000.0,47000000.0,-372000000.0,-195000000.0,0.0,-601000000.0,-194000000.0,0.0,912000000.0,-21000000.0,295000000.0,183000000.0,183000000.0,13000000.0,4000000.0,0.028,1162000000.0,688000000.0,765000000.0,0.0,10.601,30.703,31.075,288000000.0,112000000.0,45.68,0.854,0.853,1298000000.0,716000000.0,6577000000.0,6577000000.0,239000000.0,0.024,0.299,0.107,0.084,67000000.0,910000000.0,1.0,123000000.0,122800000.0,122800000.0,53.559,4348000000.0,619000000.0,93000000.0,145000000.0,35.407,621000000.0
18,NCR,MRT,2016-12-31,2016-12-31,2016-12-31,2021-09-08,-205000000.0,7673000000.0,7721750000.0,2757000000.0,4916000000.0,0.847,5.533,-227000000.0,498000000.0,498000000.0,4725000000.0,274000000.0,1.403,8.794,3051000000.0,50000000.0,3001000000.0,3051000000.0,468000000.0,344000000.0,0.0,0.0,0.0,532000000.0,876000000.0,0.134,876000000.0,532000000.0,362000000.0,1.76,1.71,1.76,695000000.0,613000000.0,695000000.0,8004496000.0,15.0,9.138,669000000.0,5.326,1.0,1818000000.0,0.278,3399000000.0,170000000.0,4862000000.0,5233250000.0,699000000.0,0.0,0.0,0.0,6112000000.0,1965000000.0,4147000000.0,5033496000.0,172000000.0,47000000.0,-235000000.0,-214000000.0,0.0,-467000000.0,-189000000.0,0.0,896000000.0,-29000000.0,270000000.0,221000000.0,221000000.0,13000000.0,4000000.0,0.034,1144000000.0,674000000.0,781000000.0,0.0,7.242,22.776,23.045,287000000.0,49000000.0,40.56,0.769,0.779,1282000000.0,867000000.0,6543000000.0,6543000000.0,225000000.0,0.029,0.361,0.102,0.081,61000000.0,904000000.0,1.0,124100000.0,125600000.0,129200000.0,52.094,4274000000.0,575000000.0,92000000.0,142000000.0,34.029,792000000.0
19,NCR,MRT,2016-09-30,2016-09-30,2016-09-30,2021-09-08,-172000000.0,7711000000.0,7712250000.0,2751000000.0,4960000000.0,0.833,5.424,-206000000.0,318000000.0,318000000.0,4642000000.0,241000000.0,1.374,9.213,3289000000.0,256000000.0,3033000000.0,3289000000.0,471000000.0,338000000.0,0.0,0.0,0.0,493000000.0,831000000.0,0.129,831000000.0,493000000.0,321000000.0,1.54,1.46,1.54,672000000.0,619250000.0,672000000.0,7110122000.0,14.0,8.556,428000000.0,3.454,1.0,1779000000.0,0.277,3441000000.0,172000000.0,5239000000.0,5329500000.0,776000000.0,0.0,0.0,0.0,6191000000.0,2002000000.0,4189000000.0,3985122000.0,15000000.0,47000000.0,-237000000.0,63000000.0,0.0,-400000000.0,-166000000.0,0.0,634000000.0,-7000000.0,241000000.0,200000000.0,200000000.0,22000000.0,0.0,0.031,1188000000.0,591000000.0,718000000.0,0.0,5.93,19.926,20.903,289000000.0,41000000.0,32.19,0.621,0.621,1387000000.0,822000000.0,6421000000.0,6421000000.0,214000000.0,0.026,0.323,0.093,0.077,55000000.0,932000000.0,1.0,123800000.0,123900000.0,155400000.0,51.824,4270000000.0,546000000.0,80000000.0,169000000.0,34.463,749000000.0
20,NCR,MRT,2016-06-30,2016-06-30,2016-06-30,2021-09-08,-176000000.0,7751000000.0,7756250000.0,2753000000.0,4998000000.0,0.82,4.483,-198000000.0,332000000.0,332000000.0,4598000000.0,233000000.0,1.365,11.459,3457000000.0,259000000.0,3198000000.0,3457000000.0,535000000.0,331000000.0,0.0,0.0,0.0,472000000.0,803000000.0,0.126,803000000.0,472000000.0,299000000.0,1.38,1.35,1.38,555000000.0,868500000.0,555000000.0,6626703000.0,14.0,8.252,381000000.0,3.078,1.0,1759000000.0,0.277,3470000000.0,173000000.0,5389000000.0,5374000000.0,765000000.0,0.0,0.0,0.0,6360000000.0,2017000000.0,4343000000.0,3440703000.0,-93000000.0,47000000.0,-240000000.0,8000000.0,0.0,-456000000.0,-155000000.0,0.0,579000000.0,-15000000.0,234000000.0,206000000.0,206000000.0,24000000.0,-1000000.0,0.032,1189000000.0,570000000.0,676000000.0,0.0,6.199,16.702,20.123,290000000.0,28000000.0,27.77,0.541,0.541,1362000000.0,730000000.0,6357000000.0,6357000000.0,211000000.0,0.027,0.237,0.088,0.074,51000000.0,931000000.0,1.0,123900000.0,123800000.0,154500000.0,51.349,4281000000.0,564000000.0,65000000.0,174000000.0,34.58,736000000.0
21,NCR,MRT,2016-03-31,2016-03-31,2016-03-31,2021-09-08,-158000000.0,7752000000.0,7835000000.0,2705000000.0,5047000000.0,0.809,4.064,-199000000.0,333000000.0,333000000.0,4882000000.0,-184000000.0,1.363,12.066,3519000000.0,250000000.0,3269000000.0,3519000000.0,509000000.0,321000000.0,0.0,0.0,0.0,55000000.0,376000000.0,0.059,376000000.0,55000000.0,-120000000.0,-1.16,-1.17,-1.16,530000000.0,1128250000.0,530000000.0,6907683000.0,126.0,18.371,426000000.0,3.267,1.0,1459000000.0,0.23,3511000000.0,175000000.0,5443000000.0,5422750000.0,725000000.0,0.0,0.0,0.0,6395000000.0,1984000000.0,4411000000.0,3983683000.0,-129000000.0,0.0,-201000000.0,-71000000.0,0.0,-496000000.0,-200000000.0,0.0,625000000.0,-7000000.0,-186000000.0,-201000000.0,-201000000.0,24000000.0,2000000.0,-0.032,1318000000.0,141000000.0,649000000.0,0.0,7.516,-19.819,-25.802,302000000.0,15000000.0,29.93,0.628,0.615,1306000000.0,687000000.0,6341000000.0,6341000000.0,228000000.0,-0.026,-0.178,0.01,0.009,46000000.0,1041000000.0,1.0,133100000.0,130400000.0,132700000.0,48.627,4241000000.0,577000000.0,66000000.0,169000000.0,32.523,721000000.0
22,NCR,MRT,2015-12-31,2015-12-31,2015-12-31,2021-09-08,-150000000.0,7635000000.0,8025250000.0,2549000000.0,5086000000.0,0.794,4.296,-210000000.0,328000000.0,328000000.0,4904000000.0,-174000000.0,1.431,8.465,3252000000.0,13000000.0,3239000000.0,3252000000.0,476000000.0,308000000.0,0.0,0.0,0.0,50000000.0,358000000.0,0.056,358000000.0,50000000.0,-123000000.0,-1.09,-1.09,-1.09,720000000.0,1469250000.0,720000000.0,7100754000.0,142.0,19.835,471000000.0,2.81,1.0,1469000000.0,0.231,3531000000.0,173000000.0,5247000000.0,5560750000.0,643000000.0,0.0,0.0,0.0,6095000000.0,1781000000.0,4314000000.0,4155754000.0,-183000000.0,0.0,15000000.0,-371000000.0,0.0,-583000000.0,-209000000.0,0.0,681000000.0,-29000000.0,-178000000.0,-182000000.0,-182000000.0,24000000.0,4000000.0,-0.029,1334000000.0,135000000.0,657000000.0,0.0,5.772,-22.834,-22.44,322000000.0,4000000.0,24.46,0.652,0.643,1251000000.0,869000000.0,6373000000.0,6373000000.0,230000000.0,-0.023,-0.124,0.009,0.008,42000000.0,1042000000.0,1.0,169900000.0,167600000.0,167600000.0,38.025,4104000000.0,582000000.0,55000000.0,167000000.0,24.487,768000000.0
23,NCR,MRT,2015-09-30,2015-09-30,2015-09-30,2021-09-08,-175000000.0,7887000000.0,8258000000.0,2898000000.0,4989000000.0,0.782,9.829,-224000000.0,303000000.0,303000000.0,5036000000.0,-167000000.0,1.579,3.715,3248000000.0,5000000.0,3243000000.0,3248000000.0,537000000.0,302000000.0,0.0,0.0,0.0,-8000000.0,294000000.0,0.046,294000000.0,-8000000.0,-185000000.0,-1.01,-1.03,-1.01,1669000000.0,1757000000.0,1669000000.0,6911950000.0,-864.0,23.51,481000000.0,2.833,1.0,1425000000.0,0.221,3580000000.0,177000000.0,5417000000.0,5728250000.0,718000000.0,0.0,0.0,0.0,6200000000.0,1835000000.0,4365000000.0,3862950000.0,-121000000.0,0.0,15000000.0,-495000000.0,0.0,-492000000.0,-226000000.0,0.0,705000000.0,-52000000.0,-173000000.0,-173000000.0,-173000000.0,-6000000.0,6000000.0,-0.027,1393000000.0,32000000.0,691000000.0,0.0,2.315,-22.329,-22.525,338000000.0,0.0,22.75,0.598,0.598,1424000000.0,1357000000.0,6461000000.0,6461000000.0,252000000.0,-0.021,-0.098,-0.001,-0.001,37000000.0,1076000000.0,1.0,169800000.0,169800000.0,172300000.0,38.051,4307000000.0,383000000.0,-12000000.0,176000000.0,25.365,1063000000.0
24,NCR,MRT,2015-06-30,2015-06-30,2015-06-30,2021-09-08,-137000000.0,8066000000.0,8438750000.0,3040000000.0,5026000000.0,0.77,9.399,-228000000.0,425000000.0,425000000.0,5123000000.0,-251000000.0,1.592,4.048,3474000000.0,59000000.0,3415000000.0,3474000000.0,567000000.0,294000000.0,0.0,0.0,0.0,-122000000.0,172000000.0,0.026,172000000.0,-122000000.0,-303000000.0,-1.5,-1.51,-1.5,1594000000.0,1819250000.0,1594000000.0,8254950000.0,-68.0,47.994,431000000.0,2.541,1.0,1372000000.0,0.211,3621000000.0,181000000.0,5584000000.0,5921000000.0,709000000.0,0.0,0.0,0.0,6452000000.0,1910000000.0,4542000000.0,5101950000.0,-58000000.0,-5000000.0,17000000.0,-448000000.0,0.0,-447000000.0,-238000000.0,0.0,659000000.0,-52000000.0,-256000000.0,-256000000.0,-256000000.0,-10000000.0,5000000.0,-0.039,1467000000.0,-95000000.0,695000000.0,0.0,3.201,-19.929,-20.067,348000000.0,0.0,30.1,0.786,0.786,1425000000.0,1259000000.0,6495000000.0,6495000000.0,258000000.0,-0.03,-0.141,-0.021,-0.019,32000000.0,1084000000.0,1.0,169500000.0,169600000.0,169600000.0,38.296,4445000000.0,375000000.0,-47000000.0,181000000.0,26.209,1130000000.0
25,NCR,MRT,2015-03-31,2015-03-31,2015-03-31,2021-09-08,-158000000.0,8513000000.0,8634500000.0,3102000000.0,5411000000.0,0.758,11.207,-242000000.0,462000000.0,462000000.0,4843000000.0,183000000.0,1.533,3.481,3615000000.0,172000000.0,3443000000.0,3615000000.0,588000000.0,291000000.0,0.0,0.0,0.0,310000000.0,601000000.0,0.092,601000000.0,310000000.0,128000000.0,1.07,1.05,1.07,1894000000.0,1906000000.0,1894000000.0,8126337000.0,26.0,13.521,330000000.0,1.953,1.0,1706000000.0,0.26,3647000000.0,182000000.0,5995000000.0,6157000000.0,676000000.0,0.0,0.0,0.0,6593000000.0,2024000000.0,4569000000.0,4978337000.0,-53000000.0,-5000000.0,14000000.0,-332000000.0,0.0,-337000000.0,-247000000.0,0.0,572000000.0,-52000000.0,178000000.0,178000000.0,178000000.0,-10000000.0,5000000.0,0.027,1366000000.0,340000000.0,642000000.0,0.0,2.628,27.968,27.579,351000000.0,0.0,29.51,0.76,0.762,1415000000.0,1603000000.0,6549000000.0,6549000000.0,255000000.0,0.021,0.093,0.05,0.047,30000000.0,992000000.0,1.0,168700000.0,169000000.0,171600000.0,38.751,4866000000.0,344000000.0,-50000000.0,175000000.0,28.793,1078000000.0
26,NCR,MRT,2014-12-31,2014-12-31,2014-12-31,2021-09-08,-136000000.0,8566000000.0,8713250000.0,3088000000.0,5478000000.0,0.756,11.144,-257000000.0,511000000.0,511000000.0,4859000000.0,195000000.0,1.492,3.564,3618000000.0,187000000.0,3431000000.0,3618000000.0,494000000.0,284000000.0,0.0,0.0,0.0,324000000.0,608000000.0,0.092,608000000.0,324000000.0,143000000.0,1.14,1.12,1.14,1871000000.0,1887500000.0,1871000000.0,8228176000.0,25.0,13.533,267000000.0,1.59,1.0,1732000000.0,0.263,3686000000.0,181000000.0,5917000000.0,6268500000.0,669000000.0,0.0,0.0,0.0,6668000000.0,2070000000.0,4598000000.0,4907176000.0,-17000000.0,-1647000000.0,13000000.0,304000000.0,0.0,284000000.0,-788000000.0,0.0,524000000.0,-36000000.0,191000000.0,191000000.0,191000000.0,-10000000.0,4000000.0,0.029,1379000000.0,353000000.0,712000000.0,0.0,2.623,25.692,25.561,396000000.0,0.0,29.14,0.745,0.742,1404000000.0,1563000000.0,6591000000.0,6591000000.0,263000000.0,0.022,0.101,0.052,0.049,31000000.0,1012000000.0,1.0,168400000.0,167900000.0,171200000.0,39.256,4880000000.0,349000000.0,-48000000.0,181000000.0,29.065,1018000000.0
27,NCR,MRT,2014-09-30,2014-09-30,2014-09-30,2021-09-08,-60000000.0,8610000000.0,8598750000.0,3212000000.0,5398000000.0,0.755,11.403,-268000000.0,424000000.0,424000000.0,4663000000.0,357000000.0,1.6,3.475,3745000000.0,85000000.0,3660000000.0,3745000000.0,529000000.0,270000000.0,0.0,0.0,0.0,592000000.0,862000000.0,0.133,862000000.0,592000000.0,424000000.0,2.15,2.1,2.15,1918000000.0,1862000000.0,1918000000.0,9056221000.0,15.0,10.506,232000000.0,1.379,1.0,1830000000.0,0.282,3735000000.0,168000000.0,6188000000.0,6267000000.0,777000000.0,0.0,0.0,0.0,6666000000.0,2008000000.0,4658000000.0,5616221000.0,-36000000.0,-1731000000.0,15000000.0,1496000000.0,0.0,1451000000.0,-1995000000.0,0.0,500000000.0,-19000000.0,356000000.0,356000000.0,356000000.0,8000000.0,1000000.0,0.055,1215000000.0,615000000.0,705000000.0,0.0,2.928,15.776,15.54,398000000.0,0.0,33.41,0.865,0.865,1454000000.0,1530000000.0,6493000000.0,6493000000.0,226000000.0,0.041,0.191,0.094,0.091,33000000.0,917000000.0,1.0,168100000.0,168200000.0,171300000.0,38.603,4875000000.0,245000000.0,68000000.0,189000000.0,28.983,1204000000.0
28,NCR,MRT,2014-06-30,2014-06-30,2014-06-30,2021-09-08,-14000000.0,8849000000.0,8165750000.0,3390000000.0,5459000000.0,0.778,11.56,-268000000.0,483000000.0,483000000.0,4513000000.0,442000000.0,1.716,3.545,3923000000.0,83000000.0,3840000000.0,3923000000.0,563000000.0,253000000.0,0.0,0.0,0.0,690000000.0,943000000.0,0.148,943000000.0,690000000.0,545000000.0,2.65,2.59,2.65,1941000000.0,1766750000.0,1941000000.0,9325611000.0,14.0,9.889,135000000.0,0.804,1.0,1841000000.0,0.29,3785000000.0,145000000.0,6528000000.0,5956500000.0,816000000.0,0.0,0.0,0.0,6880000000.0,1976000000.0,4904000000.0,5891611000.0,23000000.0,-1726000000.0,19000000.0,1727000000.0,0.0,1689000000.0,-1991000000.0,0.0,403000000.0,-12000000.0,439000000.0,439000000.0,439000000.0,8000000.0,3000000.0,0.069,1122000000.0,719000000.0,678000000.0,0.0,3.035,13.421,13.242,402000000.0,0.0,35.09,0.927,0.927,1464000000.0,1515000000.0,6354000000.0,6354000000.0,220000000.0,0.054,0.248,0.116,0.109,38000000.0,902000000.0,1.0,167900000.0,167900000.0,170900000.0,37.844,5064000000.0,247000000.0,106000000.0,178000000.0,30.161,1414000000.0
29,NCR,MRT,2014-03-31,2014-03-31,2014-03-31,2021-09-08,-33000000.0,8828000000.0,7630000000.0,3385000000.0,5443000000.0,0.817,10.892,-237000000.0,515000000.0,515000000.0,4444000000.0,438000000.0,1.686,3.835,3949000000.0,64000000.0,3885000000.0,3949000000.0,587000000.0,230000000.0,0.0,0.0,0.0,660000000.0,890000000.0,0.143,890000000.0,660000000.0,535000000.0,2.63,2.57,2.63,1820000000.0,1639000000.0,1820000000.0,7804885000.0,12.0,8.77,54000000.0,0.323,1.0,1787000000.0,0.287,3813000000.0,125000000.0,6441000000.0,5481250000.0,820000000.0,0.0,0.0,0.0,6980000000.0,2008000000.0,4972000000.0,6092885000.0,32000000.0,-1741000000.0,44000000.0,1825000000.0,0.0,1814000000.0,-1982000000.0,0.0,291000000.0,-22000000.0,435000000.0,435000000.0,435000000.0,8000000.0,3000000.0,0.07,1098000000.0,689000000.0,695000000.0,0.0,3.348,14.007,13.897,390000000.0,0.0,36.55,0.978,0.98,1442000000.0,1425000000.0,6231000000.0,6231000000.0,211000000.0,0.057,0.265,0.12,0.106,41000000.0,887000000.0,1.0,166700000.0,167100000.0,171000000.0,37.289,5015000000.0,252000000.0,100000000.0,182000000.0,30.012,1377000000.0
30,NCR,MRT,2013-12-31,2013-12-31,2013-12-31,2021-09-08,-38000000.0,8108000000.0,7086750000.0,4339000000.0,3769000000.0,0.864,10.695,-216000000.0,1642000000.0,1642000000.0,4383000000.0,447000000.0,2.307,3.568,3354000000.0,34000000.0,3320000000.0,3354000000.0,525000000.0,208000000.0,0.0,0.0,0.0,644000000.0,852000000.0,0.139,852000000.0,644000000.0,541000000.0,2.68,2.62,2.68,1769000000.0,1518000000.0,1769000000.0,7434584000.0,12.0,8.726,65000000.0,0.393,1.0,1740000000.0,0.284,2028000000.0,103000000.0,5911000000.0,4988750000.0,790000000.0,0.0,0.0,0.0,6311000000.0,1881000000.0,4430000000.0,5667584000.0,-541000000.0,-780000000.0,57000000.0,1357000000.0,0.0,1357000000.0,-2105000000.0,0.0,281000000.0,-22000000.0,443000000.0,443000000.0,443000000.0,9000000.0,4000000.0,0.072,1074000000.0,666000000.0,670000000.0,0.0,3.204,12.794,12.709,352000000.0,0.0,34.06,0.926,0.92,1339000000.0,1372000000.0,6123000000.0,6123000000.0,203000000.0,0.063,0.292,0.129,0.105,41000000.0,871000000.0,1.0,166400000.0,165400000.0,169300000.0,37.019,6080000000.0,441000000.0,98000000.0,189000000.0,36.759,2458000000.0
31,NCR,MRT,2013-09-30,2013-09-30,2013-09-30,2021-09-08,-73000000.0,6878000000.0,6652000000.0,3242000000.0,3636000000.0,0.916,9.248,-194000000.0,460000000.0,460000000.0,4311000000.0,490000000.0,1.849,3.439,2227000000.0,15000000.0,2212000000.0,2227000000.0,508000000.0,192000000.0,0.0,0.0,0.0,774000000.0,966000000.0,0.158,966000000.0,774000000.0,686000000.0,3.0,2.93,3.0,1537000000.0,1388750000.0,1537000000.0,8279260000.0,11.0,8.571,-78000000.0,-0.469,1.0,1784000000.0,0.293,1946000000.0,88000000.0,4946000000.0,4564500000.0,842000000.0,0.0,0.0,0.0,5286000000.0,1753000000.0,3533000000.0,6575260000.0,-121000000.0,-746000000.0,82000000.0,744000000.0,0.0,798000000.0,-935000000.0,0.0,116000000.0,-21000000.0,487000000.0,487000000.0,487000000.0,4000000.0,3000000.0,0.08,1004000000.0,780000000.0,584000000.0,0.0,4.278,13.502,13.203,338000000.0,0.0,39.61,1.079,1.08,1349000000.0,1174000000.0,6095000000.0,6095000000.0,176000000.0,0.073,0.351,0.17,0.127,47000000.0,828000000.0,1.0,166000000.0,166200000.0,170000000.0,36.673,4932000000.0,492000000.0,199000000.0,143000000.0,29.675,1489000000.0
32,NCR,MRT,2013-06-30,2013-06-30,2013-06-30,2021-09-08,-222000000.0,6706000000.0,6441000000.0,3076000000.0,3630000000.0,0.935,8.656,-179000000.0,460000000.0,460000000.0,4271000000.0,478000000.0,1.674,3.652,2164000000.0,85000000.0,2079000000.0,2164000000.0,543000000.0,182000000.0,0.0,0.0,0.0,761000000.0,943000000.0,0.157,943000000.0,761000000.0,689000000.0,2.96,2.88,2.96,1430000000.0,1251000000.0,1430000000.0,7031556000.0,9.0,7.457,-490000000.0,-2.966,1.0,1751000000.0,0.291,1945000000.0,72000000.0,4627000000.0,4308000000.0,825000000.0,0.0,0.0,0.0,5222000000.0,1838000000.0,3384000000.0,5423556000.0,83000000.0,-779000000.0,85000000.0,1402000000.0,0.0,1456000000.0,-956000000.0,0.0,-311000000.0,-13000000.0,476000000.0,476000000.0,476000000.0,5000000.0,2000000.0,0.079,987000000.0,764000000.0,582000000.0,0.0,3.793,11.394,11.145,327000000.0,0.0,32.99,0.901,0.905,1266000000.0,1231000000.0,6022000000.0,6022000000.0,170000000.0,0.074,0.38,0.177,0.126,49000000.0,817000000.0,1.0,164400000.0,165200000.0,168800000.0,36.453,4761000000.0,536000000.0,213000000.0,139000000.0,28.82,1238000000.0
33,NCR,MRT,2013-03-31,2013-03-31,2013-03-31,2021-09-08,-192000000.0,6655000000.0,6170250000.0,3013000000.0,3642000000.0,0.956,8.161,-166000000.0,483000000.0,483000000.0,4197000000.0,493000000.0,1.64,3.94,2091000000.0,77000000.0,2014000000.0,2091000000.0,558000000.0,172000000.0,0.0,0.0,0.0,764000000.0,936000000.0,0.159,936000000.0,764000000.0,710000000.0,3.08,2.99,3.08,1336000000.0,1130250000.0,1336000000.0,5405572000.0,7.0,5.775,-414000000.0,-2.529,1.0,1699000000.0,0.288,1955000000.0,54000000.0,4471000000.0,3928000000.0,847000000.0,0.0,0.0,0.0,5264000000.0,1837000000.0,3427000000.0,4511572000.0,69000000.0,-789000000.0,64000000.0,1242000000.0,0.0,1277000000.0,-944000000.0,0.0,-248000000.0,-12000000.0,492000000.0,492000000.0,492000000.0,-8000000.0,1000000.0,0.083,944000000.0,755000000.0,593000000.0,0.0,3.377,9.17,8.948,327000000.0,0.0,27.56,0.765,0.765,1193000000.0,1145000000.0,5896000000.0,5896000000.0,164000000.0,0.08,0.435,0.195,0.13,48000000.0,780000000.0,1.0,163700000.0,163700000.0,167500000.0,36.017,4700000000.0,538000000.0,218000000.0,140000000.0,28.711,1176000000.0
34,NCR,MRT,2012-12-31,2012-12-31,2012-12-31,2021-09-08,-37000000.0,6369000000.0,5929000000.0,3406000000.0,2963000000.0,0.966,7.859,-152000000.0,1069000000.0,1069000000.0,4085000000.0,481000000.0,1.955,4.051,1963000000.0,72000000.0,1891000000.0,1963000000.0,455000000.0,166000000.0,0.0,0.0,0.0,746000000.0,912000000.0,0.159,912000000.0,746000000.0,704000000.0,3.02,2.94,3.02,1252000000.0,1007250000.0,1252000000.0,4955252000.0,7.0,5.433,-332000000.0,-2.084,1.0,1645000000.0,0.287,1307000000.0,42000000.0,4214000000.0,3612750000.0,797000000.0,0.0,0.0,0.0,5072000000.0,1742000000.0,3330000000.0,4074252000.0,671000000.0,-108000000.0,53000000.0,1091000000.0,0.0,1131000000.0,-256000000.0,0.0,-180000000.0,-9000000.0,481000000.0,481000000.0,481000000.0,0.0,0.0,0.084,897000000.0,748000000.0,611000000.0,0.0,3.254,8.47,8.437,308000000.0,0.0,25.48,0.711,0.708,1086000000.0,929000000.0,5730000000.0,5730000000.0,155000000.0,0.081,0.478,0.206,0.13,49000000.0,742000000.0,1.0,159900000.0,159300000.0,163800000.0,35.97,5062000000.0,532000000.0,223000000.0,138000000.0,31.777,1664000000.0
35,NCR,MRT,2012-09-30,2012-09-30,2012-09-30,2021-09-08,-1507000000.0,6034000000.0,5734500000.0,2956000000.0,3078000000.0,0.992,6.178,-138000000.0,581000000.0,581000000.0,4464000000.0,-14000000.0,1.709,5.069,1462000000.0,54000000.0,1408000000.0,1462000000.0,477000000.0,163000000.0,0.0,0.0,0.0,1000000.0,164000000.0,0.029,164000000.0,1000000.0,-32000000.0,-0.08,-0.13,-0.08,986000000.0,890500000.0,986000000.0,4071621000.0,4072.0,24.827,-144000000.0,-0.902,1.0,1225000000.0,0.215,1265000000.0,33000000.0,3920000000.0,3374750000.0,826000000.0,0.0,0.0,0.0,4998000000.0,1730000000.0,3268000000.0,3708621000.0,240000000.0,-56000000.0,26000000.0,388000000.0,0.0,443000000.0,-190000000.0,0.0,-6000000.0,-10000000.0,-13000000.0,-13000000.0,-13000000.0,-12000000.0,-1000000.0,-0.002,1146000000.0,79000000.0,612000000.0,0.0,3.761,-285.279,-291.375,303000000.0,0.0,23.31,0.652,0.654,1124000000.0,2154000000.0,5689000000.0,5689000000.0,226000000.0,-0.002,-0.015,0.0,0.0,45000000.0,920000000.0,1.0,159100000.0,159600000.0,164800000.0,35.645,4769000000.0,717000000.0,-19000000.0,161000000.0,29.881,1226000000.0
36,NCR,MRT,2012-06-30,2012-06-30,2012-06-30,2021-09-08,-1468000000.0,5623000000.0,5646000000.0,2612000000.0,3011000000.0,0.994,5.956,-122000000.0,377000000.0,377000000.0,4472000000.0,-87000000.0,1.588,4.886,740000000.0,39000000.0,701000000.0,740000000.0,470000000.0,151000000.0,0.0,0.0,0.0,-105000000.0,46000000.0,0.008,46000000.0,-105000000.0,-134000000.0,-0.53,-0.56,-0.53,947000000.0,899500000.0,947000000.0,4022524000.0,-38.0,87.446,266000000.0,1.673,1.0,1142000000.0,0.203,1234000000.0,29000000.0,3107000000.0,3274500000.0,798000000.0,0.0,0.0,0.0,4627000000.0,1645000000.0,2982000000.0,3609524000.0,-80000000.0,-1110000000.0,18000000.0,698000000.0,0.0,749000000.0,-1224000000.0,0.0,388000000.0,-25000000.0,-84000000.0,-84000000.0,-84000000.0,-13000000.0,-3000000.0,-0.015,1164000000.0,-22000000.0,559000000.0,0.0,3.812,-42.971,-42.887,297000000.0,0.0,22.73,0.643,0.644,1078000000.0,2097000000.0,5614000000.0,5614000000.0,223000000.0,-0.015,-0.093,-0.032,-0.019,40000000.0,941000000.0,1.0,158800000.0,159000000.0,163900000.0,35.308,4389000000.0,710000000.0,-50000000.0,143000000.0,27.604,967000000.0
37,NCR,MRT,2012-03-31,2012-03-31,2012-03-31,2021-09-08,-1475000000.0,5690000000.0,5366250000.0,2678000000.0,3012000000.0,1.021,5.335,-129000000.0,414000000.0,414000000.0,4430000000.0,-154000000.0,1.601,5.684,827000000.0,18000000.0,809000000.0,827000000.0,503000000.0,140000000.0,0.0,0.0,0.0,-196000000.0,-56000000.0,-0.01,-56000000.0,-196000000.0,-218000000.0,-0.96,-0.97,-0.96,844000000.0,902500000.0,844000000.0,3891693000.0,-20.0,-69.495,299000000.0,1.89,1.0,1047000000.0,0.191,1220000000.0,22000000.0,3210000000.0,3104000000.0,802000000.0,0.0,0.0,0.0,4797000000.0,1673000000.0,3124000000.0,3436693000.0,-66000000.0,-1085000000.0,-16000000.0,786000000.0,0.0,803000000.0,-1216000000.0,0.0,428000000.0,-14000000.0,-153000000.0,-153000000.0,-153000000.0,0.0,-1000000.0,-0.028,1137000000.0,-90000000.0,582000000.0,0.0,4.072,-22.462,-22.615,298000000.0,0.0,21.71,0.627,0.627,1065000000.0,2017000000.0,5477000000.0,5477000000.0,215000000.0,-0.029,-0.17,-0.063,-0.036,37000000.0,922000000.0,1.0,158300000.0,158200000.0,162300000.0,34.621,4470000000.0,715000000.0,-65000000.0,128000000.0,28.255,1005000000.0
38,NCR,MRT,2011-12-31,2011-12-31,2011-12-31,2021-09-08,-1492000000.0,5591000000.0,5061750000.0,2515000000.0,3076000000.0,1.045,4.968,-121000000.0,398000000.0,398000000.0,4340000000.0,-191000000.0,1.613,6.059,853000000.0,1000000.0,852000000.0,853000000.0,418000000.0,128000000.0,0.0,0.0,0.0,-243000000.0,-115000000.0,-0.022,-115000000.0,-243000000.0,-256000000.0,-1.2,-1.2,-1.2,785000000.0,920250000.0,785000000.0,3311804000.0,-14.0,-28.798,267000000.0,1.69,1.0,951000000.0,0.18,1225000000.0,13000000.0,3262000000.0,2897250000.0,774000000.0,0.0,0.0,0.0,4756000000.0,1559000000.0,3197000000.0,2590804000.0,-98000000.0,-1085000000.0,-52000000.0,811000000.0,0.0,802000000.0,-1206000000.0,0.0,388000000.0,-5000000.0,-190000000.0,-190000000.0,-190000000.0,0.0,-1000000.0,-0.036,1099000000.0,-148000000.0,525000000.0,0.0,3.3,-13.636,-13.717,365000000.0,0.0,16.46,0.49,0.492,1032000000.0,1988000000.0,5291000000.0,5291000000.0,209000000.0,-0.038,-0.206,-0.084,-0.046,32000000.0,890000000.0,1.0,157400000.0,158000000.0,158000000.0,33.487,4366000000.0,714000000.0,-66000000.0,148000000.0,27.633,956000000.0
39,NCR,MRT,2011-09-30,2011-09-30,2011-09-30,2021-09-08,-1229000000.0,5680000000.0,4754250000.0,2684000000.0,2996000000.0,1.049,6.493,-38000000.0,341000000.0,341000000.0,3880000000.0,102000000.0,1.641,4.521,1062000000.0,1000000.0,1061000000.0,1062000000.0,419000000.0,101000000.0,0.0,0.0,0.0,151000000.0,252000000.0,0.051,252000000.0,151000000.0,146000000.0,0.64,0.63,0.64,1022000000.0,944750000.0,1022000000.0,2210797000.0,15.0,8.773,294000000.0,1.868,1.0,1109000000.0,0.222,1246000000.0,5000000.0,3519000000.0,2664250000.0,850000000.0,0.0,0.0,0.0,4620000000.0,1636000000.0,2984000000.0,2656797000.0,-19000000.0,-1087000000.0,-51000000.0,1022000000.0,0.0,972000000.0,-1141000000.0,0.0,332000000.0,7000000.0,101000000.0,101000000.0,101000000.0,16000000.0,1000000.0,0.02,897000000.0,212000000.0,568000000.0,0.0,2.6,26.305,26.391,459000000.0,0.0,16.89,0.533,0.533,1128000000.0,1997000000.0,4989000000.0,4989000000.0,164000000.0,0.021,0.107,0.057,0.03,29000000.0,733000000.0,1.0,157300000.0,157400000.0,160200000.0,31.696,4434000000.0,554000000.0,45000000.0,149000000.0,28.17,1048000000.0
40,NCR,MRT,2011-06-30,2011-06-30,2011-06-30,2021-09-08,-1263000000.0,4504000000.0,4413750000.0,2575000000.0,1929000000.0,1.096,6.077,-43000000.0,457000000.0,457000000.0,3780000000.0,172000000.0,1.696,3.658,11000000.0,1000000.0,10000000.0,11000000.0,396000000.0,107000000.0,0.0,0.0,0.0,168000000.0,275000000.0,0.057,275000000.0,168000000.0,166000000.0,1.06,1.04,1.06,959000000.0,885000000.0,959000000.0,2526954000.0,15.0,9.189,247000000.0,1.565,1.0,1056000000.0,0.218,115000000.0,2000000.0,2425000000.0,2386000000.0,810000000.0,0.0,0.0,0.0,3508000000.0,1518000000.0,1990000000.0,2995954000.0,10000000.0,0.0,-69000000.0,0.0,0.0,-68000000.0,-66000000.0,0.0,290000000.0,25000000.0,168000000.0,168000000.0,168000000.0,11000000.0,4000000.0,0.035,838000000.0,218000000.0,548000000.0,0.0,3.124,17.833,17.821,453000000.0,0.0,18.89,0.62,0.616,980000000.0,1981000000.0,4836000000.0,4836000000.0,159000000.0,0.038,0.19,0.07,0.035,26000000.0,679000000.0,1.0,158600000.0,157800000.0,160700000.0,30.646,4389000000.0,628000000.0,-2000000.0,136000000.0,27.814,1057000000.0
41,NCR,MRT,2011-03-31,2011-03-31,2011-03-31,2021-09-08,-1296000000.0,4472000000.0,4319000000.0,2568000000.0,1904000000.0,1.097,5.747,-63000000.0,480000000.0,480000000.0,3722000000.0,168000000.0,1.707,3.849,11000000.0,1000000.0,10000000.0,11000000.0,424000000.0,111000000.0,0.0,0.0,0.0,163000000.0,274000000.0,0.058,274000000.0,163000000.0,162000000.0,1.04,1.02,1.04,915000000.0,814750000.0,915000000.0,2531284000.0,16.0,9.238,243000000.0,1.526,1.0,1018000000.0,0.215,116000000.0,1000000.0,2383000000.0,2334500000.0,793000000.0,0.0,0.0,0.0,3522000000.0,1504000000.0,2018000000.0,3016284000.0,72000000.0,0.0,-40000000.0,-1000000.0,0.0,-40000000.0,-83000000.0,0.0,306000000.0,17000000.0,166000000.0,166000000.0,166000000.0,11000000.0,2000000.0,0.035,831000000.0,187000000.0,540000000.0,0.0,3.296,18.17,18.115,434000000.0,0.0,18.84,0.636,0.633,946000000.0,1948000000.0,4740000000.0,4740000000.0,157000000.0,0.038,0.204,0.07,0.034,25000000.0,674000000.0,1.0,160100000.0,159200000.0,161700000.0,29.774,4356000000.0,624000000.0,-4000000.0,138000000.0,27.362,1064000000.0
42,NCR,MRT,2010-12-31,2010-12-31,2010-12-31,2021-09-08,-1335000000.0,4361000000.0,4227000000.0,2478000000.0,1883000000.0,1.115,5.526,-92000000.0,496000000.0,496000000.0,3721000000.0,137000000.0,1.75,3.901,11000000.0,1000000.0,10000000.0,11000000.0,362000000.0,114000000.0,0.0,0.0,0.0,125000000.0,239000000.0,0.051,239000000.0,125000000.0,123000000.0,0.84,0.83,0.84,883000000.0,733750000.0,883000000.0,2098441000.0,17.0,8.78,187000000.0,1.17,1.0,990000000.0,0.21,130000000.0,2000000.0,2330000000.0,2291250000.0,741000000.0,0.0,0.0,0.0,3445000000.0,1416000000.0,2029000000.0,2448441000.0,45000000.0,0.0,-9000000.0,-5000000.0,0.0,-14000000.0,-111000000.0,0.0,279000000.0,7000000.0,134000000.0,134000000.0,134000000.0,0.0,3000000.0,0.028,841000000.0,149000000.0,499000000.0,0.0,2.773,18.272,18.298,429000000.0,0.0,15.37,0.52,0.521,928000000.0,1935000000.0,4711000000.0,4711000000.0,156000000.0,0.032,0.183,0.055,0.027,21000000.0,685000000.0,1.0,159300000.0,159800000.0,161200000.0,29.481,4231000000.0,630000000.0,-11000000.0,165000000.0,26.477,1062000000.0
43,NCR,MRT,2010-09-30,2010-09-30,2010-09-30,2021-09-08,-1386000000.0,4318000000.0,4160250000.0,2486000000.0,1832000000.0,1.14,4.891,-201000000.0,360000000.0,360000000.0,3823000000.0,42000000.0,1.702,4.471,10000000.0,0.0,10000000.0,10000000.0,348000000.0,134000000.0,0.0,0.0,0.0,3000000.0,137000000.0,0.029,137000000.0,3000000.0,2000000.0,0.24,0.23,0.24,783000000.0,654000000.0,783000000.0,1750615000.0,584.0,12.778,-30000000.0,-0.187,1.0,921000000.0,0.194,101000000.0,1000000.0,2406000000.0,2252750000.0,815000000.0,0.0,0.0,0.0,3501000000.0,1461000000.0,2040000000.0,2187615000.0,-59000000.0,12000000.0,-10000000.0,-1000000.0,0.0,-11000000.0,-224000000.0,0.0,171000000.0,2000000.0,39000000.0,39000000.0,39000000.0,-5000000.0,3000000.0,0.008,829000000.0,92000000.0,567000000.0,0.0,2.794,56.093,56.792,410000000.0,0.0,13.63,0.461,0.46,957000000.0,1896000000.0,4744000000.0,4744000000.0,153000000.0,0.009,0.06,0.001,0.001,16000000.0,676000000.0,1.0,160500000.0,160100000.0,161500000.0,29.631,4217000000.0,618000000.0,-37000000.0,144000000.0,26.34,1025000000.0
44,NCR,MRT,2010-06-30,2010-06-30,2010-06-30,2021-09-08,-1419000000.0,4125000000.0,4056750000.0,2349000000.0,1776000000.0,1.152,4.227,-218000000.0,447000000.0,447000000.0,3773000000.0,-26000000.0,1.715,5.038,10000000.0,0.0,10000000.0,10000000.0,345000000.0,133000000.0,0.0,0.0,0.0,-32000000.0,101000000.0,0.022,101000000.0,-32000000.0,-33000000.0,-0.19,-0.19,-0.19,678000000.0,570750000.0,678000000.0,1545836000.0,-48.0,15.305,60000000.0,0.374,1.0,899000000.0,0.192,99000000.0,1000000.0,2219000000.0,2171500000.0,729000000.0,0.0,0.0,0.0,3416000000.0,1370000000.0,2046000000.0,1942836000.0,40000000.0,12000000.0,8000000.0,-1000000.0,0.0,7000000.0,-234000000.0,0.0,278000000.0,0.0,-29000000.0,-29000000.0,-29000000.0,0.0,3000000.0,-0.006,812000000.0,87000000.0,546000000.0,0.0,2.866,-66.994,-63.789,392000000.0,0.0,12.12,0.416,0.416,879000000.0,1813000000.0,4672000000.0,4672000000.0,150000000.0,-0.007,-0.051,-0.015,-0.007,9000000.0,662000000.0,1.0,160300000.0,160400000.0,161600000.0,29.127,4026000000.0,596000000.0,-4000000.0,158000000.0,25.1,979000000.0
45,NCR,MRT,2010-03-31,2010-03-31,2010-03-31,2021-09-08,-1465000000.0,4104000000.0,3980250000.0,2299000000.0,1805000000.0,1.161,3.696,-198000000.0,408000000.0,408000000.0,3733000000.0,-33000000.0,1.644,5.893,11000000.0,0.0,11000000.0,11000000.0,375000000.0,131000000.0,0.0,0.0,0.0,-33000000.0,98000000.0,0.021,98000000.0,-33000000.0,-39000000.0,-0.24,-0.24,-0.24,591000000.0,514000000.0,591000000.0,1767860000.0,-54.0,18.039,46000000.0,0.288,1.0,887000000.0,0.192,99000000.0,6000000.0,2210000000.0,2121500000.0,720000000.0,0.0,0.0,0.0,3483000000.0,1398000000.0,2085000000.0,2203860000.0,-309000000.0,0.0,9000000.0,-300000000.0,0.0,-291000000.0,-229000000.0,0.0,244000000.0,12000000.0,-37000000.0,-37000000.0,-37000000.0,0.0,4000000.0,-0.008,792000000.0,95000000.0,520000000.0,0.0,3.729,-59.564,-57.5,374000000.0,0.0,13.8,0.477,0.478,884000000.0,1782000000.0,4620000000.0,4620000000.0,145000000.0,-0.009,-0.072,-0.016,-0.007,10000000.0,647000000.0,1.0,159700000.0,159900000.0,159900000.0,28.893,4005000000.0,616000000.0,-2000000.0,166000000.0,25.047,901000000.0
46,NCR,MRT,2009-12-31,2009-12-31,2009-12-31,2021-09-08,-1509000000.0,4094000000.0,3989500000.0,2299000000.0,1795000000.0,1.153,3.549,-171000000.0,451000000.0,451000000.0,3719000000.0,-30000000.0,1.664,6.209,15000000.0,4000000.0,11000000.0,15000000.0,329000000.0,128000000.0,0.0,0.0,0.0,-26000000.0,102000000.0,0.022,102000000.0,-26000000.0,-36000000.0,-0.21,-0.21,-0.21,564000000.0,472250000.0,564000000.0,1363896000.0,-52.0,13.372,89000000.0,0.56,1.0,880000000.0,0.191,100000000.0,10000000.0,2176000000.0,2071750000.0,686000000.0,0.0,0.0,0.0,3502000000.0,1382000000.0,2120000000.0,1771896000.0,-260000000.0,0.0,8000000.0,-296000000.0,0.0,-288000000.0,-203000000.0,0.0,260000000.0,8000000.0,-33000000.0,-33000000.0,-33000000.0,0.0,3000000.0,-0.007,777000000.0,103000000.0,557000000.0,0.0,3.142,-53.694,-53.0,356000000.0,0.0,11.13,0.385,0.385,896000000.0,1801000000.0,4599000000.0,4599000000.0,141000000.0,-0.008,-0.07,-0.013,-0.006,12000000.0,636000000.0,1.0,159200000.0,158900000.0,160100000.0,28.943,3994000000.0,617000000.0,-3000000.0,165000000.0,25.135,917000000.0
47,NCR,MRT,2009-09-30,2009-09-30,2009-09-30,2021-09-08,-1672000000.0,3904000000.0,4029750000.0,2241000000.0,1663000000.0,1.163,2.83,-138000000.0,419000000.0,419000000.0,3724000000.0,83000000.0,1.69,7.611,11000000.0,0.0,11000000.0,11000000.0,344000000.0,126000000.0,0.0,0.0,0.0,111000000.0,237000000.0,0.051,237000000.0,111000000.0,96000000.0,0.49,0.49,0.49,450000000.0,441250000.0,450000000.0,1795998000.0,16.0,7.578,145000000.0,0.912,1.0,964000000.0,0.206,89000000.0,15000000.0,2081000000.0,2046500000.0,708000000.0,0.0,0.0,0.0,3425000000.0,1326000000.0,2099000000.0,2195998000.0,-314000000.0,-23000000.0,-63000000.0,-300000000.0,0.0,-363000000.0,-161000000.0,0.0,283000000.0,-12000000.0,79000000.0,79000000.0,79000000.0,-4000000.0,4000000.0,0.017,811000000.0,153000000.0,532000000.0,0.0,4.88,27.797,28.204,345000000.0,0.0,13.82,0.468,0.469,844000000.0,1857000000.0,4688000000.0,4688000000.0,142000000.0,0.02,0.179,0.054,0.024,22000000.0,669000000.0,1.0,158900000.0,159000000.0,160200000.0,29.484,3815000000.0,634000000.0,17000000.0,154000000.0,23.994,915000000.0
48,NCR,MRT,2009-06-30,2009-06-30,2009-06-30,2021-09-08,-1655000000.0,3819000000.0,4155250000.0,2239000000.0,1580000000.0,1.187,2.842,-125000000.0,407000000.0,407000000.0,3882000000.0,146000000.0,1.707,7.412,7000000.0,0.0,7000000.0,7000000.0,381000000.0,119000000.0,0.0,0.0,0.0,211000000.0,330000000.0,0.067,330000000.0,211000000.0,190000000.0,0.89,0.88,0.89,451000000.0,704500000.0,451000000.0,1467238000.0,7.0,4.446,256000000.0,1.613,1.0,1050000000.0,0.213,88000000.0,21000000.0,2019000000.0,2071000000.0,691000000.0,0.0,0.0,0.0,3343000000.0,1312000000.0,2031000000.0,1876238000.0,-347000000.0,-54000000.0,-164000000.0,-301000000.0,0.0,-464000000.0,-179000000.0,0.0,381000000.0,-31000000.0,144000000.0,144000000.0,144000000.0,-2000000.0,2000000.0,0.029,826000000.0,224000000.0,487000000.0,0.0,4.16,13.029,13.292,315000000.0,0.0,11.83,0.38,0.381,856000000.0,1842000000.0,4932000000.0,4932000000.0,141000000.0,0.035,0.204,0.102,0.043,32000000.0,685000000.0,1.0,158600000.0,158700000.0,159800000.0,31.078,3731000000.0,628000000.0,46000000.0,167000000.0,23.51,927000000.0
49,NCR,MRT,2009-03-31,2009-03-31,2009-03-31,2021-09-08,-1649000000.0,4141000000.0,4339500000.0,2523000000.0,1618000000.0,1.184,2.678,-110000000.0,717000000.0,717000000.0,4032000000.0,165000000.0,1.54,8.708,308000000.0,301000000.0,7000000.0,308000000.0,385000000.0,114000000.0,0.0,0.0,0.0,236000000.0,350000000.0,0.068,350000000.0,236000000.0,215000000.0,1.01,1.0,1.01,424000000.0,988250000.0,424000000.0,854690000.0,4.0,2.442,287000000.0,1.813,1.0,1108000000.0,0.216,83000000.0,21000000.0,2011000000.0,2133500000.0,697000000.0,0.0,0.0,0.0,3692000000.0,1638000000.0,2054000000.0,1257690000.0,-134000000.0,-65000000.0,-287000000.0,0.0,0.0,-285000000.0,-175000000.0,0.0,397000000.0,-40000000.0,165000000.0,165000000.0,165000000.0,-1000000.0,0.0,0.032,861000000.0,247000000.0,463000000.0,0.0,2.966,7.622,7.871,297000000.0,0.0,7.95,0.245,0.245,855000000.0,1819000000.0,5140000000.0,5140000000.0,148000000.0,0.038,0.167,0.111,0.046,33000000.0,713000000.0,1.0,158200000.0,158300000.0,158300000.0,32.47,4058000000.0,627000000.0,50000000.0,155000000.0,25.635,885000000.0
50,NCR,MRT,2008-12-31,2008-12-31,2008-12-31,2021-09-08,-1644000000.0,4255000000.0,4468250000.0,2557000000.0,1698000000.0,1.19,2.662,-79000000.0,711000000.0,711000000.0,4132000000.0,227000000.0,1.51,8.614,308000000.0,301000000.0,7000000.0,308000000.0,317000000.0,114000000.0,0.0,0.0,0.0,318000000.0,432000000.0,0.081,432000000.0,318000000.0,296000000.0,1.38,1.36,1.38,440000000.0,1299000000.0,440000000.0,1806292000.0,6.0,4.181,361000000.0,2.184,1.0,1183000000.0,0.223,84000000.0,22000000.0,2075000000.0,2278500000.0,692000000.0,0.0,0.0,0.0,3790000000.0,1693000000.0,2097000000.0,2231292000.0,-241000000.0,-65000000.0,-477000000.0,0.0,0.0,-475000000.0,-144000000.0,0.0,440000000.0,-18000000.0,228000000.0,228000000.0,228000000.0,0.0,-1000000.0,0.043,861000000.0,322000000.0,492000000.0,0.0,5.071,9.786,10.246,308000000.0,0.0,14.14,0.42,0.44,913000000.0,1834000000.0,5315000000.0,5315000000.0,148000000.0,0.051,0.176,0.14,0.06,39000000.0,713000000.0,1.0,157800000.0,165300000.0,167900000.0,32.154,4171000000.0,645000000.0,68000000.0,155000000.0,25.233,864000000.0
51,NCR,MRT,2008-09-30,2008-09-30,2008-09-30,2021-09-08,-574000000.0,4406000000.0,4599500000.0,2629000000.0,1777000000.0,1.177,9.21,-69000000.0,733000000.0,733000000.0,4207000000.0,260000000.0,1.53,1.931,308000000.0,301000000.0,7000000.0,308000000.0,364000000.0,112000000.0,0.0,0.0,0.0,355000000.0,467000000.0,0.086,467000000.0,355000000.0,332000000.0,1.52,1.5,1.52,1503000000.0,1628250000.0,1503000000.0,3162380000.0,9.0,6.772,297000000.0,1.82,1.0,1208000000.0,0.223,84000000.0,23000000.0,2179000000.0,2395250000.0,711000000.0,0.0,0.0,0.0,2903000000.0,1718000000.0,1185000000.0,3607380000.0,-300000000.0,-62000000.0,-487000000.0,1000000.0,0.0,-488000000.0,-131000000.0,0.0,366000000.0,8000000.0,261000000.0,261000000.0,261000000.0,114000000.0,-1000000.0,0.048,862000000.0,346000000.0,443000000.0,0.0,2.4,13.821,14.507,308000000.0,0.0,22.05,0.666,0.665,943000000.0,1780000000.0,5415000000.0,5415000000.0,152000000.0,0.057,0.16,0.148,0.066,40000000.0,710000000.0,1.0,163600000.0,163200000.0,166200000.0,33.18,4322000000.0,179000000.0,71000000.0,240000000.0,26.483,911000000.0
52,NCR,MRT,2008-06-30,2008-06-30,2008-06-30,2021-09-08,-505000000.0,4556000000.0,4684750000.0,2765000000.0,1791000000.0,1.134,9.508,-54000000.0,754000000.0,754000000.0,4154000000.0,233000000.0,1.558,1.873,309000000.0,301000000.0,8000000.0,309000000.0,411000000.0,111000000.0,0.0,0.0,0.0,328000000.0,439000000.0,0.083,439000000.0,328000000.0,305000000.0,1.32,1.31,1.32,1586000000.0,1694250000.0,1586000000.0,3679000000.0,11.0,8.38,220000000.0,1.319,1.0,1160000000.0,0.218,67000000.0,23000000.0,2269000000.0,2462500000.0,735000000.0,0.0,0.0,0.0,2970000000.0,1775000000.0,1195000000.0,4221000000.0,-385000000.0,-36000000.0,-381000000.0,2000000.0,0.0,-576000000.0,-90000000.0,0.0,274000000.0,27000000.0,234000000.0,234000000.0,234000000.0,92000000.0,-1000000.0,0.044,876000000.0,284000000.0,469000000.0,0.0,2.661,18.038,19.091,305000000.0,0.0,25.2,0.794,0.791,991000000.0,1700000000.0,5314000000.0,5314000000.0,154000000.0,0.05,0.138,0.133,0.062,48000000.0,722000000.0,1.0,167500000.0,166800000.0,169900000.0,31.859,4489000000.0,202000000.0,71000000.0,237000000.0,26.912,990000000.0
53,NCR,MRT,2008-03-31,2008-03-31,2008-03-31,2021-09-08,-494000000.0,4656000000.0,4949500000.0,2911000000.0,1745000000.0,1.043,9.636,-52000000.0,851000000.0,851000000.0,4019000000.0,288000000.0,1.998,1.793,309000000.0,1000000.0,308000000.0,309000000.0,432000000.0,112000000.0,0.0,0.0,0.0,395000000.0,507000000.0,0.098,507000000.0,395000000.0,371000000.0,1.6,1.59,1.6,1667000000.0,1834500000.0,1667000000.0,3344401000.0,8.0,6.596,137000000.0,0.792,1.0,1142000000.0,0.221,66000000.0,24000000.0,2591000000.0,2595000000.0,752000000.0,0.0,0.0,0.0,2989000000.0,1457000000.0,1532000000.0,3988401000.0,-229000000.0,-12000000.0,-242000000.0,0.0,0.0,-436000000.0,-64000000.0,0.0,189000000.0,32000000.0,288000000.0,288000000.0,288000000.0,44000000.0,0.0,0.056,841000000.0,301000000.0,481000000.0,0.0,2.393,13.849,14.269,309000000.0,0.0,22.83,0.773,0.765,1048000000.0,1656000000.0,5161000000.0,5161000000.0,143000000.0,0.058,0.157,0.152,0.077,40000000.0,698000000.0,1.0,174700000.0,173000000.0,175700000.0,29.832,4590000000.0,208000000.0,83000000.0,232000000.0,26.532,1454000000.0
54,NCR,MRT,2007-12-31,2007-12-31,2007-12-31,2021-09-08,-536000000.0,4780000000.0,5140250000.0,3088000000.0,1692000000.0,0.967,9.756,-81000000.0,952000000.0,952000000.0,3930000000.0,274000000.0,2.018,1.721,308000000.0,1000000.0,307000000.0,308000000.0,359000000.0,110000000.0,0.0,0.0,0.0,359000000.0,469000000.0,0.094,469000000.0,359000000.0,335000000.0,1.52,1.5,1.52,1757000000.0,1913000000.0,1757000000.0,3817100000.0,11.0,8.139,70000000.0,0.389,1.0,1040000000.0,0.209,64000000.0,24000000.0,2542000000.0,2616000000.0,717000000.0,0.0,0.0,0.0,3023000000.0,1530000000.0,1493000000.0,4543100000.0,5000000.0,-12000000.0,-35000000.0,0.0,0.0,-227000000.0,-93000000.0,0.0,151000000.0,20000000.0,274000000.0,274000000.0,274000000.0,0.0,0.0,0.055,821000000.0,219000000.0,516000000.0,0.0,2.586,16.581,16.513,313000000.0,0.0,25.1,0.914,0.91,1167000000.0,1608000000.0,4970000000.0,4970000000.0,137000000.0,0.053,0.143,0.137,0.072,33000000.0,684000000.0,1.0,181000000.0,180100000.0,182700000.0,27.596,4716000000.0,210000000.0,61000000.0,210000000.0,26.185,1558000000.0
55,NCR,MRT,2007-09-30,2007-09-30,2007-09-30,2021-09-08,-508000000.0,4747000000.0,5252000000.0,3133000000.0,1614000000.0,0.913,9.784,-75000000.0,1033000000.0,1033000000.0,3808000000.0,359000000.0,2.072,1.686,307000000.0,0.0,307000000.0,307000000.0,339000000.0,108000000.0,0.0,0.0,0.0,427000000.0,535000000.0,0.112,535000000.0,427000000.0,403000000.0,1.99,1.98,1.99,1767000000.0,1944000000.0,1767000000.0,8156900000.0,19.0,15.247,132000000.0,0.731,1.0,986000000.0,0.206,61000000.0,24000000.0,2448000000.0,2669750000.0,767000000.0,0.0,0.0,0.0,2980000000.0,1512000000.0,1468000000.0,8988900000.0,272000000.0,-1000000.0,64000000.0,-5000000.0,0.0,-127000000.0,-76000000.0,0.0,207000000.0,21000000.0,359000000.0,359000000.0,359000000.0,-189000000.0,0.0,0.075,789000000.0,197000000.0,481000000.0,0.0,5.087,25.039,25.025,304000000.0,0.0,49.8,1.875,1.876,1014000000.0,1524000000.0,4794000000.0,4794000000.0,129000000.0,0.068,0.185,0.16,0.089,25000000.0,660000000.0,1.0,180500000.0,180600000.0,182300000.0,26.545,4686000000.0,204000000.0,44000000.0,239000000.0,25.947,1621000000.0
56,NCR,MRT,2007-06-30,2007-06-30,2007-06-30,2021-09-08,-607000000.0,5615000000.0,5480500000.0,3606000000.0,2009000000.0,0.85,11.921,-57000000.0,1139000000.0,1139000000.0,3693000000.0,395000000.0,1.964,1.615,307000000.0,1000000.0,306000000.0,307000000.0,556000000.0,80000000.0,0.0,0.0,0.0,457000000.0,537000000.0,0.115,537000000.0,457000000.0,433000000.0,2.2,2.18,2.2,2147000000.0,2100500000.0,2147000000.0,8678946000.0,19.0,16.162,14000000.0,0.078,1.0,965000000.0,0.207,148000000.0,24000000.0,2799000000.0,2896250000.0,739000000.0,0.0,0.0,0.0,3468000000.0,1836000000.0,1632000000.0,9451946000.0,392000000.0,26000000.0,-30000000.0,-1000000.0,0.0,-30000000.0,-31000000.0,0.0,71000000.0,14000000.0,395000000.0,395000000.0,395000000.0,-219000000.0,0.0,0.085,758000000.0,207000000.0,516000000.0,0.0,4.402,23.929,23.882,370000000.0,0.0,52.54,2.029,2.031,1385000000.0,2032000000.0,4658000000.0,4658000000.0,120000000.0,0.072,0.188,0.158,0.098,12000000.0,638000000.0,1.0,179900000.0,180100000.0,182800000.0,25.863,5467000000.0,336000000.0,38000000.0,210000000.0,30.355,1770000000.0
57,NCR,MRT,2007-03-31,2007-03-31,2007-03-31,2021-09-08,-649000000.0,5419000000.0,5429000000.0,3446000000.0,1973000000.0,0.923,11.049,-84000000.0,1080000000.0,1080000000.0,3889000000.0,375000000.0,1.892,1.735,307000000.0,1000000.0,306000000.0,307000000.0,590000000.0,92000000.0,0.0,0.0,0.0,432000000.0,524000000.0,0.105,524000000.0,432000000.0,408000000.0,2.09,2.06,2.09,1981000000.0,2094000000.0,1981000000.0,7910830000.0,18.0,15.097,137000000.0,0.764,1.0,1121000000.0,0.224,150000000.0,24000000.0,2675000000.0,2991750000.0,717000000.0,0.0,0.0,0.0,3438000000.0,1821000000.0,1617000000.0,8550830000.0,334000000.0,9000000.0,-125000000.0,0.0,0.0,-124000000.0,-75000000.0,0.0,221000000.0,11000000.0,375000000.0,375000000.0,375000000.0,-172000000.0,0.0,0.075,890000000.0,231000000.0,493000000.0,0.0,4.316,22.802,22.856,375000000.0,0.0,47.77,1.707,1.71,1324000000.0,1941000000.0,5010000000.0,5010000000.0,148000000.0,0.069,0.179,0.144,0.086,14000000.0,742000000.0,1.0,179000000.0,179300000.0,179300000.0,27.942,5269000000.0,372000000.0,33000000.0,204000000.0,29.387,1625000000.0
58,NCR,MRT,2006-12-31,2006-12-31,2006-12-31,2021-09-08,-676000000.0,5227000000.0,5403000000.0,3332000000.0,1895000000.0,0.848,10.45,-85000000.0,947000000.0,947000000.0,3655000000.0,382000000.0,1.882,1.779,307000000.0,1000000.0,306000000.0,307000000.0,318000000.0,104000000.0,0.0,0.0,0.0,414000000.0,518000000.0,0.113,518000000.0,414000000.0,390000000.0,2.12,2.09,2.12,1881000000.0,2114000000.0,1881000000.0,7169832000.0,17.0,13.841,105000000.0,0.583,1.0,927000000.0,0.202,60000000.0,24000000.0,2757000000.0,3104750000.0,641000000.0,0.0,0.0,0.0,3346000000.0,1770000000.0,1576000000.0,7619832000.0,137000000.0,-6000000.0,-191000000.0,0.0,0.0,-184000000.0,-91000000.0,0.0,190000000.0,12000000.0,382000000.0,382000000.0,382000000.0,-231000000.0,0.0,0.083,773000000.0,154000000.0,467000000.0,0.0,4.051,19.947,20.17,314000000.0,0.0,42.76,1.663,1.68,1016000000.0,1900000000.0,4582000000.0,4582000000.0,119000000.0,0.071,0.181,0.133,0.09,10000000.0,654000000.0,1.0,178200000.0,180000000.0,182900000.0,25.456,5167000000.0,212000000.0,8000000.0,159000000.0,28.706,1562000000.0
59,NCR,MRT,2006-09-30,2006-09-30,2006-09-30,2021-09-08,41000000.0,5661000000.0,5418000000.0,3040000000.0,2621000000.0,0.776,13.391,-53000000.0,761000000.0,761000000.0,3455000000.0,358000000.0,1.781,1.366,311000000.0,5000000.0,306000000.0,311000000.0,468000000.0,63000000.0,0.0,0.0,0.0,366000000.0,429000000.0,0.102,429000000.0,366000000.0,342000000.0,1.98,1.94,1.98,2393000000.0,2152500000.0,2393000000.0,6674296000.0,18.0,15.558,34000000.0,0.19,1.0,751000000.0,0.179,150000000.0,24000000.0,3354000000.0,3168000000.0,708000000.0,0.0,0.0,0.0,3268000000.0,1707000000.0,1561000000.0,7114296000.0,21000000.0,-28000000.0,-286000000.0,4000000.0,0.0,-277000000.0,-81000000.0,0.0,87000000.0,1000000.0,358000000.0,358000000.0,358000000.0,-263000000.0,0.0,0.085,672000000.0,79000000.0,514000000.0,0.0,2.973,19.872,19.939,376000000.0,0.0,39.48,1.691,1.677,1306000000.0,1725000000.0,4206000000.0,4206000000.0,97000000.0,0.066,0.166,0.116,0.087,7000000.0,575000000.0,1.0,180200000.0,178700000.0,181400000.0,23.537,5511000000.0,391000000.0,-16000000.0,333000000.0,30.839,1333000000.0
60,NCR,MRT,2006-06-30,2006-06-30,2006-06-30,2021-09-08,-220000000.0,5409000000.0,5361250000.0,2966000000.0,2443000000.0,0.851,11.712,-89000000.0,747000000.0,747000000.0,3616000000.0,491000000.0,1.809,1.55,307000000.0,2000000.0,305000000.0,307000000.0,495000000.0,105000000.0,0.0,0.0,0.0,375000000.0,480000000.0,0.105,480000000.0,375000000.0,352000000.0,2.68,2.63,2.68,2121000000.0,2112000000.0,2121000000.0,6229480000.0,17.0,12.978,209000000.0,1.154,1.0,946000000.0,0.207,148000000.0,23000000.0,3181000000.0,3132750000.0,665000000.0,0.0,0.0,0.0,3288000000.0,1640000000.0,1648000000.0,6668480000.0,23000000.0,-50000000.0,-286000000.0,0.0,0.0,-274000000.0,-139000000.0,0.0,298000000.0,2000000.0,491000000.0,491000000.0,491000000.0,-213000000.0,0.0,0.108,803000000.0,143000000.0,484000000.0,0.0,3.144,13.581,13.672,372000000.0,0.0,36.64,1.462,1.455,1301000000.0,1637000000.0,4562000000.0,4562000000.0,126000000.0,0.092,0.232,0.12,0.082,4000000.0,677000000.0,1.0,182000000.0,181100000.0,184200000.0,25.191,5261000000.0,545000000.0,-139000000.0,323000000.0,29.05,1326000000.0
61,NCR,MRT,2006-03-31,2006-03-31,2006-03-31,2021-09-08,-266000000.0,5315000000.0,5338500000.0,2663000000.0,2652000000.0,0.843,11.343,-57000000.0,746000000.0,746000000.0,3584000000.0,540000000.0,1.655,1.579,307000000.0,2000000.0,305000000.0,307000000.0,528000000.0,89000000.0,0.0,0.0,0.0,352000000.0,441000000.0,0.098,441000000.0,352000000.0,329000000.0,2.93,2.88,2.93,2061000000.0,2104750000.0,2061000000.0,7102780000.0,20.0,16.106,259000000.0,1.425,1.0,917000000.0,0.204,140000000.0,23000000.0,3127000000.0,3143750000.0,393000000.0,0.0,0.0,0.0,3254000000.0,1609000000.0,1645000000.0,7605780000.0,91000000.0,-35000000.0,-265000000.0,-1000000.0,0.0,-258000000.0,-92000000.0,0.0,316000000.0,-11000000.0,540000000.0,540000000.0,540000000.0,-213000000.0,0.0,0.12,804000000.0,113000000.0,440000000.0,0.0,3.69,14.085,14.263,611000000.0,0.0,41.79,1.69,1.687,1290000000.0,1559000000.0,4501000000.0,4501000000.0,126000000.0,0.101,0.257,0.112,0.078,2000000.0,678000000.0,1.0,182000000.0,181700000.0,185000000.0,24.772,5175000000.0,589000000.0,-211000000.0,348000000.0,28.481,1054000000.0
62,NCR,MRT,2005-12-31,2005-12-31,2005-12-31,2021-09-08,-279000000.0,5287000000.0,5359250000.0,2927000000.0,2360000000.0,0.851,11.0,-81000000.0,810000000.0,810000000.0,3625000000.0,529000000.0,1.779,1.598,307000000.0,2000000.0,305000000.0,307000000.0,444000000.0,113000000.0,0.0,0.0,0.0,342000000.0,455000000.0,0.1,455000000.0,342000000.0,319000000.0,2.86,2.8,2.86,2035000000.0,2102000000.0,2035000000.0,5799384000.0,17.0,12.746,234000000.0,1.265,1.0,936000000.0,0.205,129000000.0,23000000.0,3010000000.0,3189750000.0,595000000.0,0.0,0.0,0.0,3252000000.0,1645000000.0,1607000000.0,6231384000.0,60000000.0,-17000000.0,-277000000.0,0.0,0.0,-277000000.0,-98000000.0,0.0,315000000.0,-16000000.0,529000000.0,529000000.0,529000000.0,-213000000.0,0.0,0.116,816000000.0,120000000.0,490000000.0,0.0,3.062,11.78,11.867,378000000.0,0.0,33.94,1.366,1.377,1305000000.0,1518000000.0,4561000000.0,4561000000.0,125000000.0,0.099,0.252,0.107,0.075,4000000.0,691000000.0,1.0,183600000.0,185000000.0,189100000.0,24.654,5158000000.0,522000000.0,-210000000.0,307000000.0,27.881,1282000000.0
63,NCR,MRT,2005-09-30,2005-09-30,2005-09-30,2021-09-08,29000000.0,5434000000.0,5426000000.0,2621000000.0,2813000000.0,1.124,12.066,-23000000.0,740000000.0,740000000.0,4390000000.0,508000000.0,1.573,1.436,308000000.0,2000000.0,306000000.0,308000000.0,430000000.0,103000000.0,0.0,0.0,0.0,401000000.0,504000000.0,0.083,504000000.0,401000000.0,378000000.0,2.73,2.68,2.73,2231000000.0,2114750000.0,2231000000.0,5512878000.0,14.0,10.938,386000000.0,2.088,1.0,1709000000.0,0.28,123000000.0,23000000.0,3213000000.0,3253500000.0,395000000.0,0.0,0.0,0.0,3203000000.0,1666000000.0,1537000000.0,5928878000.0,165000000.0,-34000000.0,-236000000.0,-2000000.0,0.0,-288000000.0,36000000.0,50000000.0,409000000.0,8000000.0,508000000.0,508000000.0,508000000.0,0.0,0.0,0.083,1341000000.0,368000000.0,487000000.0,0.0,2.657,11.671,11.689,628000000.0,0.0,31.91,0.972,0.967,1270000000.0,1368000000.0,6099000000.0,6099000000.0,242000000.0,0.094,0.24,0.123,0.066,8000000.0,1099000000.0,1.0,185800000.0,184900000.0,188700000.0,32.985,5311000000.0,418000000.0,-130000000.0,315000000.0,28.724,955000000.0
64,NCR,MRT,2005-06-30,2005-06-30,2005-06-30,2021-09-08,27000000.0,5318000000.0,5420000000.0,2509000000.0,2809000000.0,1.117,11.235,-54000000.0,724000000.0,724000000.0,4387000000.0,330000000.0,1.616,1.542,308000000.0,2000000.0,306000000.0,308000000.0,449000000.0,130000000.0,0.0,0.0,0.0,349000000.0,479000000.0,0.079,479000000.0,349000000.0,325000000.0,1.77,1.73,1.77,2092000000.0,2036000000.0,2092000000.0,6214416000.0,18.0,12.974,366000000.0,1.966,1.0,1668000000.0,0.275,124000000.0,24000000.0,3225000000.0,3296000000.0,369000000.0,0.0,0.0,0.0,3226000000.0,1553000000.0,1673000000.0,6560416000.0,141000000.0,-34000000.0,-210000000.0,-2000000.0,0.0,-263000000.0,-21000000.0,50000000.0,420000000.0,5000000.0,330000000.0,330000000.0,330000000.0,0.0,0.0,0.055,1353000000.0,315000000.0,434000000.0,0.0,3.136,19.88,19.842,632000000.0,0.0,35.12,1.083,1.08,1184000000.0,1146000000.0,6055000000.0,6055000000.0,243000000.0,0.061,0.162,0.106,0.058,7000000.0,1110000000.0,1.0,186800000.0,186200000.0,190300000.0,32.519,5194000000.0,409000000.0,-5000000.0,461000000.0,27.895,956000000.0
65,NCR,MRT,2005-03-31,2005-03-31,2005-03-31,2021-09-08,59000000.0,5398000000.0,5450500000.0,2538000000.0,2860000000.0,1.108,10.998,-107000000.0,655000000.0,655000000.0,4372000000.0,325000000.0,1.57,1.633,309000000.0,3000000.0,306000000.0,309000000.0,486000000.0,176000000.0,0.0,0.0,0.0,321000000.0,497000000.0,0.082,497000000.0,321000000.0,297000000.0,1.74,1.69,1.74,2050000000.0,1998250000.0,2050000000.0,5868380000.0,18.0,11.808,242000000.0,1.298,1.0,1665000000.0,0.276,124000000.0,24000000.0,3311000000.0,3342750000.0,356000000.0,0.0,0.0,0.0,3348000000.0,1617000000.0,1731000000.0,6309380000.0,39000000.0,-33000000.0,-195000000.0,0.0,0.0,-245000000.0,-79000000.0,50000000.0,349000000.0,14000000.0,325000000.0,325000000.0,325000000.0,0.0,0.0,0.054,1370000000.0,295000000.0,429000000.0,0.0,3.078,19.413,19.391,654000000.0,0.0,33.74,1.045,1.042,1284000000.0,1019000000.0,6037000000.0,6037000000.0,244000000.0,0.06,0.163,0.096,0.053,6000000.0,1126000000.0,1.0,187000000.0,186400000.0,191600000.0,32.387,5274000000.0,375000000.0,-28000000.0,496000000.0,28.294,921000000.0
66,NCR,MRT,2004-12-31,2004-12-31,2004-12-31,2021-09-08,65000000.0,5554000000.0,5456750000.0,2633000000.0,2921000000.0,1.097,11.119,-97000000.0,750000000.0,750000000.0,4368000000.0,290000000.0,1.527,1.663,309000000.0,2000000.0,307000000.0,309000000.0,407000000.0,180000000.0,0.0,0.0,0.0,274000000.0,454000000.0,0.076,454000000.0,274000000.0,251000000.0,1.55,1.51,1.55,2086000000.0,1950750000.0,2086000000.0,6138236000.0,22.0,13.52,250000000.0,1.333,1.0,1616000000.0,0.27,124000000.0,23000000.0,3265000000.0,3367500000.0,355000000.0,0.0,0.0,0.0,3468000000.0,1724000000.0,1744000000.0,6452236000.0,111000000.0,-36000000.0,-168000000.0,-1000000.0,0.0,-169000000.0,-83000000.0,50000000.0,347000000.0,16000000.0,290000000.0,290000000.0,290000000.0,0.0,0.0,0.048,1383000000.0,233000000.0,492000000.0,0.0,3.093,22.249,22.332,670000000.0,0.0,34.615,1.078,1.085,1304000000.0,989000000.0,5984000000.0,5984000000.0,242000000.0,0.053,0.149,0.081,0.046,5000000.0,1141000000.0,1.0,186400000.0,187600000.0,191500000.0,31.898,5430000000.0,372000000.0,-39000000.0,500000000.0,28.945,909000000.0
67,NCR,MRT,2004-09-30,2004-09-30,2004-09-30,2021-09-08,21000000.0,5410000000.0,5367500000.0,2375000000.0,3035000000.0,1.088,10.262,-244000000.0,625000000.0,625000000.0,4235000000.0,241000000.0,1.49,1.824,311000000.0,4000000.0,307000000.0,311000000.0,375000000.0,281000000.0,0.0,0.0,0.0,232000000.0,513000000.0,0.088,513000000.0,232000000.0,209000000.0,1.285,1.245,1.285,1916000000.0,1898000000.0,1916000000.0,4348378000.0,19.0,8.476,164000000.0,0.878,1.0,1604000000.0,0.275,119000000.0,23000000.0,3383000000.0,3334750000.0,392000000.0,0.0,0.0,0.0,3494000000.0,1594000000.0,1900000000.0,4671378000.0,34000000.0,0.0,-131000000.0,-7000000.0,0.0,-87000000.0,-296000000.0,-10000000.0,408000000.0,9000000.0,241000000.0,241000000.0,241000000.0,0.0,0.0,0.041,1387000000.0,217000000.0,419000000.0,0.0,2.438,19.383,19.296,697000000.0,0.0,24.795,0.8,0.793,1143000000.0,860000000.0,5839000000.0,5839000000.0,236000000.0,0.045,0.127,0.07,0.04,0.0,1151000000.0,1.0,188400000.0,186700000.0,190400000.0,31.275,5291000000.0,554000000.0,-32000000.0,0.0,28.34,781000000.0
68,NCR,MRT,2004-06-30,2004-06-30,2004-06-30,2021-09-08,29000000.0,5440000000.0,5202000000.0,2415000000.0,3025000000.0,1.103,10.308,-224000000.0,633000000.0,633000000.0,4157000000.0,215000000.0,1.509,1.803,310000000.0,4000000.0,306000000.0,310000000.0,427000000.0,288000000.0,0.0,0.0,0.0,201000000.0,489000000.0,0.085,489000000.0,201000000.0,177000000.0,1.14,1.11,1.14,1941000000.0,1745750000.0,1941000000.0,4337214000.0,22.0,8.87,107000000.0,0.568,1.0,1583000000.0,0.276,105000000.0,24000000.0,3412000000.0,3235750000.0,382000000.0,0.0,0.0,0.0,3499000000.0,1600000000.0,1899000000.0,4691214000.0,38000000.0,0.0,-81000000.0,-1000000.0,0.0,-53000000.0,-251000000.0,-10000000.0,331000000.0,11000000.0,215000000.0,215000000.0,215000000.0,0.0,0.0,0.037,1392000000.0,191000000.0,425000000.0,0.0,2.417,21.82,21.75,703000000.0,0.0,24.795,0.817,0.813,1195000000.0,816000000.0,5740000000.0,5740000000.0,234000000.0,0.041,0.123,0.062,0.035,0.0,1158000000.0,1.0,189200000.0,188300000.0,192300000.0,30.483,5335000000.0,553000000.0,-38000000.0,0.0,28.332,815000000.0
69,NCR,MRT,2004-03-31,2004-03-31,2004-03-31,2021-09-08,30000000.0,5423000000.0,5021250000.0,2371000000.0,3052000000.0,1.126,9.836,-199000000.0,666000000.0,666000000.0,4105000000.0,80000000.0,1.526,1.916,312000000.0,4000000.0,308000000.0,312000000.0,445000000.0,299000000.0,0.0,0.0,0.0,127000000.0,426000000.0,0.075,426000000.0,127000000.0,103000000.0,0.42,0.41,0.42,1860000000.0,1584250000.0,1860000000.0,3806700000.0,30.0,8.936,149000000.0,0.788,1.0,1549000000.0,0.274,105000000.0,24000000.0,3410000000.0,3120000000.0,341000000.0,0.0,0.0,0.0,3563000000.0,1554000000.0,2009000000.0,4185700000.0,128000000.0,0.0,-38000000.0,-9000000.0,0.0,-22000000.0,-221000000.0,-10000000.0,348000000.0,23000000.0,80000000.0,80000000.0,80000000.0,0.0,0.0,0.014,1395000000.0,154000000.0,363000000.0,0.0,2.25,52.321,52.452,716000000.0,0.0,22.03,0.74,0.737,1171000000.0,695000000.0,5654000000.0,5654000000.0,231000000.0,0.016,0.05,0.041,0.022,0.0,1164000000.0,1.0,190000000.0,189100000.0,189100000.0,29.9,5318000000.0,550000000.0,23000000.0,0.0,28.123,817000000.0
70,NCR,MRT,2003-12-31,2003-12-31,2003-12-31,2021-09-08,9000000.0,5197000000.0,4807500000.0,2422000000.0,2775000000.0,1.164,9.868,-222000000.0,689000000.0,689000000.0,4064000000.0,58000000.0,1.534,1.772,310000000.0,3000000.0,307000000.0,310000000.0,362000000.0,315000000.0,0.0,0.0,0.0,98000000.0,413000000.0,0.074,413000000.0,98000000.0,72000000.0,0.31,0.3,0.31,1875000000.0,1433500000.0,1875000000.0,3406480000.0,35.0,8.248,219000000.0,1.153,1.0,1534000000.0,0.274,105000000.0,26000000.0,3134000000.0,2989750000.0,308000000.0,0.0,0.0,0.0,3322000000.0,1579000000.0,1743000000.0,3670480000.0,153000000.0,0.0,-55000000.0,-1000000.0,0.0,-76000000.0,-235000000.0,-10000000.0,441000000.0,23000000.0,58000000.0,58000000.0,58000000.0,0.0,0.0,0.01,1404000000.0,130000000.0,414000000.0,0.0,1.958,63.284,62.581,746000000.0,0.0,19.4,0.656,0.658,1230000000.0,699000000.0,5598000000.0,5598000000.0,233000000.0,0.012,0.04,0.033,0.018,0.0,1171000000.0,1.0,189200000.0,190000000.0,191700000.0,29.463,5092000000.0,275000000.0,14000000.0,447000000.0,26.8,843000000.0
71,NCR,MRT,2003-09-30,2003-09-30,2003-09-30,2021-09-08,-474000000.0,4748000000.0,4676250000.0,2239000000.0,2509000000.0,1.184,6.908,-203000000.0,581000000.0,581000000.0,4056000000.0,35000000.0,1.608,2.633,317000000.0,11000000.0,306000000.0,317000000.0,332000000.0,321000000.0,0.0,0.0,0.0,42000000.0,363000000.0,0.066,363000000.0,42000000.0,16000000.0,0.165,0.165,0.165,1307000000.0,1296000000.0,1307000000.0,2731212000.0,65.0,7.524,215000000.0,1.136,1.0,1480000000.0,0.267,105000000.0,26000000.0,2987000000.0,2940750000.0,319000000.0,0.0,0.0,0.0,3441000000.0,1392000000.0,2049000000.0,3004212000.0,80000000.0,0.0,-27000000.0,-10000000.0,0.0,-103000000.0,-248000000.0,-40000000.0,418000000.0,13000000.0,35000000.0,35000000.0,35000000.0,0.0,0.0,0.006,1387000000.0,93000000.0,380000000.0,0.0,2.299,85.835,96.03,734000000.0,0.0,15.845,0.543,0.542,1152000000.0,619000000.0,5536000000.0,5536000000.0,230000000.0,0.007,0.027,0.014,0.008,0.0,1157000000.0,1.0,189600000.0,189200000.0,190600000.0,29.26,4643000000.0,615000000.0,-19000000.0,0.0,24.54,847000000.0
72,NCR,MRT,2003-06-30,2003-06-30,2003-06-30,2021-09-08,-478000000.0,4717000000.0,4698000000.0,2191000000.0,2526000000.0,1.183,6.83,-222000000.0,585000000.0,585000000.0,4056000000.0,58000000.0,1.574,2.642,312000000.0,6000000.0,306000000.0,312000000.0,403000000.0,329000000.0,0.0,0.0,0.0,55000000.0,384000000.0,0.069,384000000.0,55000000.0,29000000.0,0.28,0.28,0.28,1295000000.0,1410000000.0,1295000000.0,2233148000.0,41.0,5.815,85000000.0,0.448,1.0,1502000000.0,0.27,103000000.0,26000000.0,2949000000.0,2983500000.0,297000000.0,0.0,0.0,0.0,3422000000.0,1392000000.0,2030000000.0,2444148000.0,-24000000.0,0.0,-38000000.0,-6000000.0,0.0,-81000000.0,-262000000.0,-40000000.0,307000000.0,12000000.0,58000000.0,58000000.0,58000000.0,0.0,0.0,0.01,1389000000.0,113000000.0,342000000.0,0.0,1.887,42.14,45.75,750000000.0,0.0,12.81,0.44,0.437,1132000000.0,601000000.0,5558000000.0,5558000000.0,230000000.0,0.012,0.041,0.018,0.01,0.0,1159000000.0,1.0,190800000.0,189600000.0,189600000.0,29.314,4614000000.0,614000000.0,-29000000.0,0.0,24.335,799000000.0
73,NCR,MRT,2003-03-31,2003-03-31,2003-03-31,2021-09-08,-531000000.0,4568000000.0,4735250000.0,2097000000.0,2471000000.0,1.177,6.547,-240000000.0,529000000.0,529000000.0,4028000000.0,97000000.0,1.536,2.634,318000000.0,13000000.0,305000000.0,318000000.0,433000000.0,331000000.0,0.0,0.0,0.0,112000000.0,443000000.0,0.08,443000000.0,112000000.0,88000000.0,0.48,0.475,0.48,1257000000.0,1517750000.0,1257000000.0,1560747868.0,14.0,3.523,28000000.0,0.146,1.0,1544000000.0,0.277,103000000.0,24000000.0,2889000000.0,2996250000.0,274000000.0,0.0,0.0,0.0,3311000000.0,1365000000.0,1946000000.0,1775747868.0,110000000.0,0.0,-65000000.0,205000000.0,0.0,114000000.0,-285000000.0,-40000000.0,268000000.0,13000000.0,97000000.0,97000000.0,97000000.0,0.0,0.0,0.017,1407000000.0,137000000.0,307000000.0,0.0,1.413,18.307,19.104,776000000.0,0.0,9.17,0.319,0.316,1107000000.0,614000000.0,5572000000.0,5572000000.0,235000000.0,0.02,0.064,0.037,0.02,0.0,1161000000.0,1.0,193647532.0,192000000.0,192000000.0,29.021,4465000000.0,0.0,-9000000.0,0.0,23.255,732000000.0
74,NCR,MRT,2002-12-31,2002-12-31,2002-12-31,2021-09-08,-534000000.0,4672000000.0,4800000000.0,2186000000.0,2486000000.0,1.164,6.771,-236000000.0,526000000.0,526000000.0,3998000000.0,-220000000.0,1.543,2.526,311000000.0,5000000.0,306000000.0,311000000.0,339000000.0,328000000.0,0.0,0.0,0.0,-198000000.0,130000000.0,0.023,130000000.0,-198000000.0,-217000000.0,-1.13,-1.1,-1.13,1325000000.0,1713000000.0,1325000000.0,2183120598.0,-11.0,16.793,11000000.0,0.056,1.0,1587000000.0,0.284,102000000.0,19000000.0,2938000000.0,2925250000.0,263000000.0,0.0,0.0,0.0,3347000000.0,1417000000.0,1930000000.0,2316120598.0,151000000.0,0.0,-15000000.0,163000000.0,0.0,151000000.0,-260000000.0,-40000000.0,247000000.0,13000000.0,-220000000.0,-220000000.0,-220000000.0,0.0,0.0,-0.039,1398000000.0,189000000.0,364000000.0,0.0,1.748,-10.528,-10.504,792000000.0,0.0,11.87,0.415,0.416,1204000000.0,641000000.0,5585000000.0,5585000000.0,232000000.0,-0.046,-0.128,-0.068,-0.035,0.0,1166000000.0,1.0,195123892.0,195700000.0,199800000.0,28.539,4570000000.0,596000000.0,3000000.0,0.0,23.352,769000000.0
75,NCR,MRT,2002-09-30,2002-09-30,2002-09-30,2021-09-08,-39000000.0,4835000000.0,4845750000.0,2162000000.0,2673000000.0,1.156,9.013,-282000000.0,461000000.0,461000000.0,3944000000.0,-206000000.0,1.497,1.736,328000000.0,22000000.0,306000000.0,328000000.0,358000000.0,351000000.0,0.0,0.0,0.0,-146000000.0,205000000.0,0.037,205000000.0,-146000000.0,-161000000.0,-1.045,-1.01,-1.045,1763000000.0,1888500000.0,1763000000.0,1690258053.0,-12.0,8.245,-132000000.0,-0.675,1.0,1660000000.0,0.296,100000000.0,15000000.0,3158000000.0,2865500000.0,311000000.0,0.0,0.0,0.0,3061000000.0,1444000000.0,1617000000.0,1941258053.0,196000000.0,38000000.0,44000000.0,182000000.0,0.0,195000000.0,-156000000.0,18000000.0,150000000.0,7000000.0,-206000000.0,-206000000.0,-206000000.0,0.0,0.0,-0.037,1447000000.0,213000000.0,367000000.0,0.0,1.101,-9.424,-9.474,822000000.0,0.0,9.9,0.346,0.346,1196000000.0,584000000.0,5604000000.0,5604000000.0,245000000.0,-0.043,-0.109,-0.051,-0.026,0.0,1191000000.0,1.0,196086672.0,195600000.0,199200000.0,28.65,4735000000.0,0.0,45000000.0,0.0,24.208,718000000.0
76,NCR,MRT,2002-06-30,2002-06-30,2002-06-30,2021-09-08,-60000000.0,4866000000.0,4846500000.0,2208000000.0,2658000000.0,1.17,8.77,-259000000.0,569000000.0,569000000.0,3997000000.0,-253000000.0,1.457,1.819,318000000.0,12000000.0,306000000.0,318000000.0,378000000.0,375000000.0,0.0,0.0,0.0,-195000000.0,180000000.0,0.032,180000000.0,-195000000.0,-209000000.0,-1.29,-1.255,-1.29,1726000000.0,1933500000.0,1726000000.0,3142396686.0,-16.0,17.458,-47000000.0,-0.239,1.0,1672000000.0,0.295,100000000.0,14000000.0,3000000000.0,2868750000.0,296000000.0,0.0,0.0,0.0,3140000000.0,1515000000.0,1625000000.0,3407396686.0,269000000.0,38000000.0,50000000.0,176000000.0,0.0,202000000.0,-156000000.0,26000000.0,212000000.0,11000000.0,-253000000.0,-253000000.0,-253000000.0,0.0,0.0,-0.045,1477000000.0,195000000.0,385000000.0,0.0,1.974,-13.468,-13.411,838000000.0,0.0,17.3,0.601,0.601,1130000000.0,543000000.0,5669000000.0,5669000000.0,257000000.0,-0.052,-0.131,-0.068,-0.034,0.0,1209000000.0,1.0,196959346.0,196800000.0,201000000.0,28.806,4766000000.0,0.0,44000000.0,0.0,24.217,693000000.0
77,NCR,MRT,2002-03-31,2002-03-31,2002-03-31,2021-09-08,-85000000.0,4827000000.0,4824250000.0,1947000000.0,2880000000.0,1.2,10.409,-264000000.0,379000000.0,379000000.0,4054000000.0,-244000000.0,1.294,1.368,114000000.0,106000000.0,8000000.0,114000000.0,407000000.0,398000000.0,0.0,0.0,0.0,-176000000.0,222000000.0,0.038,222000000.0,-176000000.0,-192000000.0,-1.24,-1.205,-1.24,2038000000.0,1994000000.0,2038000000.0,4198110882.0,-24.0,18.91,-74000000.0,-0.378,1.0,1734000000.0,0.3,452000000.0,16000000.0,2605000000.0,2899000000.0,282000000.0,0.0,0.0,0.0,2789000000.0,1505000000.0,1284000000.0,4386110882.0,73000000.0,38000000.0,75000000.0,-19000000.0,0.0,61000000.0,-175000000.0,19000000.0,190000000.0,-3000000.0,-244000000.0,-244000000.0,-244000000.0,0.0,0.0,-0.042,1520000000.0,214000000.0,334000000.0,0.0,2.152,-17.976,-18.044,827000000.0,0.0,22.375,0.758,0.757,1081000000.0,865000000.0,5788000000.0,5788000000.0,273000000.0,-0.051,-0.122,-0.061,-0.03,0.0,1247000000.0,1.0,196027302.0,195800000.0,201200000.0,29.561,4375000000.0,0.0,52000000.0,0.0,22.344,442000000.0
78,NCR,MRT,2001-12-31,2001-12-31,2001-12-31,2021-09-08,-70000000.0,4855000000.0,4816500000.0,1963000000.0,2892000000.0,1.228,10.481,-285000000.0,336000000.0,336000000.0,4123000000.0,217000000.0,1.293,1.395,148000000.0,138000000.0,10000000.0,148000000.0,319000000.0,423000000.0,0.0,0.0,0.0,138000000.0,561000000.0,0.095,561000000.0,138000000.0,120000000.0,1.125,1.09,1.125,2027000000.0,1952250000.0,2027000000.0,3442690132.0,25.0,6.137,-139000000.0,-0.719,1.0,1794000000.0,0.303,450000000.0,18000000.0,2699000000.0,3003000000.0,280000000.0,0.0,0.0,0.0,2828000000.0,1518000000.0,1310000000.0,3580690132.0,-12000000.0,38000000.0,41000000.0,41000000.0,0.0,87000000.0,-233000000.0,9000000.0,146000000.0,-12000000.0,217000000.0,217000000.0,217000000.0,0.0,0.0,0.037,1608000000.0,186000000.0,362000000.0,0.0,1.766,16.501,16.382,853000000.0,0.0,18.43,0.605,0.602,1126000000.0,861000000.0,5917000000.0,5917000000.0,293000000.0,0.045,0.111,0.046,0.023,0.0,1315000000.0,1.0,194285954.0,193400000.0,199200000.0,30.595,4405000000.0,0.0,-97000000.0,0.0,22.777,445000000.0
79,NCR,MRT,2001-09-30,2001-09-30,2001-09-30,2021-09-08,-32000000.0,4838000000.0,4879250000.0,1911000000.0,2927000000.0,1.252,9.995,-340000000.0,284000000.0,284000000.0,4252000000.0,236000000.0,1.25,1.482,146000000.0,135000000.0,11000000.0,146000000.0,340000000.0,406000000.0,0.0,0.0,0.0,164000000.0,570000000.0,0.093,570000000.0,164000000.0,144000000.0,1.225,1.19,1.225,1943000000.0,1885000000.0,1943000000.0,2697003774.0,16.0,4.732,-134000000.0,-0.689,1.0,1857000000.0,0.304,0.0,20000000.0,3171000000.0,3083250000.0,312000000.0,0.0,0.0,0.0,2880000000.0,1529000000.0,1351000000.0,2881003774.0,-217000000.0,-248000000.0,-1000000.0,20000000.0,0.0,43000000.0,-454000000.0,121000000.0,206000000.0,-12000000.0,236000000.0,236000000.0,236000000.0,0.0,0.0,0.039,1669000000.0,188000000.0,414000000.0,0.0,1.483,12.208,12.102,927000000.0,0.0,14.825,0.472,0.472,1064000000.0,790000000.0,6109000000.0,6109000000.0,308000000.0,0.048,0.125,0.053,0.027,0.0,1361000000.0,1.0,194334150.0,194400000.0,194400000.0,31.425,4838000000.0,0.0,-92000000.0,0.0,24.887,382000000.0
80,NCR,MRT,2001-06-30,2001-06-30,2001-06-30,2021-09-08,-36000000.0,4777000000.0,4873500000.0,1943000000.0,2834000000.0,1.258,10.176,-248000000.0,327000000.0,327000000.0,4219000000.0,296000000.0,1.32,1.427,143000000.0,131000000.0,12000000.0,143000000.0,372000000.0,386000000.0,0.0,0.0,0.0,257000000.0,643000000.0,0.105,643000000.0,257000000.0,239000000.0,1.545,1.5,1.545,1968000000.0,1824250000.0,1968000000.0,4342537816.0,17.0,6.754,14000000.0,0.072,1.0,1912000000.0,0.312,0.0,18000000.0,3121000000.0,2974500000.0,309000000.0,0.0,0.0,0.0,2809000000.0,1472000000.0,1337000000.0,4534537816.0,-106000000.0,-263000000.0,-18000000.0,24000000.0,0.0,31000000.0,-379000000.0,129000000.0,262000000.0,-20000000.0,296000000.0,296000000.0,296000000.0,0.0,0.0,0.048,1692000000.0,220000000.0,386000000.0,0.0,2.304,15.319,15.21,935000000.0,0.0,23.5,0.74,0.741,1060000000.0,796000000.0,6131000000.0,6131000000.0,317000000.0,0.061,0.162,0.086,0.042,0.0,1375000000.0,1.0,192959056.0,193400000.0,200600000.0,31.701,4777000000.0,0.0,-57000000.0,0.0,24.7,471000000.0
81,NCR,MRT,2001-03-31,2001-03-31,2001-03-31,2021-09-08,-46000000.0,4796000000.0,4873500000.0,1996000000.0,2800000000.0,1.248,9.775,-224000000.0,325000000.0,325000000.0,4161000000.0,300000000.0,1.261,1.563,133000000.0,123000000.0,10000000.0,133000000.0,432000000.0,372000000.0,0.0,0.0,0.0,265000000.0,637000000.0,0.105,637000000.0,265000000.0,250000000.0,1.57,1.52,1.57,1871000000.0,1757750000.0,1871000000.0,3491322245.0,13.0,5.481,-40000000.0,-0.209,1.0,1919000000.0,0.316,0.0,15000000.0,3021000000.0,2888500000.0,329000000.0,0.0,0.0,0.0,2925000000.0,1583000000.0,1342000000.0,3741322245.0,-153000000.0,-294000000.0,-20000000.0,12000000.0,0.0,-3000000.0,-319000000.0,192000000.0,184000000.0,-15000000.0,300000000.0,300000000.0,300000000.0,0.0,0.0,0.049,1715000000.0,204000000.0,406000000.0,0.0,2.0,12.471,12.43,949000000.0,0.0,19.515,0.615,0.614,1092000000.0,761000000.0,6080000000.0,6080000000.0,339000000.0,0.062,0.171,0.092,0.044,0.0,1376000000.0,1.0,191715206.0,191400000.0,198600000.0,31.766,4796000000.0,0.0,-50000000.0,0.0,25.057,413000000.0
82,NCR,MRT,2000-12-31,2000-12-31,2000-12-31,2021-09-08,-43000000.0,5106000000.0,4873000000.0,2234000000.0,2872000000.0,1.223,9.243,-218000000.0,357000000.0,357000000.0,4092000000.0,178000000.0,1.217,1.904,107000000.0,96000000.0,11000000.0,107000000.0,344000000.0,361000000.0,0.0,0.0,0.0,288000000.0,649000000.0,0.109,649000000.0,288000000.0,275000000.0,0.935,0.91,0.935,1758000000.0,1689250000.0,1758000000.0,4199638964.0,15.0,6.471,-47000000.0,-0.247,1.0,1867000000.0,0.313,0.0,13000000.0,3020000000.0,2784000000.0,288000000.0,0.0,0.0,0.0,3348000000.0,1836000000.0,1512000000.0,4737638964.0,-224000000.0,-319000000.0,12000000.0,-14000000.0,0.0,-7000000.0,-367000000.0,182000000.0,171000000.0,-21000000.0,178000000.0,178000000.0,178000000.0,0.0,0.0,0.03,1662000000.0,205000000.0,521000000.0,0.0,2.695,26.616,26.273,960000000.0,0.0,24.565,0.795,0.784,1338000000.0,644000000.0,5959000000.0,5959000000.0,333000000.0,0.037,0.105,0.103,0.048,0.0,1329000000.0,1.0,192861346.0,190200000.0,196000000.0,31.33,5106000000.0,0.0,97000000.0,0.0,26.845,398000000.0
83,NCR,MRT,2000-09-30,2000-09-30,2000-09-30,2021-09-08,-17000000.0,4815000000.0,4820250000.0,2365000000.0,2450000000.0,1.23,8.845,-75000000.0,621000000.0,621000000.0,4094000000.0,323000000.0,1.535,1.824,83000000.0,45000000.0,38000000.0,83000000.0,357000000.0,352000000.0,0.0,0.0,0.0,227000000.0,579000000.0,0.098,579000000.0,227000000.0,214000000.0,1.67,1.62,1.67,1700000000.0,1648750000.0,1700000000.0,3133902280.0,14.0,5.413,242000000.0,1.259,1.0,1834000000.0,0.309,0.0,13000000.0,2736000000.0,2665750000.0,311000000.0,0.0,0.0,0.0,3101000000.0,1541000000.0,1560000000.0,3619902280.0,6000000.0,-103000000.0,-62000000.0,-13000000.0,0.0,-93000000.0,-203000000.0,-20000000.0,317000000.0,-15000000.0,323000000.0,323000000.0,323000000.0,0.0,0.0,0.054,1769000000.0,65000000.0,388000000.0,0.0,2.129,11.207,11.284,929000000.0,0.0,18.845,0.611,0.611,1152000000.0,554000000.0,5928000000.0,5928000000.0,340000000.0,0.067,0.196,0.085,0.038,0.0,1429000000.0,1.0,192088208.0,192200000.0,198200000.0,30.843,4815000000.0,0.0,-109000000.0,0.0,25.052,824000000.0
84,NCR,MRT,2000-06-30,2000-06-30,2000-06-30,2021-09-08,8000000.0,4777000000.0,4812250000.0,2331000000.0,2446000000.0,1.246,8.92,-112000000.0,561000000.0,561000000.0,4159000000.0,322000000.0,1.54,1.807,75000000.0,37000000.0,38000000.0,75000000.0,422000000.0,358000000.0,0.0,0.0,0.0,227000000.0,585000000.0,0.098,585000000.0,227000000.0,215000000.0,1.655,1.61,1.655,1702000000.0,1589000000.0,1702000000.0,3112693229.0,14.0,5.321,263000000.0,1.378,1.0,1835000000.0,0.306,0.0,12000000.0,2777000000.0,2643000000.0,299000000.0,0.0,0.0,0.0,3075000000.0,1514000000.0,1561000000.0,3704693229.0,-35000000.0,-88000000.0,-128000000.0,-37000000.0,0.0,-176000000.0,-232000000.0,-20000000.0,375000000.0,-2000000.0,322000000.0,322000000.0,322000000.0,0.0,0.0,0.054,1785000000.0,50000000.0,335000000.0,0.0,2.177,11.505,11.764,972000000.0,0.0,19.47,0.618,0.62,1173000000.0,498000000.0,5994000000.0,5994000000.0,345000000.0,0.067,0.203,0.086,0.038,0.0,1440000000.0,1.0,190277002.0,190800000.0,197600000.0,31.415,4777000000.0,0.0,-107000000.0,0.0,25.037,817000000.0
85,NCR,MRT,2000-03-31,2000-03-31,2000-03-31,2021-09-08,36000000.0,4794000000.0,4798000000.0,2434000000.0,2360000000.0,1.275,8.504,-145000000.0,670000000.0,670000000.0,4254000000.0,329000000.0,1.522,1.992,78000000.0,39000000.0,39000000.0,78000000.0,498000000.0,359000000.0,0.0,0.0,0.0,236000000.0,595000000.0,0.097,595000000.0,236000000.0,225000000.0,1.685,1.64,1.685,1597000000.0,1514000000.0,1597000000.0,3079586471.0,13.0,5.176,378000000.0,2.013,1.0,1864000000.0,0.305,0.0,11000000.0,2603000000.0,2599000000.0,292000000.0,0.0,0.0,0.0,3182000000.0,1599000000.0,1583000000.0,3765586471.0,-117000000.0,-57000000.0,-188000000.0,-19000000.0,0.0,-216000000.0,-413000000.0,-191000000.0,523000000.0,-11000000.0,329000000.0,329000000.0,329000000.0,0.0,0.0,0.054,1796000000.0,68000000.0,295000000.0,0.0,2.358,11.446,11.908,981000000.0,0.0,20.065,0.615,0.616,1132000000.0,459000000.0,6118000000.0,6118000000.0,331000000.0,0.069,0.217,0.091,0.039,0.0,1465000000.0,1.0,187669398.0,187800000.0,193000000.0,32.577,4794000000.0,0.0,-104000000.0,0.0,25.527,835000000.0
86,NCR,MRT,1999-12-31,1999-12-31,1999-12-31,2021-09-08,48000000.0,4895000000.0,4799250000.0,2541000000.0,2354000000.0,1.291,8.176,-129000000.0,763000000.0,763000000.0,4306000000.0,337000000.0,1.529,2.059,77000000.0,37000000.0,40000000.0,77000000.0,365000000.0,358000000.0,0.0,0.0,0.0,247000000.0,605000000.0,0.098,605000000.0,247000000.0,235000000.0,1.725,1.675,1.725,1596000000.0,1482500000.0,1596000000.0,3157767386.0,13.0,5.219,478000000.0,2.449,1.0,1890000000.0,0.305,0.0,12000000.0,2547000000.0,2619500000.0,299000000.0,0.0,0.0,0.0,3286000000.0,1662000000.0,1624000000.0,3657767386.0,83000000.0,-32000000.0,-186000000.0,-6000000.0,0.0,-194000000.0,-326000000.0,-165000000.0,607000000.0,-4000000.0,337000000.0,337000000.0,337000000.0,0.0,0.0,0.054,1812000000.0,78000000.0,378000000.0,0.0,2.292,10.854,10.98,1002000000.0,0.0,18.94,0.59,0.597,1197000000.0,466000000.0,6196000000.0,6196000000.0,341000000.0,0.07,0.227,0.094,0.04,0.0,1471000000.0,1.0,193123938.0,195200000.0,201200000.0,31.742,4895000000.0,0.0,-102000000.0,0.0,25.077,879000000.0
87,NCR,MRT,1999-09-30,1999-09-30,1999-09-30,2021-09-08,0.0,4783000000.0,4798500000.0,2435000000.0,2348000000.0,1.355,7.485,-180000000.0,595000000.0,595000000.0,4520000000.0,151000000.0,1.487,2.274,95000000.0,63000000.0,32000000.0,95000000.0,364000000.0,368000000.0,0.0,0.0,0.0,256000000.0,624000000.0,0.096,624000000.0,256000000.0,243000000.0,0.765,0.75,0.765,1461000000.0,1445250000.0,1461000000.0,2781033886.0,11.0,4.457,221000000.0,1.132,1.0,1982000000.0,0.305,0.0,13000000.0,2645000000.0,2673000000.0,392000000.0,0.0,0.0,0.0,3322000000.0,1638000000.0,1684000000.0,3247033886.0,33000000.0,-274000000.0,-161000000.0,-13000000.0,0.0,-90000000.0,-301000000.0,245000000.0,401000000.0,23000000.0,151000000.0,151000000.0,151000000.0,0.0,0.0,0.023,1797000000.0,185000000.0,321000000.0,0.0,2.222,21.504,21.608,1082000000.0,0.0,16.53,0.499,0.496,1291000000.0,1426000000.0,6502000000.0,6502000000.0,348000000.0,0.031,0.104,0.096,0.039,0.0,1449000000.0,1.0,196432782.0,195200000.0,202200000.0,33.309,4783000000.0,0.0,92000000.0,0.0,24.503,797000000.0
88,NCR,MRT,1999-06-30,1999-06-30,1999-06-30,2021-09-08,0.0,4720000000.0,4809000000.0,2469000000.0,2251000000.0,1.357,7.131,-235000000.0,576000000.0,576000000.0,4548000000.0,123000000.0,1.494,2.367,110000000.0,78000000.0,32000000.0,110000000.0,0.0,365000000.0,401000000.0,0.0,0.0,210000000.0,575000000.0,0.088,575000000.0,210000000.0,199000000.0,0.62,0.61,0.62,1402000000.0,1396750000.0,1402000000.0,4385074249.0,21.0,7.626,-18000000.0,-0.092,1.0,1979000000.0,0.303,0.0,11000000.0,2601000000.0,2648000000.0,394000000.0,0.0,0.0,0.0,3318000000.0,1653000000.0,1665000000.0,4884074249.0,-152000000.0,-274000000.0,-184000000.0,9000000.0,0.0,-107000000.0,-281000000.0,313000000.0,217000000.0,19000000.0,123000000.0,123000000.0,123000000.0,0.0,0.0,0.019,1813000000.0,166000000.0,327000000.0,0.0,3.484,39.708,39.363,1065000000.0,0.0,24.405,0.748,0.735,1354000000.0,1420000000.0,6527000000.0,6527000000.0,353000000.0,0.026,0.088,0.079,0.032,0.0,1460000000.0,1.0,200125968.0,196600000.0,204200000.0,33.199,4720000000.0,0.0,76000000.0,0.0,24.008,816000000.0
89,NCR,MRT,1999-03-31,1999-03-31,1999-03-31,2021-09-08,0.0,4799000000.0,4884500000.0,2509000000.0,2290000000.0,1.337,7.429,-26000000.0,595000000.0,595000000.0,4577000000.0,125000000.0,1.554,2.262,96000000.0,63000000.0,33000000.0,96000000.0,0.0,360000000.0,483000000.0,0.0,0.0,230000000.0,590000000.0,0.09,590000000.0,230000000.0,217000000.0,0.62,0.615,0.62,1471000000.0,1380750000.0,1471000000.0,4542916400.0,20.0,7.7,-26000000.0,-0.131,1.0,1952000000.0,0.299,0.0,13000000.0,2685000000.0,2612500000.0,399000000.0,0.0,0.0,0.0,3328000000.0,1615000000.0,1713000000.0,4973916400.0,-212000000.0,-274000000.0,-200000000.0,-10000000.0,0.0,-139000000.0,-90000000.0,299000000.0,0.0,17000000.0,125000000.0,125000000.0,125000000.0,0.0,0.0,0.019,1824000000.0,128000000.0,303000000.0,0.0,3.381,39.791,40.323,1094000000.0,0.0,25.0,0.762,0.758,1357000000.0,1464000000.0,6529000000.0,6529000000.0,359000000.0,0.026,0.091,0.088,0.035,0.0,1465000000.0,1.0,198956656.0,198000000.0,205800000.0,32.975,4799000000.0,0.0,92000000.0,0.0,24.237,894000000.0
90,NCR,MRT,1998-12-31,1998-12-31,1998-12-31,2021-09-08,22000000.0,4892000000.0,4994500000.0,2632000000.0,2260000000.0,1.302,7.163,-35000000.0,514000000.0,514000000.0,4583000000.0,122000000.0,1.548,2.381,83000000.0,50000000.0,33000000.0,83000000.0,352000000.0,364000000.0,0.0,0.0,0.0,225000000.0,589000000.0,0.091,589000000.0,225000000.0,212000000.0,0.605,0.6,0.605,1447000000.0,1353250000.0,1447000000.0,3666344302.0,16.0,6.225,-114000000.0,-0.564,1.0,1922000000.0,0.295,0.0,13000000.0,2761000000.0,2528250000.0,384000000.0,0.0,0.0,0.0,3445000000.0,1700000000.0,1745000000.0,4094344302.0,-398000000.0,-274000000.0,-200000000.0,-11000000.0,0.0,-154000000.0,-186000000.0,217000000.0,-79000000.0,21000000.0,122000000.0,122000000.0,122000000.0,0.0,0.0,0.019,1820000000.0,102000000.0,376000000.0,0.0,2.83,33.56,34.504,1104000000.0,0.0,20.875,0.629,0.648,1556000000.0,129000000.0,6505000000.0,6505000000.0,360000000.0,0.024,0.09,0.089,0.035,0.0,1460000000.0,1.0,196136254.0,202000000.0,204200000.0,32.203,4892000000.0,0.0,90000000.0,0.0,24.218,932000000.0
91,NCR,MRT,1998-09-30,1998-09-30,1998-09-30,2021-09-08,0.0,4825000000.0,5115500000.0,2647000000.0,2178000000.0,1.257,6.341,-10000000.0,536000000.0,536000000.0,4576000000.0,109000000.0,1.429,2.808,108000000.0,75000000.0,33000000.0,108000000.0,0.0,379000000.0,401000000.0,0.0,0.0,194000000.0,573000000.0,0.089,573000000.0,194000000.0,181000000.0,0.535,0.53,0.535,1267000000.0,1329750000.0,1267000000.0,2246244785.0,12.0,3.92,127000000.0,0.636,1.0,1854000000.0,0.288,0.0,13000000.0,2545000000.0,2428750000.0,458000000.0,0.0,0.0,0.0,3558000000.0,1852000000.0,1706000000.0,2914244785.0,-330000000.0,0.0,-200000000.0,3000000.0,0.0,-138000000.0,-310000000.0,-110000000.0,137000000.0,-19000000.0,109000000.0,109000000.0,109000000.0,0.0,0.0,0.017,1798000000.0,56000000.0,293000000.0,0.0,2.3,26.736,26.869,1089000000.0,0.0,14.375,0.453,0.447,1485000000.0,1365000000.0,6430000000.0,6430000000.0,362000000.0,0.021,0.082,0.08,0.03,0.0,1436000000.0,1.0,202730072.0,199800000.0,201400000.0,32.182,4825000000.0,0.0,72000000.0,0.0,24.149,795000000.0
92,NCR,MRT,1998-06-30,1998-06-30,1998-06-30,2021-09-08,0.0,5022000000.0,5190500000.0,2900000000.0,2122000000.0,1.24,6.52,-30000000.0,770000000.0,770000000.0,4596000000.0,75000000.0,1.53,2.753,102000000.0,69000000.0,33000000.0,102000000.0,0.0,381000000.0,445000000.0,0.0,0.0,148000000.0,529000000.0,0.082,529000000.0,148000000.0,132000000.0,0.365,0.36,0.365,1338000000.0,1352500000.0,1338000000.0,2366947545.0,16.0,4.474,102000000.0,0.497,1.0,1842000000.0,0.286,0.0,16000000.0,2459000000.0,2379750000.0,451000000.0,0.0,0.0,0.0,3684000000.0,1895000000.0,1789000000.0,3366947545.0,-246000000.0,0.0,-78000000.0,10000000.0,0.0,-3000000.0,-320000000.0,-131000000.0,132000000.0,-55000000.0,75000000.0,75000000.0,75000000.0,0.0,0.0,0.012,1835000000.0,7000000.0,304000000.0,0.0,2.516,44.893,44.521,1101000000.0,0.0,16.25,0.523,0.518,1472000000.0,1458000000.0,6438000000.0,6438000000.0,372000000.0,0.014,0.055,0.062,0.023,0.0,1463000000.0,1.0,207196772.0,205200000.0,208200000.0,31.374,5022000000.0,0.0,57000000.0,0.0,24.474,1005000000.0
93,NCR,MRT,1998-03-31,1998-03-31,1998-03-31,2021-09-08,0.0,5239000000.0,5256250000.0,3218000000.0,2021000000.0,1.238,6.594,-266000000.0,1106000000.0,1106000000.0,4681000000.0,23000000.0,1.702,2.849,106000000.0,71000000.0,35000000.0,106000000.0,0.0,388000000.0,463000000.0,0.0,0.0,58000000.0,446000000.0,0.069,446000000.0,58000000.0,42000000.0,0.11,0.11,0.11,1361000000.0,1375500000.0,1361000000.0,2379988704.0,41.0,5.336,52000000.0,0.252,1.0,1828000000.0,0.281,0.0,16000000.0,2348000000.0,2335250000.0,545000000.0,0.0,0.0,0.0,3878000000.0,1891000000.0,1987000000.0,3414988704.0,-69000000.0,0.0,0.0,18000000.0,0.0,79000000.0,-437000000.0,-42000000.0,318000000.0,-29000000.0,23000000.0,23000000.0,23000000.0,0.0,0.0,0.004,1863000000.0,-35000000.0,336000000.0,0.0,2.509,148.478,150.273,1089000000.0,0.0,16.53,0.525,0.524,1355000000.0,7000000.0,6509000000.0,6509000000.0,377000000.0,0.004,0.017,0.025,0.009,0.0,1486000000.0,1.0,206593388.0,206400000.0,206400000.0,31.536,5239000000.0,0.0,19000000.0,0.0,25.383,1327000000.0
94,NCR,MRT,1997-12-31,1997-12-31,1997-12-31,2021-09-08,-93000000.0,5376000000.0,5238250000.0,3285000000.0,2091000000.0,1.258,6.632,-249000000.0,1129000000.0,1129000000.0,4715000000.0,7000000.0,1.661,2.973,94000000.0,59000000.0,35000000.0,94000000.0,348000000.0,383000000.0,0.0,0.0,0.0,42000000.0,425000000.0,0.065,425000000.0,42000000.0,27000000.0,0.035,0.035,0.035,1353000000.0,1365500000.0,1353000000.0,1936807958.0,46.0,4.557,38000000.0,0.186,1.0,1874000000.0,0.284,0.0,15000000.0,2363000000.0,2293250000.0,489000000.0,0.0,0.0,0.0,4023000000.0,1978000000.0,2045000000.0,2858807958.0,-277000000.0,0.0,0.0,18000000.0,0.0,62000000.0,-563000000.0,-203000000.0,287000000.0,-63000000.0,7000000.0,7000000.0,7000000.0,0.0,0.0,0.001,1893000000.0,-19000000.0,378000000.0,0.0,2.113,408.401,397.286,1106000000.0,0.0,13.905,0.434,0.431,1471000000.0,7000000.0,6589000000.0,6589000000.0,383000000.0,0.001,0.005,0.018,0.006,0.0,1510000000.0,1.0,205595682.0,204000000.0,204000000.0,32.299,5376000000.0,0.0,20000000.0,0.0,26.353,1307000000.0
95,NCR,MRT,1997-09-30,1997-09-30,1997-09-30,2021-09-08,0.0,5125000000.0,5214250000.0,3166000000.0,1959000000.0,1.273,6.624,-230000000.0,1027000000.0,1027000000.0,4643000000.0,-22000000.0,1.708,2.774,105000000.0,69000000.0,36000000.0,105000000.0,330000000.0,388000000.0,0.0,0.0,0.0,136000000.0,524000000.0,0.079,524000000.0,136000000.0,110000000.0,-0.11,,-0.11,1358000000.0,1376250000.0,1358000000.0,2506452867.0,18.0,4.783,-142000000.0,-0.693,1.0,1994000000.0,0.3,0.0,26000000.0,2349000000.0,2249000000.0,540000000.0,0.0,0.0,0.0,3767000000.0,1854000000.0,1913000000.0,3570452867.0,78000000.0,0.0,0.0,-27000000.0,0.0,558000000.0,-498000000.0,-181000000.0,88000000.0,-70000000.0,-22000000.0,-22000000.0,-22000000.0,0.0,0.0,-0.003,1920000000.0,74000000.0,300000000.0,0.0,2.629,-162.293,-158.545,1118000000.0,0.0,17.44,0.538,0.539,1363000000.0,-29000000.0,6637000000.0,6637000000.0,397000000.0,-0.004,-0.016,0.06,0.02,0.0,1578000000.0,1.0,204727802.0,205000000.0,,32.376,5125000000.0,0.0,132000000.0,0.0,25.0,1312000000.0
96,NCR,MRT,1997-06-30,1997-06-30,1997-06-30,2021-09-08,0.0,5285000000.0,,3363000000.0,1922000000.0,,7.003,-243000000.0,1156000000.0,1156000000.0,4705000000.0,-46000000.0,1.734,2.696,92000000.0,56000000.0,36000000.0,92000000.0,417000000.0,396000000.0,0.0,0.0,0.0,182000000.0,578000000.0,0.086,578000000.0,182000000.0,146000000.0,-0.225,,-0.225,1430000000.0,,1430000000.0,1974416261.0,11.0,3.416,-150000000.0,-0.735,1.0,2027000000.0,0.301,0.0,36000000.0,2281000000.0,,517000000.0,0.0,0.0,0.0,3855000000.0,1940000000.0,1915000000.0,3019416261.0,55000000.0,0.0,0.0,-46000000.0,0.0,571000000.0,-576000000.0,-276000000.0,93000000.0,-33000000.0,-46000000.0,-46000000.0,-46000000.0,0.0,0.0,-0.007,1908000000.0,119000000.0,303000000.0,0.0,2.111,-65.639,-65.844,1146000000.0,0.0,14.815,0.449,0.449,1446000000.0,-20000000.0,6732000000.0,6732000000.0,389000000.0,,,,0.027,0.0,1574000000.0,1.0,203808050.0,204200000.0,,32.968,5285000000.0,0.0,192000000.0,0.0,25.881,1423000000.0
97,NCR,MRT,1997-03-31,1997-03-31,1997-03-31,2021-09-08,0.0,5167000000.0,,3261000000.0,1906000000.0,,6.507,-348000000.0,1133000000.0,1133000000.0,4733000000.0,-60000000.0,1.679,2.911,88000000.0,44000000.0,44000000.0,88000000.0,0.0,405000000.0,434000000.0,0.0,0.0,193000000.0,598000000.0,0.088,598000000.0,193000000.0,148000000.0,-0.295,,-0.295,1321000000.0,,1321000000.0,2479941166.0,13.0,4.147,-280000000.0,-1.379,1.0,2033000000.0,0.3,0.0,45000000.0,2180000000.0,,535000000.0,0.0,0.0,0.0,3846000000.0,1942000000.0,1904000000.0,3566941166.0,251000000.0,0.0,0.0,-39000000.0,0.0,846000000.0,-622000000.0,-245000000.0,68000000.0,-41000000.0,-60000000.0,-60000000.0,-60000000.0,0.0,0.0,-0.009,1884000000.0,149000000.0,314000000.0,0.0,2.7,-59.449,-59.542,1143000000.0,0.0,17.565,0.527,0.527,1336000000.0,-16000000.0,6766000000.0,6766000000.0,390000000.0,,,,0.029,0.0,1549000000.0,1.0,203070946.0,203000000.0,,33.33,5167000000.0,121000000.0,208000000.0,0.0,25.453,1319000000.0
98,NCR,MRT,1996-12-31,1996-12-31,1996-12-31,2021-09-08,0.0,5280000000.0,5268000000.0,3318000000.0,1962000000.0,1.322,6.884,-325000000.0,1203000000.0,1203000000.0,4925000000.0,-109000000.0,1.687,2.782,76000000.0,28000000.0,48000000.0,76000000.0,348000000.0,385000000.0,0.0,0.0,0.0,166000000.0,551000000.0,0.079,551000000.0,166000000.0,110000000.0,-0.535,-0.535,-0.535,1396000000.0,877000000.0,1396000000.0,,,,43000000.0,0.212,1.0,2038000000.0,0.293,0.0,56000000.0,2186000000.0,2291000000.0,439000000.0,0.0,0.0,0.0,3884000000.0,1967000000.0,1917000000.0,3413622602.0,849000000.0,0.0,0.0,-299000000.0,0.0,895000000.0,-395000000.0,-16000000.0,368000000.0,-19000000.0,-109000000.0,-109000000.0,-109000000.0,0.0,0.0,-0.016,1908000000.0,130000000.0,352000000.0,0.0,2.445,-31.318,-31.421,1207000000.0,0.0,16.81,0.49,0.49,1457000000.0,,6963000000.0,6963000000.0,390000000.0,-0.021,-0.124,0.072,0.024,0.0,1573000000.0,1.0,203070946.0,202800000.0,202800000.0,34.334,5280000000.0,0.0,219000000.0,0.0,26.036,1351000000.0
99,NCR,MRT,1996-09-30,1996-09-30,1996-09-30,2021-09-08,,,,,,,,,,,,,,,,,,,,,,,0.0,,,,,,,,,,,,,,,,,,1.0,,,,,,,,,,,,,,,,,,,,,,,,,,,,,,,,,,,,,,,,,,,,,,,,,,,,,,1.0,,202800000.0,,,,,,,,
100,NCR,MRT,1996-06-30,1996-06-30,1996-06-30,2021-09-08,,,,,,,,,,,,,,,,,,,,,,,0.0,,,,,,,,,,,,,,,,,,1.0,,,,,,,,,,,,,,,,,,,,,,,,,,,,,,,,,,,,,,,,,,,,,,,,,,,,,,1.0,,202800000.0,,,,,,,,
101,NCR,MRT,1996-03-31,1996-03-31,1996-03-31,2021-09-08,,,,,,,,,,,,,,,,,,,,,,,0.0,,,,,,,,,,,,,,,,,,1.0,,,,,,,,,,,,,,,,,,,,,,,,,,,,,,,,,,,,,,,,,,,,,,,,,,,,,,1.0,,202800000.0,,,,,,,,
102,NCR,MRT,1995-12-31,1995-12-31,1995-12-31,2021-09-08,0.0,5256000000.0,,3318000000.0,1938000000.0,,1.765,-83000000.0,314000000.0,314000000.0,7316000000.0,-2280000000.0,1.136,13.682,375000000.0,45000000.0,330000000.0,375000000.0,0.0,350000000.0,381000000.0,,0.0,-2326000000.0,-1976000000.0,-0.242,-1976000000.0,-2326000000.0,-2416000000.0,-11.245,-11.245,-11.245,358000000.0,,358000000.0,,,,-907000000.0,-4.472,1.0,846000000.0,0.104,0.0,90000000.0,2396000000.0,,621000000.0,24000000.0,24000000.0,0.0,4898000000.0,2921000000.0,1977000000.0,,-149000000.0,0.0,0.0,-338000000.0,0.0,696000000.0,-11000000.0,174000000.0,-824000000.0,-10000000.0,-2280000000.0,-2280000000.0,-2280000000.0,0.0,0.0,-0.279,3217000000.0,-2371000000.0,478000000.0,0.0,,,,1215000000.0,0.0,,,,1908000000.0,,8162000000.0,8162000000.0,585000000.0,,,,-0.285,0.0,2632000000.0,1.0,,202800000.0,202800000.0,40.247,5256000000.0,320000000.0,-136000000.0,118000000.0,25.917,397000000.0
103,NCR,MRT,1994-12-31,1994-12-31,1994-12-31,2021-09-08,,,,,,,,-364000000.0,,,5894000000.0,-203000000.0,,,,,,,,415000000.0,,,0.0,28000000.0,443000000.0,0.052,443000000.0,28000000.0,-16000000.0,,,,,,,,,,-977000000.0,,1.0,2567000000.0,0.303,,44000000.0,,,,,,,,,,,263000000.0,0.0,0.0,560000000.0,0.0,1330000000.0,-477000000.0,-55000000.0,-613000000.0,23000000.0,-203000000.0,-203000000.0,-203000000.0,0.0,0.0,-0.024,2669000000.0,-102000000.0,,,,,,,0.0,,,,,,8461000000.0,8461000000.0,500000000.0,,,,0.003,0.0,2169000000.0,1.0,,,,,,,187000000.0,,,
