None,ticker,dimension,calendardate,datekey,reportperiod,lastupdated,accoci,assets,assetsavg,assetsc,assetsnc,assetturnover,bvps,capex,cashneq,cashnequsd,cor,consolinc,currentratio,de,debt,debtc,debtnc,debtusd,deferredrev,depamor,deposits,divyield,dps,ebit,ebitda,ebitdamargin,ebitdausd,ebitusd,ebt,eps,epsdil,epsusd,equity,equityavg,equityusd,ev,evebit,evebitda,fcf,fcfps,fxusd,gp,grossmargin,intangibles,intexp,invcap,invcapavg,inventory,investments,investmentsc,investmentsnc,liabilities,liabilitiesc,liabilitiesnc,marketcap,ncf,ncfbus,ncfcommon,ncfdebt,ncfdiv,ncff,ncfi,ncfinv,ncfo,ncfx,netinc,netinccmn,netinccmnusd,netincdis,netincnci,netmargin,opex,opinc,payables,payoutratio,pb,pe,pe1,ppnenet,prefdivis,price,ps,ps1,receivables,retearn,revenue,revenueusd,rnd,roa,roe,roic,ros,sbcomp,sgna,sharefactor,sharesbas,shareswa,shareswadil,sps,tangibles,taxassets,taxexp,taxliabilities,tbvps,workingcapital
0,AMCC,MRY,2016-12-31,2016-03-31,2016-03-31,2019-06-10,-9553000.0,146292000.0,149657750.0,120033000.0,26259000.0,1.064,1.392,-2570000.0,25065000.0,25065000.0,69739000.0,-32571000.0,4.074,0.272,0.0,0.0,0.0,0.0,346000.0,7590000.0,0.0,0.0,0.0,-33195000.0,-25605000.0,-0.161,-25605000.0,-33195000.0,-33195000.0,-0.39,-0.39,-0.39,115038000.0,117143750.0,115038000.0,520881533.0,-16.0,-20.343,8215000.0,0.099,1.0,89548000.0,0.562,11425000.0,0.0,80341000.0,80402250.0,16148000.0,58780000.0,58780000.0,0.0,31254000.0,29461000.0,1793000.0,539651533.0,-11430000.0,0.0,2979000.0,0.0,0.0,1105000.0,-23320000.0,-20750000.0,10785000.0,0.0,-32571000.0,-32571000.0,-32571000.0,0.0,0.0,-0.204,125050000.0,-35502000.0,8599000.0,0.0,4.691,-16.568,-16.564,13293000.0,0.0,6.46,3.388,3.353,9265000.0,-5935392000.0,159287000.0,159287000.0,91518000.0,-0.218,-0.278,-0.413,-0.208,25804000.0,33507000.0,1.0,83537389.0,82668000,82668000.0,1.927,134867000.0,0.0,-624000.0,0.0,1.631,90572000.0
1,AMCC,MRY,2015-12-31,2015-03-31,2015-03-31,2019-06-10,-7486000.0,158863000.0,176311000.0,128119000.0,30744000.0,0.936,1.562,-9771000.0,36495000.0,36495000.0,69297000.0,-52058000.0,4.072,0.29,0.0,0.0,0.0,0.0,415000.0,8659000.0,0.0,0.0,0.0,-50966000.0,-42307000.0,-0.256,-42307000.0,-50966000.0,-50966000.0,-0.66,-0.66,-0.66,123105000.0,132802000.0,123105000.0,353534668.0,-7.0,-8.356,-36793000.0,-0.467,1.0,95714000.0,0.58,11425000.0,0.0,79476000.0,74802250.0,23514000.0,38863000.0,38863000.0,0.0,35758000.0,31467000.0,4291000.0,403614668.0,-35044000.0,3353000.0,3854000.0,0.0,0.0,1943000.0,-9965000.0,-3547000.0,-27022000.0,0.0,-52058000.0,-52058000.0,-52058000.0,0.0,0.0,-0.315,146388000.0,-50674000.0,13896000.0,0.0,3.279,-7.753,-7.727,16749000.0,0.0,5.1,2.446,2.436,12407000.0,-5902821000.0,165011000.0,165011000.0,107220000.0,-0.295,-0.392,-0.681,-0.309,18305000.0,33643000.0,1.0,79140131.0,78814000,78814000.0,2.094,147438000.0,0.0,1092000.0,0.0,1.871,96652000.0
2,AMCC,MRY,2014-12-31,2014-03-31,2014-03-31,2019-06-10,-6143000.0,207536000.0,197096750.0,167506000.0,40030000.0,1.097,2.047,34294000.0,71539000.0,71539000.0,85189000.0,-5694000.0,3.037,0.391,0.0,0.0,0.0,0.0,567000.0,10755000.0,0.0,0.0,0.0,-5075000.0,5680000.0,0.026,5680000.0,-5075000.0,-5075000.0,-0.08,-0.08,-0.08,149236000.0,108605000.0,149236000.0,710722785.0,-140.0,125.127,-12553000.0,-0.172,1.0,130961000.0,0.606,11530000.0,0.0,69312000.0,64195500.0,18946000.0,35044000.0,35044000.0,0.0,58300000.0,55155000.0,3145000.0,734352785.0,52474000.0,29498000.0,11619000.0,0.0,0.0,4514000.0,94807000.0,31015000.0,-46847000.0,0.0,-5694000.0,-5694000.0,-5694000.0,0.0,0.0,-0.026,161141000.0,-30180000.0,26194000.0,0.0,4.921,-128.97,-123.75,20746000.0,0.0,9.9,3.397,3.339,25178000.0,-5850763000.0,216150000.0,216150000.0,146579000.0,-0.029,-0.052,-0.079,-0.023,17021000.0,38927000.0,1.0,74177049.0,72897000,72897000.0,2.965,196006000.0,0.0,619000.0,0.0,2.689,112351000.0
3,AMCC,MRY,2013-12-31,2013-03-31,2013-03-31,2019-06-10,-737000.0,211380000.0,221295500.0,140949000.0,70431000.0,0.884,1.249,-7245000.0,19065000.0,19065000.0,83048000.0,-134115000.0,1.235,1.593,0.0,0.0,0.0,0.0,1469000.0,14185000.0,0.0,0.0,0.0,-134669000.0,-120484000.0,-0.616,-120484000.0,-134669000.0,-134669000.0,-2.06,-2.06,-2.06,81504000.0,125223250.0,81504000.0,486449970.0,-4.0,-4.037,-41701000.0,-0.639,1.0,112594000.0,0.576,25174000.0,0.0,53052000.0,100033750.0,12900000.0,66411000.0,66411000.0,0.0,129876000.0,114089000.0,15787000.0,502132970.0,-9000000.0,0.0,8220000.0,0.0,0.0,4133000.0,21323000.0,28568000.0,-34456000.0,0.0,-134115000.0,-134115000.0,-134115000.0,0.0,0.0,-0.686,247464000.0,-134870000.0,17650000.0,0.0,6.161,-3.744,-3.602,34391000.0,0.0,7.42,2.567,2.475,24575000.0,-5845069000.0,195642000.0,195642000.0,187419000.0,-0.606,-1.071,-1.346,-0.688,25525000.0,51684000.0,1.0,67672907.0,65258000,65258000.0,2.998,186206000.0,0.0,-554000.0,0.0,2.853,26860000.0
4,AMCC,MRY,2012-12-31,2012-03-31,2012-03-31,2019-06-10,-1765000.0,269052000.0,273754500.0,190861000.0,78191000.0,0.843,2.719,-13264000.0,28065000.0,28065000.0,98804000.0,-82688000.0,2.64,0.59,0.0,0.0,0.0,0.0,2137000.0,15190000.0,0.0,0.0,0.0,-81760000.0,-66570000.0,-0.288,-66570000.0,-81760000.0,-81760000.0,-1.33,-1.33,-1.33,169236000.0,217091500.0,169236000.0,374284643.0,-5.0,-5.622,-22616000.0,-0.363,1.0,132083000.0,0.572,29817000.0,0.0,138884000.0,149257000.0,23244000.0,85781000.0,85781000.0,0.0,99816000.0,72286000.0,27530000.0,424515643.0,-56337000.0,0.0,-14116000.0,0.0,0.0,-27147000.0,-19838000.0,-6574000.0,-9352000.0,0.0,-82688000.0,-82688000.0,-82688000.0,0.0,0.0,-0.358,225527000.0,-93444000.0,21383000.0,0.0,2.508,-5.134,-5.218,38100000.0,0.0,6.94,1.839,1.871,22666000.0,-5710954000.0,230887000.0,230887000.0,175656000.0,-0.302,-0.381,-0.548,-0.354,18374000.0,45794000.0,1.0,61169401.0,62245000,62245000.0,3.709,239235000.0,0.0,928000.0,0.0,3.843,118575000.0
5,AMCC,MRY,2011-12-31,2011-03-31,2011-03-31,2019-06-10,-1597000.0,308657000.0,320846750.0,232964000.0,75693000.0,0.772,4.018,-9375000.0,84402000.0,84402000.0,95282000.0,-1006000.0,4.973,0.179,0.0,0.0,0.0,0.0,2407000.0,24410000.0,0.0,0.0,0.0,-607000.0,23803000.0,0.096,23803000.0,-607000.0,-607000.0,-0.02,-0.02,-0.02,261810000.0,276777500.0,261810000.0,587350391.0,-968.0,24.675,21580000.0,0.331,1.0,152428000.0,0.615,36571000.0,0.0,140837000.0,174306500.0,26561000.0,83649000.0,83649000.0,0.0,46847000.0,46847000.0,0.0,672097391.0,-38124000.0,-31484000.0,-16506000.0,0.0,0.0,-29807000.0,-39272000.0,1587000.0,30955000.0,0.0,-1006000.0,-1006000.0,-1006000.0,0.0,0.0,-0.004,163722000.0,-11294000.0,24431000.0,0.0,2.567,-668.089,-519.0,32023000.0,0.0,10.38,2.713,2.73,19997000.0,-5628266000.0,247710000.0,247710000.0,108732000.0,-0.003,-0.004,-0.003,-0.002,16684000.0,49173000.0,1.0,64749267.0,65160000,65160000.0,3.802,272086000.0,0.0,399000.0,0.0,4.176,186117000.0
6,AMCC,MRY,2010-12-31,2010-03-31,2010-03-31,2019-06-10,2430000.0,316044000.0,316998000.0,263020000.0,53024000.0,0.649,4.255,-7532000.0,122526000.0,122526000.0,92931000.0,-7485000.0,7.479,0.125,0.0,0.0,0.0,0.0,808000.0,22895000.0,0.0,0.0,0.0,-18095000.0,4800000.0,0.023,4800000.0,-18095000.0,-18095000.0,-0.11,-0.11,-0.11,280874000.0,284119750.0,280874000.0,443052035.0,-24.0,92.303,9335000.0,0.141,1.0,112667000.0,0.548,16850000.0,0.0,141498000.0,144101500.0,15387000.0,84117000.0,84117000.0,0.0,35170000.0,35170000.0,0.0,567023035.0,23189000.0,21527000.0,23500000.0,0.0,0.0,-19132000.0,25454000.0,11459000.0,16867000.0,0.0,-7485000.0,-7485000.0,-7485000.0,-6112000.0,0.0,-0.036,138763000.0,-26096000.0,20074000.0,0.0,2.019,-75.755,-78.455,25879000.0,0.0,8.63,2.758,2.771,22892000.0,-5627260000.0,205598000.0,205598000.0,88096000.0,-0.024,-0.026,-0.126,-0.088,13682000.0,45901000.0,1.0,65703712.0,66006000,66006000.0,3.115,299194000.0,0.0,-10610000.0,0.0,4.533,227850000.0
7,AMCC,MRY,2009-12-31,2009-03-31,2009-03-31,2019-06-10,-6273000.0,324610000.0,482377750.0,248036000.0,76574000.0,0.444,4.351,-7259000.0,99337000.0,99337000.0,101070000.0,-309333000.0,6.103,0.143,0.0,0.0,0.0,0.0,2584000.0,29922000.0,0.0,0.0,0.0,-313279000.0,-283357000.0,-1.323,-283357000.0,-313279000.0,-313279000.0,-4.74,-4.74,-4.74,283970000.0,437595000.0,283970000.0,225465737.0,-1.0,-0.796,5268000.0,0.081,1.0,113146000.0,0.528,32965000.0,0.0,151668000.0,188914250.0,26598000.0,84672000.0,84672000.0,0.0,40640000.0,40640000.0,0.0,318132737.0,56648000.0,0.0,2713000.0,0.0,0.0,2161000.0,41960000.0,49219000.0,12527000.0,0.0,-309333000.0,-309333000.0,-309333000.0,48235000.0,0.0,-1.444,370609000.0,-257463000.0,16715000.0,0.0,1.12,-1.028,-1.025,25749000.0,0.0,4.86,1.485,1.481,17537000.0,-5620909000.0,214216000.0,214216000.0,84687000.0,-0.641,-0.707,-1.658,-1.462,10384000.0,50097000.0,1.0,65459411.0,65271000,65271000.0,3.282,291645000.0,0.0,-3946000.0,0.0,4.468,207396000.0
8,AMCC,MRY,2008-12-31,2008-03-31,2008-03-31,2019-06-10,-4976000.0,632847000.0,714168750.0,221757000.0,411090000.0,0.272,8.568,-5375000.0,42689000.0,42689000.0,98756000.0,-115121000.0,4.603,0.09,0.0,0.0,0.0,0.0,1917000.0,30304000.0,0.0,0.0,0.0,-111348000.0,-81044000.0,-0.418,-81044000.0,-111348000.0,-111348000.0,-1.7,-1.7,-1.7,580712000.0,667833500.0,580712000.0,432156062.0,-4.0,-5.332,-11531000.0,-0.17,1.0,95359000.0,0.491,320155000.0,0.0,221826000.0,247472000.0,30293000.0,152119000.0,100200000.0,51919000.0,52135000.0,48177000.0,3958000.0,466647062.0,-8906000.0,232000.0,-29407000.0,0.0,0.0,-71338000.0,68588000.0,73731000.0,-6156000.0,0.0,-115121000.0,-115121000.0,-115121000.0,69916000.0,0.0,-0.593,147370000.0,-52011000.0,25518000.0,0.0,0.804,-4.054,-4.224,25233000.0,0.0,7.18,2.404,2.507,28800000.0,-5311576000.0,194115000.0,194115000.0,86117000.0,-0.161,-0.172,-0.45,-0.574,11307000.0,52037000.0,1.0,64992627.0,67775000,67775000.0,2.864,312692000.0,0.0,3773000.0,0.0,4.614,173580000.0
9,AMCC,MRY,2007-12-31,2007-03-31,2007-03-31,2019-06-10,224000.0,816512000.0,820640500.0,362752000.0,453760000.0,0.295,10.704,-6732000.0,51595000.0,51595000.0,115794000.0,-24208000.0,6.514,0.073,0.0,0.0,0.0,0.0,2393000.0,33161000.0,0.0,0.0,0.0,-23875000.0,9286000.0,0.038,9286000.0,-23875000.0,-23875000.0,-0.34,-0.34,-0.34,760822000.0,758484500.0,760822000.0,990037323.0,-41.0,106.616,5777000.0,0.081,1.0,126684000.0,0.522,415644000.0,0.0,293583000.0,293714750.0,31286000.0,232875000.0,232875000.0,0.0,55690000.0,55690000.0,0.0,1030082323.0,2470000.0,-71971000.0,9676000.0,-289000.0,0.0,-114000.0,-9925000.0,63990000.0,12509000.0,0.0,-24208000.0,-24208000.0,-24208000.0,580000.0,0.0,-0.1,163354000.0,-36670000.0,26893000.0,0.0,1.354,-42.551,-42.941,27150000.0,0.0,14.6,4.248,4.28,32558000.0,-5196455000.0,242478000.0,242478000.0,81266000.0,-0.029,-0.032,-0.081,-0.098,10353000.0,58418000.0,1.0,70553584.0,71076000,71076000.0,3.412,400868000.0,0.0,333000.0,0.0,5.64,307062000.0
10,AMCC,MRY,2006-12-31,2006-03-31,2006-03-31,2019-06-10,-11367000.0,825426000.0,950613250.0,399548000.0,425878000.0,0.275,10.142,-7832000.0,49125000.0,49125000.0,122392000.0,-148372000.0,6.381,0.082,0.0,0.0,0.0,0.0,3536000.0,35134000.0,0.0,0.0,0.0,-149008000.0,-113874000.0,-0.435,-113874000.0,-149008000.0,-149008000.0,-1.97,-1.97,-1.97,762808000.0,891708500.0,762808000.0,1156876943.0,-8.0,-10.159,-12402000.0,-0.165,1.0,139452000.0,0.533,381066000.0,0.0,332617000.0,361777750.0,24941000.0,286540000.0,286540000.0,0.0,62618000.0,62618000.0,0.0,1197840943.0,-26271000.0,0.0,36942000.0,-34000.0,0.0,-68218000.0,46517000.0,54349000.0,-4570000.0,0.0,-148372000.0,-148372000.0,-148372000.0,0.0,0.0,-0.567,304333000.0,-164881000.0,24656000.0,0.0,1.57,-8.073,-8.264,36127000.0,0.0,16.28,4.575,4.676,26324000.0,-5172247000.0,261844000.0,261844000.0,93770000.0,-0.156,-0.166,-0.412,-0.569,6540000.0,62157000.0,1.0,73577454.0,75210000,75210000.0,3.482,444360000.0,0.0,-636000.0,0.0,5.908,336930000.0
11,AMCC,MRY,2005-12-31,2005-03-31,2005-03-31,2019-06-10,-6867000.0,1102395000.0,1113789250.0,521455000.0,580940000.0,0.228,12.631,-27493000.0,75396000.0,75396000.0,123253000.0,-127373000.0,4.165,0.128,34000.0,34000.0,0.0,34000.0,3939000.0,48396000.0,0.0,0.0,0.0,-124512000.0,-76116000.0,-0.3,-76116000.0,-124512000.0,-124512000.0,-1.64,-1.64,-1.64,977198000.0,1014431000.0,977198000.0,960835043.0,-8.0,-12.623,-38814000.0,-0.502,1.0,130503000.0,0.514,534514000.0,0.0,367322000.0,389980250.0,18014000.0,347996000.0,347996000.0,0.0,125197000.0,125197000.0,0.0,1010503043.0,-253766000.0,-368386000.0,41555000.0,-269000.0,0.0,-17433000.0,-225012000.0,170867000.0,-11321000.0,0.0,-127373000.0,-127373000.0,-127373000.0,0.0,0.0,-0.502,273714000.0,-143211000.0,24016000.0,0.0,1.034,-7.933,-8.0,44461000.0,0.0,13.12,3.982,4.0,28601000.0,-5023875000.0,253756000.0,253756000.0,122072000.0,-0.114,-0.126,-0.319,-0.491,9340000.0,65080000.0,1.0,77020049.0,77364000,77364000.0,3.28,567881000.0,0.0,2861000.0,0.0,7.34,396258000.0
12,AMCC,MRY,2004-12-31,2004-03-31,2004-03-31,2019-06-10,5352000.0,1188103000.0,1182749500.0,909023000.0,279080000.0,0.111,14.625,-13443000.0,329162000.0,329162000.0,57604000.0,-105934000.0,13.456,0.06,303000.0,303000.0,0.0,303000.0,4361000.0,30478000.0,0.0,0.0,0.0,-107710000.0,-77232000.0,-0.589,-77232000.0,-107710000.0,-107710000.0,-1.4,-1.4,-1.4,1120547000.0,1116928500.0,1120547000.0,1616119406.0,-15.0,-20.926,-55988000.0,-0.731,1.0,73573000.0,0.561,240193000.0,0.0,551495000.0,724086500.0,8490000.0,531879000.0,531879000.0,0.0,67556000.0,67556000.0,0.0,1774332406.0,178606000.0,-167869000.0,26873000.0,-1370000.0,0.0,25483000.0,195668000.0,352099000.0,-42545000.0,0.0,-105934000.0,-105934000.0,-105934000.0,0.0,0.0,-0.808,224630000.0,-151057000.0,18164000.0,0.0,1.583,-16.749,-16.314,37271000.0,0.0,22.84,13.526,13.341,23284000.0,-4822184000.0,131177000.0,131177000.0,129083000.0,-0.09,-0.095,-0.149,-0.821,22260000.0,50325000.0,1.0,77685307.0,76619000,76619000.0,1.712,947910000.0,0.0,-1776000.0,0.0,12.372,841467000.0
13,AMCC,MRY,2003-12-31,2003-03-31,2003-03-31,2019-06-10,8800000.0,1223588000.0,1409607750.0,1072575000.0,151013000.0,0.072,15.564,-4913000.0,150556000.0,150556000.0,61900000.0,-745541000.0,20.867,0.044,1265000.0,1265000.0,0.0,1265000.0,3674000.0,38069000.0,0.0,0.0,0.0,-745541000.0,-707472000.0,-6.964,-707472000.0,-745541000.0,-745541000.0,-9.88,-9.88,-9.88,1172188000.0,1350000000.0,1172188000.0,856170272.0,-1.0,-1.21,-52566000.0,-0.698,1.0,39691000.0,0.391,88219000.0,0.0,934678000.0,969971000.0,7178000.0,885584000.0,885584000.0,0.0,51400000.0,51400000.0,0.0,989924272.0,-185036000.0,0.0,8588000.0,-1018000.0,0.0,7810000.0,-145193000.0,-156712000.0,-47653000.0,0.0,-745541000.0,-745541000.0,-745541000.0,0.0,0.0,-7.339,718770000.0,-679079000.0,12689000.0,0.0,0.845,-1.328,-1.32,62035000.0,0.0,13.04,9.744,9.667,5634000.0,-4717307000.0,101591000.0,101591000.0,202749000.0,-0.529,-0.552,-0.769,-7.339,131886000.0,118098000.0,1.0,75914438.0,75313000,75313000.0,1.349,1135369000.0,0.0,0.0,0.0,15.075,1021175000.0
14,AMCC,MRY,2002-12-31,2002-03-31,2002-03-31,2019-06-10,2843000.0,1829193000.0,1977253250.0,1117161000.0,712032000.0,0.077,23.735,-31251000.0,335592000.0,335592000.0,150924000.0,-3605690000.0,19.669,0.033,2283000.0,1138000.0,1145000.0,2283000.0,2223000.0,327770000.0,0.0,0.0,0.0,-3686619000.0,-3358849000.0,-21.976,-3358849000.0,-3686619000.0,-3686619000.0,-48.32,-48.32,-48.32,1771251000.0,1851607750.0,1771251000.0,2302063816.0,-1.0,-0.685,-66908000.0,-0.897,1.0,1916000.0,0.013,590610000.0,0.0,848477000.0,1057582500.0,16608000.0,737640000.0,723117000.0,14523000.0,57942000.0,56797000.0,1145000.0,2394761816.0,277395000.0,0.0,-8630000.0,-1247000.0,0.0,-9932000.0,322984000.0,354235000.0,-35657000.0,0.0,-3605690000.0,-3605690000.0,-3605690000.0,0.0,0.0,-23.591,3721420000.0,-3719504000.0,18378000.0,0.0,1.352,-0.664,-0.662,106412000.0,0.0,32.0,15.668,15.624,14191000.0,-3971766000.0,152840000.0,152840000.0,226382000.0,-1.824,-1.947,-3.486,-24.121,147065000.0,142081000.0,1.0,74836307.0,74625500,74625500.0,2.048,1238583000.0,0.0,-80929000.0,0.0,16.597,1060364000.0
15,AMCC,MRY,2001-12-31,2001-03-31,2001-03-31,2019-06-10,2438000.0,5453278000.0,3422421500.0,1301097000.0,4152181000.0,0.127,78.367,-78564000.0,58197000.0,58197000.0,165986000.0,-436215000.0,14.01,0.041,3530000.0,1264000.0,2266000.0,3530000.0,5087000.0,377157000.0,0.0,0.0,0.0,-437296000.0,-60139000.0,-0.138,-60139000.0,-437296000.0,-437296000.0,-6.52,-6.52,-6.52,5238101000.0,3281665250.0,5238101000.0,4839993700.0,-11.0,-80.48,121554000.0,1.819,1.0,269557000.0,0.619,4008440000.0,0.0,1297300000.0,1078713500.0,32740000.0,1101919000.0,1073896000.0,28023000.0,215177000.0,92871000.0,122306000.0,4924850700.0,-111905000.0,14325000.0,71661000.0,-5067000.0,0.0,66976000.0,-378999000.0,-314760000.0,200118000.0,0.0,-436215000.0,-436215000.0,-436215000.0,0.0,0.0,-1.002,762302000.0,-492745000.0,38069000.0,0.0,0.94,-11.29,-10.123,112953000.0,0.0,66.0,11.307,10.129,83892000.0,-366076000.0,435543000.0,435543000.0,146528000.0,-0.127,-0.133,-0.405,-1.004,79848000.0,104839000.0,1.0,74618950.0,66840750,66840750.0,6.516,1444838000.0,27597000.0,-1081000.0,120040000.0,21.616,1208226000.0
16,AMCC,MRY,2000-12-31,2000-03-31,2000-03-31,2019-06-10,-166000.0,1046882000.0,392141250.0,1005404000.0,41478000.0,0.44,18.806,-22710000.0,170102000.0,170102000.0,50218000.0,48625000.0,36.188,0.033,7417000.0,2123000.0,5294000.0,7417000.0,2776000.0,8039000.0,0.0,0.0,0.0,73992000.0,82031000.0,0.476,82031000.0,73992000.0,73992000.0,0.92,0.8,0.92,1013805000.0,362150250.0,1013805000.0,16245310323.0,220.0,198.039,42587000.0,0.79,1.0,122134000.0,0.709,0.0,0.0,856414000.0,318282000.0,10925000.0,784578000.0,784530000.0,48000.0,33077000.0,27783000.0,5294000.0,16260108323.0,156572000.0,0.0,827849000.0,-3078000.0,0.0,824771000.0,-733496000.0,-710786000.0,65297000.0,0.0,48625000.0,48625000.0,48625000.0,0.0,0.0,0.282,61466000.0,60668000.0,8818000.0,0.0,16.039,334.398,326.223,37842000.0,0.0,300.125,94.342,93.876,25459000.0,70139000.0,172352000.0,172352000.0,32815000.0,0.124,0.134,0.232,0.429,611000.0,28199000.0,1.0,54177787.0,53910000,59576000.0,3.197,1046882000.0,4148000.0,25367000.0,0.0,19.419,977621000.0
17,AMCC,MRY,1999-12-31,1999-03-31,1999-03-31,2019-06-10,-33000.0,150655000.0,130778000.0,125020000.0,25635000.0,0.803,2.482,-16490000.0,13530000.0,13530000.0,37937000.0,17133000.0,5.841,0.238,10495000.0,2937000.0,7558000.0,10495000.0,1439000.0,7045000.0,0.0,0.0,0.0,27366000.0,34411000.0,0.328,34411000.0,27366000.0,27366000.0,0.36,0.32,0.36,121694000.0,108883000.0,121694000.0,997583503.0,36.0,28.99,5521000.0,0.113,1.0,67063000.0,0.639,0.0,0.0,126217000.0,112771000.0,9813000.0,73925000.0,73825000.0,100000.0,28961000.0,21403000.0,7558000.0,998758503.0,7070000.0,0.0,9062000.0,3786000.0,0.0,12894000.0,-27835000.0,-11345000.0,22011000.0,0.0,17133000.0,17133000.0,17133000.0,0.0,0.0,0.163,43848000.0,23215000.0,5131000.0,0.0,8.207,58.294,59.375,23128000.0,0.0,21.375,9.512,9.981,19275000.0,21514000.0,105000000.0,105000000.0,22472000.0,0.131,0.157,0.243,0.261,0.0,18325000.0,1.0,46725544.0,49028000,54860000.0,2.142,150655000.0,4573000.0,10233000.0,0.0,3.073,103617000.0
18,AMCC,MRY,1998-12-31,1998-03-31,1998-03-31,2019-06-10,0.0,112834000.0,77324000.0,94526000.0,18308000.0,0.991,4.325,-11342000.0,6460000.0,6460000.0,34321000.0,15216000.0,5.525,0.231,6711000.0,2620000.0,4091000.0,6711000.0,1873000.0,5174000.0,0.0,0.0,0.0,15622000.0,20796000.0,0.271,20796000.0,15622000.0,15622000.0,0.72,0.38,0.72,91634000.0,59688500.0,91634000.0,464682088.0,30.0,22.345,5542000.0,0.262,1.0,42297000.0,0.552,0.0,0.0,95976000.0,63638500.0,8185000.0,61523000.0,61523000.0,0.0,21200000.0,17109000.0,4091000.0,472390088.0,972000.0,0.0,52413000.0,575000.0,0.0,49123000.0,-65035000.0,-53693000.0,16884000.0,0.0,15216000.0,15216000.0,15216000.0,0.0,0.0,0.199,27546000.0,14751000.0,5215000.0,0.0,5.155,31.046,15.625,17218000.0,0.0,11.25,6.166,3.111,12179000.0,5722000.0,76618000.0,76618000.0,13268000.0,0.197,0.255,0.245,0.204,0.0,14278000.0,1.0,41990230.0,21188000,40588000.0,3.616,112834000.0,3882000.0,406000.0,0.0,5.325,77417000.0
19,AMCC,MRY,1997-12-31,1997-03-31,1997-03-31,2019-06-10,0.0,41814000.0,39825000.0,30243000.0,11571000.0,1.443,2.771,-2855000.0,5488000.0,5488000.0,30057000.0,6316000.0,2.78,0.507,5854000.0,2662000.0,3192000.0,5854000.0,806000.0,5185000.0,0.0,,0.0,6975000.0,12160000.0,0.212,12160000.0,6975000.0,6975000.0,0.63,0.175,0.63,27743000.0,24627500.0,27743000.0,,,,8878000.0,0.887,1.0,27411000.0,0.477,0.0,0.0,31301000.0,28332000.0,7530000.0,8920000.0,8117000.0,803000.0,14071000.0,10879000.0,3192000.0,,1211000.0,0.0,-103000.0,-3406000.0,0.0,-3491000.0,-7031000.0,-4176000.0,11733000.0,0.0,6316000.0,6316000.0,6316000.0,0.0,0.0,0.11,20407000.0,7004000.0,2428000.0,0.0,,,,10768000.0,0.0,,,,8418000.0,-9235000.0,57468000.0,57468000.0,7870000.0,0.159,0.256,0.246,0.121,0.0,12537000.0,1.0,,10012000,35814000.0,5.74,41814000.0,0.0,659000.0,0.0,4.176,19364000.0
20,AMCC,MRY,1996-12-31,1996-03-31,1996-03-31,2019-06-10,0.0,37836000.0,,25854000.0,11982000.0,,2.356,-1427000.0,4277000.0,4277000.0,34169000.0,-3694000.0,2.177,0.759,3681000.0,3644000.0,37000.0,3681000.0,831000.0,5311000.0,0.0,,0.0,-3662000.0,1649000.0,0.033,1649000.0,-3662000.0,-3662000.0,-0.405,-0.105,-0.405,21512000.0,,21512000.0,,,,5269000.0,0.577,1.0,16095000.0,0.32,0.0,0.0,25363000.0,,6836000.0,4744000.0,4691000.0,53000.0,16324000.0,11877000.0,4447000.0,,2082000.0,0.0,243000.0,-3614000.0,0.0,-3363000.0,-1251000.0,176000.0,6696000.0,0.0,-3694000.0,-3694000.0,-3694000.0,0.0,0.0,-0.073,19515000.0,-3420000.0,3981000.0,0.0,,,,11929000.0,0.0,,,,9476000.0,-15444000.0,50264000.0,50264000.0,8283000.0,,,,-0.073,0.0,11232000.0,1.0,,9132000,34788000.0,5.504,37836000.0,0.0,32000.0,0.0,4.143,13977000.0
21,AMCC,MRY,1995-12-31,1995-03-31,1995-03-31,2019-06-10,,,,,,,,-2761000.0,,,27513000.0,-1071000.0,,,,,,,,5092000.0,,,0.0,-1141000.0,3951000.0,0.084,3951000.0,-1141000.0,-1141000.0,-0.03,,-0.03,,,,,,,-1367000.0,-0.037,1.0,19437000.0,0.414,,0.0,,,,,,,,,,,-5521000.0,0.0,47000.0,-4024000.0,0.0,-3977000.0,-2938000.0,-177000.0,1394000.0,0.0,-1071000.0,-1071000.0,-1071000.0,0.0,0.0,-0.023,20220000.0,-783000.0,,0.0,,,,,0.0,,,,,,46950000.0,46950000.0,10108000.0,,,,-0.024,0.0,10112000.0,,,36760000,,1.277,,,-70000.0,,,
0,AMCC,MRQ,2016-09-30,2016-09-30,2016-09-30,2019-06-10,-9555000.0,143745000.0,,118390000.0,25355000.0,,1.314,-761000.0,22489000.0,22489000.0,14119000.0,-4640000.0,3.984,0.273,0.0,0.0,0.0,0.0,335000.0,1570000.0,0.0,0.0,0.0,-4462000.0,-2892000.0,-0.069,-2892000.0,-4462000.0,-4462000.0,-0.05,-0.05,-0.05,112958000.0,,112958000.0,569070340.0,-18.0,-23.048,-1671000.0,-0.019,1.0,27660000.0,0.662,11425000.0,0.0,80111000.0,,13181000.0,59239000.0,59239000.0,0.0,30787000.0,29720000.0,1067000.0,593295340.0,-1736000.0,0.0,1744000.0,0.0,0.0,1313000.0,-2139000.0,-1378000.0,-910000.0,0.0,-4640000.0,-4640000.0,-4640000.0,0.0,0.0,-0.111,32379000.0,-4719000.0,8843000.0,0.0,5.252,-18.377,-18.784,12729000.0,0.0,6.95,3.596,3.622,13552000.0,-5950571000.0,41779000.0,41779000.0,24037000.0,,,,,6696000.0,8342000.0,1.0,85366236.0,85984000,85984000.0,0.486,132320000.0,0.0,178000.0,0.0,1.539,88670000.0
1,AMCC,MRQ,2016-06-30,2016-06-30,2016-06-30,2019-06-10,-9551000.0,141637000.0,,114984000.0,26653000.0,,1.305,-2545000.0,24225000.0,24225000.0,16029000.0,-10539000.0,3.943,0.277,0.0,0.0,0.0,0.0,347000.0,1570000.0,0.0,0.0,0.0,-10468000.0,-8898000.0,-0.214,-8898000.0,-10468000.0,-10468000.0,-0.12,-0.12,-0.12,110931000.0,,110931000.0,517937560.0,-14.0,-18.164,-971000.0,-0.011,1.0,25469000.0,0.614,11425000.0,0.0,76829000.0,,12604000.0,58086000.0,58086000.0,0.0,30706000.0,29158000.0,1548000.0,543002560.0,-840000.0,0.0,32000.0,0.0,0.0,-591000.0,-1823000.0,722000.0,1574000.0,0.0,-10539000.0,-10539000.0,-10539000.0,0.0,0.0,-0.254,36184000.0,-10715000.0,6184000.0,0.0,4.895,-15.208,-15.286,13905000.0,0.0,6.42,3.332,3.348,9163000.0,-5945931000.0,41498000.0,41498000.0,27485000.0,,,,,8165000.0,8699000.0,1.0,84579838.0,84980000,84980000.0,0.488,130212000.0,0.0,71000.0,0.0,1.532,85826000.0
2,AMCC,MRQ,2016-03-31,2016-03-31,2016-03-31,2019-06-10,-9553000.0,146292000.0,,120033000.0,26259000.0,,1.368,-562000.0,25065000.0,25065000.0,16934000.0,-8907000.0,4.074,0.272,0.0,0.0,0.0,0.0,346000.0,1891000.0,0.0,0.0,0.0,-8791000.0,-6900000.0,-0.168,-6900000.0,-8791000.0,-8791000.0,-0.1,-0.1,-0.1,115038000.0,,115038000.0,520881533.0,-16.0,-20.343,5702000.0,0.068,1.0,24174000.0,0.588,11425000.0,0.0,80341000.0,,16148000.0,58780000.0,58780000.0,0.0,31254000.0,29461000.0,1793000.0,539651533.0,6295000.0,0.0,1736000.0,0.0,0.0,1549000.0,-1518000.0,-956000.0,6264000.0,0.0,-8907000.0,-8907000.0,-8907000.0,0.0,0.0,-0.217,33194000.0,-9020000.0,8599000.0,0.0,4.691,-16.568,-16.564,13293000.0,0.0,6.46,3.388,3.353,9265000.0,-5935392000.0,41108000.0,41108000.0,25113000.0,,,,,7637000.0,8138000.0,1.0,83537389.0,84114000,84114000.0,0.489,134867000.0,0.0,116000.0,0.0,1.603,90572000.0
3,AMCC,MRQ,2015-12-31,2015-12-31,2015-12-31,2019-06-10,-10031000.0,149564000.0,,123165000.0,26399000.0,,1.392,-1232000.0,18770000.0,18770000.0,18241000.0,-8199000.0,3.733,0.292,0.0,0.0,0.0,0.0,353000.0,2028000.0,0.0,0.0,0.0,-8029000.0,-6001000.0,-0.148,-6001000.0,-8029000.0,-8029000.0,-0.1,-0.1,-0.1,115793000.0,,115793000.0,506588817.0,-13.0,-15.933,1904000.0,0.023,1.0,22382000.0,0.551,11425000.0,0.0,86379000.0,,19692000.0,57673000.0,57673000.0,0.0,33771000.0,32990000.0,781000.0,527663817.0,-2305000.0,0.0,-2000.0,0.0,0.0,-270000.0,-5171000.0,-3939000.0,3136000.0,0.0,-8199000.0,-8199000.0,-8199000.0,0.0,0.0,-0.202,30580000.0,-8198000.0,12876000.0,0.0,4.557,-13.596,-13.271,13348000.0,0.0,6.37,3.399,3.414,12452000.0,-5926485000.0,40623000.0,40623000.0,22377000.0,,,,,6141000.0,8232000.0,1.0,82835764.0,83191000,83191000.0,0.488,138139000.0,0.0,170000.0,0.0,1.661,90175000.0
4,AMCC,MRQ,2015-09-30,2015-09-30,2015-09-30,2019-06-10,-9705000.0,151340000.0,,124051000.0,27289000.0,,1.447,-486000.0,21075000.0,21075000.0,17758000.0,-8061000.0,4.425,0.272,0.0,0.0,0.0,0.0,392000.0,1833000.0,0.0,0.0,0.0,-8549000.0,-6716000.0,-0.169,-6716000.0,-8549000.0,-8549000.0,-0.1,-0.1,-0.1,118948000.0,,118948000.0,388637380.0,-9.0,-11.155,-1950000.0,-0.024,1.0,21985000.0,0.553,11425000.0,0.0,90804000.0,,20382000.0,54425000.0,54425000.0,0.0,32392000.0,28036000.0,4356000.0,432927380.0,-23215000.0,0.0,1112000.0,0.0,0.0,905000.0,-22656000.0,-22170000.0,-1464000.0,0.0,-8061000.0,-8061000.0,-8061000.0,0.0,0.0,-0.203,30799000.0,-8814000.0,12128000.0,0.0,3.64,-10.129,-10.019,14415000.0,0.0,5.31,2.86,2.883,12624000.0,-5918286000.0,39743000.0,39743000.0,22411000.0,,,,,5934000.0,8373000.0,1.0,81530580.0,82176000,82176000.0,0.484,139915000.0,0.0,-488000.0,0.0,1.703,96015000.0
5,AMCC,MRQ,2015-06-30,2015-06-30,2015-06-30,2019-06-10,-9275000.0,151435000.0,,123610000.0,27825000.0,,1.463,-290000.0,44290000.0,44290000.0,16806000.0,-7404000.0,3.907,0.275,0.0,0.0,0.0,0.0,422000.0,1838000.0,0.0,0.0,0.0,-7826000.0,-5988000.0,-0.158,-5988000.0,-7826000.0,-7826000.0,-0.09,-0.09,-0.09,118796000.0,,118796000.0,510055963.0,-11.0,-13.665,2559000.0,0.032,1.0,21007000.0,0.556,11425000.0,0.0,64085000.0,,19803000.0,32326000.0,32326000.0,0.0,32639000.0,31635000.0,1004000.0,546550963.0,7795000.0,0.0,133000.0,0.0,0.0,-1079000.0,6025000.0,6315000.0,2849000.0,0.0,-7404000.0,-7404000.0,-7404000.0,0.0,0.0,-0.196,30477000.0,-9470000.0,10473000.0,0.0,4.601,-11.78,-11.638,15227000.0,0.0,6.75,3.583,3.592,11526000.0,-5910225000.0,37813000.0,37813000.0,21617000.0,,,,,6092000.0,8764000.0,1.0,80970513.0,81179000,81179000.0,0.466,140010000.0,0.0,-422000.0,0.0,1.725,91975000.0
6,AMCC,MRQ,2015-03-31,2015-03-31,2015-03-31,2019-06-10,-7486000.0,158863000.0,,128119000.0,30744000.0,,1.54,-2481000.0,36495000.0,36495000.0,16482000.0,-15145000.0,4.072,0.29,0.0,0.0,0.0,0.0,415000.0,1956000.0,0.0,0.0,0.0,-15046000.0,-13090000.0,-0.353,-13090000.0,-15046000.0,-15046000.0,-0.19,-0.19,-0.19,123105000.0,,123105000.0,353534668.0,-7.0,-8.356,-9224000.0,-0.115,1.0,20565000.0,0.555,11425000.0,0.0,79476000.0,,23514000.0,38863000.0,38863000.0,0.0,35758000.0,31467000.0,4291000.0,403614668.0,-13585000.0,0.0,1964000.0,0.0,0.0,1662000.0,-8504000.0,-6023000.0,-6743000.0,0.0,-15145000.0,-15145000.0,-15145000.0,0.0,0.0,-0.409,36641000.0,-16076000.0,13896000.0,0.0,3.279,-7.753,-7.727,16749000.0,0.0,5.1,2.446,2.436,12407000.0,-5902821000.0,37047000.0,37047000.0,24584000.0,,,,,4002000.0,7959000.0,1.0,79140131.0,79930000,79930000.0,0.463,147438000.0,0.0,99000.0,0.0,1.845,96652000.0
7,AMCC,MRQ,2014-12-31,2014-12-31,2014-12-31,2019-06-10,-6299000.0,178042000.0,,141695000.0,36347000.0,,1.635,-271000.0,50080000.0,50080000.0,14842000.0,-12131000.0,3.159,0.38,0.0,0.0,0.0,0.0,380000.0,2223000.0,0.0,0.0,0.0,-11269000.0,-9046000.0,-0.246,-9046000.0,-11269000.0,-11269000.0,-0.15,-0.15,-0.15,129047000.0,,129047000.0,459376025.0,-36.0,-132.921,-6155000.0,-0.078,1.0,21905000.0,0.596,11425000.0,0.0,71676000.0,,24222000.0,32943000.0,32943000.0,0.0,48995000.0,44861000.0,4134000.0,513322025.0,-3866000.0,0.0,27000.0,0.0,0.0,-336000.0,2354000.0,2625000.0,-5884000.0,0.0,-12131000.0,-12131000.0,-12131000.0,0.0,0.0,-0.33,33649000.0,-11744000.0,22155000.0,0.0,3.978,-37.205,-43.467,20946000.0,0.0,6.52,2.856,2.863,19247000.0,-5887676000.0,36747000.0,36747000.0,24721000.0,,,,,4857000.0,8707000.0,1.0,78730372.0,78920000,78920000.0,0.466,166617000.0,0.0,862000.0,0.0,2.111,96834000.0
8,AMCC,MRQ,2014-09-30,2014-09-30,2014-09-30,2019-06-10,-6062000.0,175147000.0,,138661000.0,36486000.0,,1.741,-2755000.0,53946000.0,53946000.0,17716000.0,-11717000.0,3.983,0.282,0.0,0.0,0.0,0.0,401000.0,2244000.0,0.0,0.0,0.0,-11445000.0,-9201000.0,-0.225,-9201000.0,-11445000.0,-11445000.0,-0.15,-0.15,-0.15,136627000.0,,136627000.0,485100884.0,-57.0,478.403,-10245000.0,-0.131,1.0,23229000.0,0.567,11425000.0,0.0,74963000.0,,17592000.0,35572000.0,35572000.0,0.0,38520000.0,34813000.0,3707000.0,547367884.0,-8321000.0,0.0,1757000.0,0.0,0.0,1435000.0,-2266000.0,489000.0,-7490000.0,0.0,-11717000.0,-11717000.0,-11717000.0,0.0,0.0,-0.286,32562000.0,-9333000.0,11576000.0,0.0,4.006,-61.158,-70.0,20783000.0,0.0,7.0,2.767,2.777,17881000.0,-5875545000.0,40945000.0,40945000.0,24711000.0,,,,,4230000.0,7919000.0,1.0,78195412.0,78487000,78487000.0,0.522,163722000.0,0.0,272000.0,0.0,2.086,103848000.0
9,AMCC,MRQ,2014-06-30,2014-06-30,2014-06-30,2019-06-10,-5764000.0,193192000.0,,154487000.0,38705000.0,,1.828,-4264000.0,62267000.0,62267000.0,20257000.0,-13065000.0,3.332,0.356,0.0,0.0,0.0,0.0,1069000.0,2236000.0,0.0,0.0,0.0,-13206000.0,-10970000.0,-0.218,-10970000.0,-13206000.0,-13206000.0,-0.17,-0.17,-0.17,142429000.0,,142429000.0,771345649.0,-26.0,-40.059,-11169000.0,-0.143,1.0,30015000.0,0.597,11467000.0,0.0,73094000.0,,20673000.0,36343000.0,36343000.0,0.0,50763000.0,46364000.0,4399000.0,842884649.0,-9272000.0,3353000.0,106000.0,0.0,0.0,-818000.0,-1549000.0,-638000.0,-6905000.0,0.0,-13065000.0,-13065000.0,-13065000.0,0.0,0.0,-0.26,43536000.0,-13521000.0,17233000.0,0.0,5.918,-28.46,-27.025,20303000.0,0.0,10.81,3.971,3.968,22932000.0,-5863828000.0,50272000.0,50272000.0,33205000.0,,,,,5216000.0,9058000.0,1.0,77972678.0,77916000,77916000.0,0.645,181725000.0,0.0,-141000.0,0.0,2.332,108123000.0
10,AMCC,MRQ,2014-03-31,2014-03-31,2014-03-31,2019-06-10,-6143000.0,207536000.0,,167506000.0,40030000.0,,1.973,39890000.0,71539000.0,71539000.0,19806000.0,23116000.0,3.037,0.391,0.0,0.0,0.0,0.0,567000.0,2607000.0,0.0,0.0,0.0,23154000.0,25761000.0,0.498,25761000.0,23154000.0,23154000.0,0.32,0.32,0.32,149236000.0,,149236000.0,710722785.0,-140.0,125.127,26488000.0,0.35,1.0,31965000.0,0.617,11530000.0,0.0,69312000.0,,18946000.0,35044000.0,35044000.0,0.0,58300000.0,55155000.0,3145000.0,734352785.0,47909000.0,0.0,3037000.0,0.0,0.0,2045000.0,59266000.0,19376000.0,-13402000.0,0.0,23116000.0,23116000.0,23116000.0,0.0,0.0,0.447,9229000.0,22736000.0,26194000.0,0.0,4.921,-128.97,-123.75,20746000.0,0.0,9.9,3.397,3.339,25178000.0,-5850763000.0,51771000.0,51771000.0,25653000.0,,,,,3591000.0,9325000.0,1.0,74177049.0,75630000,75630000.0,0.685,196006000.0,0.0,38000.0,0.0,2.592,112351000.0
11,AMCC,MRQ,2013-12-31,2013-12-31,2013-12-31,2019-06-10,-6518000.0,185261000.0,,145655000.0,39606000.0,,1.245,-3593000.0,23630000.0,23630000.0,21644000.0,-7284000.0,1.625,1.011,0.0,0.0,0.0,0.0,888000.0,2507000.0,0.0,0.0,0.0,-7083000.0,-4576000.0,-0.083,-4576000.0,-7083000.0,-7083000.0,-0.1,-0.1,-0.1,92116000.0,,92116000.0,959651904.0,-20.0,-27.119,-1679000.0,-0.023,1.0,33200000.0,0.605,11592000.0,0.0,60405000.0,,10482000.0,50654000.0,50654000.0,0.0,93145000.0,89634000.0,3511000.0,987559904.0,-4278000.0,0.0,1646000.0,0.0,0.0,174000.0,-6366000.0,-2773000.0,1914000.0,0.0,-7284000.0,-7284000.0,-7284000.0,0.0,0.0,-0.133,40900000.0,-7700000.0,13210000.0,0.0,10.721,-21.276,-20.892,20172000.0,0.0,13.371,4.475,4.482,28800000.0,-5873881000.0,54844000.0,54844000.0,29870000.0,,,,,5882000.0,10930000.0,1.0,73858343.0,73989000,73989000.0,0.741,173669000.0,0.0,201000.0,0.0,2.347,56021000.0
12,AMCC,MRQ,2013-09-30,2013-09-30,2013-09-30,2019-06-10,-6302000.0,189161000.0,,134865000.0,54296000.0,,1.291,-1724000.0,27908000.0,27908000.0,21397000.0,-32383000.0,1.438,1.017,0.0,0.0,0.0,0.0,743000.0,2721000.0,0.0,0.0,0.0,-32191000.0,-29470000.0,-0.532,-29470000.0,-32191000.0,-32191000.0,-0.45,-0.45,-0.45,93761000.0,,93761000.0,903466098.0,-8.0,-9.182,-19271000.0,-0.265,1.0,33990000.0,0.614,11654000.0,0.0,55834000.0,,12795000.0,48060000.0,48060000.0,0.0,95400000.0,93765000.0,1635000.0,943139098.0,-11765000.0,0.0,6765000.0,0.0,0.0,4918000.0,864000.0,2588000.0,-17547000.0,0.0,-32383000.0,-32383000.0,-32383000.0,0.0,0.0,-0.585,66757000.0,-32767000.0,16397000.0,0.0,10.059,-8.52,-7.963,33992000.0,0.0,12.9,4.335,4.305,26707000.0,-5866596000.0,55387000.0,55387000.0,56550000.0,,,,,3834000.0,9146000.0,1.0,73111558.0,72610000,72610000.0,0.763,177507000.0,0.0,192000.0,0.0,2.445,41100000.0
13,AMCC,MRQ,2013-06-30,2013-06-30,2013-06-30,2019-06-10,-5455000.0,206429000.0,,151438000.0,54991000.0,,1.432,-279000.0,39673000.0,39673000.0,22342000.0,10857000.0,1.807,1.079,0.0,0.0,0.0,0.0,666000.0,2920000.0,0.0,0.0,0.0,11045000.0,13965000.0,0.258,13965000.0,11045000.0,11045000.0,0.16,0.15,0.16,99307000.0,,99307000.0,599203526.0,-6.0,-6.88,-18091000.0,-0.261,1.0,31806000.0,0.587,11717000.0,0.0,71231000.0,,12715000.0,50057000.0,50057000.0,0.0,107122000.0,83808000.0,23314000.0,618268526.0,20608000.0,29498000.0,171000.0,0.0,0.0,-2623000.0,41043000.0,11824000.0,-17812000.0,0.0,10857000.0,10857000.0,10857000.0,0.0,0.0,0.201,44255000.0,-12449000.0,18299000.0,0.0,6.226,-6.191,-5.867,35561000.0,0.0,8.8,2.965,2.927,28815000.0,-5834212000.0,54148000.0,54148000.0,34506000.0,,,,,3714000.0,9526000.0,1.0,70257787.0,69360000,70234000.0,0.781,194712000.0,0.0,188000.0,0.0,2.807,67630000.0
14,AMCC,MRQ,2013-03-31,2013-03-31,2013-03-31,2019-06-10,-737000.0,211380000.0,,140949000.0,70431000.0,,1.206,-591000.0,19065000.0,19065000.0,21174000.0,-17606000.0,1.235,1.593,0.0,0.0,0.0,0.0,1469000.0,3312000.0,0.0,0.0,0.0,-18618000.0,-15306000.0,-0.272,-15306000.0,-18618000.0,-18618000.0,-0.25,-0.25,-0.25,81504000.0,,81504000.0,486449970.0,-4.0,-4.037,-4099000.0,-0.061,1.0,35152000.0,0.624,25174000.0,0.0,53052000.0,,12900000.0,66411000.0,66411000.0,0.0,129876000.0,114089000.0,15787000.0,502132970.0,3382000.0,0.0,3032000.0,0.0,0.0,2592000.0,4298000.0,4889000.0,-3508000.0,0.0,-17606000.0,-17606000.0,-17606000.0,0.0,0.0,-0.313,49116000.0,-13964000.0,17650000.0,0.0,6.161,-3.744,-3.602,34391000.0,0.0,7.42,2.567,2.475,24575000.0,-5845069000.0,56326000.0,56326000.0,35554000.0,,,,,3980000.0,13008000.0,1.0,67672907.0,67565000,67565000.0,0.834,186206000.0,0.0,-1012000.0,0.0,2.756,26860000.0
15,AMCC,MRQ,2012-12-31,2012-12-31,2012-12-31,2019-06-10,-1818000.0,211126000.0,,134760000.0,76366000.0,,1.392,952000.0,15683000.0,15683000.0,22958000.0,-71562000.0,1.292,1.294,0.0,0.0,0.0,0.0,1296000.0,3359000.0,0.0,0.0,0.0,-70944000.0,-67585000.0,-1.307,-67585000.0,-70944000.0,-70944000.0,-1.08,-1.08,-1.08,92026000.0,,92026000.0,537977788.0,-3.0,-3.19,-1749000.0,-0.026,1.0,28740000.0,0.556,26191000.0,0.0,64919000.0,,13857000.0,68561000.0,68561000.0,0.0,119100000.0,104333000.0,14767000.0,549969788.0,3691000.0,0.0,483000.0,0.0,0.0,-2086000.0,8478000.0,7526000.0,-2701000.0,0.0,-71562000.0,-71562000.0,-71562000.0,0.0,0.0,-1.384,101942000.0,-73202000.0,14427000.0,0.0,5.976,-2.987,-2.934,36171000.0,0.0,8.42,2.924,2.96,17362000.0,-5827463000.0,51698000.0,51698000.0,82711000.0,,,,,6222000.0,12675000.0,1.0,65317077.0,66113000,66113000.0,0.782,184935000.0,0.0,618000.0,0.0,2.797,30427000.0
16,AMCC,MRQ,2012-09-30,2012-09-30,2012-09-30,2019-06-10,-1032000.0,224933000.0,,148849000.0,76084000.0,,2.448,-2008000.0,11992000.0,11992000.0,20561000.0,-21557000.0,3.096,0.415,0.0,0.0,0.0,0.0,1219000.0,3746000.0,0.0,0.0,0.0,-21917000.0,-18171000.0,-0.392,-18171000.0,-21917000.0,-21917000.0,-0.33,-0.33,-0.33,158963000.0,,158963000.0,306114284.0,-3.0,-2.93,-9795000.0,-0.151,1.0,25763000.0,0.556,27207000.0,0.0,137658000.0,,18437000.0,77695000.0,77695000.0,0.0,65970000.0,48076000.0,17894000.0,326828284.0,-8722000.0,0.0,2029000.0,0.0,0.0,1420000.0,-2355000.0,-347000.0,-7787000.0,0.0,-21557000.0,-21557000.0,-21557000.0,0.0,0.0,-0.465,48515000.0,-22752000.0,14095000.0,0.0,2.056,-2.733,-2.649,37858000.0,0.0,5.06,1.696,1.705,14275000.0,-5755901000.0,46324000.0,46324000.0,34383000.0,,,,,7634000.0,13531000.0,1.0,64590570.0,64947000,64947000.0,0.713,197726000.0,0.0,-360000.0,0.0,3.044,100773000.0
17,AMCC,MRQ,2012-06-30,2012-06-30,2012-06-30,2019-06-10,-2384000.0,237743000.0,,158114000.0,79629000.0,,2.698,-5598000.0,20714000.0,20714000.0,18355000.0,-23390000.0,3.591,0.412,0.0,0.0,0.0,0.0,1540000.0,3768000.0,0.0,0.0,0.0,-23190000.0,-19422000.0,-0.47,-19422000.0,-23190000.0,-23190000.0,-0.37,-0.37,-0.37,168400000.0,,168400000.0,327058363.0,-3.0,-3.923,-26058000.0,-0.418,1.0,22939000.0,0.556,28488000.0,0.0,144506000.0,,22594000.0,75424000.0,75424000.0,0.0,69343000.0,44035000.0,25308000.0,355123363.0,-7351000.0,0.0,2676000.0,0.0,0.0,2207000.0,10902000.0,16500000.0,-20460000.0,0.0,-23390000.0,-23390000.0,-23390000.0,0.0,0.0,-0.566,47891000.0,-24952000.0,13739000.0,0.0,2.109,-3.58,-3.575,38398000.0,0.0,5.72,1.68,1.689,16347000.0,-5734344000.0,41294000.0,41294000.0,34771000.0,,,,,7689000.0,12470000.0,1.0,62084504.0,62409000,62409000.0,0.662,209255000.0,0.0,200000.0,0.0,3.353,114079000.0
18,AMCC,MRQ,2012-03-31,2012-03-31,2012-03-31,2019-06-10,-1765000.0,269052000.0,,190861000.0,78191000.0,,2.748,-1365000.0,28065000.0,28065000.0,20974000.0,-67582000.0,2.64,0.59,0.0,0.0,0.0,0.0,2137000.0,3765000.0,0.0,0.0,0.0,-67251000.0,-63486000.0,-1.302,-63486000.0,-67251000.0,-67251000.0,-1.09,-1.09,-1.09,169236000.0,,169236000.0,374284643.0,-5.0,-5.622,-7767000.0,-0.126,1.0,27793000.0,0.57,29817000.0,0.0,138884000.0,,23244000.0,85781000.0,85781000.0,0.0,99816000.0,72286000.0,27530000.0,424515643.0,-22166000.0,0.0,2862000.0,0.0,0.0,2842000.0,-18606000.0,-17241000.0,-6402000.0,0.0,-67582000.0,-67582000.0,-67582000.0,0.0,0.0,-1.386,102941000.0,-75148000.0,21383000.0,0.0,2.508,-5.134,-5.218,38100000.0,0.0,6.94,1.839,1.871,22666000.0,-5710954000.0,48767000.0,48767000.0,89400000.0,,,,,6639000.0,12891000.0,1.0,61169401.0,61585000,61585000.0,0.792,239235000.0,0.0,331000.0,0.0,3.885,118575000.0
19,AMCC,MRQ,2011-12-31,2011-12-31,2011-12-31,2019-06-10,-3171000.0,267071000.0,,187591000.0,79480000.0,,3.71,-2142000.0,50231000.0,50231000.0,23795000.0,-7077000.0,4.6,0.18,0.0,0.0,0.0,0.0,1942000.0,3489000.0,0.0,0.0,0.0,-6871000.0,-3382000.0,-0.06,-3382000.0,-6871000.0,-6871000.0,-0.12,-0.12,-0.12,226294000.0,,226294000.0,357187692.0,-19.0,-1011.863,3780000.0,0.062,1.0,32552000.0,0.578,31146000.0,0.0,144917000.0,,17569000.0,67046000.0,67046000.0,0.0,40777000.0,40777000.0,0.0,408970692.0,-1552000.0,0.0,922000.0,0.0,0.0,512000.0,-7986000.0,-5844000.0,5922000.0,0.0,-7077000.0,-7077000.0,-7077000.0,0.0,0.0,-0.126,40337000.0,-7785000.0,17643000.0,0.0,1.807,-21.393,-21.0,36097000.0,0.0,6.72,1.699,1.703,30828000.0,-5643372000.0,56347000.0,56347000.0,28279000.0,,,,,4433000.0,11406000.0,1.0,60858734.0,60990000,60990000.0,0.924,235925000.0,0.0,206000.0,0.0,3.868,146814000.0
20,AMCC,MRQ,2011-09-30,2011-09-30,2011-09-30,2019-06-10,-3520000.0,266073000.0,,185363000.0,80710000.0,,3.654,-5224000.0,51783000.0,51783000.0,27704000.0,-1152000.0,4.927,0.165,0.0,0.0,0.0,0.0,1847000.0,3500000.0,0.0,0.0,0.0,-571000.0,2929000.0,0.045,2929000.0,-571000.0,-571000.0,-0.02,-0.02,-0.02,228454000.0,,228454000.0,304291555.0,-22.0,40.855,-9902000.0,-0.158,1.0,37225000.0,0.573,32475000.0,0.0,144196000.0,,18727000.0,61914000.0,61914000.0,0.0,37619000.0,37619000.0,0.0,345685555.0,10389000.0,0.0,-15390000.0,0.0,0.0,-15708000.0,30775000.0,35999000.0,-4678000.0,0.0,-1152000.0,-1152000.0,-1152000.0,0.0,0.0,-0.018,39313000.0,-2088000.0,17560000.0,0.0,1.513,-24.69,-23.348,36854000.0,0.0,5.37,1.401,1.361,28083000.0,-5636295000.0,64929000.0,64929000.0,29609000.0,,,,,3124000.0,8941000.0,1.0,64373474.0,62526000,62526000.0,1.038,233598000.0,0.0,581000.0,0.0,3.736,147744000.0
21,AMCC,MRQ,2011-06-30,2011-06-30,2011-06-30,2019-06-10,-1236000.0,292822000.0,,213287000.0,79535000.0,,3.826,-4533000.0,41394000.0,41394000.0,26331000.0,-6877000.0,4.403,0.198,0.0,0.0,0.0,0.0,1959000.0,4436000.0,0.0,0.0,0.0,-7067000.0,-2631000.0,-0.043,-2631000.0,-7067000.0,-7067000.0,-0.11,-0.11,-0.11,244382000.0,,244382000.0,476979588.0,-51.0,34.007,-8727000.0,-0.137,1.0,34513000.0,0.567,33957000.0,0.0,169031000.0,,26746000.0,100456000.0,100456000.0,0.0,48440000.0,48440000.0,0.0,561381588.0,-43008000.0,0.0,-2510000.0,0.0,0.0,-14793000.0,-24021000.0,-19488000.0,-4194000.0,0.0,-6877000.0,-6877000.0,-6877000.0,0.0,0.0,-0.113,42936000.0,-8423000.0,24232000.0,0.0,2.297,-60.533,-55.375,33803000.0,0.0,8.86,2.266,2.284,24157000.0,-5635143000.0,60844000.0,60844000.0,28368000.0,,,,,4178000.0,12556000.0,1.0,63361353.0,63878000,63878000.0,0.953,258865000.0,0.0,-190000.0,0.0,4.052,164847000.0
22,AMCC,MRQ,2011-03-31,2011-03-31,2011-03-31,2019-06-10,-1597000.0,308657000.0,,232964000.0,75693000.0,,4.076,-762000.0,84402000.0,84402000.0,25476000.0,-4011000.0,4.973,0.179,0.0,0.0,0.0,0.0,2407000.0,6789000.0,0.0,0.0,0.0,-4058000.0,2731000.0,0.047,2731000.0,-4058000.0,-4058000.0,-0.07,-0.06,-0.07,261810000.0,,261810000.0,587350391.0,-968.0,24.675,-5685000.0,-0.089,1.0,33107000.0,0.565,36571000.0,0.0,140837000.0,,26561000.0,83649000.0,83649000.0,0.0,46847000.0,46847000.0,0.0,672097391.0,-792000.0,0.0,-13029000.0,0.0,0.0,-13483000.0,17614000.0,18376000.0,-4923000.0,0.0,-4011000.0,-4011000.0,-4011000.0,0.0,0.0,-0.068,40344000.0,-7237000.0,24431000.0,0.0,2.567,-668.089,-519.0,32023000.0,0.0,10.38,2.713,2.73,19997000.0,-5628266000.0,58583000.0,58583000.0,26932000.0,,,,,3774000.0,11733000.0,1.0,64749267.0,64236000,57993000.0,0.912,272086000.0,0.0,-47000.0,0.0,4.236,186117000.0
23,AMCC,MRQ,2010-12-31,2010-12-31,2010-12-31,2019-06-10,1197000.0,327118000.0,,245365000.0,81753000.0,,4.313,-2971000.0,85194000.0,85194000.0,23886000.0,-1961000.0,5.443,0.173,447000.0,447000.0,0.0,447000.0,2591000.0,6550000.0,0.0,0.0,0.0,-2131000.0,4419000.0,0.071,4419000.0,-2131000.0,-2131000.0,-0.03,-0.03,-0.03,278837000.0,,278837000.0,646800697.0,299.0,25.556,10371000.0,0.16,1.0,38478000.0,0.617,42201000.0,0.0,155095000.0,,22323000.0,105002000.0,105002000.0,0.0,48281000.0,45075000.0,3206000.0,688986697.0,42428000.0,0.0,87000.0,0.0,0.0,-43000.0,29129000.0,32100000.0,13342000.0,0.0,-1961000.0,-1961000.0,-1961000.0,0.0,0.0,-0.031,42934000.0,-4456000.0,19885000.0,0.0,2.471,234.349,267.0,30819000.0,0.0,10.68,2.792,2.798,14266000.0,-5624255000.0,62364000.0,62364000.0,28684000.0,,,,,5089000.0,12729000.0,1.0,64511863.0,64647000,64647000.0,0.965,284917000.0,0.0,-170000.0,0.0,4.407,200290000.0
24,AMCC,MRQ,2010-09-30,2010-09-30,2010-09-30,2019-06-10,3870000.0,324405000.0,,238685000.0,85720000.0,,4.246,-4135000.0,42766000.0,42766000.0,23435000.0,3575000.0,5.682,0.162,580000.0,580000.0,0.0,580000.0,1637000.0,5556000.0,0.0,0.0,0.0,3951000.0,9507000.0,0.144,9507000.0,3951000.0,3951000.0,0.05,0.05,0.05,279191000.0,,279191000.0,599755350.0,-387.0,29.42,7168000.0,0.109,1.0,42518000.0,0.645,46957000.0,0.0,193254000.0,,17557000.0,139802000.0,139802000.0,0.0,45214000.0,42008000.0,3206000.0,665767350.0,-23246000.0,-31484000.0,-15368000.0,0.0,0.0,-15943000.0,-18606000.0,17013000.0,11303000.0,0.0,3575000.0,3575000.0,3575000.0,0.0,0.0,0.054,41669000.0,849000.0,20716000.0,0.0,2.385,509.386,500.0,29633000.0,0.0,10.0,2.796,2.762,22612000.0,-5622294000.0,65953000.0,65953000.0,27339000.0,,,,,3975000.0,13087000.0,1.0,66576735.0,65752000,68021000.0,1.003,277448000.0,0.0,376000.0,0.0,4.22,196677000.0
25,AMCC,MRQ,2010-06-30,2010-06-30,2010-06-30,2019-06-10,3886000.0,323207000.0,,273723000.0,49484000.0,,4.352,-1507000.0,66012000.0,66012000.0,22485000.0,1391000.0,7.617,0.125,0.0,0.0,0.0,0.0,1038000.0,5515000.0,0.0,0.0,0.0,1631000.0,7146000.0,0.118,7146000.0,1631000.0,1631000.0,0.02,0.02,0.02,287272000.0,,287272000.0,563493731.0,-36.0,87.758,9726000.0,0.147,1.0,38325000.0,0.63,13220000.0,0.0,208040000.0,,17397000.0,156509000.0,156509000.0,0.0,35935000.0,35935000.0,0.0,686019731.0,-56514000.0,0.0,11804000.0,0.0,0.0,-338000.0,-67409000.0,-65902000.0,11233000.0,0.0,1391000.0,1391000.0,1391000.0,0.0,0.0,0.023,38775000.0,-450000.0,18891000.0,0.0,2.388,-76.292,-80.615,26685000.0,0.0,10.48,3.099,3.125,20206000.0,-5625869000.0,60810000.0,60810000.0,25777000.0,,,,,3846000.0,11624000.0,1.0,65459898.0,66005000,68735000.0,0.921,309987000.0,0.0,240000.0,0.0,4.696,237788000.0
26,AMCC,MRQ,2010-03-31,2010-03-31,2010-03-31,2019-06-10,2430000.0,316044000.0,,263020000.0,53024000.0,,4.298,-2556000.0,122526000.0,122526000.0,22787000.0,-65000.0,7.479,0.125,0.0,0.0,0.0,0.0,808000.0,5528000.0,0.0,0.0,0.0,-1291000.0,4237000.0,0.074,4237000.0,-1291000.0,-1291000.0,0.0,0.0,0.0,280874000.0,,280874000.0,443052035.0,-24.0,92.303,5860000.0,0.09,1.0,34823000.0,0.604,16850000.0,0.0,141498000.0,,15387000.0,84117000.0,84117000.0,0.0,35170000.0,35170000.0,0.0,567023035.0,-1445000.0,0.0,7120000.0,0.0,0.0,-2939000.0,-6922000.0,-4366000.0,8416000.0,0.0,-65000.0,-65000.0,-65000.0,-2000.0,0.0,-0.001,38222000.0,-3399000.0,20074000.0,,2.019,-75.755,-78.455,25879000.0,0.0,8.63,2.758,2.771,22892000.0,-5627260000.0,57610000.0,57610000.0,24255000.0,,,,,3563000.0,11937000.0,1.0,65703712.0,65346000,65346000.0,0.882,299194000.0,0.0,-1226000.0,0.0,4.579,227850000.0
27,AMCC,MRQ,2009-12-31,2009-12-31,2009-12-31,2019-06-10,1642000.0,313184000.0,,246914000.0,66270000.0,,4.228,-1312000.0,123971000.0,123971000.0,24173000.0,-3594000.0,7.357,0.12,0.0,0.0,0.0,0.0,1368000.0,5338000.0,0.0,0.0,0.0,-5842000.0,-504000.0,-0.009,-504000.0,-5842000.0,-5842000.0,-0.05,-0.05,-0.05,279620000.0,,279620000.0,386015287.0,-9.0,-19.363,12456000.0,0.188,1.0,29531000.0,0.55,20479000.0,0.0,135170000.0,,17167000.0,78043000.0,78043000.0,0.0,33564000.0,33564000.0,0.0,497833287.0,12153000.0,0.0,2569000.0,0.0,0.0,-7486000.0,5871000.0,7183000.0,13768000.0,0.0,-3594000.0,-3594000.0,-3594000.0,934000.0,0.0,-0.067,36058000.0,-6527000.0,18344000.0,0.0,1.78,-14.303,-14.365,25786000.0,0.0,7.47,2.634,2.614,17785000.0,-5627195000.0,53704000.0,53704000.0,23599000.0,,,,,3737000.0,11454000.0,1.0,66644349.0,66139000,66139000.0,0.812,292705000.0,0.0,-2248000.0,0.0,4.426,213350000.0
28,AMCC,MRQ,2009-09-30,2009-09-30,2009-09-30,2019-06-10,2774000.0,317397000.0,,246748000.0,70649000.0,,4.334,-1650000.0,111818000.0,111818000.0,23796000.0,-6724000.0,8.424,0.102,0.0,0.0,0.0,0.0,861000.0,5883000.0,0.0,0.0,0.0,-10341000.0,-4458000.0,-0.091,-4458000.0,-10341000.0,-10341000.0,-0.1,-0.1,-0.1,288105000.0,,288105000.0,549925409.0,-2.0,-1.89,-6315000.0,-0.095,1.0,25436000.0,0.517,24109000.0,0.0,152178000.0,,19421000.0,85878000.0,85878000.0,0.0,29292000.0,29292000.0,0.0,661868409.0,-125000.0,712000.0,9497000.0,0.0,0.0,-643000.0,5183000.0,6121000.0,-4665000.0,0.0,-6724000.0,-6724000.0,-6724000.0,-1347000.0,0.0,-0.137,33699000.0,-8263000.0,13431000.0,0.0,2.297,-2.165,-2.139,26237000.0,0.0,9.99,3.617,3.628,21275000.0,-5623601000.0,49232000.0,49232000.0,20828000.0,,,,,3767000.0,11991000.0,1.0,66253094.0,66469000,66469000.0,0.741,293288000.0,0.0,-3617000.0,0.0,4.412,217456000.0
29,AMCC,MRQ,2009-06-30,2009-06-30,2009-06-30,2019-06-10,-1047000.0,321367000.0,,245396000.0,75971000.0,,4.357,-2014000.0,111943000.0,111943000.0,22175000.0,2898000.0,7.328,0.116,0.0,0.0,0.0,0.0,1313000.0,6146000.0,0.0,0.0,0.0,-621000.0,5525000.0,0.123,5525000.0,-621000.0,-621000.0,0.04,0.04,0.04,287880000.0,,287880000.0,436317009.0,-1.0,-1.554,-2666000.0,-0.04,1.0,22877000.0,0.508,28377000.0,0.0,147560000.0,,22224000.0,88432000.0,88432000.0,0.0,33487000.0,33487000.0,0.0,535654009.0,12606000.0,20815000.0,4314000.0,0.0,0.0,-8064000.0,21322000.0,2521000.0,-652000.0,0.0,2898000.0,2898000.0,2898000.0,-5697000.0,0.0,0.064,30784000.0,-7907000.0,16525000.0,0.0,1.861,-1.778,-1.764,26216000.0,0.0,8.13,2.704,2.712,15203000.0,-5616877000.0,45052000.0,45052000.0,19414000.0,,,,,2615000.0,10519000.0,1.0,65886102.0,66070000,66733000.0,0.682,292990000.0,0.0,-3519000.0,0.0,4.435,211909000.0
30,AMCC,MRQ,2009-03-31,2009-03-31,2009-03-31,2019-06-10,-6273000.0,324610000.0,,248036000.0,76574000.0,,4.322,-447000.0,99337000.0,99337000.0,21842000.0,-27386000.0,6.103,0.143,0.0,0.0,0.0,0.0,2584000.0,7342000.0,0.0,0.0,0.0,-27841000.0,-20499000.0,-0.5,-20499000.0,-27841000.0,-27841000.0,-0.41,-0.41,-0.41,283970000.0,,283970000.0,225465737.0,-1.0,-0.796,-1581000.0,-0.024,1.0,19159000.0,0.467,32965000.0,0.0,151668000.0,,26598000.0,84672000.0,84672000.0,0.0,40640000.0,40640000.0,0.0,318132737.0,6670000.0,0.0,1143000.0,0.0,0.0,922000.0,6882000.0,7329000.0,-1134000.0,0.0,-27386000.0,-27386000.0,-27386000.0,4622000.0,0.0,-0.668,44071000.0,-24912000.0,16715000.0,0.0,1.12,-1.028,-1.025,25749000.0,0.0,4.86,1.485,1.481,17537000.0,-5620909000.0,41001000.0,41001000.0,24202000.0,,,,,2274000.0,11151000.0,1.0,65459411.0,65703000,65703000.0,0.624,291645000.0,0.0,-455000.0,0.0,4.439,207396000.0
31,AMCC,MRQ,2008-12-31,2008-12-31,2008-12-31,2019-06-10,-3259000.0,348133000.0,,256893000.0,91240000.0,,4.744,-1877000.0,92667000.0,92667000.0,22226000.0,-274460000.0,6.755,0.123,0.0,0.0,0.0,0.0,2026000.0,7327000.0,0.0,0.0,0.0,-278856000.0,-271529000.0,-5.689,-271529000.0,-278856000.0,-278856000.0,-4.2,-4.2,-4.2,310101000.0,,310101000.0,192703004.0,-1.0,-0.571,-8736000.0,-0.134,1.0,25500000.0,0.534,38593000.0,0.0,178841000.0,,38769000.0,95218000.0,95218000.0,0.0,38032000.0,38032000.0,0.0,256512004.0,28858000.0,0.0,-45000.0,0.0,0.0,-313000.0,36030000.0,37907000.0,-6859000.0,0.0,-274460000.0,-274460000.0,-274460000.0,42097000.0,0.0,-5.751,254862000.0,-229362000.0,17969000.0,0.0,0.827,-0.697,-0.702,27644000.0,0.0,3.93,1.331,1.333,20909000.0,-5593523000.0,47726000.0,47726000.0,18625000.0,,,,,1905000.0,11315000.0,1.0,65270230.0,65366000,65366000.0,0.73,309540000.0,0.0,-4396000.0,0.0,4.735,218861000.0
32,AMCC,MRQ,2008-09-30,2008-09-30,2008-09-30,2019-06-10,-8995000.0,627344000.0,,271428000.0,355916000.0,,8.856,-1433000.0,63809000.0,63809000.0,28576000.0,-2313000.0,5.903,0.087,0.0,0.0,0.0,0.0,2028000.0,7610000.0,0.0,0.0,0.0,-1910000.0,5700000.0,0.089,5700000.0,-1910000.0,-1910000.0,-0.04,-0.04,-0.04,576962000.0,,576962000.0,335071776.0,-4.0,-5.348,8007000.0,0.123,1.0,35714000.0,0.556,308351000.0,0.0,209199000.0,,34481000.0,137275000.0,131839000.0,5436000.0,50382000.0,45985000.0,4397000.0,388393776.0,10487000.0,0.0,1537000.0,0.0,0.0,1583000.0,-536000.0,897000.0,9440000.0,0.0,-2313000.0,-2313000.0,-2313000.0,793000.0,0.0,-0.036,36281000.0,-567000.0,23459000.0,0.0,0.673,-3.958,-4.096,27456000.0,0.0,5.98,1.838,1.844,31899000.0,-5319062000.0,64290000.0,64290000.0,21410000.0,,,,,2997000.0,13780000.0,1.0,64948792.0,65150000,65150000.0,0.987,318993000.0,0.0,403000.0,0.0,4.896,225443000.0
33,AMCC,MRQ,2008-06-30,2008-06-30,2008-06-30,2019-06-10,-4345000.0,629424000.0,,268415000.0,361009000.0,,8.932,-3502000.0,53322000.0,53322000.0,28426000.0,-5174000.0,5.848,0.086,0.0,0.0,0.0,0.0,2266000.0,7643000.0,0.0,0.0,0.0,-4672000.0,2971000.0,0.049,2971000.0,-4672000.0,-4672000.0,-0.08,-0.08,-0.08,579347000.0,,579347000.0,511909711.0,-5.0,-7.386,7578000.0,0.117,1.0,32773000.0,0.536,314254000.0,0.0,215949000.0,,33928000.0,146272000.0,141086000.0,5186000.0,50077000.0,45899000.0,4178000.0,554598711.0,10633000.0,0.0,78000.0,0.0,0.0,-31000.0,-416000.0,3086000.0,11080000.0,0.0,-5174000.0,-5174000.0,-5174000.0,723000.0,0.0,-0.085,35395000.0,-2622000.0,24366000.0,0.0,0.957,-5.339,-5.558,27726000.0,0.0,8.56,2.703,2.706,29433000.0,-5316750000.0,61199000.0,61199000.0,20450000.0,,,,,3208000.0,13851000.0,1.0,64789569.0,64864000,64864000.0,0.943,315170000.0,0.0,502000.0,0.0,4.859,222516000.0
34,AMCC,MRQ,2008-03-31,2008-03-31,2008-03-31,2019-06-10,-4976000.0,632847000.0,,221757000.0,411090000.0,,8.949,-2078000.0,42689000.0,42689000.0,8619000.0,-86309000.0,4.603,0.09,0.0,0.0,0.0,0.0,1917000.0,7555000.0,0.0,0.0,0.0,-82078000.0,-74523000.0,-3.821,-74523000.0,-82078000.0,-82078000.0,-1.28,-1.28,-1.28,580712000.0,,580712000.0,432156062.0,-4.0,-5.332,6277000.0,0.097,1.0,10884000.0,0.558,320155000.0,0.0,221826000.0,,30293000.0,152119000.0,100200000.0,51919000.0,52135000.0,48177000.0,3958000.0,466647062.0,8198000.0,232000.0,2646000.0,0.0,0.0,2622000.0,-2779000.0,-933000.0,8355000.0,0.0,-86309000.0,-86309000.0,-86309000.0,69916000.0,0.0,-4.425,21495000.0,-10611000.0,25518000.0,0.0,0.804,-4.054,-4.224,25233000.0,0.0,7.18,2.404,2.507,28800000.0,-5311576000.0,19503000.0,19503000.0,11459000.0,,,,,3079000.0,5999000.0,1.0,64992627.0,64889000,64889000.0,0.301,312692000.0,0.0,4231000.0,0.0,4.819,173580000.0
35,AMCC,MRQ,2007-12-31,2007-12-31,2007-12-31,2019-06-10,-5122000.0,710513000.0,,200231000.0,510282000.0,,9.865,-1629000.0,34491000.0,34491000.0,33311000.0,-4339000.0,4.05,0.075,0.0,0.0,0.0,0.0,2822000.0,7566000.0,0.0,0.0,0.0,-4370000.0,3196000.0,0.048,3196000.0,-4370000.0,-4370000.0,-0.06,-0.06,-0.06,661072000.0,,661072000.0,547794275.0,-16.0,-145.962,7230000.0,0.108,1.0,32956000.0,0.497,397553000.0,0.0,229028000.0,,39820000.0,151811000.0,82358000.0,69453000.0,49441000.0,49441000.0,0.0,596612275.0,-14327000.0,0.0,-19308000.0,0.0,0.0,-37154000.0,13968000.0,15597000.0,8859000.0,0.0,-4339000.0,-4339000.0,-4339000.0,0.0,0.0,-0.065,39474000.0,-6518000.0,25874000.0,0.0,0.902,-17.474,-18.208,25563000.0,0.0,8.74,3.069,3.013,31745000.0,-5225267000.0,66267000.0,66267000.0,24696000.0,,,,,2311000.0,14125000.0,1.0,68262274.0,67015000,67015000.0,0.989,312960000.0,0.0,-31000.0,0.0,4.67,150790000.0
36,AMCC,MRQ,2007-09-30,2007-09-30,2007-09-30,2019-06-10,-4419000.0,739846000.0,,215847000.0,523999000.0,,10.195,-578000.0,48818000.0,48818000.0,30328000.0,-8053000.0,5.591,0.055,0.0,0.0,0.0,0.0,2399000.0,7514000.0,0.0,0.0,0.0,-8463000.0,-949000.0,-0.016,-949000.0,-8463000.0,-8463000.0,-0.12,-0.12,-0.12,701239000.0,,701239000.0,854689873.0,-25.0,-662.037,-15152000.0,-0.22,1.0,27882000.0,0.479,403456000.0,0.0,248965000.0,,40481000.0,169236000.0,91500000.0,77736000.0,38607000.0,38607000.0,0.0,883555873.0,19952000.0,0.0,-4206000.0,0.0,0.0,-18095000.0,52621000.0,53199000.0,-14574000.0,0.0,-8053000.0,-8053000.0,-8053000.0,0.0,0.0,-0.138,43251000.0,-15369000.0,14311000.0,0.0,1.26,-26.006,-26.333,25655000.0,0.0,12.64,4.315,4.246,23218000.0,-5220928000.0,58210000.0,58210000.0,24480000.0,,,,,3297000.0,15850000.0,1.0,69901572.0,68783000,68783000.0,0.846,336390000.0,0.0,-410000.0,0.0,4.891,177240000.0
37,AMCC,MRQ,2007-06-30,2007-06-30,2007-06-30,2019-06-10,-91000.0,773469000.0,,325367000.0,448102000.0,,10.343,-1090000.0,28866000.0,28866000.0,26498000.0,-16420000.0,7.205,0.062,0.0,0.0,0.0,0.0,2446000.0,7669000.0,0.0,0.0,0.0,-16437000.0,-8768000.0,-0.175,-8768000.0,-16437000.0,-16437000.0,-0.23,-0.23,-0.23,728311000.0,,728311000.0,656432978.0,-17.0,-109.205,-9886000.0,-0.14,1.0,23637000.0,0.471,409376000.0,0.0,290069000.0,,34834000.0,227007000.0,227007000.0,0.0,45158000.0,45158000.0,0.0,708027978.0,-22729000.0,0.0,-8539000.0,0.0,0.0,-18711000.0,4778000.0,5868000.0,-8796000.0,0.0,-16420000.0,-16420000.0,-16420000.0,0.0,0.0,-0.328,43150000.0,-19513000.0,18110000.0,0.0,0.972,-17.785,-17.857,26613000.0,0.0,10.0,3.176,3.159,21710000.0,-5212875000.0,50135000.0,50135000.0,25482000.0,,,,,2620000.0,16063000.0,1.0,70802798.0,70414000,70414000.0,0.712,364093000.0,0.0,-17000.0,0.0,5.171,280209000.0
38,AMCC,MRQ,2007-03-31,2007-03-31,2007-03-31,2019-06-10,224000.0,816512000.0,,362752000.0,453760000.0,,10.773,-949000.0,51595000.0,51595000.0,10931000.0,-5330000.0,6.514,0.073,0.0,0.0,0.0,0.0,2393000.0,8092000.0,0.0,0.0,0.0,-5324000.0,2768000.0,0.14,2768000.0,-5324000.0,-5324000.0,-0.07,-0.07,-0.07,760822000.0,,760822000.0,990037323.0,-41.0,106.616,11422000.0,0.162,1.0,8862000.0,0.448,415644000.0,0.0,293583000.0,,31286000.0,232875000.0,232875000.0,0.0,55690000.0,55690000.0,0.0,1030082323.0,11550000.0,0.0,12186000.0,0.0,0.0,2519000.0,-3340000.0,-7179000.0,12371000.0,0.0,-5330000.0,-5330000.0,-5330000.0,580000.0,0.0,-0.269,17066000.0,-8204000.0,26893000.0,0.0,1.354,-42.551,-42.941,27150000.0,0.0,14.6,4.248,4.28,32558000.0,-5196455000.0,19793000.0,19793000.0,9024000.0,,,,,2440000.0,8455000.0,1.0,70553584.0,70620000,70620000.0,0.28,400868000.0,0.0,6000.0,0.0,5.676,307062000.0
39,AMCC,MRQ,2006-12-31,2006-12-30,2006-12-30,2019-06-10,-4193000.0,816523000.0,,350405000.0,466118000.0,,10.738,-1490000.0,40045000.0,40045000.0,37799000.0,-4172000.0,5.837,0.079,0.0,0.0,0.0,0.0,3321000.0,9717000.0,0.0,0.0,0.0,-4059000.0,5658000.0,0.074,5658000.0,-4059000.0,-4059000.0,-0.06,-0.06,-0.06,756493000.0,,756493000.0,1006778938.0,-6.0,-8.122,-4880000.0,-0.069,1.0,38843000.0,0.507,422009000.0,0.0,294439000.0,,37273000.0,220995000.0,220995000.0,0.0,60030000.0,60030000.0,0.0,1047742938.0,3109000.0,0.0,5000.0,0.0,0.0,340000.0,6159000.0,7649000.0,-3390000.0,0.0,-4172000.0,-4172000.0,-4172000.0,0.0,0.0,-0.054,46023000.0,-7180000.0,24960000.0,0.0,1.385,-6.665,-6.749,32010000.0,0.0,14.24,3.617,3.463,35741000.0,-5191126000.0,76642000.0,76642000.0,24550000.0,,,,,2724000.0,17351000.0,1.0,73577454.0,70450000,70450000.0,1.088,394514000.0,0.0,113000.0,0.0,5.6,290375000.0
40,AMCC,MRQ,2006-09-30,2006-09-30,2006-09-30,2019-06-10,-5746000.0,822270000.0,,351307000.0,470963000.0,,10.738,-2557000.0,36936000.0,36936000.0,35536000.0,-13889000.0,5.333,0.087,0.0,0.0,0.0,0.0,3278000.0,8146000.0,0.0,0.0,0.0,-13815000.0,-5669000.0,-0.074,-5669000.0,-13815000.0,-13815000.0,-0.2,-0.2,-0.2,756396000.0,,756396000.0,806648264.0,-5.0,-6.583,-5349000.0,-0.076,1.0,40828000.0,0.535,427809000.0,0.0,291651000.0,,34128000.0,228840000.0,228840000.0,0.0,65874000.0,65874000.0,0.0,847612264.0,-51772000.0,-71971000.0,4000.0,-289000.0,0.0,-365000.0,-48615000.0,25913000.0,-2792000.0,0.0,-13889000.0,-13889000.0,-13889000.0,0.0,0.0,-0.182,58072000.0,-17244000.0,29673000.0,0.0,1.121,-5.56,-5.62,33438000.0,0.0,11.52,3.046,2.916,36967000.0,-5186953000.0,76364000.0,76364000.0,24853000.0,,,,,2678000.0,16162000.0,1.0,73577454.0,70440500,70440500.0,1.084,394461000.0,0.0,74000.0,0.0,5.6,285433000.0
41,AMCC,MRQ,2006-06-30,2006-06-30,2006-06-30,2019-06-10,-13122000.0,827257000.0,,408464000.0,418793000.0,,10.443,-1736000.0,88708000.0,88708000.0,31528000.0,-817000.0,6.094,0.088,0.0,0.0,0.0,0.0,3599000.0,7206000.0,0.0,0.0,0.0,-677000.0,6529000.0,0.094,6529000.0,-677000.0,-677000.0,0.0,0.0,0.0,760227000.0,,760227000.0,762501792.0,-5.0,-6.721,4584000.0,0.063,1.0,38151000.0,0.548,376333000.0,0.0,295186000.0,,26333000.0,247402000.0,247402000.0,0.0,67030000.0,67030000.0,0.0,803465792.0,39583000.0,0.0,-2519000.0,0.0,0.0,-2608000.0,35871000.0,37607000.0,6320000.0,0.0,-817000.0,-817000.0,-817000.0,0.0,0.0,-0.012,42193000.0,-4042000.0,28729000.0,,1.057,-5.542,-5.658,33394000.0,0.0,10.92,3.011,2.979,31103000.0,-5173064000.0,69679000.0,69679000.0,22839000.0,,,,,2511000.0,16450000.0,1.0,73577454.0,72794500,72794500.0,0.957,450924000.0,0.0,140000.0,0.0,6.194,341434000.0
42,AMCC,MRQ,2006-03-31,2006-03-31,2006-03-31,2019-06-10,-11367000.0,825426000.0,,399548000.0,425878000.0,,10.363,-1228000.0,49125000.0,49125000.0,30449000.0,-138328000.0,6.381,0.082,0.0,0.0,0.0,0.0,3536000.0,7523000.0,0.0,0.0,0.0,-138000000.0,-130477000.0,-1.948,-130477000.0,-138000000.0,-138000000.0,-1.85,-1.85,-1.85,762808000.0,,762808000.0,1156876943.0,-8.0,-10.159,-3914000.0,-0.053,1.0,36544000.0,0.545,381066000.0,0.0,332617000.0,,24941000.0,286540000.0,286540000.0,0.0,62618000.0,62618000.0,0.0,1197840943.0,8161000.0,0.0,94656000.0,0.0,0.0,-10320000.0,21167000.0,22395000.0,-2686000.0,0.0,-138328000.0,-138328000.0,-138328000.0,0.0,0.0,-2.065,178536000.0,-141992000.0,24656000.0,0.0,1.57,-8.073,-8.264,36127000.0,0.0,16.28,4.575,4.676,26324000.0,-5172247000.0,66993000.0,66993000.0,22836000.0,,,,,2097000.0,15673000.0,1.0,73577454.0,73609500,73609500.0,0.91,444360000.0,0.0,328000.0,0.0,6.037,336930000.0
43,AMCC,MRQ,2005-12-31,2005-12-31,2005-12-31,2019-06-10,-9823000.0,972367000.0,,408847000.0,563520000.0,,12.263,-684000.0,40964000.0,40964000.0,30017000.0,584000.0,6.654,0.067,0.0,0.0,0.0,0.0,3358000.0,7804000.0,0.0,0.0,0.0,-731000.0,7073000.0,0.108,7073000.0,-731000.0,-731000.0,0.0,0.0,0.0,910927000.0,,910927000.0,719134020.0,-44.0,32.36,12627000.0,0.17,1.0,35226000.0,0.54,517014000.0,0.0,352949000.0,,20648000.0,309846000.0,309846000.0,0.0,61440000.0,61440000.0,0.0,767852020.0,-7754000.0,0.0,-24153000.0,0.0,0.0,-24216000.0,3151000.0,3835000.0,13311000.0,0.0,584000.0,584000.0,584000.0,0.0,0.0,0.009,40897000.0,-5671000.0,28268000.0,,0.843,-49.919,-51.4,38237000.0,0.0,10.28,2.964,2.948,22390000.0,-4959601000.0,65243000.0,65243000.0,23429000.0,,,,,1458000.0,15022000.0,1.0,74693776.0,74279750,74762250.0,0.878,455353000.0,0.0,-1315000.0,0.0,6.13,347407000.0
44,AMCC,MRQ,2005-09-30,2005-09-30,2005-09-30,2019-06-10,-6156000.0,994821000.0,,429506000.0,565315000.0,,12.266,-2045000.0,48718000.0,48718000.0,31093000.0,-6424000.0,7.39,0.062,0.0,0.0,0.0,0.0,3655000.0,9672000.0,0.0,0.0,0.0,-6249000.0,3423000.0,0.053,3423000.0,-6249000.0,-6249000.0,-0.08,-0.08,-0.08,936705000.0,,936705000.0,883374876.0,-9.0,-17.024,4772000.0,0.062,1.0,33842000.0,0.521,521746000.0,0.0,366241000.0,,18697000.0,320789000.0,320789000.0,0.0,58116000.0,58116000.0,0.0,916413876.0,15672000.0,0.0,-12089000.0,-7000.0,0.0,-11976000.0,20831000.0,22876000.0,6817000.0,0.0,-6424000.0,-6424000.0,-6424000.0,0.0,0.0,-0.099,43628000.0,-9786000.0,25984000.0,0.0,0.978,-9.365,-9.375,41076000.0,0.0,12.0,3.595,3.595,26365000.0,-4960185000.0,64935000.0,64935000.0,23835000.0,,,,,1478000.0,15127000.0,1.0,76367823.0,76369000,76369000.0,0.85,473075000.0,0.0,175000.0,0.0,6.195,371390000.0
45,AMCC,MRQ,2005-06-30,2005-06-30,2005-06-30,2019-06-10,-3502000.0,1009839000.0,,435049000.0,574790000.0,,12.489,-3875000.0,33046000.0,33046000.0,30833000.0,-4204000.0,8.14,0.056,7000.0,7000.0,0.0,7000.0,3281000.0,10135000.0,0.0,0.0,0.0,-4028000.0,6107000.0,0.094,6107000.0,-4028000.0,-4028000.0,-0.04,-0.04,-0.04,956394000.0,,956394000.0,709330541.0,-7.0,-11.723,-25887000.0,-0.338,1.0,33840000.0,0.523,528051000.0,0.0,395304000.0,,16399000.0,346325000.0,346325000.0,0.0,53445000.0,53445000.0,0.0,784692541.0,-42350000.0,0.0,-21472000.0,-27000.0,0.0,-21706000.0,1368000.0,5243000.0,-22012000.0,0.0,-4204000.0,-4204000.0,-4204000.0,0.0,0.0,-0.065,41272000.0,-7432000.0,19747000.0,0.0,0.82,-7.15,-7.111,44668000.0,0.0,10.24,3.126,3.124,23694000.0,-4953761000.0,64673000.0,64673000.0,23670000.0,,,,,1507000.0,16335000.0,1.0,76630131.0,76581750,76581750.0,0.844,481788000.0,0.0,176000.0,0.0,6.291,381604000.0
46,AMCC,MRQ,2005-03-31,2005-03-31,2005-03-31,2019-06-10,-6867000.0,1102395000.0,,521455000.0,580940000.0,,12.672,-2049000.0,75396000.0,75396000.0,30073000.0,-5338000.0,4.165,0.128,34000.0,34000.0,0.0,34000.0,3939000.0,10958000.0,0.0,0.0,0.0,-5338000.0,5620000.0,0.088,5620000.0,-5338000.0,-5338000.0,-0.08,-0.08,-0.08,977198000.0,,977198000.0,960835043.0,-8.0,-12.623,1408000.0,0.018,1.0,34131000.0,0.532,534514000.0,0.0,367322000.0,,18014000.0,347996000.0,347996000.0,0.0,125197000.0,125197000.0,0.0,1010503043.0,25625000.0,-31000.0,80914000.0,-69000.0,0.0,21337000.0,831000.0,2911000.0,3457000.0,0.0,-5338000.0,-5338000.0,-5338000.0,0.0,0.0,-0.083,43577000.0,-9446000.0,24016000.0,0.0,1.034,-7.933,-8.0,44461000.0,0.0,13.12,3.982,4.0,28601000.0,-5023875000.0,64204000.0,64204000.0,25270000.0,,,,,1609000.0,15116000.0,1.0,77020049.0,77112000,77112000.0,0.833,567881000.0,0.0,0.0,0.0,7.364,396258000.0
47,AMCC,MRQ,2004-12-31,2004-12-31,2004-12-31,2019-06-10,-1583000.0,1088737000.0,,494744000.0,593993000.0,,12.541,-14425000.0,49771000.0,49771000.0,30159000.0,-81892000.0,3.992,0.128,103000.0,103000.0,0.0,103000.0,3897000.0,12325000.0,0.0,0.0,0.0,-79366000.0,-67041000.0,-1.098,-67041000.0,-79366000.0,-79366000.0,-1.08,-1.08,-1.08,964813000.0,,964813000.0,1238553622.0,-10.0,-15.698,-23433000.0,-0.305,1.0,30922000.0,0.506,544892000.0,0.0,370253000.0,,19847000.0,356199000.0,356199000.0,0.0,123924000.0,123924000.0,0.0,1297281622.0,-9128000.0,-2600000.0,22735000.0,-68000.0,0.0,23358000.0,-23478000.0,-6453000.0,-9008000.0,0.0,-81892000.0,-81892000.0,-81892000.0,0.0,0.0,-1.341,115068000.0,-84146000.0,14164000.0,0.0,1.345,-10.359,-10.268,47102000.0,0.0,16.84,5.476,5.469,22304000.0,-4944219000.0,61081000.0,61081000.0,32163000.0,,,,,1975000.0,16763000.0,1.0,77035726.0,76932250,76932250.0,0.794,543845000.0,0.0,2526000.0,0.0,7.069,370820000.0
48,AMCC,MRQ,2004-09-30,2004-09-30,2004-09-30,2019-06-10,-343000.0,1094389000.0,,474652000.0,619737000.0,,13.198,-3456000.0,58899000.0,58899000.0,31529000.0,-18319000.0,6.671,0.07,171000.0,171000.0,0.0,171000.0,4036000.0,13126000.0,0.0,0.0,0.0,-18319000.0,-5193000.0,-0.085,-5193000.0,-18319000.0,-18319000.0,-0.24,-0.24,-0.24,1023235000.0,,1023235000.0,911476709.0,-13.0,-31.01,-11584000.0,-0.149,1.0,29540000.0,0.484,578206000.0,0.0,386301000.0,,18842000.0,351677000.0,351677000.0,0.0,71154000.0,71154000.0,0.0,980127709.0,-9985000.0,1140000.0,-63059000.0,-62000.0,0.0,-62961000.0,61104000.0,63420000.0,-8128000.0,0.0,-18319000.0,-18319000.0,-18319000.0,0.0,0.0,-0.3,52389000.0,-22849000.0,26163000.0,0.0,0.958,-14.047,-13.609,39762000.0,0.0,12.52,4.58,4.536,27872000.0,-4862327000.0,61069000.0,61069000.0,32617000.0,,,,,3246000.0,17500000.0,1.0,78284961.0,77532000,77532000.0,0.788,516183000.0,0.0,0.0,0.0,6.658,403498000.0
49,AMCC,MRQ,2004-06-30,2004-06-30,2004-06-30,2019-06-10,-9232000.0,1169636000.0,,539202000.0,630434000.0,,14.028,-7563000.0,68884000.0,68884000.0,31492000.0,-21824000.0,6.988,0.071,233000.0,233000.0,0.0,233000.0,4118000.0,11987000.0,0.0,0.0,0.0,-21489000.0,-9502000.0,-0.141,-9502000.0,-21489000.0,-21489000.0,-0.28,-0.28,-0.28,1092478000.0,,1092478000.0,1329620261.0,-18.0,-33.023,-5205000.0,-0.067,1.0,35910000.0,0.533,587782000.0,0.0,436045000.0,,14075000.0,406368000.0,406368000.0,0.0,77158000.0,77158000.0,0.0,1658479261.0,-260278000.0,-366895000.0,965000.0,-70000.0,0.0,833000.0,-263469000.0,110989000.0,2358000.0,0.0,-21824000.0,-21824000.0,-21824000.0,0.0,0.0,-0.324,62680000.0,-26770000.0,25385000.0,0.0,1.518,-22.302,-21.28,40996000.0,0.0,21.28,9.314,9.307,34775000.0,-4844008000.0,67402000.0,67402000.0,32022000.0,,,,,2510000.0,15701000.0,1.0,77936056.0,77879750,77879750.0,0.865,581854000.0,0.0,335000.0,0.0,7.471,462044000.0
50,AMCC,MRQ,2004-03-31,2004-03-31,2004-03-31,2019-06-10,5352000.0,1188103000.0,,909023000.0,279080000.0,,14.455,-2221000.0,329162000.0,329162000.0,20865000.0,-3194000.0,13.456,0.06,303000.0,303000.0,0.0,303000.0,4361000.0,7809000.0,0.0,0.0,0.0,-4970000.0,2839000.0,0.06,2839000.0,-4970000.0,-4970000.0,-0.04,-0.04,-0.04,1120547000.0,,1120547000.0,1616119406.0,-15.0,-20.926,-6048000.0,-0.078,1.0,26489000.0,0.559,240193000.0,0.0,551495000.0,,8490000.0,531879000.0,531879000.0,0.0,67556000.0,67556000.0,0.0,1774332406.0,170581000.0,0.0,16559000.0,-65000.0,0.0,16353000.0,158055000.0,160276000.0,-3827000.0,0.0,-3194000.0,-3194000.0,-3194000.0,0.0,0.0,-0.067,38999000.0,-12510000.0,18164000.0,0.0,1.583,-16.749,-16.314,37271000.0,0.0,22.84,13.526,13.341,23284000.0,-4822184000.0,47354000.0,47354000.0,28957000.0,,,,,2046000.0,10607000.0,1.0,77685307.0,77521250,77521250.0,0.611,947910000.0,0.0,-1776000.0,0.0,12.228,841467000.0
51,AMCC,MRQ,2003-12-31,2003-12-31,2003-12-31,2019-06-10,452000.0,1178373000.0,,891562000.0,286811000.0,,14.344,-2168000.0,158581000.0,158581000.0,17471000.0,-26440000.0,11.425,0.071,368000.0,265000.0,103000.0,368000.0,3564000.0,8903000.0,0.0,0.0,0.0,-26440000.0,-17537000.0,-0.459,-17537000.0,-26440000.0,-26440000.0,-0.36,-0.36,-0.36,1100236000.0,,1100236000.0,1600174189.0,-5.0,-5.327,-19826000.0,-0.258,1.0,20718000.0,0.543,245012000.0,0.0,697114000.0,,7890000.0,687113000.0,687113000.0,0.0,78137000.0,78034000.0,103000.0,1832737189.0,-74141000.0,-120081000.0,4541000.0,-199000.0,0.0,4424000.0,-60907000.0,36461000.0,-17658000.0,0.0,-26440000.0,-26440000.0,-26440000.0,0.0,0.0,-0.692,62651000.0,-41933000.0,17239000.0,0.0,1.666,-5.522,-5.427,39593000.0,0.0,23.88,17.635,17.625,19526000.0,-4820047000.0,38189000.0,38189000.0,32194000.0,,,,,2670000.0,13868000.0,1.0,76747789.0,76705750,76705750.0,0.498,933361000.0,0.0,0.0,0.0,12.168,813528000.0
52,AMCC,MRQ,2003-09-30,2003-09-30,2003-09-30,2019-06-10,1733000.0,1168903000.0,,988092000.0,180811000.0,,14.576,-8549000.0,232722000.0,232722000.0,9485000.0,-22908000.0,17.407,0.051,159000.0,159000.0,0.0,159000.0,5202000.0,6844000.0,0.0,0.0,0.0,-22908000.0,-16064000.0,-0.64,-16064000.0,-22908000.0,-22908000.0,-0.32,-0.32,-0.32,1112138000.0,,1112138000.0,1327311138.0,-4.0,-4.251,-17411000.0,-0.228,1.0,15634000.0,0.622,126731000.0,0.0,752844000.0,,5475000.0,723167000.0,723167000.0,0.0,56765000.0,56765000.0,0.0,1480563138.0,79154000.0,-47788000.0,4688000.0,-157000.0,0.0,4537000.0,83479000.0,139816000.0,-8862000.0,0.0,-22908000.0,-22908000.0,-22908000.0,0.0,0.0,-0.912,47461000.0,-31827000.0,12007000.0,0.0,1.331,-4.298,-4.263,52927000.0,0.0,19.44,17.047,17.078,11286000.0,-4793607000.0,25119000.0,25119000.0,29681000.0,,,,,4793000.0,12080000.0,1.0,76160655.0,76298750,76298750.0,0.329,1042172000.0,0.0,0.0,0.0,13.659,931327000.0
53,AMCC,MRQ,2003-06-30,2003-06-30,2003-06-30,2019-06-10,10961000.0,1195619000.0,,1058379000.0,137240000.0,,14.941,-505000.0,153568000.0,153568000.0,9783000.0,-53392000.0,17.4,0.054,316000.0,316000.0,0.0,316000.0,4190000.0,6922000.0,0.0,0.0,0.0,-53392000.0,-46470000.0,-2.265,-46470000.0,-53392000.0,-53392000.0,-0.72,-0.72,-0.72,1134793000.0,,1134793000.0,1687368248.0,-4.0,-4.702,-12703000.0,-0.167,1.0,10732000.0,0.523,86648000.0,0.0,894893000.0,,5537000.0,872166000.0,872166000.0,0.0,60826000.0,60826000.0,0.0,1836659248.0,3012000.0,0.0,1085000.0,-949000.0,0.0,169000.0,15041000.0,15546000.0,-12198000.0,0.0,-53392000.0,-53392000.0,-53392000.0,0.0,0.0,-2.603,75519000.0,-64787000.0,10229000.0,0.0,1.618,-4.661,-4.646,49660000.0,0.0,24.16,19.974,19.956,8285000.0,-4770699000.0,20515000.0,20515000.0,38251000.0,,,,,12751000.0,13770000.0,1.0,76020664.0,75950250,75950250.0,0.27,1108971000.0,0.0,0.0,0.0,14.601,997553000.0
54,AMCC,MRQ,2003-03-31,2003-03-31,2003-03-31,2019-06-10,8800000.0,1223588000.0,,1072575000.0,151013000.0,,15.481,-732000.0,150556000.0,150556000.0,13431000.0,-229142000.0,20.867,0.044,1265000.0,1265000.0,0.0,1265000.0,3674000.0,8850000.0,0.0,0.0,0.0,-229142000.0,-220292000.0,-10.958,-220292000.0,-229142000.0,-229142000.0,-3.0,-3.0,-3.0,1172188000.0,,1172188000.0,856170272.0,-1.0,-1.21,-16934000.0,-0.224,1.0,6672000.0,0.332,88219000.0,0.0,934678000.0,,7178000.0,885584000.0,885584000.0,0.0,51400000.0,51400000.0,0.0,989924272.0,15369000.0,0.0,3841000.0,-168000.0,0.0,3934000.0,27637000.0,28369000.0,-16202000.0,0.0,-229142000.0,-229142000.0,-229142000.0,0.0,0.0,-11.398,244649000.0,-237977000.0,12689000.0,0.0,0.845,-1.328,-1.32,62035000.0,0.0,13.04,9.744,9.667,5634000.0,-4717307000.0,20103000.0,20103000.0,39214000.0,,,,,12053000.0,17296000.0,1.0,75914438.0,75718750,75718750.0,0.265,1135369000.0,0.0,0.0,0.0,14.995,1021175000.0
55,AMCC,MRQ,2002-12-31,2002-12-31,2002-12-31,2019-06-10,6461000.0,1444983000.0,,1091178000.0,353805000.0,,18.342,-530000.0,135187000.0,135187000.0,14327000.0,-39059000.0,17.633,0.045,1433000.0,1433000.0,0.0,1433000.0,3056000.0,9652000.0,0.0,0.0,0.0,-39059000.0,-29407000.0,-1.393,-29407000.0,-39059000.0,-39059000.0,-0.52,-0.52,-0.52,1383099000.0,,1383099000.0,987433892.0,-2.0,-1.807,-13980000.0,-0.185,1.0,6787000.0,0.321,279381000.0,0.0,969964000.0,,9885000.0,914724000.0,911874000.0,2850000.0,61884000.0,61884000.0,0.0,1114801892.0,6115000.0,0.0,612000.0,-271000.0,0.0,169000.0,19396000.0,3494000.0,-13450000.0,0.0,-39059000.0,-39059000.0,-39059000.0,0.0,0.0,-1.85,61260000.0,-54473000.0,14404000.0,0.0,0.806,-1.838,-1.827,70966000.0,0.0,14.76,9.989,9.973,7155000.0,-4488165000.0,21114000.0,21114000.0,42507000.0,,,,,15151000.0,18753000.0,1.0,75528584.0,75405500,75405500.0,0.28,1165602000.0,0.0,0.0,0.0,15.458,1029294000.0
56,AMCC,MRQ,2002-09-30,2002-09-30,2002-09-30,2019-06-10,6425000.0,1465983000.0,,1090492000.0,375491000.0,,18.708,-1365000.0,129072000.0,129072000.0,16503000.0,-72436000.0,18.483,0.042,1704000.0,1079000.0,625000.0,1704000.0,1792000.0,9769000.0,0.0,0.0,0.0,-72436000.0,-62667000.0,-2.074,-62667000.0,-72436000.0,-72436000.0,-0.96,-0.96,-0.96,1406357000.0,,1406357000.0,681020703.0,-1.0,-1.196,-13191000.0,-0.175,1.0,13716000.0,0.454,280953000.0,0.0,998661000.0,,12423000.0,918002000.0,915152000.0,2850000.0,59626000.0,59001000.0,625000.0,861148703.0,-53042000.0,0.0,3157000.0,-282000.0,0.0,2927000.0,-44143000.0,-42778000.0,-11826000.0,0.0,-72436000.0,-72436000.0,-72436000.0,0.0,0.0,-2.397,86947000.0,-73231000.0,14871000.0,0.0,0.612,-1.327,-1.324,91291000.0,0.0,11.44,6.588,6.58,10933000.0,-4449106000.0,30219000.0,30219000.0,44854000.0,,,,,35938000.0,39093000.0,1.0,75275236.0,75175250,75175250.0,0.402,1185030000.0,0.0,0.0,0.0,15.764,1031491000.0
57,AMCC,MRQ,2002-06-30,2002-06-30,2002-06-30,2019-06-10,5128000.0,1503877000.0,,1105837000.0,398040000.0,,19.19,-2286000.0,182114000.0,182114000.0,17639000.0,-404904000.0,17.107,0.046,1986000.0,1109000.0,877000.0,1986000.0,2157000.0,9798000.0,0.0,0.0,0.0,-404904000.0,-395106000.0,-13.103,-395106000.0,-404904000.0,-404904000.0,-5.4,-5.4,-5.4,1438356000.0,,1438356000.0,1089565395.0,-2.0,-1.896,-8461000.0,-0.113,1.0,12516000.0,0.415,282524000.0,0.0,976581000.0,,14178000.0,885651000.0,871128000.0,14523000.0,65521000.0,64644000.0,877000.0,1422874395.0,-153478000.0,0.0,978000.0,-297000.0,0.0,780000.0,-148083000.0,-145797000.0,-6175000.0,0.0,-404904000.0,-404904000.0,-404904000.0,0.0,0.0,-13.427,325914000.0,-313398000.0,16210000.0,0.0,0.989,-2.116,-2.112,100346000.0,0.0,18.92,10.035,10.002,15820000.0,-4376670000.0,30155000.0,30155000.0,76174000.0,,,,,68744000.0,42956000.0,1.0,75204778.0,74952750,74952750.0,0.402,1221353000.0,0.0,0.0,0.0,16.295,1041193000.0
58,AMCC,MRQ,2002-03-31,2002-03-31,2002-03-31,2019-06-10,2843000.0,1829193000.0,,1117161000.0,712032000.0,,23.706,-5540000.0,335592000.0,335592000.0,34511000.0,-90266000.0,19.669,0.033,2283000.0,1138000.0,1145000.0,2283000.0,2223000.0,45769000.0,0.0,0.0,0.0,-105138000.0,-59369000.0,-1.972,-59369000.0,-105138000.0,-105138000.0,-1.2,-1.2,-1.2,1771251000.0,,1771251000.0,2302063816.0,-1.0,-0.685,-27426000.0,-0.367,1.0,-4399000.0,-0.146,590610000.0,0.0,848477000.0,,16608000.0,737640000.0,723117000.0,14523000.0,57942000.0,56797000.0,1145000.0,2394761816.0,240259000.0,0.0,7459000.0,-352000.0,0.0,7041000.0,255104000.0,260644000.0,-21886000.0,0.0,-90266000.0,-90266000.0,-90266000.0,0.0,0.0,-2.998,-244000.0,-4155000.0,18378000.0,0.0,1.352,-0.664,-0.662,106412000.0,0.0,32.0,15.668,15.624,14191000.0,-3971766000.0,30112000.0,30112000.0,54179000.0,,,,,147065000.0,32419000.0,1.0,74836307.0,74716250,74716250.0,0.403,1238583000.0,0.0,-14872000.0,0.0,16.577,1060364000.0
59,AMCC,MRQ,2001-12-31,2001-12-31,2001-12-31,2019-06-10,6583000.0,1949852000.0,,1178371000.0,771481000.0,,24.497,-6715000.0,95333000.0,95333000.0,32534000.0,-81301000.0,15.754,0.071,2635000.0,1202000.0,1433000.0,2635000.0,2023000.0,45283000.0,0.0,0.0,0.0,-97532000.0,-52249000.0,-1.299,-52249000.0,-97532000.0,-97532000.0,-1.08,-1.08,-1.08,1821125000.0,,1821125000.0,3213755275.0,-1.0,-0.98,-37022000.0,-0.498,1.0,7686000.0,0.191,646459000.0,0.0,1135895000.0,,19070000.0,1001962000.0,987439000.0,14523000.0,128727000.0,74800000.0,53927000.0,3377106275.0,-70945000.0,0.0,3711000.0,-292000.0,0.0,3400000.0,-44038000.0,-37323000.0,-30307000.0,0.0,-81301000.0,-81301000.0,-81301000.0,0.0,0.0,-2.021,152450000.0,-144764000.0,23830000.0,0.0,1.854,-0.91,-0.909,109270000.0,0.0,45.28,13.852,13.806,18201000.0,-3881500000.0,40220000.0,40220000.0,56645000.0,,,,,0.0,35473000.0,1.0,74582736.0,74340000,74340000.0,0.541,1303393000.0,27597000.0,-16231000.0,52494000.0,17.533,1103571000.0
60,AMCC,MRQ,2001-09-30,2001-09-30,2001-09-30,2019-06-10,7435000.0,2025102000.0,,1214427000.0,810675000.0,,24.975,-7659000.0,166278000.0,166278000.0,33217000.0,-95943000.0,13.216,0.084,2927000.0,1223000.0,1704000.0,2927000.0,8982000.0,45144000.0,0.0,0.0,0.0,-112955000.0,-67811000.0,-1.642,-67811000.0,-112955000.0,-112955000.0,-1.28,-1.28,-1.28,1868320000.0,,1868320000.0,1961465348.0,0.0,-0.58,-15472000.0,-0.207,1.0,8085000.0,0.196,684382000.0,0.0,1085475000.0,,20999000.0,965488000.0,950965000.0,14523000.0,156782000.0,91894000.0,64888000.0,2106514348.0,17970000.0,0.0,-23854000.0,-332000.0,0.0,-24105000.0,49888000.0,57547000.0,-7813000.0,0.0,-95943000.0,-95943000.0,-95943000.0,0.0,0.0,-2.323,166000000.0,-157915000.0,25896000.0,0.0,1.127,-0.54,-0.532,110195000.0,0.0,27.96,6.073,6.03,21097000.0,-3800199000.0,41302000.0,41302000.0,58138000.0,,,,,0.0,36553000.0,1.0,75340284.0,74808750,74808750.0,0.552,1340720000.0,27597000.0,-17012000.0,63184000.0,17.922,1122533000.0
61,AMCC,MRQ,2001-06-30,2001-06-30,2001-06-30,2019-06-10,3542000.0,2104866000.0,,1247651000.0,857215000.0,,26.069,-11337000.0,148308000.0,148308000.0,49436000.0,-3338180000.0,16.208,0.082,3259000.0,1350000.0,1909000.0,3259000.0,8850000.0,191574000.0,0.0,0.0,0.0,-3370994000.0,-3179420000.0,-77.159,-3179420000.0,-3370994000.0,-3370994000.0,-44.72,-44.72,-44.72,1945735000.0,,1945735000.0,5113715282.0,-1.0,-1.568,13012000.0,0.174,1.0,-8230000.0,-0.2,722358000.0,0.0,1160483000.0,,20261000.0,1020736000.0,1004713000.0,16023000.0,159131000.0,76976000.0,82155000.0,5168382282.0,90111000.0,0.0,4054000.0,-271000.0,0.0,3732000.0,62030000.0,73367000.0,24349000.0,0.0,-3338180000.0,-3338180000.0,-3338180000.0,0.0,0.0,-81.012,3367647000.0,-3375877000.0,23326000.0,0.0,2.656,-1.368,-1.352,116777000.0,0.0,68.8,12.839,12.756,21441000.0,-3704256000.0,41206000.0,41206000.0,39052000.0,,,,,0.0,20438000.0,1.0,75121836.0,74637250,74637250.0,0.552,1382508000.0,27597000.0,-32814000.0,80246000.0,18.523,1170675000.0
62,AMCC,MRQ,2001-03-31,2001-03-31,2001-03-31,2019-06-10,2438000.0,5453278000.0,,1301097000.0,4152181000.0,,70.692,-40415000.0,58197000.0,58197000.0,60944000.0,-193738000.0,14.01,0.041,3530000.0,1264000.0,2266000.0,3530000.0,5087000.0,218450000.0,0.0,0.0,0.0,-198939000.0,19511000.0,0.161,19511000.0,-198939000.0,-198939000.0,-2.76,-2.76,-2.76,5238101000.0,,5238101000.0,4839993700.0,-11.0,-80.48,3414000.0,0.046,1.0,60135000.0,0.497,4008440000.0,0.0,1297300000.0,,32740000.0,1101919000.0,1073896000.0,28023000.0,215177000.0,92871000.0,122306000.0,4924850700.0,-30550000.0,355000.0,27808000.0,-1540000.0,0.0,26215000.0,-100594000.0,-60534000.0,43829000.0,0.0,-193738000.0,-193738000.0,-193738000.0,0.0,0.0,-1.6,274010000.0,-213875000.0,38069000.0,0.0,0.94,-11.29,-10.123,112953000.0,0.0,66.0,11.307,10.129,83892000.0,-366076000.0,121079000.0,121079000.0,81186000.0,,,,,79848000.0,59108000.0,1.0,74618950.0,74097000,74097000.0,1.634,1444838000.0,27597000.0,-5201000.0,120040000.0,19.499,1208226000.0
63,AMCC,MRQ,2000-12-31,2000-12-31,2000-12-31,2019-06-10,1129000.0,5561879000.0,,1270484000.0,4291395000.0,,75.472,-18663000.0,88747000.0,88747000.0,61196000.0,-269487000.0,7.754,0.044,3890000.0,1319000.0,2571000.0,3890000.0,4425000.0,142668000.0,0.0,0.0,0.0,-295167000.0,-152499000.0,-1.064,-152499000.0,-295167000.0,-295167000.0,-3.8,-3.8,-3.8,5326694000.0,,5326694000.0,22115268747.0,-107.0,-480.631,47318000.0,0.67,1.0,82073000.0,0.573,4209378000.0,0.0,1103805000.0,,33546000.0,1040058000.0,1040058000.0,0.0,235185000.0,163839000.0,71346000.0,22188136747.0,9523000.0,23545000.0,17735000.0,-2466000.0,0.0,15265000.0,-71723000.0,-76605000.0,65981000.0,0.0,-269487000.0,-269487000.0,-269487000.0,0.0,0.0,-1.881,392011000.0,-309938000.0,35100000.0,0.0,4.165,-100.015,-101.415,79069000.0,0.0,300.188,59.724,57.028,87030000.0,-172338000.0,143269000.0,143269000.0,31285000.0,,,,,0.0,20498000.0,1.0,73914237.0,70578250,70578250.0,2.03,1352501000.0,0.0,-25680000.0,155880000.0,19.163,1106645000.0
64,AMCC,MRQ,2000-09-30,2000-09-30,2000-09-30,2019-06-10,488000.0,1392422000.0,,1117093000.0,275329000.0,,21.388,-10537000.0,79224000.0,79224000.0,24532000.0,23615000.0,22.042,0.05,6356000.0,2120000.0,4236000.0,6356000.0,4147000.0,11337000.0,0.0,0.0,0.0,39191000.0,50528000.0,0.521,50528000.0,39191000.0,39191000.0,0.4,0.36,0.4,1326274000.0,,1326274000.0,25797133675.0,242.0,203.281,46471000.0,0.749,1.0,72475000.0,0.747,218962000.0,0.0,1049912000.0,,11153000.0,962752000.0,962752000.0,0.0,66148000.0,50680000.0,15468000.0,25980055675.0,-110588000.0,-1142000.0,22319000.0,-534000.0,0.0,21779000.0,-189375000.0,-177696000.0,57008000.0,0.0,23615000.0,23615000.0,23615000.0,0.0,0.0,0.243,46749000.0,25726000.0,16803000.0,0.0,19.589,434.798,383.448,52815000.0,0.0,414.124,94.816,93.722,49032000.0,97149000.0,97007000.0,97007000.0,19315000.0,,,,,0.0,14661000.0,1.0,62734969.0,62011500,67949500.0,1.564,1173460000.0,0.0,15576000.0,12386000.0,18.923,1066413000.0
65,AMCC,MRQ,2000-06-30,2000-06-30,2000-06-30,2019-06-10,-304000.0,1282107000.0,,1039967000.0,242140000.0,,20.364,-8949000.0,189812000.0,189812000.0,19314000.0,3395000.0,24.911,0.038,6890000.0,2122000.0,4768000.0,6890000.0,3552000.0,4702000.0,0.0,0.0,0.0,17619000.0,22321000.0,0.301,22321000.0,17619000.0,17619000.0,0.04,0.04,0.04,1235592000.0,,1235592000.0,11928444923.0,147.0,129.495,24351000.0,0.401,1.0,54874000.0,0.74,193601000.0,0.0,863837000.0,,11092000.0,784337000.0,784337000.0,0.0,46515000.0,41747000.0,4768000.0,12091129923.0,19710000.0,-8433000.0,3799000.0,-527000.0,0.0,3717000.0,-17307000.0,75000.0,33300000.0,0.0,3395000.0,3395000.0,3395000.0,0.0,0.0,0.046,49532000.0,5342000.0,12291000.0,0.0,9.786,267.302,235.119,44913000.0,0.0,197.5,56.265,55.764,38271000.0,73534000.0,74188000.0,74188000.0,14742000.0,,,,,0.0,10572000.0,1.0,61220911.0,60676000,66290500.0,1.223,1088506000.0,4462000.0,14224000.0,0.0,17.94,998220000.0
66,AMCC,MRQ,2000-03-31,2000-03-31,2000-03-31,2019-06-10,-166000.0,1046882000.0,,1005404000.0,41478000.0,,17.316,-6037000.0,170102000.0,170102000.0,15400000.0,20630000.0,36.188,0.033,7417000.0,2123000.0,5294000.0,7417000.0,2776000.0,2237000.0,0.0,0.0,0.0,31400000.0,33637000.0,0.59,33637000.0,31400000.0,31400000.0,0.4,0.32,0.4,1013805000.0,,1013805000.0,16245310323.0,220.0,198.039,17640000.0,0.301,1.0,41649000.0,0.73,0.0,0.0,856414000.0,,10925000.0,784578000.0,784530000.0,48000.0,33077000.0,27783000.0,5294000.0,16260108323.0,147328000.0,0.0,822123000.0,-559000.0,0.0,821564000.0,-697913000.0,-691876000.0,23677000.0,0.0,20630000.0,20630000.0,20630000.0,0.0,0.0,0.362,20459000.0,21190000.0,8818000.0,0.0,16.039,334.398,326.223,37842000.0,0.0,300.125,94.342,93.876,25459000.0,70139000.0,57049000.0,57049000.0,10986000.0,,,,,611000.0,9021000.0,1.0,54177787.0,58548000,64514000.0,0.974,1046882000.0,4148000.0,10770000.0,0.0,17.881,977621000.0
67,AMCC,MRQ,1999-12-31,1999-12-31,1999-12-31,2019-06-10,-274000.0,192383000.0,,155027000.0,37356000.0,,3.021,-8711000.0,22774000.0,22774000.0,13209000.0,12112000.0,5.945,0.199,7976000.0,2146000.0,5830000.0,7976000.0,2316000.0,1982000.0,0.0,0.0,0.0,18436000.0,20418000.0,0.446,20418000.0,18436000.0,18436000.0,0.24,0.2,0.24,160474000.0,,160474000.0,6847196050.0,141.0,121.155,9092000.0,0.171,1.0,32553000.0,0.711,0.0,0.0,151506000.0,,10522000.0,92594000.0,92594000.0,0.0,31909000.0,26079000.0,5830000.0,6865317050.0,-4062000.0,0.0,1936000.0,-739000.0,0.0,1197000.0,-23062000.0,-14351000.0,17803000.0,0.0,12112000.0,12112000.0,12112000.0,0.0,0.0,0.265,15342000.0,17211000.0,8239000.0,0.0,42.781,218.947,205.242,33999000.0,0.0,127.25,47.661,46.926,20854000.0,49509000.0,45762000.0,45762000.0,8281000.0,,,,,0.0,7061000.0,1.0,53951411.0,53119000,58804000.0,0.861,192383000.0,4273000.0,6324000.0,0.0,3.622,128948000.0
68,AMCC,MRQ,1999-09-30,1999-09-30,1999-09-30,2019-06-10,-207000.0,171528000.0,,142090000.0,29438000.0,,2.734,-2903000.0,26836000.0,26836000.0,11326000.0,9097000.0,6.639,0.194,8715000.0,2218000.0,6497000.0,8715000.0,2174000.0,1904000.0,0.0,0.0,0.0,13835000.0,15739000.0,0.415,15739000.0,13835000.0,13835000.0,0.16,0.16,0.16,143629000.0,,143629000.0,3056290510.0,80.0,67.093,13794000.0,0.263,1.0,26572000.0,0.701,0.0,0.0,132005000.0,,10475000.0,78310000.0,78310000.0,0.0,27899000.0,21402000.0,6497000.0,3060810510.0,13002000.0,0.0,2451000.0,-599000.0,0.0,1852000.0,-5547000.0,-2644000.0,16697000.0,0.0,9097000.0,9097000.0,9097000.0,0.0,0.0,0.24,13742000.0,12830000.0,6820000.0,0.0,21.311,125.628,118.75,27270000.0,0.0,57.0,24.437,23.911,18861000.0,37397000.0,37898000.0,37898000.0,7194000.0,,,,,0.0,6548000.0,1.0,53698430.0,52543000,57932000.0,0.721,171528000.0,4273000.0,4738000.0,0.0,3.265,120688000.0
69,AMCC,MRQ,1999-06-30,1999-06-30,1999-06-30,2019-06-10,-207000.0,157772000.0,,129392000.0,28380000.0,,2.541,-5059000.0,13834000.0,13834000.0,10283000.0,6786000.0,6.454,0.207,9314000.0,2284000.0,7030000.0,9314000.0,1375000.0,1916000.0,0.0,0.0,0.0,10321000.0,12237000.0,0.387,12237000.0,10321000.0,10321000.0,0.14,0.12,0.14,130693000.0,,130693000.0,2185807675.0,69.0,56.258,2061000.0,0.04,1.0,21360000.0,0.675,0.0,0.0,133203000.0,,10409000.0,74841000.0,74841000.0,0.0,27079000.0,20049000.0,7030000.0,2188842675.0,304000.0,0.0,1339000.0,-1181000.0,0.0,158000.0,-6974000.0,-1915000.0,7120000.0,0.0,6786000.0,6786000.0,6786000.0,0.0,0.0,0.214,11923000.0,9437000.0,6069000.0,0.0,16.748,109.799,97.917,26271000.0,0.0,41.125,19.4,18.746,21250000.0,28300000.0,31643000.0,31643000.0,6354000.0,,,,,0.0,5569000.0,1.0,53224138.0,51430000,57056000.0,0.615,157772000.0,4273000.0,3535000.0,0.0,3.068,109343000.0
70,AMCC,MRQ,1999-03-31,1999-03-31,1999-03-31,2019-06-10,-33000.0,150655000.0,,125020000.0,25635000.0,,2.414,-4502000.0,13530000.0,13530000.0,9522000.0,3361000.0,5.841,0.238,10495000.0,2937000.0,7558000.0,10495000.0,1439000.0,1985000.0,0.0,0.0,0.0,6137000.0,8122000.0,0.283,8122000.0,6137000.0,6137000.0,0.08,0.07,0.08,121694000.0,,121694000.0,997583503.0,36.0,28.99,1069000.0,0.021,1.0,19220000.0,0.669,0.0,0.0,126217000.0,,9813000.0,73925000.0,73825000.0,100000.0,28961000.0,21403000.0,7558000.0,998758503.0,1053000.0,0.0,2490000.0,2244000.0,0.0,4734000.0,-9252000.0,-4750000.0,5571000.0,0.0,3361000.0,3361000.0,3361000.0,0.0,0.0,0.117,14621000.0,4599000.0,5131000.0,0.0,8.207,58.294,59.375,23128000.0,0.0,21.375,9.512,9.981,19275000.0,21514000.0,28742000.0,28742000.0,6278000.0,,,,,0.0,5292000.0,1.0,46725544.0,50408000,56252000.0,0.57,150655000.0,4573000.0,2776000.0,0.0,2.989,103617000.0
71,AMCC,MRQ,1998-12-31,1998-12-31,1998-12-31,2019-06-10,0.0,134047000.0,,110073000.0,23974000.0,,2.263,-2106000.0,9428000.0,9428000.0,9669000.0,5120000.0,7.016,0.194,8253000.0,2161000.0,6092000.0,8253000.0,1233000.0,1689000.0,0.0,0.0,0.0,7766000.0,9455000.0,0.351,9455000.0,7766000.0,7766000.0,0.1,0.09,0.1,112267000.0,,112267000.0,787691698.0,30.0,23.991,7393000.0,0.149,1.0,17303000.0,0.642,0.0,0.0,117184000.0,,9692000.0,69108000.0,69108000.0,0.0,21780000.0,15688000.0,6092000.0,788517698.0,2474000.0,0.0,371000.0,2646000.0,0.0,3017000.0,-10042000.0,-7936000.0,9499000.0,0.0,5120000.0,5120000.0,5120000.0,0.0,0.0,0.19,10420000.0,6883000.0,3407000.0,0.0,7.024,41.39,53.125,21980000.0,0.0,17.0,8.046,8.604,16888000.0,20298000.0,26972000.0,26972000.0,5847000.0,,,,,0.0,4573000.0,1.0,46383394.0,49602000,55238000.0,0.544,134047000.0,2982000.0,2646000.0,0.0,2.702,94385000.0
72,AMCC,MRQ,1998-09-30,1998-09-30,1998-09-30,2019-06-10,0.0,123249000.0,,100047000.0,23202000.0,,2.14,-6331000.0,6431000.0,6431000.0,9347000.0,4668000.0,6.682,0.18,5605000.0,1800000.0,3805000.0,5605000.0,1219000.0,1787000.0,0.0,0.0,0.0,7252000.0,9039000.0,0.355,9039000.0,7252000.0,7252000.0,0.1,0.09,0.1,104472000.0,,104472000.0,342244399.0,15.0,11.881,-3766000.0,-0.077,1.0,16125000.0,0.633,0.0,0.0,107451000.0,,9450000.0,61158000.0,61158000.0,0.0,18777000.0,14972000.0,3805000.0,343276399.0,-1349000.0,0.0,1607000.0,-488000.0,0.0,1165000.0,-5079000.0,1252000.0,2565000.0,0.0,4668000.0,4668000.0,4668000.0,0.0,0.0,0.183,9750000.0,6375000.0,4282000.0,0.0,3.286,19.141,18.829,21141000.0,0.0,7.438,3.785,4.003,17582000.0,14663000.0,25472000.0,25472000.0,5454000.0,,,,,0.0,4296000.0,1.0,46154810.0,48820000,54592000.0,0.522,123249000.0,3282000.0,2584000.0,0.0,2.525,85075000.0
73,AMCC,MRQ,1998-06-30,1998-06-30,1998-06-30,2019-06-10,0.0,115161000.0,,96141000.0,19020000.0,,2.054,-3551000.0,7126000.0,7126000.0,9399000.0,3984000.0,6.918,0.186,6094000.0,1929000.0,4165000.0,6094000.0,1460000.0,1584000.0,0.0,0.0,0.0,6211000.0,7795000.0,0.327,7795000.0,6211000.0,6211000.0,0.085,0.075,0.085,97099000.0,,97099000.0,583370336.0,31.0,24.015,825000.0,0.017,1.0,14415000.0,0.605,0.0,0.0,100232000.0,,8845000.0,62524000.0,62338000.0,186000.0,18062000.0,13897000.0,4165000.0,583119336.0,4892000.0,0.0,4594000.0,-616000.0,0.0,3978000.0,-3462000.0,89000.0,4376000.0,0.0,3984000.0,3984000.0,3984000.0,0.0,0.0,0.167,9057000.0,5358000.0,3773000.0,0.0,6.005,36.035,22.697,18834000.0,0.0,12.938,6.994,7.336,12026000.0,9784000.0,23814000.0,23814000.0,4893000.0,,,,,0.0,4164000.0,1.0,45072026.0,47280000,53330000.0,0.504,115161000.0,3582000.0,2227000.0,0.0,2.436,82244000.0
74,AMCC,MRQ,1998-03-31,1998-03-31,1998-03-31,2019-06-10,0.0,112834000.0,,94526000.0,18308000.0,,4.325,-2911000.0,6460000.0,6460000.0,8951000.0,5279000.0,5.525,0.231,6711000.0,2620000.0,4091000.0,6711000.0,1873000.0,1121000.0,0.0,0.0,0.0,5423000.0,6544000.0,0.301,6544000.0,5423000.0,5423000.0,0.035,0.125,0.035,91634000.0,,91634000.0,464682088.0,30.0,22.345,2134000.0,0.101,1.0,12793000.0,0.588,0.0,0.0,95976000.0,,8185000.0,61523000.0,61523000.0,0.0,21200000.0,17109000.0,4091000.0,472390088.0,-3463000.0,118000.0,26959000.0,2821000.0,0.0,29780000.0,-38288000.0,-35495000.0,5045000.0,0.0,5279000.0,5279000.0,5279000.0,0.0,0.0,0.243,7947000.0,4846000.0,5215000.0,0.0,5.155,31.046,15.625,17218000.0,0.0,11.25,6.166,3.111,12179000.0,5722000.0,21744000.0,21744000.0,3929000.0,,,,,0.0,4018000.0,1.0,41990230.0,21188000,46516000.0,1.026,112834000.0,3882000.0,144000.0,0.0,5.325,77417000.0
75,AMCC,MRQ,1997-12-31,1997-12-31,1997-12-31,2019-06-10,0.0,73857000.0,,57522000.0,16335000.0,,2.613,-4423000.0,9923000.0,9923000.0,8836000.0,4003000.0,4.484,0.244,2215000.0,2215000.0,0.0,2215000.0,1261000.0,1322000.0,0.0,0.0,0.0,4106000.0,5428000.0,0.276,5428000.0,4106000.0,4106000.0,0.175,0.1,0.175,59355000.0,,59355000.0,,,,475000.0,0.021,1.0,10830000.0,0.551,0.0,0.0,53322000.0,,8002000.0,27236000.0,26328000.0,908000.0,14502000.0,12827000.0,1675000.0,259814548.0,7882000.0,5000.0,25195000.0,-847000.0,0.0,24348000.0,-21364000.0,-16946000.0,4898000.0,0.0,4003000.0,4003000.0,4003000.0,0.0,0.0,0.204,6867000.0,3963000.0,5010000.0,0.0,4.377,22.184,4.93,15427000.0,0.0,6.188,3.718,2.012,10529000.0,444000.0,19666000.0,19666000.0,3337000.0,,,,,0.0,3530000.0,1.0,41990230.0,22718000,40766000.0,0.866,73857000.0,1813000.0,103000.0,0.0,3.251,44695000.0
76,AMCC,MRQ,1997-09-30,1997-09-30,1997-09-30,2019-06-10,,,,,,,,-2973000.0,,,8378000.0,2916000.0,,,,,,,,1531000.0,,,0.0,2994000.0,4525000.0,0.249,4525000.0,2994000.0,2994000.0,0.275,0.08,0.275,,,,,,,347000.0,0.033,1.0,9777000.0,0.539,,0.0,,,,,,,,,,,-77000.0,-123000.0,234000.0,-577000.0,0.0,-331000.0,-3066000.0,30000.0,3320000.0,0.0,2916000.0,2916000.0,2916000.0,0.0,0.0,0.161,6868000.0,2909000.0,,0.0,,,,,0.0,,,,,,18155000.0,18155000.0,3477000.0,,,,,0.0,3391000.0,1.0,,10676000,37188000.0,1.701,,,78000.0,,,
77,AMCC,MRQ,1997-06-30,1997-06-30,1997-06-30,2019-06-10,,,,,,,,-1035000.0,,,8156000.0,3018000.0,,,,,,,,1200000.0,,,0.0,3099000.0,4299000.0,0.252,4299000.0,3099000.0,3099000.0,0.3,0.08,0.3,,,,,,,2586000.0,0.257,1.0,8897000.0,0.522,,0.0,,,,,,,,,,,-3370000.0,0.0,25000.0,-822000.0,0.0,-4674000.0,-2317000.0,-1282000.0,3621000.0,0.0,3018000.0,3018000.0,3018000.0,0.0,0.0,0.177,5864000.0,3033000.0,,0.0,,,,,0.0,,,,,,17053000.0,17053000.0,2525000.0,,,,,0.0,3339000.0,1.0,,10062000,37882000.0,1.695,,,81000.0,,,
78,AMCC,MRQ,1997-03-31,1997-03-31,1997-03-31,2019-06-10,0.0,41814000.0,,30243000.0,11571000.0,,2.771,-948000.0,5488000.0,5488000.0,7257000.0,1775000.0,2.78,0.507,5854000.0,2662000.0,3192000.0,5854000.0,806000.0,1186000.0,0.0,,0.0,1960000.0,3146000.0,0.21,3146000.0,1960000.0,1960000.0,0.505,0.05,0.505,27743000.0,,27743000.0,,,,2615000.0,0.261,1.0,7747000.0,0.516,0.0,0.0,31301000.0,,7530000.0,8920000.0,8117000.0,803000.0,14071000.0,10879000.0,3192000.0,,59000.0,608000.0,-108000.0,-475000.0,0.0,-583000.0,-2921000.0,-2581000.0,3563000.0,0.0,1775000.0,1775000.0,1775000.0,0.0,0.0,0.118,5753000.0,1994000.0,2428000.0,0.0,,,,10768000.0,0.0,,,,8418000.0,-9235000.0,15004000.0,15004000.0,2202000.0,,,,,0.0,3551000.0,1.0,,10012000,35874000.0,1.499,41814000.0,0.0,185000.0,0.0,4.176,19364000.0
79,AMCC,MRQ,1996-12-31,1996-12-31,1996-12-31,2019-06-10,,,,,,,,,,,7046000.0,1898000.0,,,,,,,,,,,0.0,2096000.0,,,,2096000.0,2096000.0,0.055,0.005,0.055,,,,,,,,,1.0,7463000.0,0.514,,0.0,,,,,,,,,,,,,,,,,,,,,1898000.0,1898000.0,1898000.0,0.0,0.0,0.131,5348000.0,2115000.0,,0.0,,,,,0.0,,,,,,14509000.0,14509000.0,2256000.0,,,,,,3092000.0,1.0,,35694000,35840000.0,0.406,,,198000.0,,,
80,AMCC,MRQ,1996-03-31,1996-03-31,1996-03-31,2019-06-10,0.0,37836000.0,,25854000.0,11982000.0,,2.356,,4277000.0,4277000.0,,,2.177,0.759,3681000.0,3644000.0,37000.0,3681000.0,831000.0,,0.0,,0.0,,,,,,,,,,21512000.0,,21512000.0,,,,,,1.0,,,0.0,,25363000.0,,6836000.0,4744000.0,4691000.0,53000.0,16324000.0,11877000.0,4447000.0,,,,,,,,,,,,,,,,,,,,3981000.0,,,,,11929000.0,,,,,9476000.0,-15444000.0,,,,,,,,,,1.0,,9132000,,,37836000.0,0.0,,0.0,4.143,13977000.0
0,AMCC,MRT,2016-09-30,2016-09-30,2016-09-30,2019-06-10,-9555000.0,143745000.0,145309500.0,118390000.0,25355000.0,1.136,1.314,-5100000.0,22489000.0,22489000.0,65323000.0,-32285000.0,3.984,0.273,0.0,0.0,0.0,0.0,335000.0,7059000.0,0.0,0.0,0.0,-31750000.0,-24691000.0,-0.15,-24691000.0,-31750000.0,-31750000.0,-0.37,-0.37,-0.37,112958000.0,113680000.0,112958000.0,569070340.0,-18.0,-23.048,4964000.0,0.058,1.0,99685000.0,0.604,11425000.0,0.0,80111000.0,80915000.0,13181000.0,59239000.0,59239000.0,0.0,30787000.0,29720000.0,1067000.0,593295340.0,1414000.0,0.0,3510000.0,0.0,0.0,2001000.0,-10651000.0,-5551000.0,10064000.0,0.0,-32285000.0,-32285000.0,-32285000.0,0.0,0.0,-0.196,132337000.0,-32652000.0,8843000.0,0.0,5.252,-18.377,-18.784,12729000.0,0.0,6.95,3.596,3.622,13552000.0,-5950571000.0,165008000.0,165008000.0,99012000.0,-0.222,-0.284,-0.392,-0.192,28639000.0,33411000.0,1.0,85366236.0,85984000,85984000.0,1.919,132320000.0,0.0,535000.0,0.0,1.539,88670000.0
1,AMCC,MRT,2016-06-30,2016-06-30,2016-06-30,2019-06-10,-9551000.0,141637000.0,147208250.0,114984000.0,26653000.0,1.107,1.305,-4825000.0,24225000.0,24225000.0,68962000.0,-35706000.0,3.943,0.277,0.0,0.0,0.0,0.0,347000.0,7322000.0,0.0,0.0,0.0,-35837000.0,-28515000.0,-0.175,-28515000.0,-35837000.0,-35837000.0,-0.42,-0.42,-0.42,110931000.0,115177500.0,110931000.0,517937560.0,-14.0,-18.164,4685000.0,0.055,1.0,94010000.0,0.577,11425000.0,0.0,76829000.0,83588250.0,12604000.0,58086000.0,58086000.0,0.0,30706000.0,29158000.0,1548000.0,543002560.0,-20065000.0,0.0,2878000.0,0.0,0.0,1593000.0,-31168000.0,-26343000.0,9510000.0,0.0,-35706000.0,-35706000.0,-35706000.0,0.0,0.0,-0.219,130757000.0,-36747000.0,6184000.0,0.0,4.895,-15.208,-15.286,13905000.0,0.0,6.42,3.332,3.348,9163000.0,-5945931000.0,162972000.0,162972000.0,97386000.0,-0.243,-0.31,-0.429,-0.22,27877000.0,33442000.0,1.0,84579838.0,84980000,84980000.0,1.918,130212000.0,0.0,-131000.0,0.0,1.532,85826000.0
2,AMCC,MRT,2016-03-31,2016-03-31,2016-03-31,2019-06-10,-9553000.0,146292000.0,149657750.0,120033000.0,26259000.0,1.064,1.392,-2570000.0,25065000.0,25065000.0,69739000.0,-32571000.0,4.074,0.272,0.0,0.0,0.0,0.0,346000.0,7590000.0,0.0,0.0,0.0,-33195000.0,-25605000.0,-0.161,-25605000.0,-33195000.0,-33195000.0,-0.39,-0.39,-0.39,115038000.0,117143750.0,115038000.0,520881533.0,-16.0,-20.343,8215000.0,0.099,1.0,89548000.0,0.562,11425000.0,0.0,80341000.0,80402250.0,16148000.0,58780000.0,58780000.0,0.0,31254000.0,29461000.0,1793000.0,539651533.0,-11430000.0,0.0,2979000.0,0.0,0.0,1105000.0,-23320000.0,-20750000.0,10785000.0,0.0,-32571000.0,-32571000.0,-32571000.0,0.0,0.0,-0.204,125050000.0,-35502000.0,8599000.0,0.0,4.691,-16.568,-16.564,13293000.0,0.0,6.46,3.388,3.353,9265000.0,-5935392000.0,159287000.0,159287000.0,91518000.0,-0.218,-0.278,-0.413,-0.208,25804000.0,33507000.0,1.0,83537389.0,82668000,82668000.0,1.927,134867000.0,0.0,-624000.0,0.0,1.631,90572000.0
3,AMCC,MRT,2015-12-31,2015-12-31,2015-12-31,2019-06-10,-10031000.0,149564000.0,152800500.0,123165000.0,26399000.0,1.016,1.392,-4489000.0,18770000.0,18770000.0,69287000.0,-38809000.0,3.733,0.292,0.0,0.0,0.0,0.0,353000.0,7655000.0,0.0,0.0,0.0,-39450000.0,-31795000.0,-0.205,-31795000.0,-39450000.0,-39450000.0,-0.48,-0.48,-0.48,115793000.0,119160500.0,115793000.0,506588817.0,-13.0,-15.933,-6711000.0,-0.081,1.0,85939000.0,0.554,11425000.0,0.0,86379000.0,80186000.0,19692000.0,57673000.0,57673000.0,0.0,33771000.0,32990000.0,781000.0,527663817.0,-31310000.0,0.0,3207000.0,0.0,0.0,1218000.0,-30306000.0,-25817000.0,-2222000.0,0.0,-38809000.0,-38809000.0,-38809000.0,0.0,0.0,-0.25,128497000.0,-42558000.0,12876000.0,0.0,4.557,-13.596,-13.271,13348000.0,0.0,6.37,3.399,3.414,12452000.0,-5926485000.0,155226000.0,155226000.0,90989000.0,-0.254,-0.326,-0.492,-0.254,22169000.0,33328000.0,1.0,82835764.0,83191000,83191000.0,1.866,138139000.0,0.0,-641000.0,0.0,1.661,90175000.0
4,AMCC,MRT,2015-09-30,2015-09-30,2015-09-30,2019-06-10,-9705000.0,151340000.0,159920000.0,124051000.0,27289000.0,0.946,1.447,-3528000.0,21075000.0,21075000.0,65888000.0,-42741000.0,4.425,0.272,0.0,0.0,0.0,0.0,392000.0,7850000.0,0.0,0.0,0.0,-42690000.0,-34840000.0,-0.23,-34840000.0,-42690000.0,-42690000.0,-0.53,-0.53,-0.53,118948000.0,122474000.0,118948000.0,388637380.0,-9.0,-11.155,-14770000.0,-0.18,1.0,85462000.0,0.565,11425000.0,0.0,90804000.0,76510250.0,20382000.0,54425000.0,54425000.0,0.0,32392000.0,28036000.0,4356000.0,432927380.0,-32871000.0,0.0,3236000.0,0.0,0.0,1152000.0,-22781000.0,-19253000.0,-11242000.0,0.0,-42741000.0,-42741000.0,-42741000.0,0.0,0.0,-0.282,131566000.0,-46104000.0,12128000.0,0.0,3.64,-10.129,-10.019,14415000.0,0.0,5.31,2.86,2.883,12624000.0,-5918286000.0,151350000.0,151350000.0,93333000.0,-0.267,-0.349,-0.558,-0.282,20885000.0,33803000.0,1.0,81530580.0,82176000,82176000.0,1.842,139915000.0,0.0,51000.0,0.0,1.703,96015000.0
5,AMCC,MRT,2015-06-30,2015-06-30,2015-06-30,2019-06-10,-9275000.0,151435000.0,165871750.0,123610000.0,27825000.0,0.92,1.463,-5797000.0,44290000.0,44290000.0,65846000.0,-46397000.0,3.907,0.275,0.0,0.0,0.0,0.0,422000.0,8261000.0,0.0,0.0,0.0,-45586000.0,-37325000.0,-0.245,-37325000.0,-45586000.0,-45586000.0,-0.58,-0.58,-0.58,118796000.0,126893750.0,118796000.0,510055963.0,-11.0,-13.665,-23065000.0,-0.284,1.0,86706000.0,0.568,11425000.0,0.0,64085000.0,72550000.0,19803000.0,32326000.0,32326000.0,0.0,32639000.0,31635000.0,1004000.0,546550963.0,-17977000.0,0.0,3881000.0,0.0,0.0,1682000.0,-2391000.0,3406000.0,-17268000.0,0.0,-46397000.0,-46397000.0,-46397000.0,0.0,0.0,-0.304,133329000.0,-46623000.0,10473000.0,0.0,4.601,-11.78,-11.638,15227000.0,0.0,6.75,3.583,3.592,11526000.0,-5910225000.0,152552000.0,152552000.0,95633000.0,-0.28,-0.366,-0.628,-0.299,19181000.0,33349000.0,1.0,80970513.0,81179000,81179000.0,1.879,140010000.0,0.0,811000.0,0.0,1.725,91975000.0
6,AMCC,MRT,2015-03-31,2015-03-31,2015-03-31,2019-06-10,-7486000.0,158863000.0,176311000.0,128119000.0,30744000.0,0.936,1.562,-9771000.0,36495000.0,36495000.0,69297000.0,-52058000.0,4.072,0.29,0.0,0.0,0.0,0.0,415000.0,8659000.0,0.0,0.0,0.0,-50966000.0,-42307000.0,-0.256,-42307000.0,-50966000.0,-50966000.0,-0.66,-0.66,-0.66,123105000.0,132802000.0,123105000.0,353534668.0,-7.0,-8.356,-36793000.0,-0.467,1.0,95714000.0,0.58,11425000.0,0.0,79476000.0,74802250.0,23514000.0,38863000.0,38863000.0,0.0,35758000.0,31467000.0,4291000.0,403614668.0,-35044000.0,3353000.0,3854000.0,0.0,0.0,1943000.0,-9965000.0,-3547000.0,-27022000.0,0.0,-52058000.0,-52058000.0,-52058000.0,0.0,0.0,-0.315,146388000.0,-50674000.0,13896000.0,0.0,3.279,-7.753,-7.727,16749000.0,0.0,5.1,2.446,2.436,12407000.0,-5902821000.0,165011000.0,165011000.0,107220000.0,-0.295,-0.392,-0.681,-0.309,18305000.0,33643000.0,1.0,79140131.0,78814000,78814000.0,2.094,147438000.0,0.0,1092000.0,0.0,1.871,96652000.0
7,AMCC,MRT,2014-12-31,2014-12-31,2014-12-31,2019-06-10,-6299000.0,178042000.0,188479250.0,141695000.0,36347000.0,0.954,1.635,32600000.0,50080000.0,50080000.0,72621000.0,-13797000.0,3.159,0.38,0.0,0.0,0.0,0.0,380000.0,9310000.0,0.0,0.0,0.0,-12766000.0,-3456000.0,-0.019,-3456000.0,-12766000.0,-12766000.0,-0.15,-0.15,-0.15,129047000.0,139334750.0,129047000.0,459376025.0,-36.0,-132.921,-1081000.0,-0.014,1.0,107114000.0,0.596,11425000.0,0.0,71676000.0,72261250.0,24222000.0,32943000.0,32943000.0,0.0,48995000.0,44861000.0,4134000.0,513322025.0,26450000.0,3353000.0,4927000.0,0.0,0.0,2326000.0,57805000.0,21852000.0,-33681000.0,0.0,-13797000.0,-13797000.0,-13797000.0,0.0,0.0,-0.077,118976000.0,-11862000.0,22155000.0,0.0,3.978,-37.205,-43.467,20946000.0,0.0,6.52,2.856,2.863,19247000.0,-5887676000.0,179735000.0,179735000.0,108290000.0,-0.073,-0.099,-0.177,-0.071,17894000.0,35009000.0,1.0,78730372.0,78920000,78920000.0,2.277,166617000.0,0.0,1031000.0,0.0,2.111,96834000.0
8,AMCC,MRT,2014-09-30,2014-09-30,2014-09-30,2019-06-10,-6062000.0,175147000.0,190284000.0,138661000.0,36486000.0,1.04,1.741,29278000.0,53946000.0,53946000.0,79423000.0,-8950000.0,3.983,0.282,0.0,0.0,0.0,0.0,401000.0,9594000.0,0.0,0.0,0.0,-8580000.0,1014000.0,0.005,1014000.0,-8580000.0,-8580000.0,-0.1,-0.1,-0.1,136627000.0,130102000.0,136627000.0,485100884.0,-57.0,478.403,3395000.0,0.043,1.0,118409000.0,0.599,11425000.0,0.0,74963000.0,69443500.0,17592000.0,35572000.0,35572000.0,0.0,38520000.0,34813000.0,3707000.0,547367884.0,26038000.0,3353000.0,6546000.0,0.0,0.0,2836000.0,49085000.0,16454000.0,-25883000.0,0.0,-8950000.0,-8950000.0,-8950000.0,0.0,0.0,-0.045,126227000.0,-7818000.0,11576000.0,0.0,4.006,-61.158,-70.0,20783000.0,0.0,7.0,2.767,2.777,17881000.0,-5875545000.0,197832000.0,197832000.0,113439000.0,-0.047,-0.069,-0.124,-0.043,18919000.0,37232000.0,1.0,78195412.0,78487000,78487000.0,2.521,163722000.0,0.0,370000.0,0.0,2.086,103848000.0
9,AMCC,MRT,2014-06-30,2014-06-30,2014-06-30,2019-06-10,-5764000.0,193192000.0,193787500.0,154487000.0,38705000.0,1.095,1.828,30309000.0,62267000.0,62267000.0,83104000.0,-29616000.0,3.332,0.356,0.0,0.0,0.0,0.0,1069000.0,10071000.0,0.0,0.0,0.0,-29326000.0,-19255000.0,-0.091,-19255000.0,-29326000.0,-29326000.0,-0.4,-0.4,-0.4,142429000.0,119385500.0,142429000.0,771345649.0,-26.0,-40.059,-5631000.0,-0.072,1.0,129170000.0,0.609,11467000.0,0.0,73094000.0,64661250.0,20673000.0,36343000.0,36343000.0,0.0,50763000.0,46364000.0,4399000.0,842884649.0,22594000.0,3353000.0,11554000.0,0.0,0.0,6319000.0,52215000.0,18553000.0,-35940000.0,0.0,-29616000.0,-29616000.0,-29616000.0,0.0,0.0,-0.14,160422000.0,-31252000.0,17233000.0,0.0,5.918,-28.46,-27.025,20303000.0,0.0,10.81,3.971,3.968,22932000.0,-5863828000.0,212274000.0,212274000.0,145278000.0,-0.153,-0.248,-0.454,-0.138,18523000.0,38459000.0,1.0,77972678.0,77916000,77916000.0,2.724,181725000.0,0.0,290000.0,0.0,2.332,108123000.0
10,AMCC,MRT,2014-03-31,2014-03-31,2014-03-31,2019-06-10,-6143000.0,207536000.0,197096750.0,167506000.0,40030000.0,1.097,2.047,34294000.0,71539000.0,71539000.0,85189000.0,-5694000.0,3.037,0.391,0.0,0.0,0.0,0.0,567000.0,10755000.0,0.0,0.0,0.0,-5075000.0,5680000.0,0.026,5680000.0,-5075000.0,-5075000.0,-0.08,-0.08,-0.08,149236000.0,108605000.0,149236000.0,710722785.0,-140.0,125.127,-12553000.0,-0.172,1.0,130961000.0,0.606,11530000.0,0.0,69312000.0,64195500.0,18946000.0,35044000.0,35044000.0,0.0,58300000.0,55155000.0,3145000.0,734352785.0,52474000.0,29498000.0,11619000.0,0.0,0.0,4514000.0,94807000.0,31015000.0,-46847000.0,0.0,-5694000.0,-5694000.0,-5694000.0,0.0,0.0,-0.026,161141000.0,-30180000.0,26194000.0,0.0,4.921,-128.97,-123.75,20746000.0,0.0,9.9,3.397,3.339,25178000.0,-5850763000.0,216150000.0,216150000.0,146579000.0,-0.029,-0.052,-0.079,-0.023,17021000.0,38927000.0,1.0,74177049.0,72897000,72897000.0,2.965,196006000.0,0.0,619000.0,0.0,2.689,112351000.0
11,AMCC,MRT,2013-12-31,2013-12-31,2013-12-31,2019-06-10,-6518000.0,185261000.0,198057750.0,145655000.0,39606000.0,1.114,1.245,-6187000.0,23630000.0,23630000.0,86557000.0,-46416000.0,1.625,1.011,0.0,0.0,0.0,0.0,888000.0,11460000.0,0.0,0.0,0.0,-46847000.0,-35387000.0,-0.16,-35387000.0,-46847000.0,-46847000.0,-0.64,-0.65,-0.64,92116000.0,91672000.0,92116000.0,959651904.0,-20.0,-27.119,-43140000.0,-0.583,1.0,134148000.0,0.608,11592000.0,0.0,60405000.0,60130500.0,10482000.0,50654000.0,50654000.0,0.0,93145000.0,89634000.0,3511000.0,987559904.0,7947000.0,29498000.0,11614000.0,0.0,0.0,5061000.0,39839000.0,16528000.0,-36953000.0,0.0,-46416000.0,-46416000.0,-46416000.0,0.0,0.0,-0.21,201028000.0,-66880000.0,13210000.0,0.0,10.721,-21.276,-20.892,20172000.0,0.0,13.371,4.475,4.482,28800000.0,-5873881000.0,220705000.0,220705000.0,156480000.0,-0.234,-0.506,-0.779,-0.212,17410000.0,42610000.0,1.0,73858343.0,73989000,73989000.0,2.983,173669000.0,0.0,-431000.0,0.0,2.347,56021000.0
12,AMCC,MRT,2013-09-30,2013-09-30,2013-09-30,2019-06-10,-6302000.0,189161000.0,204524000.0,134865000.0,54296000.0,1.064,1.291,-1642000.0,27908000.0,27908000.0,87871000.0,-110694000.0,1.438,1.017,0.0,0.0,0.0,0.0,743000.0,12312000.0,0.0,0.0,0.0,-110708000.0,-98396000.0,-0.452,-98396000.0,-110708000.0,-110708000.0,-1.62,-1.63,-1.62,93761000.0,91649500.0,93761000.0,903466098.0,-8.0,-9.182,-43210000.0,-0.595,1.0,129688000.0,0.596,11654000.0,0.0,55834000.0,61259000.0,12795000.0,48060000.0,48060000.0,0.0,95400000.0,93765000.0,1635000.0,943139098.0,15916000.0,29498000.0,10451000.0,0.0,0.0,2801000.0,54683000.0,26827000.0,-41568000.0,0.0,-110694000.0,-110694000.0,-110694000.0,0.0,0.0,-0.509,262070000.0,-132382000.0,16397000.0,0.0,10.059,-8.52,-7.963,33992000.0,0.0,12.9,4.335,4.305,26707000.0,-5866596000.0,217559000.0,217559000.0,209321000.0,-0.541,-1.208,-1.807,-0.509,17750000.0,44355000.0,1.0,73111558.0,72610000,72610000.0,2.996,177507000.0,0.0,-14000.0,0.0,2.445,41100000.0
13,AMCC,MRT,2013-06-30,2013-06-30,2013-06-30,2019-06-10,-5455000.0,206429000.0,213467000.0,151438000.0,54991000.0,0.977,1.432,-1926000.0,39673000.0,39673000.0,87035000.0,-99868000.0,1.807,1.079,0.0,0.0,0.0,0.0,666000.0,13337000.0,0.0,0.0,0.0,-100434000.0,-87097000.0,-0.418,-87097000.0,-100434000.0,-100434000.0,-1.5,-1.51,-1.5,99307000.0,107950000.0,99307000.0,599203526.0,-6.0,-6.88,-33734000.0,-0.486,1.0,121461000.0,0.583,11717000.0,0.0,71231000.0,81715000.0,12715000.0,50057000.0,50057000.0,0.0,107122000.0,83808000.0,23314000.0,618268526.0,18959000.0,29498000.0,5715000.0,0.0,0.0,-697000.0,51464000.0,23892000.0,-31808000.0,0.0,-99868000.0,-99868000.0,-99868000.0,0.0,0.0,-0.479,243828000.0,-122367000.0,18299000.0,0.0,6.226,-6.191,-5.867,35561000.0,0.0,8.8,2.965,2.927,28815000.0,-5834212000.0,208496000.0,208496000.0,187154000.0,-0.468,-0.925,-1.229,-0.482,21550000.0,48740000.0,1.0,70257787.0,69360000,70234000.0,3.006,194712000.0,0.0,-566000.0,0.0,2.807,67630000.0
14,AMCC,MRT,2013-03-31,2013-03-31,2013-03-31,2019-06-10,-737000.0,211380000.0,221295500.0,140949000.0,70431000.0,0.884,1.249,-7245000.0,19065000.0,19065000.0,83048000.0,-134115000.0,1.235,1.593,0.0,0.0,0.0,0.0,1469000.0,14185000.0,0.0,0.0,0.0,-134669000.0,-120484000.0,-0.616,-120484000.0,-134669000.0,-134669000.0,-2.06,-2.06,-2.06,81504000.0,125223250.0,81504000.0,486449970.0,-4.0,-4.037,-41701000.0,-0.639,1.0,112594000.0,0.576,25174000.0,0.0,53052000.0,100033750.0,12900000.0,66411000.0,66411000.0,0.0,129876000.0,114089000.0,15787000.0,502132970.0,-9000000.0,0.0,8220000.0,0.0,0.0,4133000.0,21323000.0,28568000.0,-34456000.0,0.0,-134115000.0,-134115000.0,-134115000.0,0.0,0.0,-0.686,247464000.0,-134870000.0,17650000.0,0.0,6.161,-3.744,-3.602,34391000.0,0.0,7.42,2.567,2.475,24575000.0,-5845069000.0,195642000.0,195642000.0,187419000.0,-0.606,-1.071,-1.346,-0.688,25525000.0,51684000.0,1.0,67672907.0,65258000,65258000.0,2.998,186206000.0,0.0,-554000.0,0.0,2.853,26860000.0
15,AMCC,MRT,2012-12-31,2012-12-31,2012-12-31,2019-06-10,-1818000.0,211126000.0,235713500.0,134760000.0,76366000.0,0.798,1.392,-8019000.0,15683000.0,15683000.0,82848000.0,-184091000.0,1.292,1.294,0.0,0.0,0.0,0.0,1296000.0,14638000.0,0.0,0.0,0.0,-183302000.0,-168664000.0,-0.897,-168664000.0,-183302000.0,-183302000.0,-2.87,-2.87,-2.87,92026000.0,147156250.0,92026000.0,537977788.0,-3.0,-3.19,-45369000.0,-0.686,1.0,105235000.0,0.56,26191000.0,0.0,64919000.0,121491750.0,13857000.0,68561000.0,68561000.0,0.0,119100000.0,104333000.0,14767000.0,549969788.0,-34548000.0,0.0,8050000.0,0.0,0.0,4383000.0,-1581000.0,6438000.0,-37350000.0,0.0,-184091000.0,-184091000.0,-184091000.0,0.0,0.0,-0.979,301289000.0,-196054000.0,14427000.0,0.0,5.976,-2.987,-2.934,36171000.0,0.0,8.42,2.924,2.96,17362000.0,-5827463000.0,188083000.0,188083000.0,241265000.0,-0.781,-1.251,-1.509,-0.975,28184000.0,51567000.0,1.0,65317077.0,66113000,66113000.0,2.845,184935000.0,0.0,789000.0,0.0,2.797,30427000.0
16,AMCC,MRT,2012-09-30,2012-09-30,2012-09-30,2019-06-10,-1032000.0,224933000.0,249699750.0,148849000.0,76084000.0,0.772,2.448,-11113000.0,11992000.0,11992000.0,83685000.0,-119606000.0,3.096,0.415,0.0,0.0,0.0,0.0,1219000.0,14768000.0,0.0,0.0,0.0,-119229000.0,-104461000.0,-0.542,-104461000.0,-119229000.0,-119229000.0,-1.91,-1.91,-1.91,158963000.0,180723250.0,158963000.0,306114284.0,-3.0,-2.93,-39840000.0,-0.613,1.0,109047000.0,0.566,27207000.0,0.0,137658000.0,141491250.0,18437000.0,77695000.0,77695000.0,0.0,65970000.0,48076000.0,17894000.0,326828284.0,-39791000.0,0.0,8489000.0,0.0,0.0,6981000.0,-18045000.0,-6932000.0,-28727000.0,0.0,-119606000.0,-119606000.0,-119606000.0,0.0,0.0,-0.621,239684000.0,-130637000.0,14095000.0,0.0,2.056,-2.733,-2.649,37858000.0,0.0,5.06,1.696,1.705,14275000.0,-5755901000.0,192732000.0,192732000.0,186833000.0,-0.479,-0.662,-0.843,-0.619,26395000.0,50298000.0,1.0,64590570.0,64947000,64947000.0,2.968,197726000.0,0.0,377000.0,0.0,3.044,100773000.0
17,AMCC,MRT,2012-06-30,2012-06-30,2012-06-30,2019-06-10,-2384000.0,237743000.0,259984750.0,158114000.0,79629000.0,0.813,2.698,-14329000.0,20714000.0,20714000.0,90828000.0,-99201000.0,3.591,0.412,0.0,0.0,0.0,0.0,1540000.0,14522000.0,0.0,0.0,0.0,-97883000.0,-83361000.0,-0.394,-83361000.0,-97883000.0,-97883000.0,-1.6,-1.6,-1.6,168400000.0,198096000.0,168400000.0,327058363.0,-3.0,-3.923,-39947000.0,-0.64,1.0,120509000.0,0.57,28488000.0,0.0,144506000.0,143125750.0,22594000.0,75424000.0,75424000.0,0.0,69343000.0,44035000.0,25308000.0,355123363.0,-20680000.0,0.0,-8930000.0,0.0,0.0,-10147000.0,15085000.0,29414000.0,-25618000.0,0.0,-99201000.0,-99201000.0,-99201000.0,0.0,0.0,-0.469,230482000.0,-109973000.0,13739000.0,0.0,2.109,-3.58,-3.575,38398000.0,0.0,5.72,1.68,1.689,16347000.0,-5734344000.0,211337000.0,211337000.0,182059000.0,-0.382,-0.501,-0.684,-0.463,21885000.0,45708000.0,1.0,62084504.0,62409000,62409000.0,3.386,209255000.0,0.0,1318000.0,0.0,3.353,114079000.0
18,AMCC,MRT,2012-03-31,2012-03-31,2012-03-31,2019-06-10,-1765000.0,269052000.0,273754500.0,190861000.0,78191000.0,0.843,2.719,-13264000.0,28065000.0,28065000.0,98804000.0,-82688000.0,2.64,0.59,0.0,0.0,0.0,0.0,2137000.0,15190000.0,0.0,0.0,0.0,-81760000.0,-66570000.0,-0.288,-66570000.0,-81760000.0,-81760000.0,-1.33,-1.33,-1.33,169236000.0,217091500.0,169236000.0,374284643.0,-5.0,-5.622,-22616000.0,-0.363,1.0,132083000.0,0.572,29817000.0,0.0,138884000.0,149257000.0,23244000.0,85781000.0,85781000.0,0.0,99816000.0,72286000.0,27530000.0,424515643.0,-56337000.0,0.0,-14116000.0,0.0,0.0,-27147000.0,-19838000.0,-6574000.0,-9352000.0,0.0,-82688000.0,-82688000.0,-82688000.0,0.0,0.0,-0.358,225527000.0,-93444000.0,21383000.0,0.0,2.508,-5.134,-5.218,38100000.0,0.0,6.94,1.839,1.871,22666000.0,-5710954000.0,230887000.0,230887000.0,175656000.0,-0.302,-0.381,-0.548,-0.354,18374000.0,45794000.0,1.0,61169401.0,62245000,62245000.0,3.709,239235000.0,0.0,928000.0,0.0,3.843,118575000.0
19,AMCC,MRT,2011-12-31,2011-12-31,2011-12-31,2019-06-10,-3171000.0,267071000.0,283655750.0,187591000.0,79480000.0,0.849,3.71,-12661000.0,50231000.0,50231000.0,103306000.0,-19117000.0,4.6,0.18,0.0,0.0,0.0,0.0,1942000.0,18214000.0,0.0,0.0,0.0,-18567000.0,-353000.0,-0.001,-353000.0,-18567000.0,-18567000.0,-0.32,-0.31,-0.32,226294000.0,240235000.0,226294000.0,357187692.0,-19.0,-1011.863,-20534000.0,-0.337,1.0,137397000.0,0.571,31146000.0,0.0,144917000.0,149745250.0,17569000.0,67046000.0,67046000.0,0.0,40777000.0,40777000.0,0.0,408970692.0,-34963000.0,0.0,-30007000.0,0.0,0.0,-43472000.0,16382000.0,29043000.0,-7873000.0,0.0,-19117000.0,-19117000.0,-19117000.0,0.0,0.0,-0.079,162930000.0,-25533000.0,17643000.0,0.0,1.807,-21.393,-21.0,36097000.0,0.0,6.72,1.699,1.703,30828000.0,-5643372000.0,240703000.0,240703000.0,113188000.0,-0.067,-0.08,-0.124,-0.077,15509000.0,44636000.0,1.0,60858734.0,60990000,60990000.0,3.947,235925000.0,0.0,550000.0,0.0,3.868,146814000.0
20,AMCC,MRT,2011-09-30,2011-09-30,2011-09-30,2019-06-10,-3520000.0,266073000.0,298667500.0,185363000.0,80710000.0,0.826,3.654,-13490000.0,51783000.0,51783000.0,103397000.0,-14001000.0,4.927,0.165,0.0,0.0,0.0,0.0,1847000.0,21275000.0,0.0,0.0,0.0,-13827000.0,7448000.0,0.03,7448000.0,-13827000.0,-13827000.0,-0.23,-0.22,-0.23,228454000.0,253370750.0,228454000.0,304291555.0,-22.0,40.855,-13943000.0,-0.223,1.0,143323000.0,0.581,32475000.0,0.0,144196000.0,152289750.0,18727000.0,61914000.0,61914000.0,0.0,37619000.0,37619000.0,0.0,345685555.0,9017000.0,0.0,-30842000.0,0.0,0.0,-44027000.0,53497000.0,66987000.0,-453000.0,0.0,-14001000.0,-14001000.0,-14001000.0,0.0,0.0,-0.057,165527000.0,-22204000.0,17560000.0,0.0,1.513,-24.69,-23.348,36854000.0,0.0,5.37,1.401,1.361,28083000.0,-5636295000.0,246720000.0,246720000.0,113593000.0,-0.047,-0.055,-0.091,-0.056,16165000.0,45959000.0,1.0,64373474.0,62526000,62526000.0,3.946,233598000.0,0.0,174000.0,0.0,3.736,147744000.0
21,AMCC,MRT,2011-06-30,2011-06-30,2011-06-30,2019-06-10,-1236000.0,292822000.0,313250500.0,213287000.0,79535000.0,0.791,3.826,-12401000.0,41394000.0,41394000.0,99128000.0,-9274000.0,4.403,0.198,0.0,0.0,0.0,0.0,1959000.0,23331000.0,0.0,0.0,0.0,-9305000.0,14026000.0,0.057,14026000.0,-9305000.0,-9305000.0,-0.16,-0.15,-0.16,244382000.0,266055000.0,244382000.0,476979588.0,-51.0,34.007,3127000.0,0.049,1.0,148616000.0,0.6,33957000.0,0.0,169031000.0,164554250.0,26746000.0,100456000.0,100456000.0,0.0,48440000.0,48440000.0,0.0,561381588.0,-24618000.0,-31484000.0,-30820000.0,0.0,0.0,-44262000.0,4116000.0,48001000.0,15528000.0,0.0,-9274000.0,-9274000.0,-9274000.0,0.0,0.0,-0.037,167883000.0,-19267000.0,24232000.0,0.0,2.297,-60.533,-55.375,33803000.0,0.0,8.86,2.266,2.284,24157000.0,-5635143000.0,247744000.0,247744000.0,111323000.0,-0.03,-0.035,-0.057,-0.038,17016000.0,50105000.0,1.0,63361353.0,63878000,63878000.0,3.878,258865000.0,0.0,-31000.0,0.0,4.052,164847000.0
22,AMCC,MRT,2011-03-31,2011-03-31,2011-03-31,2019-06-10,-1597000.0,308657000.0,320846750.0,232964000.0,75693000.0,0.772,4.018,-9375000.0,84402000.0,84402000.0,95282000.0,-1006000.0,4.973,0.179,0.0,0.0,0.0,0.0,2407000.0,24410000.0,0.0,0.0,0.0,-607000.0,23803000.0,0.096,23803000.0,-607000.0,-607000.0,-0.02,-0.02,-0.02,261810000.0,276777500.0,261810000.0,587350391.0,-968.0,24.675,21580000.0,0.331,1.0,152428000.0,0.615,36571000.0,0.0,140837000.0,174306500.0,26561000.0,83649000.0,83649000.0,0.0,46847000.0,46847000.0,0.0,672097391.0,-38124000.0,-31484000.0,-16506000.0,0.0,0.0,-29807000.0,-39272000.0,1587000.0,30955000.0,0.0,-1006000.0,-1006000.0,-1006000.0,0.0,0.0,-0.004,163722000.0,-11294000.0,24431000.0,0.0,2.567,-668.089,-519.0,32023000.0,0.0,10.38,2.713,2.73,19997000.0,-5628266000.0,247710000.0,247710000.0,108732000.0,-0.003,-0.004,-0.003,-0.002,16684000.0,49173000.0,1.0,64749267.0,65160000,65160000.0,3.802,272086000.0,0.0,399000.0,0.0,4.176,186117000.0
23,AMCC,MRT,2010-12-31,2010-12-31,2010-12-31,2019-06-10,1197000.0,327118000.0,322693500.0,245365000.0,81753000.0,0.765,4.313,-11169000.0,85194000.0,85194000.0,92593000.0,2940000.0,5.443,0.173,447000.0,447000.0,0.0,447000.0,2591000.0,23149000.0,0.0,0.0,0.0,2160000.0,25309000.0,0.103,25309000.0,2160000.0,2160000.0,0.04,0.04,0.04,278837000.0,281543500.0,278837000.0,646800697.0,299.0,25.556,33125000.0,0.512,1.0,154144000.0,0.625,42201000.0,0.0,155095000.0,174471750.0,22323000.0,105002000.0,105002000.0,0.0,48281000.0,45075000.0,3206000.0,688986697.0,-38777000.0,-31484000.0,3643000.0,0.0,0.0,-19263000.0,-63808000.0,-21155000.0,44294000.0,0.0,2940000.0,2940000.0,2940000.0,-2000.0,0.0,0.012,161600000.0,-7456000.0,19885000.0,0.0,2.471,234.349,267.0,30819000.0,0.0,10.68,2.792,2.798,14266000.0,-5624255000.0,246737000.0,246737000.0,106055000.0,0.009,0.01,0.012,0.009,16473000.0,49377000.0,1.0,64511863.0,64647000,64647000.0,3.817,284917000.0,0.0,-780000.0,0.0,4.407,200290000.0
24,AMCC,MRT,2010-09-30,2010-09-30,2010-09-30,2019-06-10,3870000.0,324405000.0,319210000.0,238685000.0,85720000.0,0.746,4.246,-9510000.0,42766000.0,42766000.0,92880000.0,1307000.0,5.682,0.162,580000.0,580000.0,0.0,580000.0,1637000.0,21937000.0,0.0,0.0,0.0,-1551000.0,20386000.0,0.086,20386000.0,-1551000.0,-1551000.0,0.02,0.02,0.02,279191000.0,281739250.0,279191000.0,599755350.0,-387.0,29.42,35210000.0,0.535,1.0,145197000.0,0.61,46957000.0,0.0,193254000.0,169490500.0,17557000.0,139802000.0,139802000.0,0.0,45214000.0,42008000.0,3206000.0,665767350.0,-69052000.0,-31484000.0,6125000.0,0.0,0.0,-26706000.0,-87066000.0,-46072000.0,44720000.0,0.0,1307000.0,1307000.0,1307000.0,932000.0,0.0,0.005,154724000.0,-9527000.0,20716000.0,0.0,2.385,509.386,500.0,29633000.0,0.0,10.0,2.796,2.762,22612000.0,-5622294000.0,238077000.0,238077000.0,100970000.0,0.004,0.005,-0.009,-0.007,15121000.0,48102000.0,1.0,66576735.0,65752000,68021000.0,3.621,277448000.0,0.0,-2858000.0,0.0,4.22,196677000.0
25,AMCC,MRT,2010-06-30,2010-06-30,2010-06-30,2019-06-10,3886000.0,323207000.0,317458000.0,273723000.0,49484000.0,0.697,4.352,-7025000.0,66012000.0,66012000.0,93241000.0,-8992000.0,7.617,0.125,0.0,0.0,0.0,0.0,1038000.0,22264000.0,0.0,0.0,0.0,-15843000.0,6421000.0,0.029,6421000.0,-15843000.0,-15843000.0,-0.13,-0.13,-0.13,287272000.0,283967750.0,287272000.0,563493731.0,-36.0,87.758,21727000.0,0.329,1.0,128115000.0,0.579,13220000.0,0.0,208040000.0,159221500.0,17397000.0,156509000.0,156509000.0,0.0,35935000.0,35935000.0,0.0,686019731.0,-45931000.0,712000.0,30990000.0,0.0,0.0,-11406000.0,-63277000.0,-56964000.0,28752000.0,0.0,-8992000.0,-8992000.0,-8992000.0,-415000.0,0.0,-0.041,146754000.0,-18639000.0,18891000.0,0.0,2.388,-76.292,-80.615,26685000.0,0.0,10.48,3.099,3.125,20206000.0,-5625869000.0,221356000.0,221356000.0,94459000.0,-0.028,-0.032,-0.1,-0.072,14913000.0,47006000.0,1.0,65459898.0,66005000,68735000.0,3.354,309987000.0,0.0,-6851000.0,0.0,4.696,237788000.0
26,AMCC,MRT,2010-03-31,2010-03-31,2010-03-31,2019-06-10,2430000.0,316044000.0,316998000.0,263020000.0,53024000.0,0.649,4.255,-7532000.0,122526000.0,122526000.0,92931000.0,-7485000.0,7.479,0.125,0.0,0.0,0.0,0.0,808000.0,22895000.0,0.0,0.0,0.0,-18095000.0,4800000.0,0.023,4800000.0,-18095000.0,-18095000.0,-0.11,-0.11,-0.11,280874000.0,284119750.0,280874000.0,443052035.0,-24.0,92.303,9335000.0,0.141,1.0,112667000.0,0.548,16850000.0,0.0,141498000.0,144101500.0,15387000.0,84117000.0,84117000.0,0.0,35170000.0,35170000.0,0.0,567023035.0,23189000.0,21527000.0,23500000.0,0.0,0.0,-19132000.0,25454000.0,11459000.0,16867000.0,0.0,-7485000.0,-7485000.0,-7485000.0,-6112000.0,0.0,-0.036,138763000.0,-26096000.0,20074000.0,0.0,2.019,-75.755,-78.455,25879000.0,0.0,8.63,2.758,2.771,22892000.0,-5627260000.0,205598000.0,205598000.0,88096000.0,-0.024,-0.026,-0.126,-0.088,13682000.0,45901000.0,1.0,65703712.0,66006000,66006000.0,3.115,299194000.0,0.0,-10610000.0,0.0,4.533,227850000.0
27,AMCC,MRT,2009-12-31,2009-12-31,2009-12-31,2019-06-10,1642000.0,313184000.0,319139500.0,246914000.0,66270000.0,0.592,4.228,-5423000.0,123971000.0,123971000.0,91986000.0,-34806000.0,7.357,0.12,0.0,0.0,0.0,0.0,1368000.0,24709000.0,0.0,0.0,0.0,-44645000.0,-19936000.0,-0.105,-19936000.0,-44645000.0,-44645000.0,-0.52,-0.52,-0.52,279620000.0,284893750.0,279620000.0,386015287.0,-9.0,-19.363,1894000.0,0.029,1.0,97003000.0,0.513,20479000.0,0.0,135170000.0,146644000.0,17167000.0,78043000.0,78043000.0,0.0,33564000.0,33564000.0,0.0,497833287.0,31304000.0,21527000.0,17523000.0,0.0,0.0,-15271000.0,39258000.0,23154000.0,7317000.0,0.0,-34806000.0,-34806000.0,-34806000.0,-1488000.0,0.0,-0.184,144612000.0,-47609000.0,18344000.0,0.0,1.78,-14.303,-14.365,25786000.0,0.0,7.47,2.634,2.614,17785000.0,-5627195000.0,188989000.0,188989000.0,88043000.0,-0.109,-0.122,-0.304,-0.236,12393000.0,45115000.0,1.0,66644349.0,66139000,66139000.0,2.857,292705000.0,0.0,-9839000.0,0.0,4.426,213350000.0
28,AMCC,MRT,2009-09-30,2009-09-30,2009-09-30,2019-06-10,2774000.0,317397000.0,327876750.0,246748000.0,70649000.0,0.558,4.334,-5988000.0,111818000.0,111818000.0,90039000.0,-305672000.0,8.424,0.102,0.0,0.0,0.0,0.0,861000.0,26698000.0,0.0,0.0,0.0,-317659000.0,-290961000.0,-1.59,-290961000.0,-317659000.0,-317659000.0,-4.67,-4.67,-4.67,288105000.0,292514000.0,288105000.0,549925409.0,-2.0,-1.89,-19298000.0,-0.29,1.0,92972000.0,0.508,24109000.0,0.0,152178000.0,157561750.0,19421000.0,85878000.0,85878000.0,0.0,29292000.0,29292000.0,0.0,661868409.0,48009000.0,21527000.0,14909000.0,0.0,0.0,-8098000.0,69417000.0,53878000.0,-13310000.0,0.0,-305672000.0,-305672000.0,-305672000.0,39675000.0,0.0,-1.67,363416000.0,-270444000.0,13431000.0,0.0,2.297,-2.165,-2.139,26237000.0,0.0,9.99,3.617,3.628,21275000.0,-5623601000.0,183011000.0,183011000.0,83069000.0,-0.932,-1.045,-2.016,-1.736,10561000.0,44976000.0,1.0,66253094.0,66469000,66469000.0,2.753,293288000.0,0.0,-11987000.0,0.0,4.412,217456000.0
29,AMCC,MRT,2009-06-30,2009-06-30,2009-06-30,2019-06-10,-1047000.0,321367000.0,405363500.0,245396000.0,75971000.0,0.489,4.357,-5771000.0,111943000.0,111943000.0,94819000.0,-301261000.0,7.328,0.116,0.0,0.0,0.0,0.0,1313000.0,28425000.0,0.0,0.0,0.0,-309228000.0,-280803000.0,-1.418,-280803000.0,-309228000.0,-309228000.0,-4.61,-4.61,-4.61,287880000.0,364728250.0,287880000.0,436317009.0,-1.0,-1.554,-4976000.0,-0.075,1.0,103250000.0,0.521,28377000.0,0.0,147560000.0,171817000.0,22224000.0,88432000.0,88432000.0,0.0,33487000.0,33487000.0,0.0,535654009.0,58621000.0,20815000.0,6949000.0,0.0,0.0,-5872000.0,63698000.0,48654000.0,795000.0,0.0,-301261000.0,-301261000.0,-301261000.0,41815000.0,0.0,-1.521,365998000.0,-262748000.0,16525000.0,0.0,1.861,-1.778,-1.764,26216000.0,0.0,8.13,2.704,2.712,15203000.0,-5616877000.0,198069000.0,198069000.0,83651000.0,-0.743,-0.826,-1.8,-1.561,9791000.0,46765000.0,1.0,65886102.0,66070000,66733000.0,2.998,292990000.0,0.0,-7967000.0,0.0,4.435,211909000.0
30,AMCC,MRT,2009-03-31,2009-03-31,2009-03-31,2019-06-10,-6273000.0,324610000.0,482377750.0,248036000.0,76574000.0,0.444,4.351,-7259000.0,99337000.0,99337000.0,101070000.0,-309333000.0,6.103,0.143,0.0,0.0,0.0,0.0,2584000.0,29922000.0,0.0,0.0,0.0,-313279000.0,-283357000.0,-1.323,-283357000.0,-313279000.0,-313279000.0,-4.74,-4.74,-4.74,283970000.0,437595000.0,283970000.0,225465737.0,-1.0,-0.796,5268000.0,0.081,1.0,113146000.0,0.528,32965000.0,0.0,151668000.0,188914250.0,26598000.0,84672000.0,84672000.0,0.0,40640000.0,40640000.0,0.0,318132737.0,56648000.0,0.0,2713000.0,0.0,0.0,2161000.0,41960000.0,49219000.0,12527000.0,0.0,-309333000.0,-309333000.0,-309333000.0,48235000.0,0.0,-1.444,370609000.0,-257463000.0,16715000.0,0.0,1.12,-1.028,-1.025,25749000.0,0.0,4.86,1.485,1.481,17537000.0,-5620909000.0,214216000.0,214216000.0,84687000.0,-0.641,-0.707,-1.658,-1.462,10384000.0,50097000.0,1.0,65459411.0,65271000,65271000.0,3.282,291645000.0,0.0,-3946000.0,0.0,4.468,207396000.0
31,AMCC,MRT,2008-12-31,2008-12-31,2008-12-31,2019-06-10,-3259000.0,348133000.0,559437000.0,256893000.0,91240000.0,0.344,4.744,-8890000.0,92667000.0,92667000.0,87847000.0,-368256000.0,6.755,0.123,0.0,0.0,0.0,0.0,2026000.0,30135000.0,0.0,0.0,0.0,-367516000.0,-337381000.0,-1.751,-337381000.0,-367516000.0,-367516000.0,-5.6,-5.6,-5.6,310101000.0,511780500.0,310101000.0,192703004.0,-1.0,-0.571,13126000.0,0.201,1.0,104871000.0,0.544,38593000.0,0.0,178841000.0,206453750.0,38769000.0,95218000.0,95218000.0,0.0,38032000.0,38032000.0,0.0,256512004.0,58176000.0,232000.0,4216000.0,0.0,0.0,3861000.0,32299000.0,40957000.0,22016000.0,0.0,-368256000.0,-368256000.0,-368256000.0,113529000.0,0.0,-1.911,348033000.0,-243162000.0,17969000.0,0.0,0.827,-0.697,-0.702,27644000.0,0.0,3.93,1.331,1.333,20909000.0,-5593523000.0,192718000.0,192718000.0,71944000.0,-0.658,-0.72,-1.78,-1.907,11189000.0,44945000.0,1.0,65270230.0,65366000,65366000.0,2.948,309540000.0,0.0,740000.0,0.0,4.735,218861000.0
32,AMCC,MRT,2008-09-30,2008-09-30,2008-09-30,2019-06-10,-8995000.0,627344000.0,650032000.0,271428000.0,355916000.0,0.325,8.856,-8642000.0,63809000.0,63809000.0,98932000.0,-98135000.0,5.903,0.087,0.0,0.0,0.0,0.0,2028000.0,30374000.0,0.0,0.0,0.0,-93030000.0,-62656000.0,-0.297,-62656000.0,-93030000.0,-93030000.0,-1.46,-1.46,-1.46,576962000.0,599523250.0,576962000.0,335071776.0,-4.0,-5.348,29092000.0,0.447,1.0,112327000.0,0.532,308351000.0,0.0,209199000.0,219000500.0,34481000.0,137275000.0,131839000.0,5436000.0,50382000.0,45985000.0,4397000.0,388393776.0,14991000.0,232000.0,-15047000.0,0.0,0.0,-32980000.0,10237000.0,18647000.0,37734000.0,0.0,-98135000.0,-98135000.0,-98135000.0,71432000.0,0.0,-0.465,132645000.0,-20318000.0,23459000.0,0.0,0.673,-3.958,-4.096,27456000.0,0.0,5.98,1.838,1.844,31899000.0,-5319062000.0,211259000.0,211259000.0,78015000.0,-0.151,-0.164,-0.425,-0.44,11595000.0,47755000.0,1.0,64948792.0,65150000,65150000.0,3.243,318993000.0,0.0,5105000.0,0.0,4.896,225443000.0
33,AMCC,MRT,2008-06-30,2008-06-30,2008-06-30,2019-06-10,-4345000.0,629424000.0,678157500.0,268415000.0,361009000.0,0.303,8.932,-7787000.0,53322000.0,53322000.0,100684000.0,-103875000.0,5.848,0.086,0.0,0.0,0.0,0.0,2266000.0,30278000.0,0.0,0.0,0.0,-99583000.0,-69305000.0,-0.338,-69305000.0,-99583000.0,-99583000.0,-1.54,-1.54,-1.54,579347000.0,630592500.0,579347000.0,511909711.0,-5.0,-7.386,5933000.0,0.091,1.0,104495000.0,0.509,314254000.0,0.0,215949000.0,228942000.0,33928000.0,146272000.0,141086000.0,5186000.0,50077000.0,45899000.0,4178000.0,554598711.0,24456000.0,232000.0,-20790000.0,0.0,0.0,-52658000.0,63394000.0,70949000.0,13720000.0,0.0,-103875000.0,-103875000.0,-103875000.0,70639000.0,0.0,-0.506,139615000.0,-35120000.0,24366000.0,0.0,0.957,-5.339,-5.558,27726000.0,0.0,8.56,2.703,2.706,29433000.0,-5316750000.0,205179000.0,205179000.0,81085000.0,-0.153,-0.165,-0.435,-0.485,11895000.0,49825000.0,1.0,64789569.0,64864000,64864000.0,3.163,315170000.0,0.0,4292000.0,0.0,4.859,222516000.0
34,AMCC,MRT,2008-03-31,2008-03-31,2008-03-31,2019-06-10,-4976000.0,632847000.0,714168750.0,221757000.0,411090000.0,0.272,8.568,-5375000.0,42689000.0,42689000.0,98756000.0,-115121000.0,4.603,0.09,0.0,0.0,0.0,0.0,1917000.0,30304000.0,0.0,0.0,0.0,-111348000.0,-81044000.0,-0.418,-81044000.0,-111348000.0,-111348000.0,-1.7,-1.7,-1.7,580712000.0,667833500.0,580712000.0,432156062.0,-4.0,-5.332,-11531000.0,-0.17,1.0,95359000.0,0.491,320155000.0,0.0,221826000.0,247472000.0,30293000.0,152119000.0,100200000.0,51919000.0,52135000.0,48177000.0,3958000.0,466647062.0,-8906000.0,232000.0,-29407000.0,0.0,0.0,-71338000.0,68588000.0,73731000.0,-6156000.0,0.0,-115121000.0,-115121000.0,-115121000.0,69916000.0,0.0,-0.593,147370000.0,-52011000.0,25518000.0,0.0,0.804,-4.054,-4.224,25233000.0,0.0,7.18,2.404,2.507,28800000.0,-5311576000.0,194115000.0,194115000.0,86117000.0,-0.161,-0.172,-0.45,-0.574,11307000.0,52037000.0,1.0,64992627.0,67775000,67775000.0,2.864,312692000.0,0.0,3773000.0,0.0,4.614,173580000.0
35,AMCC,MRT,2007-12-31,2007-12-31,2007-12-31,2019-06-10,-5122000.0,710513000.0,760085000.0,200231000.0,510282000.0,0.256,9.865,-4246000.0,34491000.0,34491000.0,101068000.0,-34142000.0,4.05,0.075,0.0,0.0,0.0,0.0,2822000.0,30841000.0,0.0,0.0,0.0,-34594000.0,-3753000.0,-0.019,-3753000.0,-34594000.0,-34594000.0,-0.48,-0.48,-0.48,661072000.0,712861000.0,661072000.0,547794275.0,-16.0,-145.962,-6386000.0,-0.095,1.0,93337000.0,0.48,397553000.0,0.0,229028000.0,265411250.0,39820000.0,151811000.0,82358000.0,69453000.0,49441000.0,49441000.0,0.0,596612275.0,-5554000.0,0.0,-19867000.0,0.0,0.0,-71441000.0,68027000.0,67485000.0,-2140000.0,0.0,-34142000.0,-34142000.0,-34142000.0,580000.0,0.0,-0.176,142941000.0,-49604000.0,25874000.0,0.0,0.902,-17.474,-18.208,25563000.0,0.0,8.74,3.069,3.013,31745000.0,-5225267000.0,194405000.0,194405000.0,83682000.0,-0.045,-0.048,-0.13,-0.178,10668000.0,54493000.0,1.0,68262274.0,67015000,67015000.0,2.901,312960000.0,0.0,-452000.0,0.0,4.67,150790000.0
36,AMCC,MRT,2007-09-30,2007-09-30,2007-09-30,2019-06-10,-4419000.0,739846000.0,786587500.0,215847000.0,523999000.0,0.26,10.195,-4107000.0,48818000.0,48818000.0,105556000.0,-33975000.0,5.591,0.055,0.0,0.0,0.0,0.0,2399000.0,32992000.0,0.0,0.0,0.0,-34283000.0,-1291000.0,-0.006,-1291000.0,-34283000.0,-34283000.0,-0.48,-0.48,-0.48,701239000.0,736716250.0,701239000.0,854689873.0,-25.0,-662.037,-18496000.0,-0.269,1.0,99224000.0,0.485,403456000.0,0.0,248965000.0,281764000.0,40481000.0,169236000.0,91500000.0,77736000.0,38607000.0,38607000.0,0.0,883555873.0,11882000.0,0.0,-554000.0,0.0,0.0,-33947000.0,60218000.0,59537000.0,-14389000.0,0.0,-33975000.0,-33975000.0,-33975000.0,580000.0,0.0,-0.166,149490000.0,-50266000.0,14311000.0,0.0,1.26,-26.006,-26.333,25655000.0,0.0,12.64,4.315,4.246,23218000.0,-5220928000.0,204780000.0,204780000.0,83536000.0,-0.043,-0.046,-0.122,-0.167,11081000.0,57719000.0,1.0,69901572.0,68783000,68783000.0,2.977,336390000.0,0.0,-308000.0,0.0,4.891,177240000.0
37,AMCC,MRT,2007-06-30,2007-06-30,2007-06-30,2019-06-10,-91000.0,773469000.0,807193500.0,325367000.0,448102000.0,0.276,10.343,-6086000.0,28866000.0,28866000.0,110764000.0,-39811000.0,7.205,0.062,0.0,0.0,0.0,0.0,2446000.0,33624000.0,0.0,0.0,0.0,-39635000.0,-6011000.0,-0.027,-6011000.0,-39635000.0,-39635000.0,-0.56,-0.56,-0.56,728311000.0,750505500.0,728311000.0,656432978.0,-17.0,-109.205,-8693000.0,-0.123,1.0,112170000.0,0.503,409376000.0,0.0,290069000.0,292435500.0,34834000.0,227007000.0,227007000.0,0.0,45158000.0,45158000.0,0.0,708027978.0,-59842000.0,-71971000.0,3656000.0,-289000.0,0.0,-16217000.0,-41018000.0,32251000.0,-2607000.0,0.0,-39811000.0,-39811000.0,-39811000.0,580000.0,0.0,-0.179,164311000.0,-52141000.0,18110000.0,0.0,0.972,-17.785,-17.857,26613000.0,0.0,10.0,3.176,3.159,21710000.0,-5212875000.0,222934000.0,222934000.0,83909000.0,-0.049,-0.053,-0.136,-0.178,10462000.0,58031000.0,1.0,70802798.0,70414000,70414000.0,3.166,364093000.0,0.0,176000.0,0.0,5.171,280209000.0
38,AMCC,MRT,2007-03-31,2007-03-31,2007-03-31,2019-06-10,224000.0,816512000.0,820640500.0,362752000.0,453760000.0,0.295,10.704,-6732000.0,51595000.0,51595000.0,115794000.0,-24208000.0,6.514,0.073,0.0,0.0,0.0,0.0,2393000.0,33161000.0,0.0,0.0,0.0,-23875000.0,9286000.0,0.038,9286000.0,-23875000.0,-23875000.0,-0.34,-0.34,-0.34,760822000.0,758484500.0,760822000.0,990037323.0,-41.0,106.616,5777000.0,0.081,1.0,126684000.0,0.522,415644000.0,0.0,293583000.0,293714750.0,31286000.0,232875000.0,232875000.0,0.0,55690000.0,55690000.0,0.0,1030082323.0,2470000.0,-71971000.0,9676000.0,-289000.0,0.0,-114000.0,-9925000.0,63990000.0,12509000.0,0.0,-24208000.0,-24208000.0,-24208000.0,580000.0,0.0,-0.1,163354000.0,-36670000.0,26893000.0,0.0,1.354,-42.551,-42.941,27150000.0,0.0,14.6,4.248,4.28,32558000.0,-5196455000.0,242478000.0,242478000.0,81266000.0,-0.029,-0.032,-0.081,-0.098,10353000.0,58418000.0,1.0,70553584.0,71076000,71076000.0,3.412,400868000.0,0.0,333000.0,0.0,5.64,307062000.0
39,AMCC,MRT,2006-12-31,2006-12-30,2006-12-30,2019-06-10,-4193000.0,816523000.0,822869000.0,350405000.0,466118000.0,0.352,10.738,-7011000.0,40045000.0,40045000.0,135312000.0,-157206000.0,5.837,0.079,0.0,0.0,0.0,0.0,3321000.0,32592000.0,0.0,0.0,0.0,-156551000.0,-123959000.0,-0.428,-123959000.0,-156551000.0,-156551000.0,-2.11,-2.11,-2.11,756493000.0,758981000.0,756493000.0,1006778938.0,-6.0,-8.122,-9559000.0,-0.136,1.0,154366000.0,0.533,422009000.0,0.0,294439000.0,303473250.0,37273000.0,220995000.0,220995000.0,0.0,60030000.0,60030000.0,0.0,1047742938.0,-919000.0,-71971000.0,92146000.0,-289000.0,0.0,-12953000.0,14582000.0,93564000.0,-2548000.0,0.0,-157206000.0,-157206000.0,-157206000.0,0.0,0.0,-0.543,324824000.0,-170458000.0,24960000.0,0.0,1.385,-6.665,-6.749,32010000.0,0.0,14.24,3.617,3.463,35741000.0,-5191126000.0,289678000.0,289678000.0,95078000.0,-0.191,-0.207,-0.516,-0.54,10010000.0,65636000.0,1.0,73577454.0,70450000,70450000.0,4.112,394514000.0,0.0,655000.0,0.0,5.6,290375000.0
40,AMCC,MRT,2006-09-30,2006-09-30,2006-09-30,2019-06-10,-5746000.0,822270000.0,861830000.0,351307000.0,470963000.0,0.323,10.738,-6205000.0,36936000.0,36936000.0,127530000.0,-152450000.0,5.333,0.087,0.0,0.0,0.0,0.0,3278000.0,30679000.0,0.0,0.0,0.0,-153223000.0,-122544000.0,-0.44,-122544000.0,-153223000.0,-153223000.0,-2.05,-2.05,-2.05,756396000.0,797589500.0,756396000.0,806648264.0,-5.0,-6.583,7948000.0,0.113,1.0,150749000.0,0.542,427809000.0,0.0,291651000.0,318100750.0,34128000.0,228840000.0,228840000.0,0.0,65874000.0,65874000.0,0.0,847612264.0,-11782000.0,-71971000.0,67988000.0,-289000.0,0.0,-37509000.0,11574000.0,89750000.0,14153000.0,0.0,-152450000.0,-152450000.0,-152450000.0,0.0,0.0,-0.548,319698000.0,-168949000.0,29673000.0,0.0,1.121,-5.56,-5.62,33438000.0,0.0,11.52,3.046,2.916,36967000.0,-5186953000.0,278279000.0,278279000.0,93957000.0,-0.177,-0.191,-0.482,-0.551,8744000.0,63307000.0,1.0,73577454.0,70440500,70440500.0,3.951,394461000.0,0.0,-773000.0,0.0,5.6,285433000.0
41,AMCC,MRT,2006-06-30,2006-06-30,2006-06-30,2019-06-10,-13122000.0,827257000.0,904967750.0,408464000.0,418793000.0,0.295,10.443,-5693000.0,88708000.0,88708000.0,123087000.0,-144985000.0,6.094,0.088,0.0,0.0,0.0,0.0,3599000.0,32205000.0,0.0,0.0,0.0,-145657000.0,-113452000.0,-0.425,-113452000.0,-145657000.0,-145657000.0,-1.93,-1.93,-1.93,760227000.0,842666750.0,760227000.0,762501792.0,-5.0,-6.721,18069000.0,0.248,1.0,143763000.0,0.539,376333000.0,0.0,295186000.0,336748250.0,26333000.0,247402000.0,247402000.0,0.0,67030000.0,67030000.0,0.0,803465792.0,55662000.0,0.0,55895000.0,-7000.0,0.0,-49120000.0,81020000.0,86713000.0,23762000.0,0.0,-144985000.0,-144985000.0,-144985000.0,0.0,0.0,-0.543,305254000.0,-161491000.0,28729000.0,0.0,1.057,-5.542,-5.658,33394000.0,0.0,10.92,3.011,2.979,31103000.0,-5173064000.0,266850000.0,266850000.0,92939000.0,-0.16,-0.172,-0.433,-0.546,7544000.0,62272000.0,1.0,73577454.0,72794500,72794500.0,3.666,450924000.0,0.0,-672000.0,0.0,6.194,341434000.0
42,AMCC,MRT,2006-03-31,2006-03-31,2006-03-31,2019-06-10,-11367000.0,825426000.0,950613250.0,399548000.0,425878000.0,0.275,10.142,-7832000.0,49125000.0,49125000.0,122392000.0,-148372000.0,6.381,0.082,0.0,0.0,0.0,0.0,3536000.0,35134000.0,0.0,0.0,0.0,-149008000.0,-113874000.0,-0.435,-113874000.0,-149008000.0,-149008000.0,-1.97,-1.97,-1.97,762808000.0,891708500.0,762808000.0,1156876943.0,-8.0,-10.159,-12402000.0,-0.165,1.0,139452000.0,0.533,381066000.0,0.0,332617000.0,361777750.0,24941000.0,286540000.0,286540000.0,0.0,62618000.0,62618000.0,0.0,1197840943.0,-26271000.0,0.0,36942000.0,-34000.0,0.0,-68218000.0,46517000.0,54349000.0,-4570000.0,0.0,-148372000.0,-148372000.0,-148372000.0,0.0,0.0,-0.567,304333000.0,-164881000.0,24656000.0,0.0,1.57,-8.073,-8.264,36127000.0,0.0,16.28,4.575,4.676,26324000.0,-5172247000.0,261844000.0,261844000.0,93770000.0,-0.156,-0.166,-0.412,-0.569,6540000.0,62157000.0,1.0,73577454.0,75210000,75210000.0,3.482,444360000.0,0.0,-636000.0,0.0,5.908,336930000.0
43,AMCC,MRT,2005-12-31,2005-12-31,2005-12-31,2019-06-10,-9823000.0,972367000.0,1019855500.0,408847000.0,563520000.0,0.254,12.263,-8653000.0,40964000.0,40964000.0,122016000.0,-15382000.0,6.654,0.067,0.0,0.0,0.0,0.0,3358000.0,38569000.0,0.0,0.0,0.0,-16346000.0,22223000.0,0.086,22223000.0,-16346000.0,-16346000.0,-0.2,-0.2,-0.2,910927000.0,945306000.0,910927000.0,719134020.0,-44.0,32.36,-7080000.0,-0.095,1.0,137039000.0,0.529,517014000.0,0.0,352949000.0,370454000.0,20648000.0,309846000.0,309846000.0,0.0,61440000.0,61440000.0,0.0,767852020.0,-8807000.0,-31000.0,23200000.0,-103000.0,0.0,-36561000.0,26181000.0,34865000.0,1573000.0,0.0,-15382000.0,-15382000.0,-15382000.0,0.0,0.0,-0.059,169374000.0,-32335000.0,28268000.0,0.0,0.843,-49.919,-51.4,38237000.0,0.0,10.28,2.964,2.948,22390000.0,-4959601000.0,259055000.0,259055000.0,96204000.0,-0.015,-0.016,-0.044,-0.063,6052000.0,61600000.0,1.0,74693776.0,74279750,74762250.0,3.488,455353000.0,0.0,-964000.0,0.0,6.13,347407000.0
44,AMCC,MRT,2005-09-30,2005-09-30,2005-09-30,2019-06-10,-6156000.0,994821000.0,1048948000.0,429506000.0,565315000.0,0.243,12.266,-22394000.0,48718000.0,48718000.0,122158000.0,-97858000.0,7.39,0.062,0.0,0.0,0.0,0.0,3655000.0,43090000.0,0.0,0.0,0.0,-94981000.0,-51891000.0,-0.204,-51891000.0,-94981000.0,-94981000.0,-1.28,-1.28,-1.28,936705000.0,958777500.0,936705000.0,883374876.0,-9.0,-17.024,-43140000.0,-0.565,1.0,132735000.0,0.521,521746000.0,0.0,366241000.0,374780000.0,18697000.0,320789000.0,320789000.0,0.0,58116000.0,58116000.0,0.0,916413876.0,-10181000.0,-2631000.0,70088000.0,-171000.0,0.0,11013000.0,-448000.0,24577000.0,-20746000.0,0.0,-97858000.0,-97858000.0,-97858000.0,0.0,0.0,-0.384,243545000.0,-110810000.0,25984000.0,0.0,0.978,-9.365,-9.375,41076000.0,0.0,12.0,3.595,3.595,26365000.0,-4960185000.0,254893000.0,254893000.0,104938000.0,-0.093,-0.102,-0.253,-0.373,6569000.0,63341000.0,1.0,76367823.0,76369000,76369000.0,3.338,473075000.0,0.0,2877000.0,0.0,6.195,371390000.0
45,AMCC,MRT,2005-06-30,2005-06-30,2005-06-30,2019-06-10,-3502000.0,1009839000.0,1073840000.0,435049000.0,574790000.0,0.234,12.489,-23805000.0,33046000.0,33046000.0,122594000.0,-109753000.0,8.14,0.056,7000.0,7000.0,0.0,7000.0,3281000.0,46544000.0,0.0,0.0,0.0,-107051000.0,-60507000.0,-0.241,-60507000.0,-107051000.0,-107051000.0,-1.44,-1.44,-1.44,956394000.0,980410000.0,956394000.0,709330541.0,-7.0,-11.723,-59496000.0,-0.777,1.0,128433000.0,0.512,528051000.0,0.0,395304000.0,379795000.0,16399000.0,346325000.0,346325000.0,0.0,53445000.0,53445000.0,0.0,784692541.0,-35838000.0,-1491000.0,19118000.0,-226000.0,0.0,-39972000.0,39825000.0,65121000.0,-35691000.0,0.0,-109753000.0,-109753000.0,-109753000.0,0.0,0.0,-0.437,252306000.0,-123873000.0,19747000.0,0.0,0.82,-7.15,-7.111,44668000.0,0.0,10.24,3.126,3.124,23694000.0,-4953761000.0,251027000.0,251027000.0,113720000.0,-0.102,-0.112,-0.282,-0.426,8337000.0,65714000.0,1.0,76630131.0,76581750,76581750.0,3.278,481788000.0,0.0,2702000.0,0.0,6.291,381604000.0
46,AMCC,MRT,2005-03-31,2005-03-31,2005-03-31,2019-06-10,-6867000.0,1102395000.0,1113789250.0,521455000.0,580940000.0,0.228,12.631,-27493000.0,75396000.0,75396000.0,123253000.0,-127373000.0,4.165,0.128,34000.0,34000.0,0.0,34000.0,3939000.0,48396000.0,0.0,0.0,0.0,-124512000.0,-76116000.0,-0.3,-76116000.0,-124512000.0,-124512000.0,-1.64,-1.64,-1.64,977198000.0,1014431000.0,977198000.0,960835043.0,-8.0,-12.623,-38814000.0,-0.502,1.0,130503000.0,0.514,534514000.0,0.0,367322000.0,389980250.0,18014000.0,347996000.0,347996000.0,0.0,125197000.0,125197000.0,0.0,1010503043.0,-253766000.0,-368386000.0,41555000.0,-269000.0,0.0,-17433000.0,-225012000.0,170867000.0,-11321000.0,0.0,-127373000.0,-127373000.0,-127373000.0,0.0,0.0,-0.502,273714000.0,-143211000.0,24016000.0,0.0,1.034,-7.933,-8.0,44461000.0,0.0,13.12,3.982,4.0,28601000.0,-5023875000.0,253756000.0,253756000.0,122072000.0,-0.114,-0.126,-0.319,-0.491,9340000.0,65080000.0,1.0,77020049.0,77364000,77364000.0,3.28,567881000.0,0.0,2861000.0,0.0,7.34,396258000.0
47,AMCC,MRT,2004-12-31,2004-12-31,2004-12-31,2019-06-10,-1583000.0,1088737000.0,1135216250.0,494744000.0,593993000.0,0.209,12.541,-27665000.0,49771000.0,49771000.0,114045000.0,-125229000.0,3.992,0.128,103000.0,103000.0,0.0,103000.0,3897000.0,45247000.0,0.0,0.0,0.0,-124144000.0,-78897000.0,-0.333,-78897000.0,-124144000.0,-124144000.0,-1.64,-1.64,-1.64,964813000.0,1050268250.0,964813000.0,1238553622.0,-10.0,-15.698,-46270000.0,-0.601,1.0,122861000.0,0.519,544892000.0,0.0,370253000.0,436023500.0,19847000.0,356199000.0,356199000.0,0.0,123924000.0,123924000.0,0.0,1297281622.0,-108810000.0,-368355000.0,-22800000.0,-265000.0,0.0,-22417000.0,-67788000.0,328232000.0,-18605000.0,0.0,-125229000.0,-125229000.0,-125229000.0,0.0,0.0,-0.529,269136000.0,-146275000.0,14164000.0,0.0,1.345,-10.359,-10.268,47102000.0,0.0,16.84,5.476,5.469,22304000.0,-4944219000.0,236906000.0,236906000.0,125759000.0,-0.11,-0.119,-0.285,-0.524,9777000.0,60571000.0,1.0,77035726.0,76932250,76932250.0,3.079,543845000.0,0.0,1085000.0,0.0,7.069,370820000.0
48,AMCC,MRT,2004-09-30,2004-09-30,2004-09-30,2019-06-10,-343000.0,1094389000.0,1157625250.0,474652000.0,619737000.0,0.185,13.198,-15408000.0,58899000.0,58899000.0,101357000.0,-69777000.0,6.671,0.07,171000.0,171000.0,0.0,171000.0,4036000.0,41825000.0,0.0,0.0,0.0,-71218000.0,-29393000.0,-0.137,-29393000.0,-71218000.0,-71218000.0,-0.92,-0.92,-0.92,1023235000.0,1084124000.0,1023235000.0,911476709.0,-13.0,-31.01,-42663000.0,-0.55,1.0,112657000.0,0.526,578206000.0,0.0,386301000.0,517738750.0,18842000.0,351677000.0,351677000.0,0.0,71154000.0,71154000.0,0.0,980127709.0,-173823000.0,-485836000.0,-40994000.0,-396000.0,0.0,-41351000.0,-105217000.0,371146000.0,-27255000.0,0.0,-69777000.0,-69777000.0,-69777000.0,0.0,0.0,-0.326,216719000.0,-104062000.0,26163000.0,0.0,0.958,-14.047,-13.609,39762000.0,0.0,12.52,4.58,4.536,27872000.0,-4862327000.0,214014000.0,214014000.0,125790000.0,-0.06,-0.064,-0.138,-0.333,10472000.0,57676000.0,1.0,78284961.0,77532000,77532000.0,2.76,516183000.0,0.0,-1441000.0,0.0,6.658,403498000.0
49,AMCC,MRT,2004-06-30,2004-06-30,2004-06-30,2019-06-10,-9232000.0,1169636000.0,1176253750.0,539202000.0,630434000.0,0.151,14.028,-20501000.0,68884000.0,68884000.0,79313000.0,-74366000.0,6.988,0.071,233000.0,233000.0,0.0,233000.0,4118000.0,35543000.0,0.0,0.0,0.0,-75807000.0,-40264000.0,-0.226,-40264000.0,-75807000.0,-75807000.0,-1.0,-1.0,-1.0,1092478000.0,1106349750.0,1092478000.0,1329620261.0,-18.0,-33.023,-48490000.0,-0.623,1.0,98751000.0,0.555,587782000.0,0.0,436045000.0,609374500.0,14075000.0,406368000.0,406368000.0,0.0,77158000.0,77158000.0,0.0,1658479261.0,-84684000.0,-534764000.0,26753000.0,-491000.0,0.0,26147000.0,-82842000.0,447542000.0,-27989000.0,0.0,-74366000.0,-74366000.0,-74366000.0,0.0,0.0,-0.418,211791000.0,-113040000.0,25385000.0,0.0,1.518,-22.302,-21.28,40996000.0,0.0,21.28,9.314,9.307,34775000.0,-4844008000.0,178064000.0,178064000.0,122854000.0,-0.063,-0.067,-0.124,-0.426,12019000.0,52256000.0,1.0,77936056.0,77879750,77879750.0,2.286,581854000.0,0.0,-1441000.0,0.0,7.471,462044000.0
50,AMCC,MRT,2004-03-31,2004-03-31,2004-03-31,2019-06-10,5352000.0,1188103000.0,1182749500.0,909023000.0,279080000.0,0.111,14.625,-13443000.0,329162000.0,329162000.0,57604000.0,-105934000.0,13.456,0.06,303000.0,303000.0,0.0,303000.0,4361000.0,30478000.0,0.0,0.0,0.0,-107710000.0,-77232000.0,-0.589,-77232000.0,-107710000.0,-107710000.0,-1.4,-1.4,-1.4,1120547000.0,1116928500.0,1120547000.0,1616119406.0,-15.0,-20.926,-55988000.0,-0.731,1.0,73573000.0,0.561,240193000.0,0.0,551495000.0,724086500.0,8490000.0,531879000.0,531879000.0,0.0,67556000.0,67556000.0,0.0,1774332406.0,178606000.0,-167869000.0,26873000.0,-1370000.0,0.0,25483000.0,195668000.0,352099000.0,-42545000.0,0.0,-105934000.0,-105934000.0,-105934000.0,0.0,0.0,-0.808,224630000.0,-151057000.0,18164000.0,0.0,1.583,-16.749,-16.314,37271000.0,0.0,22.84,13.526,13.341,23284000.0,-4822184000.0,131177000.0,131177000.0,129083000.0,-0.09,-0.095,-0.149,-0.821,22260000.0,50325000.0,1.0,77685307.0,76619000,76619000.0,1.712,947910000.0,0.0,-1776000.0,0.0,12.372,841467000.0
51,AMCC,MRT,2003-12-31,2003-12-31,2003-12-31,2019-06-10,452000.0,1178373000.0,1191620750.0,891562000.0,286811000.0,0.087,14.344,-11954000.0,158581000.0,158581000.0,50170000.0,-331882000.0,11.425,0.071,368000.0,265000.0,103000.0,368000.0,3564000.0,31519000.0,0.0,0.0,0.0,-331882000.0,-300363000.0,-2.89,-300363000.0,-331882000.0,-331882000.0,-4.4,-4.4,-4.4,1100236000.0,1129838750.0,1100236000.0,1600174189.0,-5.0,-5.327,-66874000.0,-0.872,1.0,53756000.0,0.517,245012000.0,0.0,697114000.0,819882250.0,7890000.0,687113000.0,687113000.0,0.0,78137000.0,78034000.0,103000.0,1832737189.0,23394000.0,-167869000.0,14155000.0,-1473000.0,0.0,13064000.0,65250000.0,220192000.0,-54920000.0,0.0,-331882000.0,-331882000.0,-331882000.0,0.0,0.0,-3.193,430280000.0,-376524000.0,17239000.0,0.0,1.666,-5.522,-5.427,39593000.0,0.0,23.88,17.635,17.625,19526000.0,-4820047000.0,103926000.0,103926000.0,139340000.0,-0.279,-0.294,-0.405,-3.193,32267000.0,57014000.0,1.0,76747789.0,76705750,76705750.0,1.355,933361000.0,0.0,0.0,0.0,12.168,813528000.0
52,AMCC,MRT,2003-09-30,2003-09-30,2003-09-30,2019-06-10,1733000.0,1168903000.0,1258273250.0,988092000.0,180811000.0,0.069,14.576,-10316000.0,232722000.0,232722000.0,47026000.0,-344501000.0,17.407,0.051,159000.0,159000.0,0.0,159000.0,5202000.0,32268000.0,0.0,0.0,0.0,-344501000.0,-312233000.0,-3.595,-312233000.0,-344501000.0,-344501000.0,-4.56,-4.56,-4.56,1112138000.0,1200554500.0,1112138000.0,1327311138.0,-4.0,-4.251,-61028000.0,-0.8,1.0,39825000.0,0.459,126731000.0,0.0,752844000.0,888094750.0,5475000.0,723167000.0,723167000.0,0.0,56765000.0,56765000.0,0.0,1480563138.0,103650000.0,-47788000.0,10226000.0,-1545000.0,0.0,8809000.0,145553000.0,187225000.0,-50712000.0,0.0,-344501000.0,-344501000.0,-344501000.0,0.0,0.0,-3.967,428889000.0,-389064000.0,12007000.0,0.0,1.331,-4.298,-4.263,52927000.0,0.0,19.44,17.047,17.078,11286000.0,-4793607000.0,86851000.0,86851000.0,149653000.0,-0.274,-0.287,-0.388,-3.967,44748000.0,61899000.0,1.0,76160655.0,76298750,76298750.0,1.138,1042172000.0,0.0,0.0,0.0,13.659,931327000.0
53,AMCC,MRT,2003-06-30,2003-06-30,2003-06-30,2019-06-10,10961000.0,1195619000.0,1332543250.0,1058379000.0,137240000.0,0.069,14.941,-3132000.0,153568000.0,153568000.0,54044000.0,-394029000.0,17.4,0.054,316000.0,316000.0,0.0,316000.0,4190000.0,35193000.0,0.0,0.0,0.0,-394029000.0,-358836000.0,-3.902,-358836000.0,-394029000.0,-394029000.0,-5.2,-5.2,-5.2,1134793000.0,1274109250.0,1134793000.0,1687368248.0,-4.0,-4.702,-56808000.0,-0.748,1.0,37907000.0,0.412,86648000.0,0.0,894893000.0,949549000.0,5537000.0,872166000.0,872166000.0,0.0,60826000.0,60826000.0,0.0,1836659248.0,-28546000.0,0.0,8695000.0,-1670000.0,0.0,7199000.0,17931000.0,4631000.0,-53676000.0,0.0,-394029000.0,-394029000.0,-394029000.0,0.0,0.0,-4.285,468375000.0,-430468000.0,10229000.0,0.0,1.618,-4.661,-4.646,49660000.0,0.0,24.16,19.974,19.956,8285000.0,-4770699000.0,91951000.0,91951000.0,164826000.0,-0.296,-0.309,-0.415,-4.285,75893000.0,88912000.0,1.0,76020664.0,75950250,75950250.0,1.211,1108971000.0,0.0,0.0,0.0,14.601,997553000.0
54,AMCC,MRT,2003-03-31,2003-03-31,2003-03-31,2019-06-10,8800000.0,1223588000.0,1409607750.0,1072575000.0,151013000.0,0.072,15.564,-4913000.0,150556000.0,150556000.0,61900000.0,-745541000.0,20.867,0.044,1265000.0,1265000.0,0.0,1265000.0,3674000.0,38069000.0,0.0,0.0,0.0,-745541000.0,-707472000.0,-6.964,-707472000.0,-745541000.0,-745541000.0,-9.88,-9.88,-9.88,1172188000.0,1350000000.0,1172188000.0,856170272.0,-1.0,-1.21,-52566000.0,-0.698,1.0,39691000.0,0.391,88219000.0,0.0,934678000.0,969971000.0,7178000.0,885584000.0,885584000.0,0.0,51400000.0,51400000.0,0.0,989924272.0,-185036000.0,0.0,8588000.0,-1018000.0,0.0,7810000.0,-145193000.0,-156712000.0,-47653000.0,0.0,-745541000.0,-745541000.0,-745541000.0,0.0,0.0,-7.339,718770000.0,-679079000.0,12689000.0,0.0,0.845,-1.328,-1.32,62035000.0,0.0,13.04,9.744,9.667,5634000.0,-4717307000.0,101591000.0,101591000.0,202749000.0,-0.529,-0.552,-0.769,-7.339,131886000.0,118098000.0,1.0,75914438.0,75313000,75313000.0,1.349,1135369000.0,0.0,0.0,0.0,15.075,1021175000.0
55,AMCC,MRT,2002-12-31,2002-12-31,2002-12-31,2019-06-10,6461000.0,1444983000.0,1561009000.0,1091178000.0,353805000.0,0.071,18.342,-9721000.0,135187000.0,135187000.0,82980000.0,-606665000.0,17.633,0.045,1433000.0,1433000.0,0.0,1433000.0,3056000.0,74988000.0,0.0,0.0,0.0,-621537000.0,-546549000.0,-4.897,-546549000.0,-621537000.0,-621537000.0,-8.08,-8.08,-8.08,1383099000.0,1499765750.0,1383099000.0,987433892.0,-2.0,-1.807,-63058000.0,-0.836,1.0,28620000.0,0.256,279381000.0,0.0,969964000.0,948420750.0,9885000.0,914724000.0,911874000.0,2850000.0,61884000.0,61884000.0,0.0,1114801892.0,39854000.0,0.0,12206000.0,-1202000.0,0.0,10917000.0,82274000.0,75563000.0,-53337000.0,0.0,-606665000.0,-606665000.0,-606665000.0,0.0,0.0,-5.436,473877000.0,-445257000.0,14404000.0,0.0,0.806,-1.838,-1.827,70966000.0,0.0,14.76,9.989,9.973,7155000.0,-4488165000.0,111600000.0,111600000.0,217714000.0,-0.389,-0.405,-0.655,-5.569,266898000.0,133221000.0,1.0,75528584.0,75405500,75405500.0,1.48,1165602000.0,0.0,-14872000.0,0.0,15.458,1029294000.0
56,AMCC,MRT,2002-09-30,2002-09-30,2002-09-30,2019-06-10,6425000.0,1465983000.0,1687226250.0,1090492000.0,375491000.0,0.077,18.708,-15906000.0,129072000.0,129072000.0,101187000.0,-648907000.0,18.483,0.042,1704000.0,1079000.0,625000.0,1704000.0,1792000.0,110619000.0,0.0,0.0,0.0,-680010000.0,-569391000.0,-4.356,-569391000.0,-680010000.0,-680010000.0,-8.64,-8.64,-8.64,1406357000.0,1609272250.0,1406357000.0,681020703.0,-1.0,-1.196,-86100000.0,-1.145,1.0,29519000.0,0.226,280953000.0,0.0,998661000.0,989903500.0,12423000.0,918002000.0,915152000.0,2850000.0,59626000.0,59001000.0,625000.0,861148703.0,-37206000.0,0.0,15305000.0,-1223000.0,0.0,14148000.0,18840000.0,34746000.0,-70194000.0,0.0,-648907000.0,-648907000.0,-648907000.0,0.0,0.0,-4.965,565067000.0,-535548000.0,14871000.0,0.0,0.612,-1.327,-1.324,91291000.0,0.0,11.44,6.588,6.58,10933000.0,-4449106000.0,130706000.0,130706000.0,231852000.0,-0.385,-0.403,-0.687,-5.203,251747000.0,149941000.0,1.0,75275236.0,75175250,75175250.0,1.739,1185030000.0,0.0,-31103000.0,0.0,15.764,1031491000.0
57,AMCC,MRT,2002-06-30,2002-06-30,2002-06-30,2019-06-10,5128000.0,1503877000.0,1827006000.0,1105837000.0,398040000.0,0.078,19.19,-22200000.0,182114000.0,182114000.0,117901000.0,-672414000.0,17.107,0.046,1986000.0,1109000.0,877000.0,1986000.0,2157000.0,145994000.0,0.0,0.0,0.0,-720529000.0,-574535000.0,-4.052,-574535000.0,-720529000.0,-720529000.0,-8.96,-8.96,-8.96,1438356000.0,1724763000.0,1438356000.0,1089565395.0,-2.0,-1.896,-88381000.0,-1.179,1.0,23888000.0,0.168,282524000.0,0.0,976581000.0,1011607000.0,14178000.0,885651000.0,871128000.0,14523000.0,65521000.0,64644000.0,877000.0,1422874395.0,33806000.0,0.0,-11706000.0,-1273000.0,0.0,-12884000.0,112871000.0,135071000.0,-66181000.0,0.0,-672414000.0,-672414000.0,-672414000.0,0.0,0.0,-4.742,644120000.0,-620232000.0,16210000.0,0.0,0.989,-2.116,-2.112,100346000.0,0.0,18.92,10.035,10.002,15820000.0,-4376670000.0,141789000.0,141789000.0,245136000.0,-0.368,-0.39,-0.712,-5.082,215809000.0,147401000.0,1.0,75204778.0,74952750,74952750.0,1.892,1221353000.0,0.0,-48115000.0,0.0,16.295,1041193000.0
58,AMCC,MRT,2002-03-31,2002-03-31,2002-03-31,2019-06-10,2843000.0,1829193000.0,1977253250.0,1117161000.0,712032000.0,0.077,23.735,-31251000.0,335592000.0,335592000.0,150924000.0,-3605690000.0,19.669,0.033,2283000.0,1138000.0,1145000.0,2283000.0,2223000.0,327770000.0,0.0,0.0,0.0,-3686619000.0,-3358849000.0,-21.976,-3358849000.0,-3686619000.0,-3686619000.0,-48.32,-48.32,-48.32,1771251000.0,1851607750.0,1771251000.0,2302063816.0,-1.0,-0.685,-66908000.0,-0.897,1.0,1916000.0,0.013,590610000.0,0.0,848477000.0,1057582500.0,16608000.0,737640000.0,723117000.0,14523000.0,57942000.0,56797000.0,1145000.0,2394761816.0,277395000.0,0.0,-8630000.0,-1247000.0,0.0,-9932000.0,322984000.0,354235000.0,-35657000.0,0.0,-3605690000.0,-3605690000.0,-3605690000.0,0.0,0.0,-23.591,3721420000.0,-3719504000.0,18378000.0,0.0,1.352,-0.664,-0.662,106412000.0,0.0,32.0,15.668,15.624,14191000.0,-3971766000.0,152840000.0,152840000.0,226382000.0,-1.824,-1.947,-3.486,-24.121,147065000.0,142081000.0,1.0,74836307.0,74625500,74625500.0,2.048,1238583000.0,0.0,-80929000.0,0.0,16.597,1060364000.0
59,AMCC,MRT,2001-12-31,2001-12-31,2001-12-31,2019-06-10,6583000.0,1949852000.0,2883274500.0,1178371000.0,771481000.0,0.085,24.497,-66126000.0,95333000.0,95333000.0,176131000.0,-3709162000.0,15.754,0.071,2635000.0,1202000.0,1433000.0,2635000.0,2023000.0,500451000.0,0.0,0.0,0.0,-3780420000.0,-3279969000.0,-13.453,-3279969000.0,-3780420000.0,-3780420000.0,-49.84,-49.84,-49.84,1821125000.0,2718320250.0,1821125000.0,3213755275.0,-1.0,-0.98,-36068000.0,-0.485,1.0,67676000.0,0.278,646459000.0,0.0,1135895000.0,1169788250.0,19070000.0,1001962000.0,987439000.0,14523000.0,128727000.0,74800000.0,53927000.0,3377106275.0,6586000.0,355000.0,11719000.0,-2435000.0,0.0,9242000.0,-32714000.0,33057000.0,30058000.0,0.0,-3709162000.0,-3709162000.0,-3709162000.0,0.0,0.0,-15.214,3960107000.0,-3892431000.0,23830000.0,0.0,1.854,-0.91,-0.909,109270000.0,0.0,45.28,13.852,13.806,18201000.0,-3881500000.0,243807000.0,243807000.0,235021000.0,-1.286,-1.365,-3.232,-15.506,79848000.0,151572000.0,1.0,74582736.0,74340000,74340000.0,3.28,1303393000.0,27597000.0,-71258000.0,52494000.0,17.533,1103571000.0
60,AMCC,MRT,2001-09-30,2001-09-30,2001-09-30,2019-06-10,7435000.0,2025102000.0,3786281250.0,1214427000.0,810675000.0,0.092,24.975,-78074000.0,166278000.0,166278000.0,204793000.0,-3897348000.0,13.216,0.084,2927000.0,1223000.0,1704000.0,2927000.0,8982000.0,597836000.0,0.0,0.0,0.0,-3978055000.0,-3380219000.0,-9.745,-3380219000.0,-3978055000.0,-3978055000.0,-52.56,-52.56,-52.56,1868320000.0,3594712500.0,1868320000.0,1961465348.0,0.0,-0.58,48272000.0,0.645,1.0,142063000.0,0.41,684382000.0,0.0,1085475000.0,1161765750.0,20999000.0,965488000.0,950965000.0,14523000.0,156782000.0,91894000.0,64888000.0,2106514348.0,87054000.0,23900000.0,25743000.0,-4609000.0,0.0,21107000.0,-60399000.0,-6225000.0,126346000.0,0.0,-3897348000.0,-3897348000.0,-3897348000.0,0.0,0.0,-11.236,4199668000.0,-4057605000.0,25896000.0,0.0,1.127,-0.54,-0.532,110195000.0,0.0,27.96,6.073,6.03,21097000.0,-3800199000.0,346856000.0,346856000.0,209661000.0,-1.029,-1.084,-3.424,-11.469,79848000.0,136597000.0,1.0,75340284.0,74808750,74808750.0,4.637,1340720000.0,27597000.0,-80707000.0,63184000.0,17.922,1122533000.0
61,AMCC,MRT,2001-06-30,2001-06-30,2001-06-30,2019-06-10,3542000.0,2104866000.0,3628111250.0,1247651000.0,857215000.0,0.111,26.069,-80952000.0,148308000.0,148308000.0,196108000.0,-3777790000.0,16.208,0.082,3259000.0,1350000.0,1909000.0,3259000.0,8850000.0,564029000.0,0.0,0.0,0.0,-3825909000.0,-3261880000.0,-8.103,-3261880000.0,-3825909000.0,-3825909000.0,-50.88,-50.92,-50.88,1945735000.0,3459201000.0,1945735000.0,5113715282.0,-1.0,-1.568,110215000.0,1.477,1.0,206453000.0,0.513,722358000.0,0.0,1160483000.0,1152875000.0,20261000.0,1020736000.0,1004713000.0,16023000.0,159131000.0,76976000.0,82155000.0,5168382282.0,-41504000.0,22758000.0,71916000.0,-4811000.0,0.0,66991000.0,-299662000.0,-241468000.0,191167000.0,0.0,-3777790000.0,-3777790000.0,-3777790000.0,0.0,0.0,-9.384,4080417000.0,-3873964000.0,23326000.0,0.0,2.656,-1.368,-1.352,116777000.0,0.0,68.8,12.839,12.756,21441000.0,-3704256000.0,402561000.0,402561000.0,170838000.0,-1.041,-1.092,-3.319,-9.504,79848000.0,114705000.0,1.0,75121836.0,74637250,74637250.0,5.394,1382508000.0,27597000.0,-48119000.0,80246000.0,18.523,1170675000.0
62,AMCC,MRT,2001-03-31,2001-03-31,2001-03-31,2019-06-10,2438000.0,5453278000.0,3422421500.0,1301097000.0,4152181000.0,0.127,78.367,-78564000.0,58197000.0,58197000.0,165986000.0,-436215000.0,14.01,0.041,3530000.0,1264000.0,2266000.0,3530000.0,5087000.0,377157000.0,0.0,0.0,0.0,-437296000.0,-60139000.0,-0.138,-60139000.0,-437296000.0,-437296000.0,-6.52,-6.52,-6.52,5238101000.0,3281665250.0,5238101000.0,4839993700.0,-11.0,-80.48,121554000.0,1.819,1.0,269557000.0,0.619,4008440000.0,0.0,1297300000.0,1078713500.0,32740000.0,1101919000.0,1073896000.0,28023000.0,215177000.0,92871000.0,122306000.0,4924850700.0,-111905000.0,14325000.0,71661000.0,-5067000.0,0.0,66976000.0,-378999000.0,-314760000.0,200118000.0,0.0,-436215000.0,-436215000.0,-436215000.0,0.0,0.0,-1.002,762302000.0,-492745000.0,38069000.0,0.0,0.94,-11.29,-10.123,112953000.0,0.0,66.0,11.307,10.129,83892000.0,-366076000.0,435543000.0,435543000.0,146528000.0,-0.127,-0.133,-0.405,-1.004,79848000.0,104839000.0,1.0,74618950.0,66840750,66840750.0,6.516,1444838000.0,27597000.0,-1081000.0,120040000.0,21.616,1208226000.0
63,AMCC,MRT,2000-12-31,2000-12-31,2000-12-31,2019-06-10,1129000.0,5561879000.0,2320822500.0,1270484000.0,4291395000.0,0.16,75.472,-44186000.0,88747000.0,88747000.0,120442000.0,-221847000.0,7.754,0.044,3890000.0,1319000.0,2571000.0,3890000.0,4425000.0,160944000.0,0.0,0.0,0.0,-206957000.0,-46013000.0,-0.124,-46013000.0,-206957000.0,-206957000.0,-2.96,-3.08,-2.96,5326694000.0,2225591250.0,5326694000.0,22115268747.0,-107.0,-480.631,135780000.0,1.924,1.0,251071000.0,0.676,4209378000.0,0.0,1103805000.0,968492000.0,33546000.0,1040058000.0,1040058000.0,0.0,235185000.0,163839000.0,71346000.0,22188136747.0,65973000.0,13970000.0,865976000.0,-4086000.0,0.0,862325000.0,-976318000.0,-946102000.0,179966000.0,0.0,-221847000.0,-221847000.0,-221847000.0,0.0,0.0,-0.597,508751000.0,-257680000.0,35100000.0,0.0,4.165,-100.015,-101.415,79069000.0,0.0,300.188,59.724,57.028,87030000.0,-172338000.0,371513000.0,371513000.0,76328000.0,-0.096,-0.1,-0.214,-0.557,611000.0,54752000.0,1.0,73914237.0,70578250,70578250.0,5.264,1352501000.0,0.0,14890000.0,155880000.0,19.163,1106645000.0
64,AMCC,MRT,2000-09-30,2000-09-30,2000-09-30,2019-06-10,488000.0,1392422000.0,978448500.0,1117093000.0,275329000.0,0.28,21.388,-34234000.0,79224000.0,79224000.0,72455000.0,59752000.0,22.042,0.05,6356000.0,2120000.0,4236000.0,6356000.0,4147000.0,20258000.0,0.0,0.0,0.0,106646000.0,126904000.0,0.463,126904000.0,106646000.0,106646000.0,1.08,0.92,1.08,1326274000.0,934036250.0,1326274000.0,25797133675.0,242.0,203.281,97554000.0,1.573,1.0,201551000.0,0.736,218962000.0,0.0,1049912000.0,730417250.0,11153000.0,962752000.0,962752000.0,0.0,66148000.0,50680000.0,15468000.0,25980055675.0,52388000.0,-9575000.0,850177000.0,-2359000.0,0.0,848257000.0,-927657000.0,-883848000.0,131788000.0,0.0,59752000.0,59752000.0,59752000.0,0.0,0.0,0.218,132082000.0,69469000.0,16803000.0,0.0,19.589,434.798,383.448,52815000.0,0.0,414.124,94.816,93.722,49032000.0,97149000.0,274006000.0,274006000.0,53324000.0,0.061,0.064,0.146,0.389,611000.0,41315000.0,1.0,62734969.0,62011500,67949500.0,4.419,1173460000.0,0.0,46894000.0,12386000.0,18.923,1066413000.0
65,AMCC,MRT,2000-06-30,2000-06-30,2000-06-30,2019-06-10,-304000.0,1282107000.0,673225000.0,1039967000.0,242140000.0,0.319,20.364,-26600000.0,189812000.0,189812000.0,59249000.0,45234000.0,24.911,0.038,6890000.0,2122000.0,4768000.0,6890000.0,3552000.0,10825000.0,0.0,0.0,0.0,81290000.0,92115000.0,0.429,92115000.0,81290000.0,81290000.0,0.84,0.72,0.84,1235592000.0,638375000.0,1235592000.0,11928444923.0,147.0,129.495,64877000.0,1.069,1.0,155648000.0,0.724,193601000.0,0.0,863837000.0,500940500.0,11092000.0,784337000.0,784337000.0,0.0,46515000.0,41747000.0,4768000.0,12091129923.0,175978000.0,-8433000.0,830309000.0,-2424000.0,0.0,828330000.0,-743829000.0,-708796000.0,91477000.0,0.0,45234000.0,45234000.0,45234000.0,0.0,0.0,0.21,99075000.0,56573000.0,12291000.0,0.0,9.786,267.302,235.119,44913000.0,0.0,197.5,56.265,55.764,38271000.0,73534000.0,214897000.0,214897000.0,41203000.0,0.067,0.071,0.162,0.378,611000.0,33202000.0,1.0,61220911.0,60676000,66290500.0,3.542,1088506000.0,4462000.0,36056000.0,0.0,17.94,998220000.0
66,AMCC,MRT,2000-03-31,2000-03-31,2000-03-31,2019-06-10,-166000.0,1046882000.0,392141250.0,1005404000.0,41478000.0,0.44,18.806,-22710000.0,170102000.0,170102000.0,50218000.0,48625000.0,36.188,0.033,7417000.0,2123000.0,5294000.0,7417000.0,2776000.0,8039000.0,0.0,0.0,0.0,73992000.0,82031000.0,0.476,82031000.0,73992000.0,73992000.0,0.92,0.8,0.92,1013805000.0,362150250.0,1013805000.0,16245310323.0,220.0,198.039,42587000.0,0.79,1.0,122134000.0,0.709,0.0,0.0,856414000.0,318282000.0,10925000.0,784578000.0,784530000.0,48000.0,33077000.0,27783000.0,5294000.0,16260108323.0,156572000.0,0.0,827849000.0,-3078000.0,0.0,824771000.0,-733496000.0,-710786000.0,65297000.0,0.0,48625000.0,48625000.0,48625000.0,0.0,0.0,0.282,61466000.0,60668000.0,8818000.0,0.0,16.039,334.398,326.223,37842000.0,0.0,300.125,94.342,93.876,25459000.0,70139000.0,172352000.0,172352000.0,32815000.0,0.124,0.134,0.232,0.429,611000.0,28199000.0,1.0,54177787.0,53910000,59576000.0,3.197,1046882000.0,4148000.0,25367000.0,0.0,19.419,977621000.0
67,AMCC,MRT,1999-12-31,1999-12-31,1999-12-31,2019-06-10,-274000.0,192383000.0,168084500.0,155027000.0,37356000.0,0.857,3.021,-21175000.0,22774000.0,22774000.0,44340000.0,31356000.0,5.945,0.199,7976000.0,2146000.0,5830000.0,7976000.0,2316000.0,7787000.0,0.0,0.0,0.0,48729000.0,56516000.0,0.392,56516000.0,48729000.0,48729000.0,0.62,0.55,0.62,160474000.0,139122500.0,160474000.0,6847196050.0,141.0,121.155,26016000.0,0.49,1.0,99705000.0,0.692,0.0,0.0,151506000.0,135732750.0,10522000.0,92594000.0,92594000.0,0.0,31909000.0,26079000.0,5830000.0,6865317050.0,10297000.0,0.0,8216000.0,-275000.0,0.0,7941000.0,-44835000.0,-23660000.0,47191000.0,0.0,31356000.0,31356000.0,31356000.0,0.0,0.0,0.218,55628000.0,44077000.0,8239000.0,0.0,42.781,218.947,205.242,33999000.0,0.0,127.25,47.661,46.926,20854000.0,49509000.0,144045000.0,144045000.0,28107000.0,0.187,0.225,0.359,0.338,0.0,24470000.0,1.0,53951411.0,53119000,58804000.0,2.712,192383000.0,4273000.0,17373000.0,0.0,3.622,128948000.0
68,AMCC,MRT,1999-09-30,1999-09-30,1999-09-30,2019-06-10,-207000.0,171528000.0,153500500.0,142090000.0,29438000.0,0.816,2.734,-14570000.0,26836000.0,26836000.0,40800000.0,24364000.0,6.639,0.194,8715000.0,2218000.0,6497000.0,8715000.0,2174000.0,7494000.0,0.0,0.0,0.0,38059000.0,45553000.0,0.364,45553000.0,38059000.0,38059000.0,0.48,0.44,0.48,143629000.0,127070750.0,143629000.0,3056290510.0,80.0,67.093,24317000.0,0.463,1.0,84455000.0,0.674,0.0,0.0,132005000.0,127152250.0,10475000.0,78310000.0,78310000.0,0.0,27899000.0,21402000.0,6497000.0,3060810510.0,16833000.0,0.0,6651000.0,3110000.0,0.0,9761000.0,-31815000.0,-17245000.0,38887000.0,0.0,24364000.0,24364000.0,24364000.0,0.0,0.0,0.195,50706000.0,33749000.0,6820000.0,0.0,21.311,125.628,118.75,27270000.0,0.0,57.0,24.437,23.911,18861000.0,37397000.0,125255000.0,125255000.0,25673000.0,0.159,0.192,0.299,0.304,0.0,21982000.0,1.0,53698430.0,52543000,57932000.0,2.384,171528000.0,4273000.0,13695000.0,0.0,3.265,120688000.0
69,AMCC,MRT,1999-06-30,1999-06-30,1999-06-30,2019-06-10,-207000.0,157772000.0,141430750.0,129392000.0,28380000.0,0.798,2.541,-17998000.0,13834000.0,13834000.0,38821000.0,19935000.0,6.454,0.207,9314000.0,2284000.0,7030000.0,9314000.0,1375000.0,7377000.0,0.0,0.0,0.0,31476000.0,38853000.0,0.344,38853000.0,31476000.0,31476000.0,0.42,0.37,0.42,130693000.0,117281500.0,130693000.0,2185807675.0,69.0,56.258,6757000.0,0.131,1.0,74008000.0,0.656,0.0,0.0,133203000.0,121013750.0,10409000.0,74841000.0,74841000.0,0.0,27079000.0,20049000.0,7030000.0,2188842675.0,2482000.0,0.0,5807000.0,3221000.0,0.0,9074000.0,-31347000.0,-13349000.0,24755000.0,0.0,19935000.0,19935000.0,19935000.0,0.0,0.0,0.177,46714000.0,27294000.0,6069000.0,0.0,16.748,109.799,97.917,26271000.0,0.0,41.125,19.4,18.746,21250000.0,28300000.0,112829000.0,112829000.0,23933000.0,0.141,0.17,0.26,0.279,0.0,19730000.0,1.0,53224138.0,51430000,57056000.0,2.194,157772000.0,4273000.0,11541000.0,0.0,3.068,109343000.0
70,AMCC,MRT,1999-03-31,1999-03-31,1999-03-31,2019-06-10,-33000.0,150655000.0,130778000.0,125020000.0,25635000.0,0.803,2.482,-16490000.0,13530000.0,13530000.0,37937000.0,17133000.0,5.841,0.238,10495000.0,2937000.0,7558000.0,10495000.0,1439000.0,7045000.0,0.0,0.0,0.0,27366000.0,34411000.0,0.328,34411000.0,27366000.0,27366000.0,0.36,0.32,0.36,121694000.0,108883000.0,121694000.0,997583503.0,36.0,28.99,5521000.0,0.113,1.0,67063000.0,0.639,0.0,0.0,126217000.0,112771000.0,9813000.0,73925000.0,73825000.0,100000.0,28961000.0,21403000.0,7558000.0,998758503.0,7070000.0,0.0,9062000.0,3786000.0,0.0,12894000.0,-27835000.0,-11345000.0,22011000.0,0.0,17133000.0,17133000.0,17133000.0,0.0,0.0,0.163,43848000.0,23215000.0,5131000.0,0.0,8.207,58.294,59.375,23128000.0,0.0,21.375,9.512,9.981,19275000.0,21514000.0,105000000.0,105000000.0,22472000.0,0.131,0.157,0.243,0.261,0.0,18325000.0,1.0,46725544.0,49028000,54860000.0,2.142,150655000.0,4573000.0,10233000.0,0.0,3.073,103617000.0
71,AMCC,MRT,1998-12-31,1998-12-31,1998-12-31,2019-06-10,0.0,134047000.0,121322750.0,110073000.0,23974000.0,0.808,2.263,-14899000.0,9428000.0,9428000.0,37366000.0,19051000.0,7.016,0.194,8253000.0,2161000.0,6092000.0,8253000.0,1233000.0,6181000.0,0.0,0.0,0.0,26652000.0,32833000.0,0.335,32833000.0,26652000.0,26652000.0,0.32,0.38,0.32,112267000.0,101368000.0,112267000.0,787691698.0,30.0,23.991,6586000.0,0.133,1.0,60636000.0,0.619,0.0,0.0,117184000.0,105210750.0,9692000.0,69108000.0,69108000.0,0.0,21780000.0,15688000.0,6092000.0,788517698.0,2554000.0,118000.0,33531000.0,4363000.0,0.0,37940000.0,-56871000.0,-42090000.0,21485000.0,0.0,19051000.0,19051000.0,19051000.0,0.0,0.0,0.194,37174000.0,23462000.0,3407000.0,0.0,7.024,41.39,53.125,21980000.0,0.0,17.0,8.046,8.604,16888000.0,20298000.0,98002000.0,98002000.0,20123000.0,0.157,0.188,0.253,0.272,0.0,17051000.0,1.0,46383394.0,49602000,55238000.0,1.976,134047000.0,2982000.0,7601000.0,0.0,2.702,94385000.0
72,AMCC,MRT,1998-09-30,1998-09-30,1998-09-30,2019-06-10,0.0,123249000.0,106275250.0,100047000.0,23202000.0,0.853,2.14,-17216000.0,6431000.0,6431000.0,36533000.0,17934000.0,6.682,0.18,5605000.0,1800000.0,3805000.0,5605000.0,1219000.0,5814000.0,0.0,0.0,0.0,22992000.0,28806000.0,0.318,28806000.0,22992000.0,22992000.0,0.395,0.39,0.395,104472000.0,88140000.0,104472000.0,342244399.0,15.0,11.881,-332000.0,-0.007,1.0,54163000.0,0.597,0.0,0.0,107451000.0,89245250.0,9450000.0,61158000.0,61158000.0,0.0,18777000.0,14972000.0,3805000.0,343276399.0,7962000.0,123000.0,58355000.0,870000.0,0.0,59271000.0,-68193000.0,-51100000.0,16884000.0,0.0,17934000.0,17934000.0,17934000.0,0.0,0.0,0.198,33621000.0,20542000.0,4282000.0,0.0,3.286,19.141,18.829,21141000.0,0.0,7.438,3.785,4.003,17582000.0,14663000.0,90696000.0,90696000.0,17613000.0,0.169,0.203,0.258,0.254,0.0,16008000.0,1.0,46154810.0,48820000,54592000.0,1.858,123249000.0,3282000.0,5058000.0,0.0,2.525,85075000.0
73,AMCC,MRT,1998-06-30,1998-06-30,1998-06-30,2019-06-10,0.0,115161000.0,,96141000.0,19020000.0,,2.054,-13858000.0,7126000.0,7126000.0,35564000.0,16182000.0,6.918,0.186,6094000.0,1929000.0,4165000.0,6094000.0,1460000.0,5558000.0,0.0,0.0,0.0,18734000.0,24292000.0,0.291,24292000.0,18734000.0,18734000.0,0.57,0.38,0.57,97099000.0,,97099000.0,583370336.0,31.0,24.015,3781000.0,0.08,1.0,47815000.0,0.573,0.0,0.0,100232000.0,,8845000.0,62524000.0,62338000.0,186000.0,18062000.0,13897000.0,4165000.0,583119336.0,9234000.0,0.0,56982000.0,781000.0,0.0,57775000.0,-66180000.0,-52322000.0,17639000.0,0.0,16182000.0,16182000.0,16182000.0,0.0,0.0,0.194,30739000.0,17076000.0,3773000.0,0.0,6.005,36.035,22.697,18834000.0,0.0,12.938,6.994,7.336,12026000.0,9784000.0,83379000.0,83379000.0,15636000.0,,,,0.225,0.0,15103000.0,1.0,45072026.0,47280000,53330000.0,1.764,115161000.0,3582000.0,2552000.0,0.0,2.436,82244000.0
74,AMCC,MRT,1998-03-31,1998-03-31,1998-03-31,2019-06-10,0.0,112834000.0,77324000.0,94526000.0,18308000.0,0.991,4.325,-11342000.0,6460000.0,6460000.0,34321000.0,15216000.0,5.525,0.231,6711000.0,2620000.0,4091000.0,6711000.0,1873000.0,5174000.0,0.0,0.0,0.0,15622000.0,20796000.0,0.271,20796000.0,15622000.0,15622000.0,0.72,0.38,0.72,91634000.0,59688500.0,91634000.0,464682088.0,30.0,22.345,5542000.0,0.262,1.0,42297000.0,0.552,0.0,0.0,95976000.0,63638500.0,8185000.0,61523000.0,61523000.0,0.0,21200000.0,17109000.0,4091000.0,472390088.0,972000.0,0.0,52413000.0,575000.0,0.0,49123000.0,-65035000.0,-53693000.0,16884000.0,0.0,15216000.0,15216000.0,15216000.0,0.0,0.0,0.199,27546000.0,14751000.0,5215000.0,0.0,5.155,31.046,15.625,17218000.0,0.0,11.25,6.166,3.111,12179000.0,5722000.0,76618000.0,76618000.0,13268000.0,0.197,0.255,0.245,0.204,0.0,14278000.0,1.0,41990230.0,21188000,40588000.0,3.616,112834000.0,3882000.0,406000.0,0.0,5.325,77417000.0
75,AMCC,MRT,1997-12-31,1997-12-31,1997-12-31,2019-06-10,0.0,73857000.0,,57522000.0,16335000.0,,2.613,-9379000.0,9923000.0,9923000.0,32627000.0,11712000.0,4.484,0.244,2215000.0,2215000.0,0.0,2215000.0,1261000.0,5239000.0,0.0,0.0,0.0,12159000.0,17398000.0,0.249,17398000.0,12159000.0,12159000.0,1.255,0.31,1.255,59355000.0,,59355000.0,,,,6023000.0,0.265,1.0,37251000.0,0.533,0.0,0.0,53322000.0,,8002000.0,27236000.0,26328000.0,908000.0,14502000.0,12827000.0,1675000.0,259814548.0,4494000.0,490000.0,25346000.0,-2721000.0,0.0,18760000.0,-29668000.0,-20779000.0,15402000.0,0.0,11712000.0,11712000.0,11712000.0,0.0,0.0,0.168,25352000.0,11899000.0,5010000.0,0.0,4.377,22.184,4.93,15427000.0,0.0,6.188,3.718,2.012,10529000.0,444000.0,69878000.0,69878000.0,11541000.0,,,,0.174,0.0,13811000.0,1.0,41990230.0,22718000,40766000.0,3.076,73857000.0,1813000.0,447000.0,0.0,3.251,44695000.0
76,AMCC,MRT,1997-09-30,1997-09-30,1997-09-30,2019-06-10,,,,,,,,,,,30837000.0,9607000.0,,,,,,,,,,,0.0,10149000.0,,,,10149000.0,10149000.0,1.135,0.215,1.135,,,,,,,,,1.0,33884000.0,0.524,,0.0,,,,,,,,,,,,,,,,,,,,,9607000.0,9607000.0,9607000.0,0.0,0.0,0.148,23833000.0,10051000.0,,0.0,,,,,0.0,,,,,,64721000.0,64721000.0,10460000.0,,,,0.157,,13373000.0,1.0,,10676000,37188000.0,6.062,,,542000.0,,,
77,AMCC,MRT,1997-06-30,1997-06-30,1997-06-30,2019-06-10,,,,,,,,,,,,,,,,,,,,,,,0.0,,,,,,,,,,,,,,,,,,1.0,,,,,,,,,,,,,,,,,,,,,,,,,,,,,,,,,,,,,,,,,,,,,,,,,,,,,,1.0,,10062000,,,,,,,,
78,AMCC,MRT,1997-03-31,1997-03-31,1997-03-31,2019-06-10,0.0,41814000.0,39825000.0,30243000.0,11571000.0,1.443,2.771,-2855000.0,5488000.0,5488000.0,30057000.0,6316000.0,2.78,0.507,5854000.0,2662000.0,3192000.0,5854000.0,806000.0,5185000.0,0.0,,0.0,6975000.0,12160000.0,0.212,12160000.0,6975000.0,6975000.0,0.63,0.175,0.63,27743000.0,24627500.0,27743000.0,,,,8878000.0,0.887,1.0,27411000.0,0.477,0.0,0.0,31301000.0,28332000.0,7530000.0,8920000.0,8117000.0,803000.0,14071000.0,10879000.0,3192000.0,,1211000.0,0.0,-103000.0,-3406000.0,0.0,-3491000.0,-7031000.0,-4176000.0,11733000.0,0.0,6316000.0,6316000.0,6316000.0,0.0,0.0,0.11,20407000.0,7004000.0,2428000.0,0.0,,,,10768000.0,0.0,,,,8418000.0,-9235000.0,57468000.0,57468000.0,7870000.0,0.159,0.256,0.246,0.121,0.0,12537000.0,1.0,,10012000,35814000.0,5.74,41814000.0,0.0,659000.0,0.0,4.176,19364000.0
79,AMCC,MRT,1996-12-31,1996-12-31,1996-12-31,2019-06-10,,,,,,,,,,,,,,,,,,,,,,,0.0,,,,,,,,,,,,,,,,,,1.0,,,,,,,,,,,,,,,,,,,,,,,,,,,,,,,,,,,,,,,,,,,,,,,,,,,,,,1.0,,35694000,,,,,,,,
80,AMCC,MRT,1996-03-31,1996-03-31,1996-03-31,2019-06-10,0.0,37836000.0,,25854000.0,11982000.0,,2.356,-1427000.0,4277000.0,4277000.0,34169000.0,-3694000.0,2.177,0.759,3681000.0,3644000.0,37000.0,3681000.0,831000.0,5311000.0,0.0,,0.0,-3662000.0,1649000.0,0.033,1649000.0,-3662000.0,-3662000.0,-0.405,-0.105,-0.405,21512000.0,,21512000.0,,,,5269000.0,0.577,1.0,16095000.0,0.32,0.0,0.0,25363000.0,,6836000.0,4744000.0,4691000.0,53000.0,16324000.0,11877000.0,4447000.0,,2082000.0,0.0,243000.0,-3614000.0,0.0,-3363000.0,-1251000.0,176000.0,6696000.0,0.0,-3694000.0,-3694000.0,-3694000.0,0.0,0.0,-0.073,19515000.0,-3420000.0,3981000.0,0.0,,,,11929000.0,0.0,,,,9476000.0,-15444000.0,50264000.0,50264000.0,8283000.0,,,,-0.073,0.0,11232000.0,1.0,,9132000,34788000.0,5.504,37836000.0,0.0,32000.0,0.0,4.143,13977000.0
81,AMCC,MRT,1995-03-31,1995-03-31,1995-03-31,2019-06-10,,,,,,,,-2761000.0,,,27513000.0,-1071000.0,,,,,,,,5092000.0,,,0.0,-1141000.0,3951000.0,0.084,3951000.0,-1141000.0,-1141000.0,-0.03,,-0.03,,,,,,,-1367000.0,-0.037,1.0,19437000.0,0.414,,0.0,,,,,,,,,,,-5521000.0,0.0,47000.0,-4024000.0,0.0,-3977000.0,-2938000.0,-177000.0,1394000.0,0.0,-1071000.0,-1071000.0,-1071000.0,0.0,0.0,-0.023,20220000.0,-783000.0,,0.0,,,,,0.0,,,,,,46950000.0,46950000.0,10108000.0,,,,-0.024,0.0,10112000.0,,,36760000,,1.277,,,-70000.0,,,
