None,ticker,dimension,calendardate,datekey,reportperiod,lastupdated,accoci,assets,assetsavg,assetsc,assetsnc,assetturnover,bvps,capex,cashneq,cashnequsd,cor,consolinc,currentratio,de,debt,debtc,debtnc,debtusd,deferredrev,depamor,deposits,divyield,dps,ebit,ebitda,ebitdamargin,ebitdausd,ebitusd,ebt,eps,epsdil,epsusd,equity,equityavg,equityusd,ev,evebit,evebitda,fcf,fcfps,fxusd,gp,grossmargin,intangibles,intexp,invcap,invcapavg,inventory,investments,investmentsc,investmentsnc,liabilities,liabilitiesc,liabilitiesnc,marketcap,ncf,ncfbus,ncfcommon,ncfdebt,ncfdiv,ncff,ncfi,ncfinv,ncfo,ncfx,netinc,netinccmn,netinccmnusd,netincdis,netincnci,netmargin,opex,opinc,payables,payoutratio,pb,pe,pe1,ppnenet,prefdivis,price,ps,ps1,receivables,retearn,revenue,revenueusd,rnd,roa,roe,roic,ros,sbcomp,sgna,sharefactor,sharesbas,shareswa,shareswadil,sps,tangibles,taxassets,taxexp,taxliabilities,tbvps,workingcapital
0,CI,MRY,2020-12-31,2020-12-31,2020-12-31,2021-08-05,-861000000.0,155451000000.0,157458500000.0,27799000000.0,127652000000.0,1.019,139.29,-1094000000.0,10182000000.0,10182000000.0,136194000000.0,8489000000.0,0.772,2.088,32919000000.0,3374000000.0,29545000000.0,32919000000.0,0.0,2802000000.0,0.0,0.0,0.04,12275000000.0,15077000000.0,0.094,15077000000.0,12275000000.0,10837000000.0,23.17,22.96,23.17,50321000000.0,47699500000.0,50321000000.0,105850622350.0,9.0,7.021,9256000000.0,25.621,1.0,24207000000.0,0.151,79827000000.0,1438000000.0,62339000000.0,65247250000.0,3165000000.0,24593000000.0,1331000000.0,23262000000.0,105065000000.0,36022000000.0,69043000000.0,75208622350.0,4834000000.0,5453000000.0,-3666000000.0,-4736000000.0,0.0,-8533000000.0,2976000000.0,-1406000000.0,10350000000.0,41000000.0,8458000000.0,8458000000.0,8458000000.0,0.0,31000000.0,0.053,16054000000.0,8153000000.0,18825000000.0,0.002,1.495,8.892,8.985,4205000000.0,0.0,208.18,0.469,0.469,17391000000.0,28575000000.0,160401000000.0,160401000000.0,0.0,0.054,0.177,0.188,0.077,0.0,14072000000.0,1.0,361267280.0,361267280.0,,443.995,75624000000.0,0.0,2379000000.0,8939000000.0,209.33,-8223000000.0
1,CI,MRY,2019-12-31,2019-12-31,2019-12-31,2021-08-05,-941000000.0,155774000000.0,154842500000.0,29845000000.0,125929000000.0,0.992,121.411,-1050000000.0,4619000000.0,4619000000.0,128487000000.0,5120000000.0,0.744,2.435,37407000000.0,5514000000.0,31893000000.0,37407000000.0,0.0,3651000000.0,0.0,0.0,0.04,8236000000.0,11887000000.0,0.077,11887000000.0,8236000000.0,6554000000.0,13.58,13.44,13.58,45338000000.0,44064250000.0,45338000000.0,110537754116.0,13.0,9.299,8435000000.0,22.588,1.0,25079000000.0,0.163,81164000000.0,1682000000.0,67260000000.0,72564250000.0,2661000000.0,22479000000.0,937000000.0,21542000000.0,110395000000.0,40138000000.0,70257000000.0,76361754116.0,1556000000.0,-153000000.0,-1763000000.0,-5175000000.0,0.0,-7187000000.0,-734000000.0,480000000.0,9485000000.0,-8000000.0,5104000000.0,5104000000.0,5104000000.0,0.0,16000000.0,0.033,17002000000.0,8077000000.0,15544000000.0,0.003,1.684,14.961,15.058,4417000000.0,0.0,204.49,0.497,0.497,15816000000.0,20162000000.0,153566000000.0,153566000000.0,0.0,0.033,0.116,0.113,0.054,0.0,14053000000.0,1.0,373425371.0,373425371.0,,411.236,74610000000.0,0.0,1450000000.0,9387000000.0,199.799,-10293000000.0
2,CI,MRY,2018-12-31,2018-12-31,2018-12-31,2021-08-05,-1711000000.0,153226000000.0,90606250000.0,20430000000.0,132796000000.0,0.537,168.469,-528000000.0,3855000000.0,3855000000.0,32321000000.0,2646000000.0,0.641,2.734,42478000000.0,2955000000.0,39523000000.0,42478000000.0,0.0,695000000.0,0.0,0.0,0.04,4070000000.0,4765000000.0,0.098,4765000000.0,4070000000.0,3572000000.0,10.69,10.54,10.69,41028000000.0,21380250000.0,41028000000.0,47270027609.0,12.0,9.92,3242000000.0,13.312,1.0,16329000000.0,0.336,83508000000.0,498000000.0,76446000000.0,68104250000.0,2821000000.0,28974000000.0,2045000000.0,26929000000.0,112154000000.0,31895000000.0,80259000000.0,46252027609.0,883000000.0,-24455000000.0,-274000000.0,24212000000.0,0.0,23515000000.0,-26378000000.0,-1383000000.0,3770000000.0,-24000000.0,2637000000.0,2637000000.0,2637000000.0,0.0,9000000.0,0.054,12169000000.0,4160000000.0,15068000000.0,0.004,1.127,17.54,17.766,4562000000.0,0.0,189.92,0.951,0.951,15980000000.0,15088000000.0,48650000000.0,48650000000.0,0.0,0.029,0.123,0.06,0.084,0.0,11934000000.0,1.0,243534265.0,243534265.0,,199.767,69718000000.0,0.0,935000000.0,9453000000.0,286.276,-11465000000.0
3,CI,MRY,2017-12-31,2017-12-31,2017-12-31,2021-08-05,-1082000000.0,61759000000.0,61645000000.0,9311000000.0,52448000000.0,0.678,55.612,-471000000.0,2972000000.0,2972000000.0,27719000000.0,2232000000.0,0.846,3.501,5439000000.0,240000000.0,5199000000.0,5439000000.0,0.0,566000000.0,0.0,0.0,0.04,3863000000.0,4429000000.0,0.106,4429000000.0,3863000000.0,3611000000.0,8.92,8.77,8.92,13711000000.0,14157000000.0,13711000000.0,51763779792.0,13.0,11.687,3615000000.0,14.662,1.0,14087000000.0,0.337,6509000000.0,252000000.0,46708000000.0,54249500000.0,228000000.0,28619000000.0,2136000000.0,26483000000.0,47999000000.0,11009000000.0,36990000000.0,50071779792.0,-213000000.0,-209000000.0,-2594000000.0,98000000.0,0.0,-2651000000.0,-1703000000.0,-1023000000.0,4086000000.0,55000000.0,2237000000.0,2237000000.0,2237000000.0,0.0,-5000000.0,0.054,10145000000.0,3942000000.0,489000000.0,0.004,3.652,22.383,22.768,1563000000.0,0.0,203.09,1.198,1.198,8918000000.0,15800000000.0,41806000000.0,41806000000.0,0.0,0.036,0.158,0.071,0.092,0.0,10030000000.0,1.0,246549706.0,246549706.0,,169.564,55250000000.0,39000000.0,1374000000.0,0.0,224.093,-1698000000.0
4,CI,MRY,2016-12-31,2016-12-31,2016-12-31,2021-08-05,-1382000000.0,59360000000.0,59628000000.0,,,0.668,53.451,-461000000.0,3185000000.0,3185000000.0,26809000000.0,1843000000.0,,3.321,5032000000.0,,,5032000000.0,634000000.0,610000000.0,8458000000.0,0.0,0.04,3281000000.0,3891000000.0,0.098,3891000000.0,3281000000.0,3003000000.0,7.31,7.19,7.31,13723000000.0,13432000000.0,13723000000.0,36073366923.0,11.0,9.271,3565000000.0,13.886,1.0,13029000000.0,0.327,5980000000.0,278000000.0,55227000000.0,55894250000.0,0.0,26815000000.0,,,45575000000.0,,,34246366923.0,1217000000.0,-4000000.0,-103000000.0,-148000000.0,0.0,-225000000.0,-2574000000.0,-2008000000.0,4026000000.0,-10000000.0,1867000000.0,1867000000.0,1867000000.0,0.0,-24000000.0,0.047,9941000000.0,3088000000.0,8946000000.0,0.005,2.496,18.343,18.248,1536000000.0,0.0,133.39,0.86,0.86,9555000000.0,13855000000.0,39838000000.0,39838000000.0,0.0,0.031,0.139,0.059,0.082,0.0,9790000000.0,1.0,256738638.0,256738638.0,,155.169,53380000000.0,304000000.0,1136000000.0,0.0,207.916,
5,CI,MRY,2015-12-31,2015-12-31,2015-12-31,2021-08-05,-1250000000.0,57088000000.0,57312750000.0,,,0.661,46.72,-510000000.0,1968000000.0,1968000000.0,25424000000.0,2077000000.0,,3.737,5169000000.0,,,5169000000.0,629000000.0,585000000.0,8443000000.0,0.0,0.04,3344000000.0,3929000000.0,0.104,3929000000.0,3344000000.0,3344000000.0,8.17,8.04,8.17,12035000000.0,11510250000.0,12035000000.0,40518597464.0,12.0,10.313,2423000000.0,9.406,1.0,12452000000.0,0.329,6019000000.0,0.0,54270000000.0,54453750000.0,0.0,24713000000.0,,,44975000000.0,,,37694597464.0,548000000.0,-99000000.0,-517000000.0,-65000000.0,0.0,-609000000.0,-1736000000.0,-1127000000.0,2933000000.0,-40000000.0,2094000000.0,2094000000.0,2094000000.0,0.0,-17000000.0,0.055,9125000000.0,3327000000.0,8848000000.0,0.005,3.132,18.001,17.911,1534000000.0,0.0,146.33,0.995,0.995,10507000000.0,12121000000.0,37876000000.0,37876000000.0,0.0,0.037,0.182,0.061,0.088,0.0,8982000000.0,1.0,257599928.0,257599928.0,,147.034,51069000000.0,379000000.0,1250000000.0,0.0,198.249,
6,CI,MRY,2014-12-31,2014-12-31,2014-12-31,2021-08-05,-936000000.0,55870000000.0,55656250000.0,,,0.627,41.188,-473000000.0,1420000000.0,1420000000.0,23241000000.0,2094000000.0,,4.176,5126000000.0,,,5126000000.0,621000000.0,588000000.0,8430000000.0,0.0,0.04,3312000000.0,3900000000.0,0.112,3900000000.0,3312000000.0,3312000000.0,7.97,7.83,7.97,10774000000.0,10856000000.0,10774000000.0,30443058357.0,9.0,7.806,1685000000.0,6.442,1.0,11673000000.0,0.334,5989000000.0,0.0,53587000000.0,52983000000.0,0.0,24342000000.0,,,44991000000.0,,,26919058357.0,-1375000000.0,0.0,-1502000000.0,-112000000.0,0.0,-1635000000.0,-1866000000.0,-1369000000.0,2158000000.0,-32000000.0,2102000000.0,2102000000.0,2102000000.0,0.0,-8000000.0,0.06,8369000000.0,3304000000.0,8444000000.0,0.005,2.499,12.806,12.912,1502000000.0,0.0,102.91,0.771,0.771,9837000000.0,10289000000.0,34914000000.0,34914000000.0,0.0,0.038,0.194,0.063,0.095,0.0,8174000000.0,1.0,261578645.0,261578645.0,,133.474,49881000000.0,293000000.0,1210000000.0,0.0,190.692,
7,CI,MRY,2013-12-31,2013-12-31,2013-12-31,2021-08-05,-520000000.0,54336000000.0,54286750000.0,,,0.596,38.229,-527000000.0,2795000000.0,2795000000.0,22374000000.0,1478000000.0,,4.132,5247000000.0,,,5247000000.0,580000000.0,597000000.0,8470000000.0,0.0,0.04,2174000000.0,2771000000.0,0.086,2771000000.0,2174000000.0,2174000000.0,5.28,5.18,5.28,10567000000.0,9969000000.0,10567000000.0,26364519660.0,12.0,9.514,192000000.0,0.695,1.0,10006000000.0,0.309,6029000000.0,0.0,50759000000.0,50451500000.0,0.0,22365000000.0,,,43659000000.0,,,24180519660.0,-183000000.0,-76000000.0,-853000000.0,-116000000.0,0.0,-930000000.0,15000000.0,660000000.0,719000000.0,13000000.0,1476000000.0,1476000000.0,1476000000.0,0.0,2000000.0,0.046,7830000000.0,2176000000.0,7506000000.0,0.008,2.288,16.382,16.568,1464000000.0,0.0,87.48,0.747,0.747,9290000000.0,13676000000.0,32380000000.0,32380000000.0,0.0,0.027,0.148,0.043,0.067,0.0,7595000000.0,1.0,276411976.0,276411976.0,,117.144,48307000000.0,92000000.0,698000000.0,0.0,174.764,
8,CI,MRY,2012-12-31,2012-12-31,2012-12-31,2021-08-05,-671000000.0,53734000000.0,53400750000.0,,,0.545,34.17,-408000000.0,2978000000.0,2978000000.0,19228000000.0,1624000000.0,,4.489,5187000000.0,,,5187000000.0,549000000.0,560000000.0,8508000000.0,0.001,0.04,2476000000.0,3036000000.0,0.104,3036000000.0,2476000000.0,2476000000.0,5.7,5.61,5.7,9769000000.0,9220500000.0,9769000000.0,18259701479.0,7.0,6.014,1942000000.0,6.793,1.0,9891000000.0,0.34,6001000000.0,0.0,49942000000.0,50186250000.0,0.0,23660000000.0,,,43851000000.0,,,15283701479.0,-1712000000.0,-3581000000.0,-87000000.0,-228000000.0,-11000000.0,-228000000.0,-3857000000.0,132000000.0,2350000000.0,23000000.0,1623000000.0,1623000000.0,1623000000.0,0.0,1000000.0,0.056,7414000000.0,2477000000.0,8523000000.0,0.007,1.565,9.417,9.379,1120000000.0,0.0,53.46,0.525,0.525,8033000000.0,12330000000.0,29119000000.0,29119000000.0,0.0,0.03,0.176,0.049,0.085,0.0,7414000000.0,1.0,285890413.0,285890413.0,,101.854,47733000000.0,374000000.0,853000000.0,0.0,166.963,
9,CI,MRY,2011-12-31,2011-12-31,2011-12-31,2021-08-05,-787000000.0,50697000000.0,48012750000.0,,,0.455,29.583,-422000000.0,4690000000.0,4690000000.0,13693000000.0,1261000000.0,,5.342,5094000000.0,,,5094000000.0,502000000.0,345000000.0,8553000000.0,0.001,0.04,1875000000.0,2220000000.0,0.102,2220000000.0,1875000000.0,1875000000.0,4.65,4.59,4.65,7994000000.0,7581750000.0,7994000000.0,12660363900.0,7.0,5.703,1069000000.0,3.956,1.0,8172000000.0,0.374,3164000000.0,0.0,47937000000.0,46052750000.0,0.0,22490000000.0,,,42703000000.0,,,11349363900.0,3085000000.0,-102000000.0,509000000.0,2224000000.0,-11000000.0,2867000000.0,-1270000000.0,-746000000.0,1491000000.0,-3000000.0,1260000000.0,1260000000.0,1260000000.0,0.0,1000000.0,0.058,6296000000.0,1876000000.0,7932000000.0,0.009,1.42,9.007,9.032,1024000000.0,0.0,42.0,0.519,0.519,7614000000.0,10787000000.0,21865000000.0,21865000000.0,0.0,0.026,0.166,0.041,0.086,0.0,6062000000.0,1.0,270222950.0,270222950.0,,80.915,47533000000.0,803000000.0,615000000.0,0.0,175.903,
10,CI,MRY,2010-12-31,2010-12-31,2010-12-31,2021-08-05,-614000000.0,45682000000.0,44989250000.0,,,0.47,24.528,-300000000.0,1605000000.0,1605000000.0,13402000000.0,1283000000.0,,5.872,2840000000.0,,,2840000000.0,416000000.0,292000000.0,8509000000.0,0.001,0.04,1798000000.0,2090000000.0,0.099,2090000000.0,1798000000.0,1798000000.0,4.69,4.65,4.69,6645000000.0,6222750000.0,6645000000.0,11386928410.0,6.0,5.448,1443000000.0,5.326,1.0,7726000000.0,0.366,3119000000.0,0.0,43798000000.0,43330750000.0,0.0,20948000000.0,,,39019000000.0,,,9931928410.0,681000000.0,-539000000.0,-137000000.0,332000000.0,-11000000.0,274000000.0,-1342000000.0,-503000000.0,1743000000.0,6000000.0,1279000000.0,1279000000.0,1279000000.0,0.0,4000000.0,0.061,5924000000.0,1802000000.0,7182000000.0,0.009,1.495,7.765,7.817,912000000.0,0.0,36.66,0.47,0.47,7813000000.0,9879000000.0,21128000000.0,21128000000.0,0.0,0.028,0.206,0.041,0.085,0.0,5869000000.0,1.0,270920033.0,270920033.0,,77.986,42563000000.0,782000000.0,519000000.0,0.0,157.105,
11,CI,MRY,2009-12-31,2009-12-31,2009-12-31,2021-08-05,-618000000.0,43013000000.0,42137250000.0,,,0.437,19.811,-307000000.0,924000000.0,924000000.0,11370000000.0,1305000000.0,,6.938,2563000000.0,,,2563000000.0,427000000.0,268000000.0,8484000000.0,0.001,0.04,1896000000.0,2164000000.0,0.118,2164000000.0,1896000000.0,1896000000.0,4.75,4.73,4.75,5417000000.0,4723500000.0,5417000000.0,11370122814.0,6.0,5.254,438000000.0,1.602,1.0,7044000000.0,0.383,2876000000.0,0.0,41776000000.0,40765750000.0,0.0,19839000000.0,,,37584000000.0,,,9644122814.0,-418000000.0,0.0,30000000.0,199000000.0,-11000000.0,307000000.0,-1485000000.0,-1178000000.0,745000000.0,15000000.0,1302000000.0,1302000000.0,1302000000.0,-1000000.0,3000000.0,0.071,5146000000.0,1898000000.0,6718000000.0,0.008,1.78,7.407,7.425,862000000.0,0.0,35.27,0.524,0.524,7958000000.0,8625000000.0,18414000000.0,18414000000.0,0.0,0.031,0.276,0.047,0.103,0.0,5450000000.0,1.0,273436995.0,273436995.0,,67.343,40137000000.0,1029000000.0,594000000.0,0.0,146.787,
12,CI,MRY,2008-12-31,2008-12-31,2008-12-31,2021-08-05,-1074000000.0,41406000000.0,41146250000.0,,,0.464,13.219,-257000000.0,1342000000.0,1342000000.0,12498000000.0,294000000.0,,10.526,2407000000.0,,,2407000000.0,414000000.0,244000000.0,8539000000.0,0.002,0.04,384000000.0,628000000.0,0.033,628000000.0,384000000.0,384000000.0,1.05,1.05,1.05,3592000000.0,4450500000.0,3592000000.0,5919542963.0,15.0,9.426,1399000000.0,5.149,1.0,6603000000.0,0.346,2878000000.0,0.0,39593000000.0,39465500000.0,0.0,17987000000.0,,,37808000000.0,,,4578542963.0,-628000000.0,-1319000000.0,-341000000.0,578000000.0,-14000000.0,314000000.0,-2572000000.0,-996000000.0,1656000000.0,-26000000.0,292000000.0,292000000.0,292000000.0,-4000000.0,2000000.0,0.015,6221000000.0,382000000.0,7793000000.0,0.038,1.275,15.68,16.048,804000000.0,0.0,16.85,0.24,0.24,8380000000.0,7374000000.0,19101000000.0,19101000000.0,0.0,0.007,0.066,0.01,0.02,0.0,5531000000.0,1.0,271723618.0,271723618.0,,70.296,38528000000.0,1617000000.0,92000000.0,0.0,141.791,
13,CI,MRY,2007-12-31,2007-12-31,2007-12-31,2021-08-05,51000000.0,40065000000.0,40942250000.0,,,0.43,17.008,-180000000.0,1970000000.0,1970000000.0,11103000000.0,1118000000.0,,7.438,1809000000.0,,,1809000000.0,496000000.0,194000000.0,8594000000.0,0.001,0.038,1626000000.0,1820000000.0,0.103,1820000000.0,1626000000.0,1626000000.0,3.89,3.84,3.89,4748000000.0,4286250000.0,4748000000.0,15387429226.0,9.0,8.455,1162000000.0,4.162,1.0,6521000000.0,0.37,1783000000.0,0.0,38121000000.0,39551750000.0,0.0,17530000000.0,,,35317000000.0,,,14999429226.0,578000000.0,0.0,-937000000.0,100000000.0,-11000000.0,-1041000000.0,269000000.0,379000000.0,1342000000.0,8000000.0,1115000000.0,1115000000.0,1115000000.0,5000000.0,3000000.0,0.063,4887000000.0,1634000000.0,5102000000.0,0.01,3.159,13.452,13.812,625000000.0,0.0,53.73,0.851,0.851,8736000000.0,7113000000.0,17624000000.0,17624000000.0,0.0,0.027,0.26,0.041,0.092,0.0,4740000000.0,1.0,279163023.0,279163023.0,,63.132,38282000000.0,794000000.0,511000000.0,0.0,137.131,
14,CI,MRY,2006-12-31,2006-12-31,2006-12-31,2021-08-05,-169000000.0,42399000000.0,42723000000.0,,,0.387,14.072,-136000000.0,1392000000.0,1392000000.0,10186000000.0,1155000000.0,,8.792,1763000000.0,,,1763000000.0,499000000.0,208000000.0,9164000000.0,0.001,0.033,1727000000.0,1935000000.0,0.117,1935000000.0,1727000000.0,1727000000.0,3.49,3.43,3.49,4330000000.0,4658250000.0,4330000000.0,13850859656.0,8.0,7.158,506000000.0,1.644,1.0,6361000000.0,0.384,1736000000.0,0.0,41034000000.0,41107750000.0,0.0,18103000000.0,,,38069000000.0,,,13494859656.0,-317000000.0,0.0,-2514000000.0,137000000.0,-12000000.0,-2513000000.0,1548000000.0,1697000000.0,642000000.0,6000000.0,1155000000.0,1155000000.0,1155000000.0,4000000.0,0.0,0.07,4630000000.0,1731000000.0,5562000000.0,0.009,3.117,11.684,12.566,632000000.0,0.0,43.857,0.816,0.816,9504000000.0,6177000000.0,16547000000.0,16547000000.0,0.0,0.027,0.248,0.042,0.104,0.0,4623000000.0,1.0,307703724.0,307703724.0,,53.776,40663000000.0,926000000.0,572000000.0,0.0,132.15,
15,CI,MRY,2005-12-31,2005-12-31,2005-12-31,2021-08-05,-509000000.0,44893000000.0,47383250000.0,,,0.352,14.205,-61000000.0,1709000000.0,1709000000.0,10336000000.0,1625000000.0,,7.376,1504000000.0,,,1504000000.0,515000000.0,221000000.0,9676000000.0,0.001,0.033,2142000000.0,2363000000.0,0.142,2363000000.0,2142000000.0,2142000000.0,4.25,4.17,4.25,5360000000.0,5551500000.0,5360000000.0,14301643984.0,7.0,6.052,657000000.0,1.741,1.0,6348000000.0,0.38,1622000000.0,0.0,43066000000.0,45456500000.0,0.0,21376000000.0,,,39533000000.0,,,14049643984.0,-810000000.0,0.0,-1272000000.0,-216000000.0,-13000000.0,-1785000000.0,258000000.0,338000000.0,718000000.0,-1000000.0,1625000000.0,1625000000.0,1625000000.0,-349000000.0,0.0,0.097,4555000000.0,1793000000.0,6322000000.0,0.008,2.621,8.646,8.761,638000000.0,0.0,37.233,0.842,0.842,8646000000.0,5162000000.0,16684000000.0,16684000000.0,0.0,0.034,0.293,0.047,0.128,0.0,4555000000.0,1.0,377340483.0,377340483.0,,44.215,43271000000.0,1087000000.0,517000000.0,0.0,114.674,
16,CI,MRY,2004-12-31,2004-12-31,2004-12-31,2021-08-05,-336000000.0,81059000000.0,88706750000.0,,,0.205,12.918,-38000000.0,2519000000.0,2519000000.0,10264000000.0,1438000000.0,,14.579,1505000000.0,,,1505000000.0,522000000.0,230000000.0,17168000000.0,0.005,0.135,2236000000.0,2466000000.0,0.136,2466000000.0,2236000000.0,2236000000.0,3.513,3.477,3.513,5203000000.0,4712500000.0,5203000000.0,9516959703.0,4.0,3.859,1412000000.0,3.506,1.0,7912000000.0,0.435,1620000000.0,0.0,78425000000.0,86118500000.0,0.0,21919000000.0,,,75856000000.0,,,10950959703.0,1127000000.0,2121000000.0,-612000000.0,-90000000.0,-100000000.0,-1541000000.0,1218000000.0,-841000000.0,1450000000.0,0.0,1438000000.0,1438000000.0,1438000000.0,0.0,0.0,0.079,5537000000.0,2375000000.0,7953000000.0,0.038,2.105,7.615,7.74,777000000.0,0.0,27.19,0.602,0.602,16223000000.0,3679000000.0,18176000000.0,18176000000.0,0.0,0.016,0.305,0.026,0.123,0.0,5537000000.0,1.0,402756885.0,402756885.0,,45.129,79439000000.0,1383000000.0,798000000.0,0.0,197.238,
17,CI,MRY,2003-12-31,2003-12-31,2003-12-31,2021-08-05,-54000000.0,90199000000.0,90173500000.0,,,0.209,10.931,-107000000.0,1392000000.0,1392000000.0,12220000000.0,632000000.0,,18.579,1523000000.0,,,1523000000.0,263000000.0,246000000.0,26966000000.0,0.023,0.44,896000000.0,1142000000.0,0.061,1142000000.0,896000000.0,896000000.0,1.507,1.5,1.507,4607000000.0,4297000000.0,4607000000.0,7660184660.0,9.0,6.708,2308000000.0,5.476,1.0,6588000000.0,0.35,1620000000.0,0.0,88710000000.0,88296750000.0,0.0,39658000000.0,,,85592000000.0,,,8078184660.0,-183000000.0,231000000.0,6000000.0,-237000000.0,-185000000.0,-1802000000.0,-796000000.0,-920000000.0,2415000000.0,0.0,632000000.0,632000000.0,632000000.0,-48000000.0,0.0,0.034,5740000000.0,848000000.0,8457000000.0,0.292,1.753,12.782,12.718,973000000.0,0.0,19.167,0.43,0.43,8579000000.0,9502000000.0,18808000000.0,18808000000.0,0.0,0.007,0.147,0.01,0.048,0.0,5740000000.0,1.0,421470504.0,421470504.0,,44.625,88579000000.0,1089000000.0,264000000.0,0.0,210.167,
18,CI,MRY,2002-12-31,2002-12-31,2002-12-31,2021-08-05,-202000000.0,88980000000.0,90030500000.0,,,0.215,9.319,-303000000.0,1575000000.0,1575000000.0,14314000000.0,-447000000.0,,21.833,1630000000.0,,,1630000000.0,243000000.0,221000000.0,29374000000.0,0.032,0.44,-646000000.0,-425000000.0,-0.022,-425000000.0,-646000000.0,-646000000.0,-1.06,-1.06,-1.06,3897000000.0,4651000000.0,3897000000.0,4884536407.0,-8.0,-11.493,1065000000.0,2.547,1.0,5034000000.0,0.26,1620000000.0,0.0,87415000000.0,88284500000.0,0.0,40362000000.0,,,85083000000.0,,,5731536407.0,-343000000.0,0.0,-287000000.0,-45000000.0,-185000000.0,-225000000.0,-1486000000.0,-1148000000.0,1368000000.0,0.0,-447000000.0,-447000000.0,-447000000.0,1000000.0,0.0,-0.023,5679000000.0,-645000000.0,6123000000.0,-0.415,1.471,-12.822,-12.931,1078000000.0,0.0,13.707,0.296,0.296,9981000000.0,9038000000.0,19348000000.0,19348000000.0,0.0,-0.005,-0.096,-0.007,-0.033,0.0,5679000000.0,1.0,418156839.0,418156839.0,,46.27,87360000000.0,1287000000.0,-199000000.0,0.0,208.917,
19,CI,MRY,2001-12-31,2001-12-31,2001-12-31,2021-08-05,147000000.0,91589000000.0,90018750000.0,,,0.207,11.651,-366000000.0,1918000000.0,1918000000.0,11976000000.0,1115000000.0,,17.118,1675000000.0,,,1675000000.0,237000000.0,235000000.0,28961000000.0,0.014,0.427,1681000000.0,1916000000.0,0.103,1916000000.0,1681000000.0,1681000000.0,2.513,2.477,2.513,5055000000.0,5246000000.0,5055000000.0,13331700908.0,8.0,6.958,697000000.0,1.606,1.0,6631000000.0,0.356,1632000000.0,0.0,89714000000.0,87990250000.0,0.0,38261000000.0,,,86534000000.0,,,13399700908.0,-261000000.0,23000000.0,-1101000000.0,362000000.0,-190000000.0,671000000.0,-2011000000.0,-1655000000.0,1063000000.0,-1000000.0,1115000000.0,1115000000.0,1115000000.0,-18000000.0,0.0,0.06,4968000000.0,1663000000.0,4863000000.0,0.17,2.651,12.018,12.289,986000000.0,0.0,30.883,0.72,0.72,9781000000.0,9882000000.0,18607000000.0,18607000000.0,0.0,0.012,0.213,0.019,0.09,-194000000.0,4968000000.0,1.0,433881303.0,433881303.0,,42.885,89957000000.0,1033000000.0,566000000.0,0.0,207.331,
20,CI,MRY,2000-12-31,2000-12-31,2000-12-31,2021-08-05,221000000.0,95088000000.0,96334250000.0,,,0.203,11.754,-313000000.0,2206000000.0,2206000000.0,13059000000.0,987000000.0,,16.567,1309000000.0,,,1309000000.0,589000000.0,221000000.0,27603000000.0,0.009,0.413,1493000000.0,1714000000.0,0.088,1714000000.0,1493000000.0,1493000000.0,2.06,2.027,2.06,5413000000.0,5523500000.0,5413000000.0,19652338546.0,13.0,11.466,1358000000.0,2.949,1.0,6467000000.0,0.331,1878000000.0,0.0,92313000000.0,93538750000.0,0.0,39808000000.0,,,89675000000.0,,,20308338546.0,-33000000.0,45000000.0,-1624000000.0,-101000000.0,-200000000.0,-773000000.0,-902000000.0,-572000000.0,1671000000.0,-30000000.0,987000000.0,987000000.0,987000000.0,-6000000.0,0.0,0.051,4980000000.0,1487000000.0,5111000000.0,0.2,3.752,20.576,21.408,879000000.0,0.0,44.1,1.04,1.04,10042000000.0,9081000000.0,19526000000.0,19526000000.0,0.0,0.01,0.179,0.016,0.076,0.0,4980000000.0,1.0,460506543.0,460506543.0,,42.401,93210000000.0,1199000000.0,506000000.0,0.0,202.408,
21,CI,MRY,1999-12-31,1999-12-31,1999-12-31,2021-08-05,166000000.0,95333000000.0,98501250000.0,,,0.19,11.023,0.0,2232000000.0,2232000000.0,12464000000.0,1774000000.0,,14.504,1416000000.0,,,1416000000.0,674000000.0,225000000.0,26599000000.0,0.015,0.4,2294000000.0,2519000000.0,0.135,2519000000.0,2294000000.0,2294000000.0,3.04,2.997,3.04,6149000000.0,7133750000.0,6149000000.0,14557313502.0,6.0,5.779,1817000000.0,3.257,1.0,6262000000.0,0.334,1955000000.0,0.0,92562000000.0,96050500000.0,0.0,38905000000.0,,,89184000000.0,,,14980313502.0,246000000.0,3557000000.0,-2986000000.0,-284000000.0,-238000000.0,-4213000000.0,2495000000.0,-625000000.0,1817000000.0,9000000.0,1774000000.0,1774000000.0,1774000000.0,-1166000000.0,0.0,0.095,5043000000.0,1219000000.0,4552000000.0,0.132,2.436,8.444,8.833,715000000.0,0.0,26.853,0.8,0.8,9243000000.0,8290000000.0,18726000000.0,18726000000.0,0.0,0.018,0.249,0.024,0.123,0.0,5043000000.0,1.0,557856759.0,557856759.0,,33.568,93378000000.0,1156000000.0,520000000.0,0.0,167.387,
22,CI,MRY,1998-12-31,1998-12-31,1998-12-31,2021-08-05,842000000.0,95890000000.0,106833000000.0,,,0.166,13.362,0.0,1986000000.0,1986000000.0,11670000000.0,1292000000.0,,10.585,1700000000.0,,,1700000000.0,589000000.0,218000000.0,30607000000.0,0.015,0.383,1964000000.0,2182000000.0,0.123,2182000000.0,1964000000.0,1964000000.0,2.04,2.017,2.04,8277000000.0,8274500000.0,8277000000.0,16486171430.0,8.0,7.556,886000000.0,1.43,1.0,6028000000.0,0.341,2090000000.0,0.0,93514000000.0,104302000000.0,0.0,41676000000.0,,,87613000000.0,,,15963171430.0,154000000.0,960000000.0,-807000000.0,-456000000.0,-243000000.0,-1553000000.0,871000000.0,322000000.0,886000000.0,22000000.0,1292000000.0,1292000000.0,1292000000.0,-106000000.0,0.0,0.073,4170000000.0,1858000000.0,4385000000.0,0.188,1.929,12.355,12.632,701000000.0,0.0,25.77,0.902,0.902,9147000000.0,6746000000.0,17698000000.0,17698000000.0,0.0,0.012,0.156,0.019,0.111,0.0,4170000000.0,1.0,619447863.0,619447863.0,,28.571,93800000000.0,1034000000.0,672000000.0,0.0,151.425,
23,CI,MRY,1997-12-31,1997-12-31,1997-12-31,2021-08-05,758000000.0,108199000000.0,103565500000.0,,,0.154,12.199,0.0,2625000000.0,2625000000.0,10809000000.0,1086000000.0,,12.641,2155000000.0,,,2155000000.0,1774000000.0,179000000.0,30682000000.0,0.019,0.369,1502000000.0,1681000000.0,0.105,1681000000.0,1502000000.0,1502000000.0,1.643,1.627,1.643,7932000000.0,7570000000.0,7932000000.0,,,,1455000000.0,2.238,1.0,5146000000.0,0.323,2542000000.0,0.0,105187000000.0,101300500000.0,0.0,56578000000.0,,,100267000000.0,,,12454902494.0,927000000.0,-1416000000.0,-316000000.0,640000000.0,-245000000.0,677000000.0,-1573000000.0,0.0,1455000000.0,-12000000.0,1086000000.0,1086000000.0,1086000000.0,-274000000.0,0.0,0.068,3918000000.0,1228000000.0,6562000000.0,0.225,1.57,11.469,11.659,857000000.0,0.0,19.156,0.781,0.781,11018000000.0,5696000000.0,15955000000.0,15955000000.0,0.0,0.01,0.143,0.015,0.094,0.0,3918000000.0,1.0,650197926.0,650197926.0,,24.539,105657000000.0,1788000000.0,416000000.0,60000000.0,162.5,
24,CI,MRY,1996-12-31,1996-12-31,1996-12-31,2021-08-05,582000000.0,98932000000.0,,,,,,0.0,1760000000.0,1760000000.0,12473000000.0,1056000000.0,,12.725,1310000000.0,,,1310000000.0,1940000000.0,227000000.0,29878000000.0,0.023,0.356,1601000000.0,1828000000.0,0.096,1828000000.0,1601000000.0,1601000000.0,1.56,1.547,1.56,7208000000.0,,7208000000.0,,,,700000000.0,,1.0,6477000000.0,0.342,1068000000.0,0.0,97414000000.0,,0.0,56061000000.0,,,91724000000.0,,,,-402000000.0,65000000.0,-280000000.0,-164000000.0,-242000000.0,-593000000.0,-487000000.0,-343000000.0,700000000.0,-22000000.0,1056000000.0,1056000000.0,1056000000.0,0.0,0.0,0.056,4876000000.0,1601000000.0,5326000000.0,0.228,,,9.731,802000000.0,0.0,15.181,,,11516000000.0,4855000000.0,18950000000.0,18950000000.0,0.0,,,,0.084,0.0,4876000000.0,1.0,,,,,97864000000.0,1998000000.0,545000000.0,221000000.0,,
25,CI,MRY,1995-12-31,1995-12-31,1995-12-31,2021-08-05,,,,,,,,0.0,,,13855000000.0,211000000.0,,,,,,,,224000000.0,,0.029,0.338,251000000.0,475000000.0,0.025,475000000.0,251000000.0,251000000.0,0.322,0.32,0.322,,,,,,,1104000000.0,,1.0,5100000000.0,0.269,,0.0,,,,,,,,,,,285000000.0,0.0,21000000.0,66000000.0,-222000000.0,2478000000.0,-3294000000.0,-3142000000.0,1104000000.0,-3000000.0,211000000.0,211000000.0,211000000.0,0.0,0.0,0.011,4849000000.0,251000000.0,,1.05,,,35.645,,0.0,11.478,,,,,18955000000.0,18955000000.0,0.0,,,,0.013,0.0,4849000000.0,1.0,,,,,,,40000000.0,,,
0,CI,MRQ,2021-06-30,2021-06-30,2021-06-30,2021-08-05,-1077000000.0,154207000000.0,,25011000000.0,129196000000.0,,141.949,-258000000.0,3821000000.0,3821000000.0,37485000000.0,1476000000.0,0.721,2.165,33138000000.0,1532000000.0,31606000000.0,33138000000.0,0.0,731000000.0,0.0,0.008,1.0,2187000000.0,2918000000.0,0.068,2918000000.0,2187000000.0,1889000000.0,4.3,4.25,4.3,48709000000.0,,48709000000.0,106816515301.0,9.0,7.265,-554000000.0,-1.614,1.0,5646000000.0,0.131,81070000000.0,298000000.0,67743000000.0,,3042000000.0,24927000000.0,1305000000.0,23622000000.0,105440000000.0,34711000000.0,70729000000.0,81349515301.0,-2666000000.0,-1836000000.0,-830000000.0,1111000000.0,-342000000.0,-62000000.0,-2307000000.0,-272000000.0,-296000000.0,-1000000.0,1467000000.0,1467000000.0,1467000000.0,0.0,9000000.0,0.034,3499000000.0,2147000000.0,20117000000.0,0.233,1.67,9.98,10.38,4078000000.0,0.0,237.07,0.488,0.488,20576000000.0,30513000000.0,43131000000.0,43131000000.0,0.0,,,,,0.0,2996000000.0,1.0,343145549.0,343145549.0,,125.693,73137000000.0,0.0,422000000.0,8867000000.0,213.137,-9700000000.0
1,CI,MRQ,2021-03-31,2021-03-31,2021-03-31,2021-08-05,-1231000000.0,152081000000.0,,25554000000.0,126527000000.0,,136.847,-242000000.0,6505000000.0,6505000000.0,35240000000.0,1171000000.0,0.763,2.157,31972000000.0,404000000.0,31568000000.0,31972000000.0,0.0,715000000.0,0.0,0.004,1.0,1817000000.0,2532000000.0,0.062,2532000000.0,1817000000.0,1503000000.0,3.33,3.3,3.33,48149000000.0,,48149000000.0,107792156794.0,9.0,7.122,851000000.0,2.419,1.0,5731000000.0,0.14,79427000000.0,314000000.0,64651000000.0,,2919000000.0,24298000000.0,1477000000.0,22821000000.0,103867000000.0,33470000000.0,70397000000.0,85055156794.0,-3701000000.0,0.0,-2590000000.0,-1093000000.0,-345000000.0,-4051000000.0,-717000000.0,-475000000.0,1093000000.0,-26000000.0,1161000000.0,1161000000.0,1161000000.0,0.0,10000000.0,0.028,3774000000.0,1957000000.0,19402000000.0,0.3,1.766,10.08,10.371,4114000000.0,0.0,241.74,0.522,0.522,18763000000.0,29389000000.0,40971000000.0,40971000000.0,0.0,,,,,0.0,3279000000.0,1.0,351845606.0,351845606.0,,116.446,72654000000.0,0.0,342000000.0,8832000000.0,206.494,-7916000000.0
2,CI,MRQ,2020-12-31,2020-12-31,2020-12-31,2021-08-05,-861000000.0,155451000000.0,,27799000000.0,127652000000.0,,139.29,-319000000.0,10182000000.0,10182000000.0,35906000000.0,4142000000.0,0.772,2.088,32919000000.0,3374000000.0,29545000000.0,32919000000.0,0.0,713000000.0,0.0,0.0,0.0,5708000000.0,6421000000.0,0.154,6421000000.0,5708000000.0,5371000000.0,11.4,11.3,11.4,50321000000.0,,50321000000.0,105850622350.0,9.0,7.021,3975000000.0,11.003,1.0,5806000000.0,0.139,79827000000.0,337000000.0,62339000000.0,,3165000000.0,24593000000.0,1331000000.0,23262000000.0,105065000000.0,36022000000.0,69043000000.0,75208622350.0,4041000000.0,5588000000.0,-1553000000.0,-3082000000.0,0.0,-4721000000.0,4420000000.0,-835000000.0,4294000000.0,48000000.0,4135000000.0,4135000000.0,4135000000.0,0.0,7000000.0,0.099,4461000000.0,1345000000.0,18825000000.0,0.0,1.495,8.892,8.985,4205000000.0,0.0,208.18,0.469,0.469,17391000000.0,28575000000.0,41712000000.0,41712000000.0,0.0,,,,,0.0,3966000000.0,1.0,361267280.0,361267280.0,,115.46,75624000000.0,0.0,1236000000.0,8939000000.0,209.33,-8223000000.0
3,CI,MRQ,2020-09-30,2020-09-30,2020-09-30,2021-08-05,-541000000.0,160044000000.0,,34557000000.0,125487000000.0,,130.806,-252000000.0,5344000000.0,5344000000.0,35053000000.0,1398000000.0,0.787,2.331,35986000000.0,6449000000.0,29537000000.0,35986000000.0,0.0,702000000.0,0.0,0.0,0.0,2130000000.0,2832000000.0,0.069,2832000000.0,2130000000.0,1794000000.0,3.81,3.78,3.81,48032000000.0,,48032000000.0,91546458559.0,11.0,8.153,643000000.0,1.751,1.0,5902000000.0,0.144,80177000000.0,336000000.0,66623000000.0,,2657000000.0,23276000000.0,1324000000.0,21952000000.0,111946000000.0,43886000000.0,68060000000.0,62207458559.0,-1717000000.0,-135000000.0,-1018000000.0,-554000000.0,0.0,-1682000000.0,-938000000.0,-551000000.0,895000000.0,8000000.0,1388000000.0,1388000000.0,1388000000.0,0.0,10000000.0,0.034,3794000000.0,2108000000.0,17866000000.0,0.0,1.295,11.737,11.756,4203000000.0,0.0,169.41,0.396,0.396,18386000000.0,24440000000.0,40955000000.0,40955000000.0,0.0,,,,,0.0,3301000000.0,1.0,367200629.0,367200629.0,,111.533,79867000000.0,0.0,406000000.0,9142000000.0,217.502,-9329000000.0
4,CI,MRQ,2020-06-30,2020-06-30,2020-06-30,2021-08-05,-788000000.0,159628000000.0,,34880000000.0,124748000000.0,,128.37,-256000000.0,7185000000.0,7185000000.0,32723000000.0,1760000000.0,0.827,2.369,36524000000.0,4750000000.0,31774000000.0,36524000000.0,0.0,694000000.0,0.0,0.0,0.0,2657000000.0,3351000000.0,0.085,3351000000.0,2657000000.0,2283000000.0,4.77,4.73,4.77,47366000000.0,,47366000000.0,101274281648.0,12.0,8.822,3018000000.0,8.179,1.0,6542000000.0,0.167,80381000000.0,374000000.0,66407000000.0,,2712000000.0,22528000000.0,1190000000.0,21338000000.0,112223000000.0,42179000000.0,70044000000.0,69239281648.0,2747000000.0,0.0,-292000000.0,11000000.0,-15000000.0,-312000000.0,-237000000.0,19000000.0,3274000000.0,22000000.0,1754000000.0,1754000000.0,1754000000.0,0.0,6000000.0,0.045,3903000000.0,2639000000.0,17269000000.0,0.0,1.462,13.156,13.215,4255000000.0,0.0,187.65,0.448,0.448,17636000000.0,23052000000.0,39265000000.0,39265000000.0,0.0,,,,,0.0,3407000000.0,1.0,368980984.0,368980984.0,,106.415,79247000000.0,0.0,529000000.0,9170000000.0,214.773,-7299000000.0
5,CI,MRQ,2020-03-31,2020-03-31,2020-03-31,2021-08-05,-1527000000.0,154711000000.0,,30877000000.0,123834000000.0,,121.166,-267000000.0,4452000000.0,4452000000.0,32512000000.0,1189000000.0,0.765,2.431,36487000000.0,4340000000.0,32147000000.0,36487000000.0,0.0,693000000.0,0.0,0.0,0.04,1780000000.0,2473000000.0,0.064,2473000000.0,1780000000.0,1389000000.0,3.19,3.15,3.19,45079000000.0,,45079000000.0,98706595395.0,13.0,8.792,1620000000.0,4.354,1.0,5957000000.0,0.155,80746000000.0,391000000.0,65620000000.0,,2565000000.0,21581000000.0,973000000.0,20608000000.0,109590000000.0,40380000000.0,69210000000.0,65918595395.0,-237000000.0,0.0,-803000000.0,-1111000000.0,0.0,-1818000000.0,-269000000.0,-39000000.0,1887000000.0,-37000000.0,1181000000.0,1181000000.0,1181000000.0,0.0,8000000.0,0.031,3896000000.0,2061000000.0,16382000000.0,0.013,1.462,13.406,13.464,4317000000.0,0.0,177.18,0.428,0.428,16782000000.0,21298000000.0,38469000000.0,38469000000.0,0.0,,,,,0.0,3398000000.0,1.0,372043094.0,372043094.0,,103.399,73965000000.0,0.0,208000000.0,9066000000.0,198.808,-9503000000.0
6,CI,MRQ,2019-12-31,2019-12-31,2019-12-31,2021-08-05,-941000000.0,155774000000.0,,29845000000.0,125929000000.0,,121.411,-310000000.0,4619000000.0,4619000000.0,31992000000.0,984000000.0,0.744,2.435,37407000000.0,5514000000.0,31893000000.0,37407000000.0,0.0,927000000.0,0.0,0.0,0.0,1645000000.0,2572000000.0,0.067,2572000000.0,1645000000.0,1254000000.0,2.64,2.61,2.64,45338000000.0,,45338000000.0,110537754116.0,13.0,9.299,2483000000.0,6.649,1.0,6253000000.0,0.163,81164000000.0,391000000.0,67260000000.0,,2661000000.0,22479000000.0,937000000.0,21542000000.0,110395000000.0,40138000000.0,70257000000.0,76361754116.0,834000000.0,-147000000.0,-324000000.0,-1356000000.0,0.0,-1707000000.0,-271000000.0,190000000.0,2793000000.0,19000000.0,977000000.0,977000000.0,977000000.0,0.0,7000000.0,0.026,4692000000.0,1561000000.0,15544000000.0,0.0,1.684,14.961,15.058,4417000000.0,0.0,204.49,0.497,0.497,15816000000.0,20162000000.0,38245000000.0,38245000000.0,0.0,,,,,0.0,3957000000.0,1.0,373425371.0,373425371.0,,102.417,74610000000.0,0.0,277000000.0,9387000000.0,199.799,-10293000000.0
7,CI,MRQ,2019-09-30,2019-09-30,2019-09-30,2021-08-05,-858000000.0,154847000000.0,,21168000000.0,133679000000.0,,118.366,-243000000.0,4577000000.0,4577000000.0,32286000000.0,1354000000.0,0.615,2.464,38753000000.0,4712000000.0,34041000000.0,38753000000.0,0.0,913000000.0,0.0,0.0,0.0,2171000000.0,3084000000.0,0.08,3084000000.0,2171000000.0,1760000000.0,3.6,3.57,3.6,44696000000.0,,44696000000.0,92902311397.0,13.0,9.214,2218000000.0,5.874,1.0,6270000000.0,0.163,81546000000.0,411000000.0,73030000000.0,,2160000000.0,30275000000.0,1371000000.0,28904000000.0,110114000000.0,34447000000.0,75667000000.0,57317311397.0,967000000.0,0.0,-643000000.0,-458000000.0,0.0,-1173000000.0,-304000000.0,-60000000.0,2461000000.0,-17000000.0,1351000000.0,1351000000.0,1351000000.0,0.0,3000000.0,0.035,4147000000.0,2123000000.0,15359000000.0,0.0,1.282,13.42,13.374,4448000000.0,0.0,151.79,0.442,0.442,16993000000.0,19185000000.0,38556000000.0,38556000000.0,0.0,,,,,0.0,3413000000.0,1.0,377609272.0,377609272.0,,102.106,73301000000.0,0.0,409000000.0,9284000000.0,194.119,-13279000000.0
8,CI,MRQ,2019-06-30,2019-06-30,2019-06-30,2021-08-05,-965000000.0,154401000000.0,,20709000000.0,133692000000.0,,115.467,-303000000.0,3610000000.0,3610000000.0,32539000000.0,1410000000.0,0.65,2.523,39195000000.0,2310000000.0,36885000000.0,39195000000.0,0.0,914000000.0,0.0,0.0,0.0,2184000000.0,3098000000.0,0.08,3098000000.0,2184000000.0,1756000000.0,3.73,3.7,3.73,43815000000.0,,43815000000.0,95293552758.0,16.0,11.494,736000000.0,1.94,1.0,6280000000.0,0.162,82166000000.0,428000000.0,75953000000.0,,2298000000.0,29845000000.0,1665000000.0,28180000000.0,110552000000.0,31867000000.0,78685000000.0,59783552758.0,-1366000000.0,0.0,-387000000.0,-1313000000.0,0.0,-1773000000.0,-634000000.0,-325000000.0,1039000000.0,2000000.0,1408000000.0,1408000000.0,1408000000.0,0.0,2000000.0,0.036,4117000000.0,2163000000.0,15914000000.0,0.0,1.364,16.193,14.414,4538000000.0,0.0,157.55,0.583,0.583,17024000000.0,17834000000.0,38819000000.0,38819000000.0,0.0,,,,,0.0,3380000000.0,1.0,379457650.0,379457650.0,,102.301,72235000000.0,0.0,348000000.0,9407000000.0,190.364,-11158000000.0
9,CI,MRQ,2019-03-31,2019-03-31,2019-03-31,2021-08-05,-1282000000.0,154348000000.0,,21136000000.0,133212000000.0,,111.583,-194000000.0,4976000000.0,4976000000.0,31670000000.0,1372000000.0,0.641,2.639,40486000000.0,2915000000.0,37571000000.0,40486000000.0,0.0,897000000.0,0.0,0.0,0.04,2236000000.0,3133000000.0,0.083,3133000000.0,2236000000.0,1784000000.0,3.61,3.56,3.61,42408000000.0,,42408000000.0,99744083073.0,20.0,15.381,2998000000.0,7.888,1.0,6276000000.0,0.165,82875000000.0,452000000.0,74014000000.0,,2382000000.0,28919000000.0,1662000000.0,27257000000.0,111897000000.0,32969000000.0,78928000000.0,61121083073.0,1121000000.0,-6000000.0,-409000000.0,-2048000000.0,0.0,-2534000000.0,475000000.0,675000000.0,3192000000.0,-12000000.0,1368000000.0,1368000000.0,1368000000.0,0.0,4000000.0,0.036,4046000000.0,2230000000.0,15633000000.0,0.011,1.441,19.78,15.287,4523000000.0,0.0,160.82,0.813,0.813,16326000000.0,16426000000.0,37946000000.0,37946000000.0,0.0,,,,,0.0,3303000000.0,1.0,380058967.0,380058967.0,,99.842,71473000000.0,0.0,416000000.0,9403000000.0,188.058,-11833000000.0
10,CI,MRQ,2018-12-31,2018-12-31,2018-12-31,2021-08-05,-1711000000.0,153226000000.0,,20430000000.0,132796000000.0,,168.469,-182000000.0,3855000000.0,3855000000.0,10125000000.0,147000000.0,0.641,2.734,42478000000.0,2955000000.0,39523000000.0,42478000000.0,0.0,257000000.0,0.0,0.0,0.0,511000000.0,768000000.0,0.054,768000000.0,511000000.0,225000000.0,0.41,0.4,0.41,41028000000.0,,41028000000.0,47270027609.0,12.0,9.92,-56000000.0,-0.23,1.0,4175000000.0,0.292,83508000000.0,286000000.0,76446000000.0,,2821000000.0,28974000000.0,2045000000.0,26929000000.0,112154000000.0,31895000000.0,80259000000.0,46252027609.0,-20177000000.0,-24455000000.0,-5000000.0,4568000000.0,0.0,4400000000.0,-24704000000.0,-67000000.0,126000000.0,1000000.0,144000000.0,144000000.0,144000000.0,0.0,3000000.0,0.01,3616000000.0,559000000.0,15068000000.0,0.0,1.127,17.54,17.766,4562000000.0,0.0,189.92,0.951,0.951,15980000000.0,15088000000.0,14300000000.0,14300000000.0,0.0,,,,,0.0,3480000000.0,1.0,243534265.0,243534265.0,,58.719,69718000000.0,0.0,81000000.0,9453000000.0,286.276,-11465000000.0
11,CI,MRQ,2018-09-30,2018-09-30,2018-09-30,2021-08-05,-1857000000.0,82956000000.0,,,,,63.916,-126000000.0,24032000000.0,24032000000.0,7405000000.0,774000000.0,,4.331,25050000000.0,,,25050000000.0,683000000.0,162000000.0,8069000000.0,0.0,0.0,1130000000.0,1292000000.0,0.113,1292000000.0,1130000000.0,1031000000.0,3.18,3.14,3.18,15555000000.0,,15555000000.0,52350673577.0,11.0,10.171,498000000.0,2.046,1.0,4052000000.0,0.354,6129000000.0,99000000.0,77845000000.0,,0.0,28976000000.0,,,67371000000.0,,,50680673577.0,20398000000.0,0.0,14000000.0,19780000000.0,0.0,19657000000.0,125000000.0,263000000.0,624000000.0,-8000000.0,772000000.0,772000000.0,772000000.0,0.0,2000000.0,0.067,2920000000.0,1132000000.0,10496000000.0,0.0,3.258,18.369,18.252,1559000000.0,0.0,208.25,1.132,1.132,9389000000.0,18474000000.0,11457000000.0,11457000000.0,0.0,,,,,0.0,2872000000.0,1.0,243364579.0,243364579.0,,47.078,76827000000.0,132000000.0,259000000.0,0.0,315.687,
12,CI,MRQ,2018-06-30,2018-06-30,2018-06-30,2021-08-05,-1843000000.0,63102000000.0,,,,,60.604,-117000000.0,3634000000.0,3634000000.0,7458000000.0,808000000.0,,3.277,5304000000.0,,,5304000000.0,1244000000.0,136000000.0,8121000000.0,0.0,0.0,1156000000.0,1292000000.0,0.113,1292000000.0,1156000000.0,1100000000.0,3.32,3.29,3.32,14743000000.0,,14743000000.0,43873429060.0,10.0,9.11,878000000.0,3.609,1.0,4022000000.0,0.35,6147000000.0,56000000.0,58625000000.0,,0.0,29339000000.0,,,48320000000.0,,,41343429060.0,863000000.0,0.0,7000000.0,-2000000.0,0.0,-12000000.0,-99000000.0,18000000.0,995000000.0,-21000000.0,806000000.0,806000000.0,806000000.0,0.0,2000000.0,0.07,2861000000.0,1161000000.0,10411000000.0,0.0,2.804,16.232,16.217,1554000000.0,0.0,169.95,0.944,0.944,9289000000.0,17722000000.0,11480000000.0,11480000000.0,0.0,,,,,0.0,2837000000.0,1.0,243268191.0,243268191.0,,47.191,56955000000.0,140000000.0,294000000.0,0.0,234.124,
13,CI,MRQ,2018-03-31,2018-03-31,2018-03-31,2021-08-05,-1547000000.0,63141000000.0,,,,,58.446,-103000000.0,2771000000.0,2771000000.0,7333000000.0,917000000.0,,3.445,5301000000.0,,,5301000000.0,1291000000.0,140000000.0,8153000000.0,0.0,0.04,1273000000.0,1413000000.0,0.124,1413000000.0,1273000000.0,1216000000.0,3.78,3.72,3.78,14195000000.0,,14195000000.0,43206912383.0,10.0,9.0,1922000000.0,7.914,1.0,4080000000.0,0.357,6170000000.0,57000000.0,59501000000.0,,0.0,29864000000.0,,,48897000000.0,,,40739912383.0,-201000000.0,0.0,-290000000.0,-134000000.0,0.0,-530000000.0,-1700000000.0,-1597000000.0,2025000000.0,4000000.0,915000000.0,915000000.0,915000000.0,0.0,2000000.0,0.08,2772000000.0,1308000000.0,10750000000.0,0.011,2.87,15.951,16.191,1552000000.0,0.0,167.74,0.953,0.953,9400000000.0,16933000000.0,11413000000.0,11413000000.0,0.0,,,,,0.0,2745000000.0,1.0,242875357.0,242875357.0,,46.991,56971000000.0,96000000.0,301000000.0,0.0,234.569,
14,CI,MRQ,2017-12-31,2017-12-31,2017-12-31,2021-08-05,-1082000000.0,61759000000.0,,9311000000.0,52448000000.0,,55.612,-131000000.0,2972000000.0,2972000000.0,7172000000.0,267000000.0,0.846,3.501,5439000000.0,240000000.0,5199000000.0,5439000000.0,0.0,141000000.0,0.0,0.0,0.0,1009000000.0,1150000000.0,0.11,1150000000.0,1009000000.0,757000000.0,1.13,1.1,1.13,13711000000.0,,13711000000.0,51763779792.0,13.0,11.687,444000000.0,1.801,1.0,3246000000.0,0.312,6509000000.0,252000000.0,46708000000.0,,228000000.0,28619000000.0,2136000000.0,26483000000.0,47999000000.0,11009000000.0,36990000000.0,50071779792.0,-684000000.0,-176000000.0,-744000000.0,93000000.0,0.0,-683000000.0,-603000000.0,-296000000.0,575000000.0,27000000.0,266000000.0,266000000.0,266000000.0,0.0,1000000.0,0.026,2152000000.0,1094000000.0,489000000.0,0.0,3.652,22.383,22.768,1563000000.0,0.0,203.09,1.198,1.198,8918000000.0,15800000000.0,10418000000.0,10418000000.0,0.0,,,,,0.0,2125000000.0,1.0,246549706.0,246549706.0,,42.255,55250000000.0,39000000.0,491000000.0,0.0,224.093,-1698000000.0
15,CI,MRQ,2017-09-30,2017-09-30,2017-09-30,2021-08-05,-1124000000.0,61936000000.0,,,,,56.18,-146000000.0,3656000000.0,3656000000.0,6799000000.0,562000000.0,,3.375,5348000000.0,,,5348000000.0,1194000000.0,139000000.0,8246000000.0,0.0,0.0,822000000.0,961000000.0,0.092,961000000.0,822000000.0,822000000.0,2.25,2.21,2.25,14145000000.0,,14145000000.0,48219401940.0,13.0,11.162,1089000000.0,4.325,1.0,3690000000.0,0.352,6001000000.0,0.0,57627000000.0,,0.0,28245000000.0,,,47739000000.0,,,47067401940.0,45000000.0,-19000000.0,-1031000000.0,269000000.0,0.0,-825000000.0,-368000000.0,-203000000.0,1235000000.0,3000000.0,560000000.0,560000000.0,560000000.0,0.0,2000000.0,0.053,2866000000.0,824000000.0,9585000000.0,0.0,3.327,20.003,20.144,1526000000.0,0.0,186.94,1.134,1.134,9469000000.0,15590000000.0,10489000000.0,10489000000.0,0.0,,,,,0.0,2838000000.0,1.0,251778121.0,251778121.0,,41.66,55935000000.0,172000000.0,262000000.0,0.0,222.16,
16,CI,MRQ,2017-06-30,2017-06-30,2017-06-30,2021-08-05,-1146000000.0,61738000000.0,,,,,56.817,-103000000.0,3611000000.0,3611000000.0,6851000000.0,810000000.0,,3.24,4763000000.0,,,4763000000.0,1181000000.0,140000000.0,8350000000.0,0.0,0.0,1137000000.0,1277000000.0,0.122,1277000000.0,1137000000.0,1137000000.0,3.2,3.15,3.2,14546000000.0,,14546000000.0,43462287074.0,12.0,10.214,594000000.0,2.32,1.0,3574000000.0,0.343,6000000000.0,0.0,56890000000.0,,0.0,27932000000.0,,,47133000000.0,,,42854287074.0,-544000000.0,-14000000.0,-618000000.0,-4000000.0,0.0,-628000000.0,-615000000.0,-498000000.0,697000000.0,2000000.0,813000000.0,813000000.0,813000000.0,0.0,-3000000.0,0.078,2440000000.0,1134000000.0,9449000000.0,0.0,2.946,19.055,19.0,1509000000.0,0.0,167.39,1.048,1.048,9721000000.0,15102000000.0,10425000000.0,10425000000.0,0.0,,,,,0.0,2412000000.0,1.0,256014619.0,256014619.0,,40.72,55738000000.0,199000000.0,324000000.0,0.0,217.714,
17,CI,MRQ,2017-03-31,2017-03-31,2017-03-31,2021-08-05,-1252000000.0,61147000000.0,,,,,55.343,-91000000.0,4155000000.0,4155000000.0,6897000000.0,593000000.0,,3.294,4763000000.0,,,4763000000.0,1204000000.0,146000000.0,8415000000.0,0.0,0.04,895000000.0,1041000000.0,0.099,1041000000.0,895000000.0,895000000.0,2.34,2.3,2.34,14226000000.0,,14226000000.0,39502606662.0,12.0,10.001,1488000000.0,5.789,1.0,3577000000.0,0.342,5982000000.0,0.0,55773000000.0,,0.0,27259000000.0,,,46862000000.0,,,37655606662.0,970000000.0,0.0,-201000000.0,-260000000.0,0.0,-515000000.0,-117000000.0,-26000000.0,1579000000.0,23000000.0,598000000.0,598000000.0,598000000.0,0.0,-5000000.0,0.057,2687000000.0,890000000.0,9437000000.0,0.017,2.647,19.35,19.25,1519000000.0,0.0,146.49,0.931,0.931,9540000000.0,14356000000.0,10474000000.0,10474000000.0,0.0,,,,,0.0,2655000000.0,1.0,257052404.0,257052404.0,,40.747,55165000000.0,263000000.0,297000000.0,0.0,214.606,
18,CI,MRQ,2016-12-31,2016-12-31,2016-12-31,2021-08-05,-1382000000.0,59360000000.0,,,,,53.451,-99000000.0,3185000000.0,3185000000.0,6612000000.0,374000000.0,,3.321,5032000000.0,,,5032000000.0,634000000.0,150000000.0,8458000000.0,0.0,0.0,891000000.0,1041000000.0,0.103,1041000000.0,891000000.0,613000000.0,1.49,1.47,1.49,13723000000.0,,13723000000.0,36073366923.0,11.0,9.271,748000000.0,2.913,1.0,3502000000.0,0.346,5980000000.0,278000000.0,55227000000.0,,0.0,26815000000.0,,,45575000000.0,,,34246366923.0,-39000000.0,1000000.0,13000000.0,-5000000.0,0.0,30000000.0,-880000000.0,-782000000.0,847000000.0,-36000000.0,382000000.0,382000000.0,382000000.0,0.0,-8000000.0,0.038,2788000000.0,714000000.0,8946000000.0,0.0,2.496,18.343,18.248,1536000000.0,0.0,133.39,0.86,0.86,9555000000.0,13855000000.0,10114000000.0,10114000000.0,0.0,,,,,0.0,2752000000.0,1.0,256738638.0,256738638.0,,39.394,53380000000.0,304000000.0,231000000.0,0.0,207.916,
19,CI,MRQ,2016-09-30,2016-09-30,2016-09-30,2021-08-05,-715000000.0,60762000000.0,,,,,54.465,-108000000.0,3224000000.0,3224000000.0,6673000000.0,452000000.0,,3.343,5051000000.0,,,5051000000.0,1179000000.0,150000000.0,8470000000.0,0.0,0.0,746000000.0,896000000.0,0.091,896000000.0,746000000.0,746000000.0,1.78,1.76,1.78,13974000000.0,,13974000000.0,36071222078.0,12.0,9.88,1804000000.0,7.031,1.0,3207000000.0,0.325,6007000000.0,0.0,56582000000.0,,0.0,27101000000.0,,,46712000000.0,,,33436222078.0,770000000.0,-1000000.0,9000000.0,-32000000.0,0.0,-32000000.0,-1122000000.0,-912000000.0,1912000000.0,12000000.0,456000000.0,456000000.0,456000000.0,0.0,-4000000.0,0.046,2465000000.0,742000000.0,8924000000.0,0.0,2.393,17.497,17.422,1561000000.0,0.0,130.32,0.852,0.852,10116000000.0,13487000000.0,9880000000.0,9880000000.0,0.0,,,,,0.0,2428000000.0,1.0,256570151.0,256570151.0,,38.508,54755000000.0,110000000.0,290000000.0,0.0,213.411,
20,CI,MRQ,2016-06-30,2016-06-30,2016-06-30,2021-08-05,-844000000.0,59506000000.0,,,,,52.068,-142000000.0,2454000000.0,2454000000.0,6821000000.0,503000000.0,,3.449,5089000000.0,,,5089000000.0,618000000.0,152000000.0,8464000000.0,0.0,0.0,820000000.0,972000000.0,0.098,972000000.0,820000000.0,820000000.0,2.0,1.97,2.0,13356000000.0,,13356000000.0,35620109493.0,11.0,9.411,204000000.0,0.795,1.0,3139000000.0,0.315,6017000000.0,0.0,56124000000.0,,0.0,25863000000.0,,,46071000000.0,,,32831109493.0,53000000.0,-4000000.0,4000000.0,-105000000.0,0.0,-77000000.0,-212000000.0,-66000000.0,346000000.0,-4000000.0,510000000.0,510000000.0,510000000.0,0.0,-7000000.0,0.051,2326000000.0,813000000.0,9146000000.0,0.0,2.458,16.399,16.325,1556000000.0,0.0,127.99,0.847,0.847,11034000000.0,13046000000.0,9960000000.0,9960000000.0,0.0,,,,,0.0,2289000000.0,1.0,256513083.0,256513083.0,,38.828,53489000000.0,210000000.0,310000000.0,0.0,208.523,
21,CI,MRQ,2016-03-31,2016-03-31,2016-03-31,2021-08-05,-988000000.0,58884000000.0,,,,,49.557,-112000000.0,2401000000.0,2401000000.0,6703000000.0,514000000.0,,3.639,5190000000.0,,,5190000000.0,646000000.0,158000000.0,8455000000.0,0.0,0.04,824000000.0,982000000.0,0.099,982000000.0,824000000.0,824000000.0,2.04,2.0,2.04,12675000000.0,,12675000000.0,38302368384.0,12.0,9.811,809000000.0,3.163,1.0,3181000000.0,0.322,6029000000.0,0.0,55644000000.0,,0.0,25447000000.0,,,46127000000.0,,,35101368384.0,433000000.0,0.0,-129000000.0,-6000000.0,0.0,-146000000.0,-360000000.0,-248000000.0,921000000.0,18000000.0,519000000.0,519000000.0,519000000.0,0.0,-5000000.0,0.053,2362000000.0,819000000.0,9392000000.0,0.02,2.769,16.876,16.86,1534000000.0,0.0,137.24,0.917,0.917,10681000000.0,12541000000.0,9884000000.0,9884000000.0,0.0,,,,,0.0,2321000000.0,1.0,255766310.0,255766310.0,,38.645,52855000000.0,276000000.0,305000000.0,0.0,206.653,
22,CI,MRQ,2015-12-31,2015-12-31,2015-12-31,2021-08-05,-1250000000.0,57088000000.0,,,,,46.72,-153000000.0,1968000000.0,1968000000.0,6453000000.0,418000000.0,,3.737,5169000000.0,,,5169000000.0,629000000.0,134000000.0,8443000000.0,0.0,0.0,667000000.0,801000000.0,0.084,801000000.0,667000000.0,667000000.0,1.66,1.64,1.66,12035000000.0,,12035000000.0,40518597464.0,12.0,10.313,983000000.0,3.816,1.0,3075000000.0,0.323,6019000000.0,0.0,54270000000.0,,0.0,24713000000.0,,,44975000000.0,,,37694597464.0,-413000000.0,11000000.0,-117000000.0,-6000000.0,0.0,-106000000.0,-1439000000.0,-1297000000.0,1136000000.0,-4000000.0,426000000.0,426000000.0,426000000.0,0.0,-8000000.0,0.045,2416000000.0,659000000.0,8848000000.0,0.0,3.132,18.001,17.911,1534000000.0,0.0,146.33,0.995,0.995,10507000000.0,12121000000.0,9528000000.0,9528000000.0,0.0,,,,,0.0,2395000000.0,1.0,257599928.0,257599928.0,,36.988,51069000000.0,379000000.0,241000000.0,0.0,198.249,
23,CI,MRQ,2015-09-30,2015-09-30,2015-09-30,2021-08-05,-1215000000.0,56909000000.0,,,,,45.725,-111000000.0,2381000000.0,2381000000.0,6301000000.0,544000000.0,,3.827,5205000000.0,,,5205000000.0,591000000.0,149000000.0,8418000000.0,0.0,0.0,881000000.0,1030000000.0,0.11,1030000000.0,881000000.0,881000000.0,2.14,2.1,2.14,11774000000.0,,11774000000.0,37994025127.0,11.0,9.456,503000000.0,1.953,1.0,3088000000.0,0.329,6040000000.0,0.0,53693000000.0,,0.0,23899000000.0,,,45055000000.0,,,34767025127.0,412000000.0,-3000000.0,8000000.0,-5000000.0,0.0,17000000.0,-201000000.0,-87000000.0,614000000.0,-18000000.0,547000000.0,547000000.0,547000000.0,0.0,-3000000.0,0.058,2210000000.0,878000000.0,8913000000.0,0.0,2.953,16.284,16.209,1483000000.0,0.0,135.02,0.933,0.933,10650000000.0,11706000000.0,9389000000.0,9389000000.0,0.0,,,,,0.0,2171000000.0,1.0,257495372.0,257495372.0,,36.463,50869000000.0,327000000.0,334000000.0,0.0,197.553,
24,CI,MRQ,2015-06-30,2015-06-30,2015-06-30,2021-08-05,-1125000000.0,57132000000.0,,,,,43.867,-131000000.0,1969000000.0,1969000000.0,6305000000.0,584000000.0,,4.053,5196000000.0,,,5196000000.0,627000000.0,151000000.0,8433000000.0,0.0,0.0,940000000.0,1091000000.0,0.115,1091000000.0,940000000.0,940000000.0,2.3,2.26,2.3,11290000000.0,,11290000000.0,45134465016.0,13.0,11.412,315000000.0,1.224,1.0,3187000000.0,0.336,6041000000.0,0.0,54318000000.0,,0.0,23819000000.0,,,45753000000.0,,,41693465016.0,-651000000.0,0.0,-94000000.0,-943000000.0,0.0,-1050000000.0,-47000000.0,84000000.0,446000000.0,0.0,588000000.0,588000000.0,588000000.0,0.0,-4000000.0,0.062,2251000000.0,936000000.0,9118000000.0,0.0,3.693,19.648,19.684,1502000000.0,0.0,162.0,1.138,1.138,10811000000.0,11178000000.0,9492000000.0,9492000000.0,0.0,,,,,0.0,2212000000.0,1.0,257367068.0,257367068.0,,36.881,51091000000.0,369000000.0,352000000.0,0.0,198.514,
25,CI,MRQ,2015-03-31,2015-03-31,2015-03-31,2021-08-05,-934000000.0,58122000000.0,,,,,42.338,-115000000.0,2620000000.0,2620000000.0,6365000000.0,531000000.0,,4.303,6061000000.0,,,6061000000.0,634000000.0,151000000.0,8452000000.0,0.0,0.04,856000000.0,1007000000.0,0.106,1007000000.0,856000000.0,856000000.0,2.08,2.04,2.08,10942000000.0,,10942000000.0,37184825418.0,11.0,9.522,622000000.0,2.407,1.0,3102000000.0,0.328,6029000000.0,0.0,55534000000.0,,0.0,24408000000.0,,,47081000000.0,,,33452825418.0,1200000000.0,-107000000.0,-314000000.0,889000000.0,0.0,530000000.0,-49000000.0,173000000.0,737000000.0,-18000000.0,533000000.0,533000000.0,533000000.0,0.0,-2000000.0,0.056,2248000000.0,854000000.0,9259000000.0,0.019,3.057,15.877,16.0,1486000000.0,0.0,129.44,0.932,0.932,10407000000.0,10635000000.0,9467000000.0,9467000000.0,0.0,,,,,0.0,2204000000.0,1.0,258442718.0,258442718.0,,36.631,52093000000.0,241000000.0,323000000.0,0.0,201.565,
26,CI,MRQ,2014-12-31,2014-12-31,2014-12-31,2021-08-05,-936000000.0,55870000000.0,,,,,41.188,-123000000.0,1420000000.0,1420000000.0,5983000000.0,462000000.0,,4.176,5126000000.0,,,5126000000.0,621000000.0,153000000.0,8430000000.0,0.0,0.0,737000000.0,890000000.0,0.1,890000000.0,737000000.0,737000000.0,1.81,1.78,1.81,10774000000.0,,10774000000.0,30443058357.0,9.0,7.806,563000000.0,2.152,1.0,2945000000.0,0.33,5989000000.0,0.0,53587000000.0,,0.0,24342000000.0,,,44991000000.0,,,26919058357.0,-201000000.0,0.0,-339000000.0,-8000000.0,0.0,-411000000.0,-461000000.0,-338000000.0,686000000.0,-15000000.0,467000000.0,467000000.0,467000000.0,0.0,-5000000.0,0.052,2213000000.0,732000000.0,8444000000.0,0.0,2.499,12.806,12.912,1502000000.0,0.0,102.91,0.771,0.771,9837000000.0,10289000000.0,8928000000.0,8928000000.0,0.0,,,,,0.0,2164000000.0,1.0,261578645.0,261578645.0,,34.131,49881000000.0,293000000.0,270000000.0,0.0,190.692,
27,CI,MRQ,2014-09-30,2014-09-30,2014-09-30,2021-08-05,-419000000.0,55653000000.0,,,,,42.291,-114000000.0,1621000000.0,1621000000.0,5859000000.0,531000000.0,,3.978,5145000000.0,,,5145000000.0,602000000.0,146000000.0,8438000000.0,0.0,0.0,821000000.0,967000000.0,0.11,967000000.0,821000000.0,821000000.0,2.04,2.01,2.04,11157000000.0,,11157000000.0,27101570169.0,9.0,7.327,356000000.0,1.349,1.0,2898000000.0,0.331,6003000000.0,0.0,53174000000.0,,0.0,24061000000.0,,,44385000000.0,,,23925570169.0,-346000000.0,0.0,-214000000.0,-8000000.0,0.0,-217000000.0,-573000000.0,-423000000.0,470000000.0,-26000000.0,534000000.0,534000000.0,534000000.0,0.0,-3000000.0,0.061,2080000000.0,818000000.0,7645000000.0,0.0,2.144,11.987,12.124,1494000000.0,0.0,90.69,0.701,0.701,9660000000.0,15196000000.0,8757000000.0,8757000000.0,0.0,,,,,0.0,2034000000.0,1.0,263817071.0,263817071.0,,33.193,49650000000.0,19000000.0,287000000.0,0.0,188.199,
28,CI,MRQ,2014-06-30,2014-06-30,2014-06-30,2021-08-05,-273000000.0,55929000000.0,,,,,40.711,-139000000.0,1967000000.0,1967000000.0,5788000000.0,572000000.0,,4.103,5143000000.0,,,5143000000.0,625000000.0,139000000.0,8459000000.0,0.0,0.0,902000000.0,1041000000.0,0.119,1041000000.0,902000000.0,902000000.0,2.16,2.12,2.16,10937000000.0,,10937000000.0,27663827504.0,9.0,7.523,373000000.0,1.388,1.0,2945000000.0,0.337,6033000000.0,0.0,53072000000.0,,0.0,23752000000.0,,,44878000000.0,,,24707827504.0,-309000000.0,0.0,-377000000.0,-90000000.0,0.0,-508000000.0,-326000000.0,-187000000.0,512000000.0,13000000.0,573000000.0,573000000.0,573000000.0,0.0,-1000000.0,0.066,2044000000.0,901000000.0,8002000000.0,0.0,2.259,12.262,12.378,1498000000.0,0.0,91.97,0.739,0.739,9789000000.0,14677000000.0,8733000000.0,8733000000.0,0.0,,,,,0.0,1996000000.0,1.0,268650946.0,268650946.0,,32.507,49896000000.0,0.0,329000000.0,34000000.0,185.728,
29,CI,MRQ,2014-03-31,2014-03-31,2014-03-31,2021-08-05,-433000000.0,55173000000.0,,,,,38.587,-97000000.0,2276000000.0,2276000000.0,5611000000.0,529000000.0,,4.216,5232000000.0,,,5232000000.0,637000000.0,150000000.0,8498000000.0,0.0,0.04,852000000.0,1002000000.0,0.118,1002000000.0,852000000.0,852000000.0,1.96,1.92,1.96,10556000000.0,,10556000000.0,25357681515.0,9.0,7.141,393000000.0,1.437,1.0,2885000000.0,0.34,6030000000.0,0.0,52099000000.0,,0.0,23105000000.0,,,44508000000.0,,,22905681515.0,-519000000.0,0.0,-572000000.0,-6000000.0,0.0,-499000000.0,-506000000.0,-421000000.0,490000000.0,-4000000.0,528000000.0,528000000.0,528000000.0,0.0,1000000.0,0.062,2032000000.0,853000000.0,7942000000.0,0.02,2.17,11.765,11.86,1450000000.0,0.0,83.73,0.701,0.701,9645000000.0,14136000000.0,8496000000.0,8496000000.0,0.0,,,,,0.0,1980000000.0,1.0,273566004.0,273566004.0,,31.056,49143000000.0,27000000.0,324000000.0,0.0,179.639,
30,CI,MRQ,2013-12-31,2013-12-31,2013-12-31,2021-08-05,-520000000.0,54336000000.0,,,,,38.229,-113000000.0,2795000000.0,2795000000.0,5524000000.0,360000000.0,,4.132,5247000000.0,,,5247000000.0,580000000.0,152000000.0,8470000000.0,0.0,0.0,537000000.0,689000000.0,0.085,689000000.0,537000000.0,537000000.0,1.32,1.29,1.32,10567000000.0,,10567000000.0,26364519660.0,12.0,9.514,499000000.0,1.805,1.0,2627000000.0,0.322,6029000000.0,0.0,50759000000.0,,0.0,22365000000.0,,,43659000000.0,,,24180519660.0,-260000000.0,-76000000.0,-149000000.0,-18000000.0,11000000.0,-159000000.0,-725000000.0,-578000000.0,612000000.0,12000000.0,361000000.0,361000000.0,361000000.0,0.0,-1000000.0,0.044,2091000000.0,536000000.0,7506000000.0,0.0,2.288,16.382,16.568,1464000000.0,0.0,87.48,0.747,0.747,9290000000.0,13676000000.0,8151000000.0,8151000000.0,0.0,,,,,0.0,1856000000.0,1.0,276411976.0,276411976.0,,29.489,48307000000.0,92000000.0,176000000.0,0.0,174.764,
31,CI,MRQ,2013-09-30,2013-09-30,2013-09-30,2021-08-05,-959000000.0,54043000000.0,,,,,34.91,-205000000.0,3055000000.0,3055000000.0,5334000000.0,553000000.0,,4.464,5239000000.0,,,5239000000.0,588000000.0,146000000.0,8499000000.0,0.001,0.0,799000000.0,945000000.0,0.117,945000000.0,799000000.0,799000000.0,1.99,1.95,1.99,9874000000.0,,9874000000.0,23713027368.0,11.0,8.309,625000000.0,2.21,1.0,2732000000.0,0.339,6035000000.0,0.0,50192000000.0,,0.0,21795000000.0,,,44074000000.0,,,21739027368.0,-154000000.0,0.0,-518000000.0,-79000000.0,0.0,-617000000.0,-407000000.0,-158000000.0,830000000.0,40000000.0,553000000.0,553000000.0,553000000.0,0.0,0.0,0.069,1933000000.0,799000000.0,8027000000.0,0.0,2.202,14.293,14.207,1451000000.0,0.0,76.86,0.683,0.683,9240000000.0,13327000000.0,8066000000.0,8066000000.0,0.0,,,,,0.0,1933000000.0,1.0,282839284.0,282839284.0,,28.518,48008000000.0,289000000.0,246000000.0,0.0,169.736,
32,CI,MRQ,2013-06-30,2013-06-30,2013-06-30,2021-08-05,-1014000000.0,53829000000.0,,,,,34.259,-125000000.0,3209000000.0,3209000000.0,5263000000.0,506000000.0,,4.496,5183000000.0,,,5183000000.0,587000000.0,149000000.0,8531000000.0,0.001,0.0,766000000.0,915000000.0,0.115,915000000.0,766000000.0,766000000.0,1.79,1.76,1.79,9775000000.0,,9775000000.0,22772024400.0,10.0,8.242,-43000000.0,-0.151,1.0,2717000000.0,0.34,5986000000.0,0.0,49817000000.0,,0.0,21631000000.0,,,43953000000.0,,,20683024400.0,-97000000.0,40000000.0,-145000000.0,-214000000.0,-11000000.0,-339000000.0,185000000.0,310000000.0,82000000.0,-25000000.0,505000000.0,505000000.0,505000000.0,0.0,1000000.0,0.063,1950000000.0,767000000.0,8220000000.0,0.0,2.116,14.423,14.326,1191000000.0,0.0,72.49,0.665,0.665,9384000000.0,12806000000.0,7980000000.0,7980000000.0,0.0,,,,,0.0,1950000000.0,1.0,285322450.0,285322450.0,,27.968,47843000000.0,335000000.0,261000000.0,0.0,167.68,
33,CI,MRQ,2013-03-31,2013-03-31,2013-03-31,2021-08-05,-756000000.0,54939000000.0,,,,,33.782,-84000000.0,3306000000.0,3306000000.0,6253000000.0,59000000.0,,4.676,5395000000.0,,,5395000000.0,577000000.0,150000000.0,8512000000.0,0.001,0.04,72000000.0,222000000.0,0.027,222000000.0,72000000.0,72000000.0,0.2,0.2,0.2,9660000000.0,,9660000000.0,20043982103.0,10.0,7.769,-889000000.0,-3.109,1.0,1930000000.0,0.236,5990000000.0,0.0,51038000000.0,,0.0,22499000000.0,,,45166000000.0,,,17834982103.0,328000000.0,-40000000.0,-41000000.0,195000000.0,0.0,185000000.0,962000000.0,1086000000.0,-805000000.0,-14000000.0,57000000.0,57000000.0,57000000.0,0.0,2000000.0,0.007,1856000000.0,74000000.0,8976000000.0,0.2,1.846,13.625,13.559,1109000000.0,0.0,62.37,0.584,0.584,9457000000.0,12328000000.0,8183000000.0,8183000000.0,0.0,,,,,0.0,1856000000.0,1.0,285954499.0,285954499.0,,28.616,48949000000.0,284000000.0,15000000.0,0.0,171.178,
34,CI,MRQ,2012-12-31,2012-12-31,2012-12-31,2021-08-05,-671000000.0,53734000000.0,,,,,34.17,-79000000.0,2978000000.0,2978000000.0,5021000000.0,407000000.0,,4.489,5187000000.0,,,5187000000.0,549000000.0,154000000.0,8508000000.0,0.001,0.0,618000000.0,772000000.0,0.101,772000000.0,618000000.0,618000000.0,1.43,1.41,1.43,9769000000.0,,9769000000.0,18259701479.0,7.0,6.014,714000000.0,2.497,1.0,2599000000.0,0.341,6001000000.0,0.0,49942000000.0,,0.0,23660000000.0,,,43851000000.0,,,15283701479.0,742000000.0,-113000000.0,-60000000.0,-44000000.0,0.0,-78000000.0,7000000.0,199000000.0,793000000.0,20000000.0,406000000.0,406000000.0,406000000.0,0.0,1000000.0,0.053,1980000000.0,619000000.0,8523000000.0,0.0,1.565,9.417,9.379,1120000000.0,0.0,53.46,0.525,0.525,8033000000.0,12330000000.0,7620000000.0,7620000000.0,0.0,,,,,0.0,1947000000.0,1.0,285890413.0,285890413.0,,26.654,47733000000.0,374000000.0,212000000.0,0.0,166.963,
35,CI,MRQ,2012-09-30,2012-09-30,2012-09-30,2021-08-05,-553000000.0,53531000000.0,,,,,33.049,-121000000.0,2236000000.0,2236000000.0,4796000000.0,466000000.0,,4.617,5212000000.0,,,5212000000.0,474000000.0,136000000.0,8537000000.0,0.001,0.0,718000000.0,854000000.0,0.117,854000000.0,718000000.0,718000000.0,1.64,1.61,1.64,9530000000.0,,9530000000.0,15768105729.0,7.0,5.654,-441000000.0,-1.529,1.0,2527000000.0,0.345,5878000000.0,0.0,50629000000.0,,0.0,23873000000.0,,,44001000000.0,,,13602105729.0,-809000000.0,-271000000.0,-79000000.0,11000000.0,0.0,-58000000.0,-441000000.0,-49000000.0,-320000000.0,10000000.0,466000000.0,466000000.0,466000000.0,0.0,0.0,0.064,1809000000.0,718000000.0,7954000000.0,0.0,1.427,9.129,8.985,1136000000.0,0.0,47.17,0.507,0.507,8105000000.0,11962000000.0,7323000000.0,7323000000.0,0.0,,,,,0.0,1862000000.0,1.0,288363488.0,288363488.0,,25.395,47653000000.0,407000000.0,252000000.0,0.0,165.253,
36,CI,MRQ,2012-06-30,2012-06-30,2012-06-30,2021-08-05,-671000000.0,53553000000.0,,,,,31.292,-127000000.0,3045000000.0,3045000000.0,4949000000.0,380000000.0,,4.936,5211000000.0,,,5211000000.0,1052000000.0,144000000.0,8568000000.0,0.001,0.0,588000000.0,732000000.0,0.099,732000000.0,588000000.0,588000000.0,1.33,1.31,1.33,9022000000.0,,9022000000.0,15792126288.0,9.0,6.884,809000000.0,2.806,1.0,2473000000.0,0.333,5710000000.0,0.0,50009000000.0,,0.0,23356000000.0,,,44531000000.0,,,12686126288.0,934000000.0,2000000.0,7000000.0,-14000000.0,-11000000.0,14000000.0,-4000000.0,121000000.0,936000000.0,-12000000.0,380000000.0,380000000.0,380000000.0,0.0,0.0,0.051,1885000000.0,588000000.0,8548000000.0,0.0,1.406,10.51,10.256,1115000000.0,0.0,44.0,0.505,0.505,7854000000.0,11501000000.0,7422000000.0,7422000000.0,0.0,,,,,0.0,1798000000.0,1.0,288321052.0,288321052.0,,25.742,47843000000.0,499000000.0,208000000.0,0.0,165.937,
37,CI,MRQ,2012-03-31,2012-03-31,2012-03-31,2021-08-05,-722000000.0,52785000000.0,,,,,29.88,-81000000.0,2111000000.0,2111000000.0,4462000000.0,371000000.0,,5.166,5217000000.0,,,5217000000.0,1050000000.0,126000000.0,8566000000.0,0.001,0.04,552000000.0,678000000.0,0.1,678000000.0,552000000.0,552000000.0,1.3,1.28,1.3,8561000000.0,,8561000000.0,14514964318.0,8.0,6.489,860000000.0,3.002,1.0,2292000000.0,0.339,5726000000.0,0.0,50165000000.0,,0.0,23264000000.0,,,44224000000.0,,,14110964318.0,-2579000000.0,-3199000000.0,45000000.0,-181000000.0,0.0,-106000000.0,-3419000000.0,-139000000.0,941000000.0,5000000.0,371000000.0,371000000.0,371000000.0,0.0,0.0,0.055,1740000000.0,552000000.0,8330000000.0,0.031,1.648,11.585,11.143,1083000000.0,0.0,49.25,0.608,0.608,8084000000.0,11123000000.0,6754000000.0,6754000000.0,0.0,,,,,0.0,1807000000.0,1.0,286517042.0,286517042.0,,23.573,47059000000.0,533000000.0,181000000.0,0.0,164.245,
38,CI,MRQ,2011-12-31,2011-12-31,2011-12-31,2021-08-05,-787000000.0,50697000000.0,,,,,29.583,-131000000.0,4690000000.0,4690000000.0,3370000000.0,273000000.0,,5.342,5094000000.0,,,5094000000.0,502000000.0,93000000.0,8553000000.0,0.001,0.0,432000000.0,525000000.0,0.098,525000000.0,432000000.0,432000000.0,0.98,0.97,0.98,7994000000.0,,7994000000.0,12660363900.0,7.0,5.703,117000000.0,0.433,1.0,1967000000.0,0.369,3164000000.0,0.0,47937000000.0,,0.0,22490000000.0,,,42703000000.0,,,11349363900.0,2788000000.0,-103000000.0,634000000.0,1918000000.0,0.0,2590000000.0,-44000000.0,190000000.0,248000000.0,-6000000.0,273000000.0,273000000.0,273000000.0,0.0,0.0,0.051,1535000000.0,432000000.0,7932000000.0,0.0,1.42,9.007,9.032,1024000000.0,0.0,42.0,0.519,0.519,7614000000.0,10787000000.0,5337000000.0,5337000000.0,0.0,,,,,0.0,1546000000.0,1.0,270222950.0,270222950.0,,19.75,47533000000.0,803000000.0,159000000.0,0.0,175.903,
39,CI,MRQ,2011-09-30,2011-09-30,2011-09-30,2021-08-05,-441000000.0,47804000000.0,,,,,28.723,-104000000.0,1902000000.0,1902000000.0,3595000000.0,183000000.0,,5.16,3213000000.0,,,3213000000.0,522000000.0,86000000.0,8528000000.0,0.001,0.0,273000000.0,359000000.0,0.064,359000000.0,273000000.0,273000000.0,0.68,0.67,0.68,7761000000.0,,7761000000.0,12771094180.0,7.0,5.653,560000000.0,2.073,1.0,2015000000.0,0.359,3116000000.0,0.0,45999000000.0,,0.0,22601000000.0,,,40043000000.0,,,11332094180.0,128000000.0,0.0,4000000.0,-27000000.0,0.0,4000000.0,-522000000.0,-418000000.0,664000000.0,-18000000.0,183000000.0,183000000.0,183000000.0,0.0,0.0,0.033,1742000000.0,273000000.0,7077000000.0,0.0,1.46,8.2,8.175,978000000.0,0.0,41.94,0.519,0.519,7744000000.0,10855000000.0,5610000000.0,5610000000.0,0.0,,,,,0.0,1518000000.0,1.0,270197763.0,270197763.0,,20.763,44688000000.0,485000000.0,90000000.0,0.0,165.39,
40,CI,MRQ,2011-06-30,2011-06-30,2011-06-30,2021-08-05,-436000000.0,47033000000.0,,,,,27.897,-114000000.0,1774000000.0,1774000000.0,3381000000.0,391000000.0,,5.231,3213000000.0,,,3213000000.0,442000000.0,83000000.0,8521000000.0,0.001,0.0,592000000.0,675000000.0,0.123,675000000.0,592000000.0,592000000.0,1.46,1.43,1.46,7548000000.0,,7548000000.0,15472387019.0,7.0,6.344,414000000.0,1.53,1.0,2126000000.0,0.386,3136000000.0,0.0,45336000000.0,,0.0,21769000000.0,,,39485000000.0,,,13915387019.0,118000000.0,13000000.0,-43000000.0,-40000000.0,-11000000.0,-32000000.0,-388000000.0,-287000000.0,528000000.0,10000000.0,391000000.0,391000000.0,391000000.0,0.0,0.0,0.071,1534000000.0,592000000.0,6705000000.0,0.0,1.844,9.24,9.217,953000000.0,0.0,51.43,0.648,0.648,7753000000.0,10658000000.0,5507000000.0,5507000000.0,0.0,,,,,0.0,1497000000.0,1.0,270569454.0,270569454.0,,20.353,43897000000.0,493000000.0,201000000.0,0.0,162.239,
41,CI,MRQ,2011-03-31,2011-03-31,2011-03-31,2021-08-05,-569000000.0,46517000000.0,,,,,25.896,-73000000.0,1656000000.0,1656000000.0,3347000000.0,414000000.0,,5.623,3213000000.0,,,3213000000.0,452000000.0,83000000.0,8471000000.0,0.001,0.04,578000000.0,661000000.0,0.122,661000000.0,578000000.0,578000000.0,1.53,1.51,1.53,7024000000.0,,7024000000.0,13245263129.0,7.0,5.837,-22000000.0,-0.081,1.0,2064000000.0,0.381,3135000000.0,0.0,44939000000.0,,0.0,21249000000.0,,,39493000000.0,,,12010263129.0,51000000.0,-12000000.0,-86000000.0,373000000.0,0.0,305000000.0,-316000000.0,-231000000.0,51000000.0,11000000.0,413000000.0,413000000.0,413000000.0,0.0,1000000.0,0.076,1485000000.0,579000000.0,6811000000.0,0.026,1.71,8.524,8.532,912000000.0,0.0,44.28,0.563,0.563,7827000000.0,10270000000.0,5411000000.0,5411000000.0,0.0,,,,,0.0,1501000000.0,1.0,271234488.0,271234488.0,,19.95,43382000000.0,621000000.0,165000000.0,0.0,159.943,
42,CI,MRQ,2010-12-31,2010-12-31,2010-12-31,2021-08-05,-614000000.0,45682000000.0,,,,,24.528,-91000000.0,1605000000.0,1605000000.0,3353000000.0,396000000.0,,5.872,2840000000.0,,,2840000000.0,416000000.0,88000000.0,8509000000.0,0.001,0.0,476000000.0,564000000.0,0.106,564000000.0,476000000.0,476000000.0,1.46,1.45,1.46,6645000000.0,,6645000000.0,11386928410.0,6.0,5.448,369000000.0,1.362,1.0,1951000000.0,0.368,3119000000.0,0.0,43798000000.0,,0.0,20948000000.0,,,39019000000.0,,,9931928410.0,201000000.0,-207000000.0,33000000.0,0.0,0.0,24000000.0,-284000000.0,14000000.0,460000000.0,1000000.0,395000000.0,395000000.0,395000000.0,0.0,1000000.0,0.074,1474000000.0,477000000.0,7182000000.0,0.0,1.495,7.765,7.817,912000000.0,0.0,36.66,0.47,0.47,7813000000.0,9879000000.0,5304000000.0,5304000000.0,0.0,,,,,0.0,1601000000.0,1.0,270920033.0,270920033.0,,19.578,42563000000.0,782000000.0,81000000.0,0.0,157.105,
43,CI,MRQ,2010-09-30,2010-09-30,2010-09-30,2021-08-05,-285000000.0,45979000000.0,,,,,23.767,-89000000.0,1404000000.0,1404000000.0,3331000000.0,308000000.0,,6.105,2859000000.0,,,2859000000.0,415000000.0,76000000.0,8532000000.0,0.001,0.0,463000000.0,539000000.0,0.102,539000000.0,463000000.0,463000000.0,1.13,1.13,1.13,6469000000.0,,6469000000.0,11148901167.0,6.0,5.324,421000000.0,1.547,1.0,1935000000.0,0.367,3119000000.0,0.0,44315000000.0,,0.0,21523000000.0,,,39493000000.0,,,9738901167.0,-45000000.0,-327000000.0,-85000000.0,7000000.0,0.0,-51000000.0,-522000000.0,-106000000.0,510000000.0,18000000.0,307000000.0,307000000.0,307000000.0,0.0,1000000.0,0.058,1471000000.0,464000000.0,7444000000.0,0.0,1.505,8.022,8.077,894000000.0,0.0,35.78,0.476,0.476,7844000000.0,9421000000.0,5266000000.0,5266000000.0,0.0,,,,,0.0,1449000000.0,1.0,272188406.0,272188406.0,,19.347,42860000000.0,602000000.0,156000000.0,0.0,157.464,
44,CI,MRQ,2010-06-30,2010-06-30,2010-06-30,2021-08-05,-539000000.0,44432000000.0,,,,,21.599,-68000000.0,1449000000.0,1449000000.0,3345000000.0,295000000.0,,6.433,2859000000.0,,,2859000000.0,410000000.0,67000000.0,8519000000.0,0.001,0.0,438000000.0,505000000.0,0.094,505000000.0,438000000.0,438000000.0,1.07,1.06,1.07,5976000000.0,,5976000000.0,9855522580.0,5.0,4.686,311000000.0,1.124,1.0,2008000000.0,0.375,2879000000.0,0.0,42963000000.0,,0.0,20784000000.0,,,38441000000.0,,,8593522580.0,150000000.0,0.0,-109000000.0,287000000.0,-11000000.0,194000000.0,-413000000.0,-345000000.0,379000000.0,-10000000.0,294000000.0,294000000.0,294000000.0,0.0,1000000.0,0.055,1569000000.0,439000000.0,7134000000.0,0.0,1.438,6.953,6.902,875000000.0,0.0,31.06,0.436,0.436,7940000000.0,9129000000.0,5353000000.0,5353000000.0,0.0,,,,,0.0,1405000000.0,1.0,276674906.0,276674906.0,,19.348,41553000000.0,868000000.0,144000000.0,0.0,150.187,
45,CI,MRQ,2010-03-31,2010-03-31,2010-03-31,2021-08-05,-530000000.0,43864000000.0,,,,,21.097,-52000000.0,1299000000.0,1299000000.0,3373000000.0,284000000.0,,6.559,2561000000.0,,,2561000000.0,432000000.0,61000000.0,8506000000.0,0.001,0.04,421000000.0,482000000.0,0.093,482000000.0,421000000.0,421000000.0,1.03,1.02,1.03,5801000000.0,,5801000000.0,11697348462.0,6.0,5.077,342000000.0,1.244,1.0,1832000000.0,0.352,2879000000.0,0.0,42247000000.0,,0.0,20066000000.0,,,38049000000.0,,,10058348462.0,375000000.0,-5000000.0,24000000.0,38000000.0,0.0,107000000.0,-123000000.0,-66000000.0,394000000.0,-3000000.0,283000000.0,283000000.0,283000000.0,0.0,1000000.0,0.054,1410000000.0,422000000.0,6947000000.0,0.039,1.734,7.305,7.287,860000000.0,0.0,36.58,0.534,0.534,8035000000.0,8840000000.0,5205000000.0,5205000000.0,0.0,,,,,0.0,1414000000.0,1.0,274968520.0,274968520.0,,18.929,40985000000.0,941000000.0,138000000.0,0.0,149.053,
46,CI,MRQ,2009-12-31,2009-12-31,2009-12-31,2021-08-05,-618000000.0,43013000000.0,,,,,19.811,-89000000.0,924000000.0,924000000.0,2831000000.0,331000000.0,,6.938,2563000000.0,,,2563000000.0,427000000.0,61000000.0,8484000000.0,0.001,0.0,507000000.0,568000000.0,0.123,568000000.0,507000000.0,507000000.0,1.2,1.19,1.2,5417000000.0,,5417000000.0,11370122814.0,6.0,5.254,387000000.0,1.415,1.0,1805000000.0,0.389,2876000000.0,0.0,41776000000.0,,0.0,19839000000.0,,,37584000000.0,,,9644122814.0,88000000.0,0.0,21000000.0,-28000000.0,0.0,17000000.0,-411000000.0,-322000000.0,476000000.0,6000000.0,330000000.0,330000000.0,330000000.0,0.0,1000000.0,0.071,1297000000.0,508000000.0,6718000000.0,0.0,1.78,7.407,7.425,862000000.0,0.0,35.27,0.524,0.524,7958000000.0,8625000000.0,4636000000.0,4636000000.0,0.0,,,,,0.0,1386000000.0,1.0,273436995.0,273436995.0,,16.955,40137000000.0,1029000000.0,177000000.0,0.0,146.787,
47,CI,MRQ,2009-09-30,2009-09-30,2009-09-30,2021-08-05,-516000000.0,42653000000.0,,,,,18.911,-82000000.0,836000000.0,836000000.0,2707000000.0,330000000.0,,7.269,2562000000.0,,,2562000000.0,424000000.0,62000000.0,8488000000.0,0.001,0.0,486000000.0,548000000.0,0.121,548000000.0,486000000.0,486000000.0,1.2,1.19,1.2,5157000000.0,,5157000000.0,9204275192.0,9.0,6.962,75000000.0,0.275,1.0,1810000000.0,0.401,2876000000.0,0.0,41503000000.0,,0.0,19646000000.0,,,37485000000.0,,,7660275192.0,-186000000.0,0.0,9000000.0,93000000.0,0.0,79000000.0,-426000000.0,-344000000.0,157000000.0,4000000.0,329000000.0,329000000.0,329000000.0,0.0,1000000.0,0.073,1323000000.0,487000000.0,6737000000.0,0.0,1.485,10.04,10.032,827000000.0,0.0,28.09,0.412,0.412,8170000000.0,8303000000.0,4517000000.0,4517000000.0,0.0,,,,,0.0,1342000000.0,1.0,272704706.0,272704706.0,,16.564,39777000000.0,1017000000.0,157000000.0,0.0,145.861,
48,CI,MRQ,2009-06-30,2009-06-30,2009-06-30,2021-08-05,-837000000.0,41649000000.0,,,,,16.457,-76000000.0,1022000000.0,1022000000.0,2692000000.0,435000000.0,,8.276,2566000000.0,,,2566000000.0,406000000.0,76000000.0,8555000000.0,0.002,0.0,630000000.0,706000000.0,0.157,706000000.0,630000000.0,630000000.0,1.59,1.58,1.59,4489000000.0,,4489000000.0,7680178827.0,10.0,7.171,-36000000.0,-0.132,1.0,1796000000.0,0.4,2876000000.0,0.0,40317000000.0,,0.0,18558000000.0,,,37151000000.0,,,6571178827.0,-353000000.0,0.0,0.0,48000000.0,-11000000.0,74000000.0,-482000000.0,-406000000.0,40000000.0,15000000.0,435000000.0,435000000.0,435000000.0,0.0,0.0,0.097,1166000000.0,630000000.0,6778000000.0,0.0,1.464,10.861,10.851,805000000.0,0.0,24.09,0.347,0.347,8282000000.0,7986000000.0,4488000000.0,4488000000.0,0.0,,,,,0.0,1330000000.0,1.0,272776207.0,272776207.0,,16.453,38773000000.0,1285000000.0,195000000.0,0.0,142.142,
49,CI,MRQ,2009-03-31,2009-03-31,2009-03-31,2021-08-05,-1036000000.0,41234000000.0,,,,,14.135,-60000000.0,1375000000.0,1375000000.0,3140000000.0,209000000.0,,9.761,2484000000.0,,,2484000000.0,419000000.0,69000000.0,8543000000.0,0.002,0.04,273000000.0,342000000.0,0.072,342000000.0,273000000.0,273000000.0,0.76,0.76,0.76,3831000000.0,,3831000000.0,5832556432.0,10.0,6.935,12000000.0,0.044,1.0,1633000000.0,0.342,2876000000.0,0.0,39467000000.0,,0.0,17769000000.0,,,37396000000.0,,,4767556432.0,33000000.0,0.0,0.0,86000000.0,0.0,137000000.0,-166000000.0,-106000000.0,72000000.0,-10000000.0,208000000.0,208000000.0,208000000.0,-1000000.0,1000000.0,0.044,1360000000.0,273000000.0,7272000000.0,0.053,1.244,10.786,10.994,804000000.0,0.0,17.59,0.247,0.247,8408000000.0,7536000000.0,4773000000.0,4773000000.0,0.0,,,,,0.0,1392000000.0,1.0,271037887.0,271037887.0,,17.61,38358000000.0,1446000000.0,65000000.0,0.0,141.523,
50,CI,MRQ,2008-12-31,2008-12-31,2008-12-31,2021-08-05,-1074000000.0,41406000000.0,,,,,13.219,-78000000.0,1342000000.0,1342000000.0,3437000000.0,-209000000.0,,10.526,2407000000.0,,,2407000000.0,414000000.0,63000000.0,8539000000.0,0.002,0.0,-337000000.0,-274000000.0,-0.057,-274000000.0,-337000000.0,-337000000.0,-0.75,-0.73,-0.75,3592000000.0,,3592000000.0,5919542963.0,15.0,9.426,528000000.0,1.943,1.0,1380000000.0,0.286,2878000000.0,0.0,39593000000.0,,0.0,17987000000.0,,,37808000000.0,,,4578542963.0,264000000.0,-18000000.0,-38000000.0,-28000000.0,0.0,-63000000.0,-268000000.0,-172000000.0,606000000.0,-11000000.0,-209000000.0,-209000000.0,-209000000.0,-1000000.0,0.0,-0.043,1718000000.0,-338000000.0,7793000000.0,0.0,1.275,15.68,16.048,804000000.0,0.0,16.85,0.24,0.24,8380000000.0,7374000000.0,4817000000.0,4817000000.0,0.0,,,,,0.0,1381000000.0,1.0,271723618.0,271723618.0,,17.728,38528000000.0,1617000000.0,-128000000.0,0.0,141.791,
51,CI,MRQ,2008-09-30,2008-09-30,2008-09-30,2021-08-05,-254000000.0,40776000000.0,,,,,16.889,-51000000.0,1078000000.0,1078000000.0,3106000000.0,172000000.0,,7.784,2419000000.0,,,2419000000.0,457000000.0,64000000.0,8555000000.0,0.001,0.0,233000000.0,297000000.0,0.061,297000000.0,233000000.0,233000000.0,0.62,0.62,0.62,4642000000.0,,4642000000.0,11065637326.0,10.0,8.276,440000000.0,1.601,1.0,1746000000.0,0.36,2859000000.0,0.0,39258000000.0,,0.0,17821000000.0,,,36134000000.0,,,9339637326.0,273000000.0,0.0,-121000000.0,-109000000.0,0.0,-246000000.0,43000000.0,94000000.0,491000000.0,-15000000.0,171000000.0,171000000.0,171000000.0,-1000000.0,1000000.0,0.035,1513000000.0,233000000.0,6159000000.0,0.0,2.012,12.225,12.585,791000000.0,0.0,33.98,0.498,0.498,8675000000.0,7582000000.0,4852000000.0,4852000000.0,0.0,,,,,0.0,1415000000.0,1.0,274856896.0,274856896.0,,17.653,37917000000.0,1010000000.0,62000000.0,0.0,137.952,
52,CI,MRQ,2008-06-30,2008-06-30,2008-06-30,2021-08-05,-84000000.0,41415000000.0,,,,,16.929,-60000000.0,805000000.0,805000000.0,3044000000.0,272000000.0,,7.712,2531000000.0,,,2531000000.0,450000000.0,64000000.0,8627000000.0,0.002,0.0,412000000.0,476000000.0,0.098,476000000.0,412000000.0,412000000.0,0.97,0.96,0.97,4754000000.0,,4754000000.0,9441004310.0,7.0,5.927,147000000.0,0.523,1.0,1819000000.0,0.374,2837000000.0,0.0,40304000000.0,,0.0,18255000000.0,,,36661000000.0,,,9938004310.0,-2045000000.0,-1301000000.0,-215000000.0,105000000.0,-11000000.0,-67000000.0,-2184000000.0,-823000000.0,207000000.0,-1000000.0,272000000.0,272000000.0,272000000.0,1000000.0,0.0,0.056,1406000000.0,413000000.0,5796000000.0,0.0,2.09,10.374,10.47,789000000.0,0.0,35.39,0.543,0.543,8800000000.0,7412000000.0,4863000000.0,4863000000.0,0.0,,,,,0.0,1455000000.0,1.0,280813911.0,280813911.0,,17.318,38578000000.0,917000000.0,140000000.0,0.0,137.379,
53,CI,MRQ,2008-03-31,2008-03-31,2008-03-31,2021-08-05,38000000.0,40988000000.0,,,,,17.188,-68000000.0,2850000000.0,2850000000.0,2911000000.0,59000000.0,,7.514,2353000000.0,,,2353000000.0,489000000.0,53000000.0,8595000000.0,0.002,0.04,76000000.0,129000000.0,0.028,129000000.0,76000000.0,76000000.0,0.21,0.2,0.21,4814000000.0,,4814000000.0,11202074618.0,9.0,7.62,284000000.0,1.014,1.0,1658000000.0,0.363,1784000000.0,0.0,38707000000.0,,0.0,17598000000.0,,,36174000000.0,,,11363074618.0,880000000.0,0.0,33000000.0,610000000.0,-3000000.0,690000000.0,-163000000.0,-95000000.0,352000000.0,1000000.0,58000000.0,58000000.0,58000000.0,-3000000.0,1000000.0,0.013,1584000000.0,74000000.0,5919000000.0,0.19,2.36,12.854,13.045,649000000.0,0.0,40.57,0.638,0.638,8680000000.0,7142000000.0,4569000000.0,4569000000.0,0.0,,,,,0.0,1280000000.0,1.0,280085645.0,280085645.0,,16.313,39204000000.0,858000000.0,18000000.0,0.0,139.971,
54,CI,MRQ,2007-12-31,2007-12-31,2007-12-31,2021-08-05,51000000.0,40065000000.0,,,,,17.008,-71000000.0,1970000000.0,1970000000.0,2820000000.0,266000000.0,,7.438,1809000000.0,,,1809000000.0,496000000.0,47000000.0,8594000000.0,0.001,0.01,388000000.0,435000000.0,0.098,435000000.0,388000000.0,388000000.0,0.9,0.9,0.9,4748000000.0,,4748000000.0,15387429226.0,9.0,8.455,505000000.0,1.809,1.0,1636000000.0,0.367,1783000000.0,0.0,38121000000.0,,0.0,17530000000.0,,,35317000000.0,,,14999429226.0,549000000.0,0.0,17000000.0,-56000000.0,-3000000.0,-208000000.0,176000000.0,242000000.0,576000000.0,5000000.0,263000000.0,263000000.0,263000000.0,0.0,3000000.0,0.059,1245000000.0,391000000.0,5102000000.0,0.011,3.159,13.452,13.812,625000000.0,0.0,53.73,0.851,0.851,8736000000.0,7113000000.0,4456000000.0,4456000000.0,0.0,,,,,0.0,1218000000.0,1.0,279163023.0,279163023.0,,15.962,38282000000.0,794000000.0,125000000.0,0.0,137.131,
55,CI,MRQ,2007-09-30,2007-09-30,2007-09-30,2021-08-05,-176000000.0,39800000000.0,,,,,14.975,-74000000.0,1421000000.0,1421000000.0,2721000000.0,365000000.0,,8.396,1809000000.0,,,1809000000.0,487000000.0,49000000.0,8754000000.0,0.001,0.01,504000000.0,553000000.0,0.125,553000000.0,504000000.0,504000000.0,1.3,1.28,1.3,4236000000.0,,4236000000.0,15776719817.0,10.0,8.829,274000000.0,0.969,1.0,1692000000.0,0.383,1774000000.0,0.0,38414000000.0,,0.0,17693000000.0,,,35564000000.0,,,15073719817.0,317000000.0,0.0,-232000000.0,29000000.0,-3000000.0,-230000000.0,197000000.0,248000000.0,348000000.0,2000000.0,365000000.0,365000000.0,365000000.0,-2000000.0,0.0,0.083,1190000000.0,502000000.0,5479000000.0,0.008,3.558,13.906,14.061,601000000.0,0.0,53.29,0.868,0.868,9049000000.0,6865000000.0,4413000000.0,4413000000.0,0.0,,,,,0.0,1190000000.0,1.0,282862072.0,282862072.0,,15.601,38026000000.0,942000000.0,139000000.0,0.0,134.433,
56,CI,MRQ,2007-06-30,2007-06-30,2007-06-30,2021-08-05,-257000000.0,41526000000.0,,,,,13.93,-16000000.0,1104000000.0,1104000000.0,2788000000.0,198000000.0,,9.358,1807000000.0,,,1807000000.0,548000000.0,44000000.0,8929000000.0,0.001,0.01,309000000.0,353000000.0,0.081,353000000.0,309000000.0,309000000.0,0.7,0.68,0.7,4009000000.0,,4009000000.0,15573650409.0,10.0,9.033,24000000.0,0.083,1.0,1593000000.0,0.364,1741000000.0,0.0,40488000000.0,,0.0,17822000000.0,,,37517000000.0,,,15028650409.0,-485000000.0,0.0,-272000000.0,-296000000.0,-3000000.0,-573000000.0,47000000.0,46000000.0,40000000.0,1000000.0,198000000.0,198000000.0,198000000.0,19000000.0,0.0,0.045,1265000000.0,328000000.0,5614000000.0,0.014,3.749,14.777,15.269,568000000.0,0.0,52.22,0.879,0.879,9185000000.0,6513000000.0,4381000000.0,4381000000.0,0.0,,,,,0.0,1169000000.0,1.0,287794914.0,287794914.0,,15.223,39785000000.0,1001000000.0,111000000.0,0.0,138.241,
57,CI,MRQ,2007-03-31,2007-03-31,2007-03-31,2021-08-05,-171000000.0,42378000000.0,,,,,14.199,-19000000.0,1589000000.0,1589000000.0,2774000000.0,289000000.0,,9.207,2134000000.0,,,2134000000.0,558000000.0,54000000.0,9042000000.0,0.001,0.008,425000000.0,479000000.0,0.11,479000000.0,425000000.0,425000000.0,1.0,0.98,1.0,4152000000.0,,4152000000.0,14276422570.0,9.0,7.793,359000000.0,1.228,1.0,1600000000.0,0.366,1739000000.0,0.0,41184000000.0,,0.0,18380000000.0,,,38226000000.0,,,13905422570.0,197000000.0,0.0,-450000000.0,423000000.0,-2000000.0,-30000000.0,-151000000.0,-157000000.0,378000000.0,0.0,289000000.0,289000000.0,289000000.0,-12000000.0,0.0,0.066,1187000000.0,413000000.0,5450000000.0,0.008,3.349,12.734,13.548,603000000.0,0.0,47.553,0.827,0.827,9264000000.0,6375000000.0,4374000000.0,4374000000.0,0.0,,,,,0.0,1163000000.0,1.0,292417410.0,292417410.0,,14.958,40639000000.0,902000000.0,136000000.0,0.0,138.976,
58,CI,MRQ,2006-12-31,2006-12-31,2006-12-31,2021-08-05,-169000000.0,42399000000.0,,,,,14.072,-43000000.0,1392000000.0,1392000000.0,3294000000.0,232000000.0,,8.792,1763000000.0,,,1763000000.0,499000000.0,53000000.0,9164000000.0,0.001,0.008,349000000.0,402000000.0,0.096,402000000.0,349000000.0,349000000.0,0.79,0.77,0.79,4330000000.0,,4330000000.0,13850859656.0,8.0,7.158,219000000.0,0.712,1.0,911000000.0,0.217,1736000000.0,0.0,41034000000.0,,0.0,18103000000.0,,,38069000000.0,,,13494859656.0,184000000.0,18000000.0,-530000000.0,225000000.0,-3000000.0,-316000000.0,236000000.0,261000000.0,262000000.0,2000000.0,232000000.0,232000000.0,232000000.0,0.0,0.0,0.055,562000000.0,349000000.0,5562000000.0,0.01,3.117,11.684,12.566,632000000.0,0.0,43.857,0.816,0.816,9504000000.0,6177000000.0,4205000000.0,4205000000.0,0.0,,,,,0.0,555000000.0,1.0,307703724.0,307703724.0,,13.666,40663000000.0,926000000.0,117000000.0,0.0,132.15,
59,CI,MRQ,2006-09-30,2006-09-30,2006-09-30,2021-08-05,-503000000.0,42189000000.0,,,,,12.796,-26000000.0,1208000000.0,1208000000.0,2338000000.0,298000000.0,,8.911,1564000000.0,,,1564000000.0,511000000.0,48000000.0,8952000000.0,0.001,0.008,442000000.0,490000000.0,0.118,490000000.0,442000000.0,442000000.0,0.93,0.92,0.93,4257000000.0,,4257000000.0,12912230792.0,8.0,6.825,273000000.0,0.821,1.0,1799000000.0,0.435,1721000000.0,0.0,40824000000.0,,0.0,18601000000.0,,,37932000000.0,,,12899230792.0,-180000000.0,-18000000.0,-891000000.0,16000000.0,-3000000.0,-969000000.0,487000000.0,499000000.0,299000000.0,3000000.0,298000000.0,298000000.0,298000000.0,4000000.0,0.0,0.072,1353000000.0,446000000.0,5791000000.0,0.009,3.03,11.385,11.796,617000000.0,0.0,38.773,0.779,0.779,9288000000.0,5974000000.0,4137000000.0,4137000000.0,0.0,,,,,0.0,1353000000.0,1.0,332683050.0,332683050.0,,12.435,40468000000.0,1104000000.0,144000000.0,0.0,121.641,
60,CI,MRQ,2006-06-30,2006-06-30,2006-06-30,2021-08-05,-682000000.0,42276000000.0,,,,,13.065,-37000000.0,1388000000.0,1388000000.0,2318000000.0,273000000.0,,8.006,1401000000.0,,,1401000000.0,534000000.0,53000000.0,9211000000.0,0.001,0.008,408000000.0,461000000.0,0.112,461000000.0,408000000.0,408000000.0,0.79,0.78,0.79,4694000000.0,,4694000000.0,11297438107.0,7.0,6.13,131000000.0,0.365,1.0,1780000000.0,0.434,1622000000.0,0.0,40667000000.0,,0.0,18564000000.0,,,37582000000.0,,,11797438107.0,-516000000.0,0.0,-855000000.0,-8000000.0,-3000000.0,-853000000.0,168000000.0,250000000.0,168000000.0,1000000.0,273000000.0,273000000.0,273000000.0,0.0,0.0,0.067,1372000000.0,408000000.0,5468000000.0,0.01,2.513,10.784,10.812,612000000.0,0.0,32.837,0.718,0.718,9439000000.0,5686000000.0,4098000000.0,4098000000.0,0.0,,,,,0.0,1372000000.0,1.0,359276361.0,359276361.0,,11.406,40654000000.0,1188000000.0,135000000.0,0.0,113.155,
61,CI,MRQ,2006-03-31,2006-03-31,2006-03-31,2021-08-05,-602000000.0,44028000000.0,,,,,14.735,-30000000.0,1904000000.0,1904000000.0,2236000000.0,352000000.0,,7.226,1404000000.0,,,1404000000.0,523000000.0,54000000.0,9423000000.0,0.001,0.008,528000000.0,582000000.0,0.142,582000000.0,528000000.0,528000000.0,0.977,0.957,0.977,5352000000.0,,5352000000.0,15608969560.0,8.0,7.037,-117000000.0,-0.322,1.0,1871000000.0,0.456,1622000000.0,0.0,41906000000.0,,0.0,20687000000.0,,,38676000000.0,,,15813969560.0,195000000.0,0.0,-238000000.0,-96000000.0,-3000000.0,-375000000.0,657000000.0,687000000.0,-87000000.0,0.0,352000000.0,352000000.0,352000000.0,0.0,0.0,0.086,1343000000.0,528000000.0,6094000000.0,0.008,2.955,10.262,10.601,626000000.0,0.0,43.54,0.962,0.962,8201000000.0,5425000000.0,4107000000.0,4107000000.0,0.0,,,,,0.0,1343000000.0,1.0,363205548.0,363205548.0,,11.308,42406000000.0,1215000000.0,176000000.0,0.0,116.755,
62,CI,MRQ,2005-12-31,2005-12-31,2005-12-31,2021-08-05,-509000000.0,44893000000.0,,,,,14.205,-29000000.0,1709000000.0,1709000000.0,3222000000.0,210000000.0,,7.376,1504000000.0,,,1504000000.0,515000000.0,51000000.0,9676000000.0,0.001,0.008,308000000.0,359000000.0,0.085,359000000.0,308000000.0,308000000.0,0.59,0.577,0.59,5360000000.0,,5360000000.0,14301643984.0,7.0,6.052,436000000.0,1.155,1.0,988000000.0,0.235,1622000000.0,0.0,43066000000.0,,0.0,21376000000.0,,,39533000000.0,,,14049643984.0,458000000.0,0.0,-539000000.0,3000000.0,-3000000.0,-539000000.0,535000000.0,565000000.0,465000000.0,-3000000.0,210000000.0,210000000.0,210000000.0,0.0,0.0,0.05,680000000.0,308000000.0,6322000000.0,0.014,2.621,8.646,8.761,638000000.0,0.0,37.233,0.842,0.842,8646000000.0,5162000000.0,4210000000.0,4210000000.0,0.0,,,,,0.0,680000000.0,1.0,377340483.0,377340483.0,,11.157,43271000000.0,1087000000.0,98000000.0,0.0,114.674,
63,CI,MRQ,2005-09-30,2005-09-30,2005-09-30,2021-08-05,-521000000.0,45897000000.0,,,,,14.669,19000000.0,1251000000.0,1251000000.0,2365000000.0,259000000.0,,7.112,1503000000.0,,,1503000000.0,357000000.0,58000000.0,10359000000.0,0.001,0.008,383000000.0,441000000.0,0.11,441000000.0,383000000.0,383000000.0,0.68,0.667,0.68,5658000000.0,,5658000000.0,14776994072.0,6.0,5.151,-147000000.0,-0.381,1.0,1657000000.0,0.412,1620000000.0,0.0,44529000000.0,,0.0,22014000000.0,,,40239000000.0,,,15152994072.0,-628000000.0,0.0,-337000000.0,0.0,-4000000.0,-695000000.0,231000000.0,230000000.0,-166000000.0,2000000.0,259000000.0,259000000.0,259000000.0,0.0,0.0,0.064,1274000000.0,383000000.0,6378000000.0,0.012,2.678,7.68,7.795,660000000.0,0.0,39.287,0.901,0.901,9049000000.0,5084000000.0,4022000000.0,4022000000.0,0.0,,,,,0.0,1274000000.0,1.0,385703226.0,385703226.0,,10.428,44277000000.0,1238000000.0,124000000.0,0.0,114.796,
64,CI,MRQ,2005-06-30,2005-06-30,2005-06-30,2021-08-05,-390000000.0,47866000000.0,,,,,14.972,-28000000.0,1879000000.0,1879000000.0,2425000000.0,720000000.0,,7.142,1503000000.0,,,1503000000.0,321000000.0,50000000.0,11002000000.0,0.001,0.008,786000000.0,836000000.0,0.204,836000000.0,786000000.0,786000000.0,1.86,1.827,1.86,5879000000.0,,5879000000.0,13112874569.0,5.0,4.394,120000000.0,0.306,1.0,1682000000.0,0.41,1620000000.0,0.0,45870000000.0,,0.0,22493000000.0,,,41987000000.0,,,14008874569.0,-521000000.0,0.0,-248000000.0,-26000000.0,-3000000.0,-215000000.0,-454000000.0,-426000000.0,148000000.0,0.0,720000000.0,720000000.0,720000000.0,-349000000.0,0.0,0.175,1245000000.0,437000000.0,7015000000.0,0.004,2.383,6.928,6.968,730000000.0,0.0,35.677,0.811,0.811,9390000000.0,4829000000.0,4107000000.0,4107000000.0,0.0,,,,,0.0,1245000000.0,1.0,392662092.0,392662092.0,,10.459,46246000000.0,1412000000.0,66000000.0,0.0,117.776,
65,CI,MRQ,2005-03-31,2005-03-31,2005-03-31,2021-08-05,-483000000.0,50877000000.0,,,,,13.452,-23000000.0,2400000000.0,2400000000.0,2324000000.0,436000000.0,,8.583,1504000000.0,,,1504000000.0,345000000.0,62000000.0,12966000000.0,0.001,0.008,665000000.0,727000000.0,0.167,727000000.0,665000000.0,665000000.0,1.113,1.093,1.113,5309000000.0,,5309000000.0,10733746571.0,4.0,3.629,248000000.0,0.628,1.0,2021000000.0,0.465,1620000000.0,0.0,48361000000.0,,0.0,21668000000.0,,,45568000000.0,,,11747746571.0,-119000000.0,0.0,-148000000.0,-193000000.0,-3000000.0,-336000000.0,-54000000.0,-31000000.0,271000000.0,0.0,436000000.0,436000000.0,436000000.0,0.0,0.0,0.1,1356000000.0,665000000.0,7364000000.0,0.007,2.213,6.505,6.659,747000000.0,0.0,29.767,0.66,0.66,11412000000.0,4112000000.0,4345000000.0,4345000000.0,0.0,,,,,0.0,1356000000.0,1.0,394661139.0,394661139.0,,11.009,49257000000.0,1260000000.0,229000000.0,0.0,124.808,
66,CI,MRQ,2004-12-31,2004-12-31,2004-12-31,2021-08-05,-336000000.0,81059000000.0,,,,,12.918,-6000000.0,2519000000.0,2519000000.0,2198000000.0,558000000.0,,14.579,1505000000.0,,,1505000000.0,522000000.0,56000000.0,17168000000.0,0.005,0.008,809000000.0,865000000.0,0.199,865000000.0,809000000.0,809000000.0,1.387,1.37,1.387,5203000000.0,,5203000000.0,9516959703.0,4.0,3.859,240000000.0,0.596,1.0,2144000000.0,0.494,1620000000.0,0.0,78425000000.0,,0.0,21919000000.0,,,75856000000.0,,,10950959703.0,-406000000.0,18000000.0,-110000000.0,9000000.0,-46000000.0,-213000000.0,-439000000.0,-451000000.0,246000000.0,0.0,558000000.0,558000000.0,558000000.0,0.0,0.0,0.129,1335000000.0,809000000.0,7953000000.0,0.006,2.105,7.615,7.74,777000000.0,0.0,27.19,0.602,0.602,16223000000.0,3679000000.0,4342000000.0,4342000000.0,0.0,,,,,0.0,1335000000.0,1.0,402756885.0,402756885.0,,10.781,79439000000.0,1383000000.0,251000000.0,0.0,197.238,
67,CI,MRQ,2004-09-30,2004-09-30,2004-09-30,2021-08-05,-379000000.0,88873000000.0,,,,,11.288,0.0,2925000000.0,2925000000.0,2617000000.0,308000000.0,,18.084,1491000000.0,,,1491000000.0,385000000.0,61000000.0,24052000000.0,0.01,0.008,495000000.0,556000000.0,0.124,556000000.0,495000000.0,495000000.0,0.76,0.753,0.76,4657000000.0,,4657000000.0,8027950838.0,4.0,3.962,-64000000.0,-0.155,1.0,1862000000.0,0.416,1620000000.0,0.0,85819000000.0,,0.0,22545000000.0,,,84216000000.0,,,9575950838.0,-108000000.0,0.0,-254000000.0,-18000000.0,-4000000.0,-417000000.0,373000000.0,372000000.0,-64000000.0,0.0,308000000.0,308000000.0,308000000.0,0.0,0.0,0.069,1367000000.0,495000000.0,6565000000.0,0.011,2.056,8.422,8.449,816000000.0,0.0,23.21,0.522,0.522,22351000000.0,10327000000.0,4479000000.0,4479000000.0,0.0,,,,,0.0,1367000000.0,1.0,412578666.0,412578666.0,,10.856,87253000000.0,1381000000.0,187000000.0,0.0,211.482,
68,CI,MRQ,2004-06-30,2004-06-30,2004-06-30,2021-08-05,-597000000.0,92063000000.0,,,,,10.188,-14000000.0,3033000000.0,3033000000.0,2485000000.0,504000000.0,,20.301,1485000000.0,,,1485000000.0,357000000.0,51000000.0,26339000000.0,0.015,0.008,759000000.0,810000000.0,0.175,810000000.0,759000000.0,759000000.0,1.21,1.197,1.21,4322000000.0,,4322000000.0,9852985432.0,6.0,5.411,131000000.0,0.309,1.0,2148000000.0,0.464,1620000000.0,0.0,88895000000.0,,0.0,22599000000.0,,,87741000000.0,,,9729985432.0,1542000000.0,2103000000.0,-267000000.0,-31000000.0,-3000000.0,-402000000.0,1799000000.0,-269000000.0,145000000.0,0.0,504000000.0,504000000.0,504000000.0,0.0,0.0,0.109,1389000000.0,759000000.0,7460000000.0,0.007,2.251,9.502,9.35,868000000.0,0.0,22.937,0.522,0.522,24431000000.0,10019000000.0,4633000000.0,4633000000.0,0.0,,,,,0.0,1389000000.0,1.0,424210962.0,424210962.0,,10.921,90443000000.0,1633000000.0,255000000.0,0.0,213.203,
69,CI,MRQ,2004-03-31,2004-03-31,2004-03-31,2021-08-05,1000000.0,92832000000.0,,,,,11.038,-18000000.0,1491000000.0,1491000000.0,2964000000.0,68000000.0,,18.887,1614000000.0,,,1614000000.0,327000000.0,62000000.0,26837000000.0,0.022,0.11,173000000.0,235000000.0,0.05,235000000.0,173000000.0,173000000.0,0.163,0.16,0.163,4668000000.0,,4668000000.0,8428267243.0,11.0,8.557,1105000000.0,2.613,1.0,1758000000.0,0.372,1620000000.0,0.0,91335000000.0,,0.0,39927000000.0,,,88164000000.0,,,8320267243.0,99000000.0,0.0,19000000.0,-50000000.0,-47000000.0,-509000000.0,-515000000.0,-493000000.0,1123000000.0,0.0,68000000.0,68000000.0,68000000.0,0.0,0.0,0.014,1446000000.0,312000000.0,6181000000.0,0.675,1.782,17.893,17.676,936000000.0,0.0,19.673,0.447,0.447,8999000000.0,9529000000.0,4722000000.0,4722000000.0,0.0,,,,,0.0,1446000000.0,1.0,422921073.0,422921073.0,,11.165,91212000000.0,1119000000.0,105000000.0,0.0,215.671,
70,CI,MRQ,2003-12-31,2003-12-31,2003-12-31,2021-08-05,-54000000.0,90199000000.0,,,,,10.931,-40000000.0,1392000000.0,1392000000.0,2621000000.0,257000000.0,,18.579,1523000000.0,,,1523000000.0,263000000.0,59000000.0,26966000000.0,0.023,0.11,366000000.0,425000000.0,0.094,425000000.0,366000000.0,366000000.0,0.613,0.61,0.613,4607000000.0,,4607000000.0,7660184660.0,9.0,6.708,1534000000.0,3.64,1.0,1880000000.0,0.418,1620000000.0,0.0,88710000000.0,,0.0,39658000000.0,,,85592000000.0,,,8078184660.0,-569000000.0,4000000.0,6000000.0,-107000000.0,-46000000.0,-1189000000.0,-954000000.0,-934000000.0,1574000000.0,0.0,257000000.0,257000000.0,257000000.0,0.0,0.0,0.057,1514000000.0,366000000.0,8457000000.0,0.179,1.753,12.782,12.718,973000000.0,0.0,19.167,0.43,0.43,8579000000.0,9502000000.0,4501000000.0,4501000000.0,0.0,,,,,0.0,1514000000.0,1.0,421470504.0,421470504.0,,10.679,88579000000.0,1089000000.0,109000000.0,0.0,210.167,
71,CI,MRQ,2003-09-30,2003-09-30,2003-09-30,2021-08-05,-77000000.0,90173000000.0,,,,,10.067,-21000000.0,1961000000.0,1961000000.0,3020000000.0,195000000.0,,20.292,1543000000.0,,,1543000000.0,280000000.0,70000000.0,28244000000.0,0.03,0.11,281000000.0,351000000.0,0.074,351000000.0,281000000.0,281000000.0,0.467,0.463,0.467,4235000000.0,,4235000000.0,6029406754.0,12.0,7.944,180000000.0,0.428,1.0,1753000000.0,0.367,1620000000.0,0.0,88135000000.0,,0.0,40550000000.0,,,85938000000.0,,,6261406754.0,186000000.0,18000000.0,0.0,0.0,-47000000.0,-72000000.0,57000000.0,76000000.0,201000000.0,0.0,195000000.0,195000000.0,195000000.0,0.0,0.0,0.041,1472000000.0,281000000.0,6430000000.0,0.236,1.478,16.787,16.723,985000000.0,0.0,14.883,0.329,0.329,9322000000.0,9538000000.0,4773000000.0,4773000000.0,0.0,,,,,0.0,1472000000.0,1.0,420699222.0,420699222.0,,11.345,88553000000.0,1119000000.0,86000000.0,0.0,210.49,
72,CI,MRQ,2003-06-30,2003-06-30,2003-06-30,2021-08-05,50000000.0,91338000000.0,,,,,10.012,-20000000.0,1775000000.0,1775000000.0,3330000000.0,-55000000.0,,20.69,1543000000.0,,,1543000000.0,261000000.0,54000000.0,29098000000.0,0.028,0.11,-80000000.0,-26000000.0,-0.006,-26000000.0,-80000000.0,-80000000.0,-0.13,-0.13,-0.13,4211000000.0,,4211000000.0,6072903320.0,-6.0,-7.388,68000000.0,0.162,1.0,1304000000.0,0.281,1620000000.0,0.0,89486000000.0,,0.0,41226000000.0,,,87127000000.0,,,6580903320.0,-286000000.0,0.0,0.0,-10000000.0,-46000000.0,-61000000.0,-313000000.0,-293000000.0,88000000.0,0.0,-55000000.0,-55000000.0,-55000000.0,0.0,0.0,-0.012,1384000000.0,-80000000.0,6298000000.0,-0.846,1.563,-9.415,-9.386,1013000000.0,0.0,15.647,0.34,0.34,9573000000.0,9390000000.0,4634000000.0,4634000000.0,0.0,,,,,0.0,1384000000.0,1.0,420594588.0,420594588.0,,11.018,89718000000.0,1040000000.0,-25000000.0,0.0,213.312,
73,CI,MRQ,2003-03-31,2003-03-31,2003-03-31,2021-08-05,-125000000.0,88984000000.0,,,,,9.874,-26000000.0,2061000000.0,2061000000.0,3249000000.0,235000000.0,,20.52,1553000000.0,,,1553000000.0,266000000.0,63000000.0,28953000000.0,0.029,0.11,329000000.0,392000000.0,0.08,392000000.0,329000000.0,329000000.0,0.56,0.56,0.56,4135000000.0,,4135000000.0,6437194566.0,-10.0,-15.182,526000000.0,1.256,1.0,1651000000.0,0.337,1620000000.0,0.0,86856000000.0,,0.0,40209000000.0,,,84849000000.0,,,6382194566.0,486000000.0,209000000.0,0.0,-120000000.0,-46000000.0,-480000000.0,414000000.0,231000000.0,552000000.0,0.0,235000000.0,235000000.0,235000000.0,-48000000.0,0.0,0.048,1370000000.0,281000000.0,6241000000.0,0.196,1.543,-14.842,-14.796,1039000000.0,0.0,15.24,0.328,0.328,9735000000.0,9489000000.0,4900000000.0,4900000000.0,0.0,,,,,0.0,1370000000.0,1.0,418779171.0,418779171.0,,11.701,87364000000.0,1048000000.0,94000000.0,0.0,208.616,
74,CI,MRQ,2002-12-31,2002-12-31,2002-12-31,2021-08-05,-202000000.0,88980000000.0,,,,,9.319,-107000000.0,1575000000.0,1575000000.0,3055000000.0,-2000000.0,,21.833,1630000000.0,,,1630000000.0,243000000.0,62000000.0,29374000000.0,0.032,0.11,-20000000.0,42000000.0,0.009,42000000.0,-20000000.0,-20000000.0,-0.007,-0.007,-0.007,3897000000.0,,3897000000.0,4884536407.0,-8.0,-11.493,567000000.0,1.356,1.0,1693000000.0,0.357,1620000000.0,0.0,87415000000.0,,0.0,40362000000.0,,,85083000000.0,,,5731536407.0,-894000000.0,0.0,6000000.0,4000000.0,-47000000.0,-41000000.0,-1525000000.0,-1410000000.0,674000000.0,-2000000.0,-2000000.0,-2000000.0,-2000000.0,-3000000.0,0.0,0.0,1716000000.0,-23000000.0,6123000000.0,-15.714,1.471,-12.822,-12.931,1078000000.0,0.0,13.707,0.296,0.296,9981000000.0,9038000000.0,4748000000.0,4748000000.0,0.0,,,,,0.0,1716000000.0,1.0,418156839.0,418156839.0,,11.355,87360000000.0,1287000000.0,-18000000.0,0.0,208.917,
75,CI,MRQ,2002-09-30,2002-09-30,2002-09-30,2021-08-05,397000000.0,89614000000.0,,,,,10.604,-69000000.0,2477000000.0,2477000000.0,4987000000.0,-877000000.0,,19.102,1630000000.0,,,1630000000.0,210000000.0,52000000.0,28757000000.0,0.019,0.11,-1282000000.0,-1230000000.0,-0.242,-1230000000.0,-1282000000.0,-1282000000.0,-2.09,-2.09,-2.09,4458000000.0,,4458000000.0,10258202452.0,-64.0,189.967,497000000.0,1.182,1.0,96000000.0,0.019,1648000000.0,0.0,87119000000.0,,0.0,38616000000.0,,,85156000000.0,,,9914202452.0,1188000000.0,0.0,-54000000.0,-4000000.0,-46000000.0,441000000.0,180000000.0,237000000.0,566000000.0,1000000.0,-877000000.0,-877000000.0,-877000000.0,3000000.0,0.0,-0.173,1375000000.0,-1279000000.0,5011000000.0,-0.053,2.224,-77.455,-69.98,1140000000.0,0.0,23.583,0.521,0.521,10077000000.0,9298000000.0,5083000000.0,5083000000.0,0.0,,,,,0.0,1375000000.0,1.0,420390210.0,420390210.0,,12.091,87966000000.0,991000000.0,-405000000.0,0.0,209.248,
76,CI,MRQ,2002-06-30,2002-06-30,2002-06-30,2021-08-05,182000000.0,89242000000.0,,,,,12.32,-59000000.0,1288000000.0,1288000000.0,3119000000.0,214000000.0,,16.139,1632000000.0,,,1632000000.0,213000000.0,47000000.0,28342000000.0,0.013,0.11,325000000.0,372000000.0,0.079,372000000.0,325000000.0,325000000.0,0.507,0.5,0.507,5207000000.0,,5207000000.0,13760265689.0,9.0,7.823,-287000000.0,-0.679,1.0,1618000000.0,0.342,1652000000.0,0.0,87934000000.0,,0.0,37910000000.0,,,84035000000.0,,,13724265689.0,-335000000.0,0.0,-130000000.0,-29000000.0,-46000000.0,-95000000.0,-17000000.0,77000000.0,-228000000.0,0.0,214000000.0,214000000.0,214000000.0,1000000.0,0.0,0.045,1292000000.0,326000000.0,4692000000.0,0.217,2.636,13.468,13.742,1111000000.0,0.0,32.473,0.733,0.733,10152000000.0,10221000000.0,4737000000.0,4737000000.0,0.0,,,,,0.0,1292000000.0,1.0,422631873.0,422631873.0,,11.208,87590000000.0,1053000000.0,111000000.0,0.0,207.249,
77,CI,MRQ,2002-03-31,2002-03-31,2002-03-31,2021-08-05,61000000.0,92286000000.0,,,,,11.879,-68000000.0,1625000000.0,1625000000.0,3153000000.0,218000000.0,,17.303,1661000000.0,,,1661000000.0,231000000.0,60000000.0,28266000000.0,0.013,0.11,331000000.0,391000000.0,0.082,391000000.0,331000000.0,331000000.0,0.513,0.507,0.513,5042000000.0,,5042000000.0,14089856829.0,9.0,7.708,288000000.0,0.679,1.0,1627000000.0,0.34,1652000000.0,0.0,90670000000.0,,0.0,37856000000.0,,,87244000000.0,,,14345856829.0,-302000000.0,0.0,-109000000.0,-16000000.0,-46000000.0,-530000000.0,-124000000.0,-52000000.0,356000000.0,1000000.0,218000000.0,218000000.0,218000000.0,0.0,0.0,0.046,1296000000.0,331000000.0,5089000000.0,0.214,2.845,13.572,13.967,1092000000.0,0.0,33.8,0.769,0.769,10209000000.0,10053000000.0,4780000000.0,4780000000.0,0.0,,,,,0.0,1296000000.0,1.0,424433634.0,424433634.0,,11.262,90634000000.0,1121000000.0,113000000.0,0.0,213.541,
78,CI,MRQ,2001-12-31,2001-12-31,2001-12-31,2021-08-05,147000000.0,91589000000.0,,,,,11.651,-79000000.0,1918000000.0,1918000000.0,2787000000.0,317000000.0,,17.118,1675000000.0,,,1675000000.0,237000000.0,56000000.0,28961000000.0,0.014,0.107,465000000.0,521000000.0,0.118,521000000.0,465000000.0,465000000.0,0.733,0.723,0.733,5055000000.0,,5055000000.0,13331700908.0,8.0,6.958,275000000.0,0.634,1.0,1647000000.0,0.371,1632000000.0,0.0,89714000000.0,,0.0,38261000000.0,,,86534000000.0,,,13399700908.0,360000000.0,267000000.0,-289000000.0,157000000.0,-47000000.0,340000000.0,-352000000.0,-533000000.0,354000000.0,1000000.0,317000000.0,317000000.0,317000000.0,-18000000.0,0.0,0.071,1200000000.0,447000000.0,4863000000.0,0.146,2.651,12.018,12.289,986000000.0,0.0,30.883,0.72,0.72,9781000000.0,9882000000.0,4434000000.0,4434000000.0,0.0,,,,,-194000000.0,1200000000.0,1.0,433881303.0,433881303.0,,10.219,89957000000.0,1033000000.0,148000000.0,0.0,207.331,
79,CI,MRQ,2001-09-30,2001-09-30,2001-09-30,2021-08-05,282000000.0,88671000000.0,,,,,11.977,-287000000.0,1585000000.0,1585000000.0,3079000000.0,270000000.0,,15.658,1517000000.0,,,1517000000.0,273000000.0,64000000.0,28577000000.0,0.015,0.107,411000000.0,475000000.0,0.099,475000000.0,411000000.0,411000000.0,0.61,0.603,0.61,5323000000.0,,5323000000.0,12152428836.0,8.0,6.58,82000000.0,0.185,1.0,1699000000.0,0.356,1824000000.0,0.0,86779000000.0,,0.0,38368000000.0,,,83348000000.0,,,12288428836.0,-89000000.0,0.0,-293000000.0,-20000000.0,-47000000.0,13000000.0,-472000000.0,-346000000.0,369000000.0,1000000.0,270000000.0,270000000.0,270000000.0,0.0,0.0,0.057,1288000000.0,411000000.0,5075000000.0,0.175,2.309,11.431,11.632,1031000000.0,0.0,27.65,0.653,0.653,9811000000.0,9737000000.0,4778000000.0,4778000000.0,0.0,,,,,0.0,1288000000.0,1.0,444427806.0,444427806.0,,10.751,86847000000.0,1042000000.0,141000000.0,0.0,195.413,
80,CI,MRQ,2001-06-30,2001-06-30,2001-06-30,2021-08-05,157000000.0,91494000000.0,,,,,11.755,0.0,1674000000.0,1674000000.0,3020000000.0,252000000.0,,16.325,1538000000.0,,,1538000000.0,276000000.0,56000000.0,28165000000.0,0.013,0.107,385000000.0,441000000.0,0.095,441000000.0,385000000.0,385000000.0,0.563,0.553,0.563,5281000000.0,,5281000000.0,13840446486.0,8.0,7.469,182000000.0,0.405,1.0,1643000000.0,0.352,1842000000.0,0.0,89516000000.0,,0.0,37428000000.0,,,86213000000.0,,,14349446486.0,-378000000.0,0.0,-167000000.0,-6000000.0,-49000000.0,378000000.0,-936000000.0,-848000000.0,182000000.0,-2000000.0,252000000.0,252000000.0,252000000.0,0.0,0.0,0.054,1258000000.0,385000000.0,4682000000.0,0.19,2.717,13.25,13.534,966000000.0,0.0,31.94,0.753,0.753,9782000000.0,9513000000.0,4663000000.0,4663000000.0,0.0,,,,,0.0,1258000000.0,1.0,449262570.0,449262570.0,,10.379,89652000000.0,1201000000.0,133000000.0,0.0,199.554,
81,CI,MRQ,2001-03-31,2001-03-31,2001-03-31,2021-08-05,250000000.0,88321000000.0,,,,,11.563,0.0,2052000000.0,2052000000.0,3090000000.0,276000000.0,,15.586,1543000000.0,,,1543000000.0,303000000.0,59000000.0,27834000000.0,0.012,0.107,420000000.0,479000000.0,0.101,479000000.0,420000000.0,420000000.0,0.607,0.593,0.607,5325000000.0,,5325000000.0,15589134239.0,10.0,9.079,158000000.0,0.343,1.0,1642000000.0,0.347,1860000000.0,0.0,85952000000.0,,0.0,37197000000.0,,,82996000000.0,,,16486134239.0,-154000000.0,-244000000.0,-352000000.0,231000000.0,-47000000.0,-60000000.0,-251000000.0,72000000.0,158000000.0,-1000000.0,276000000.0,276000000.0,276000000.0,0.0,0.0,0.058,1222000000.0,420000000.0,4873000000.0,0.176,3.096,16.619,16.808,916000000.0,0.0,35.8,0.851,0.851,9841000000.0,9309000000.0,4732000000.0,4732000000.0,0.0,,,,,0.0,1222000000.0,1.0,460506543.0,460506543.0,,10.276,86461000000.0,1130000000.0,144000000.0,0.0,187.752,
82,CI,MRQ,2000-12-31,2000-12-31,2000-12-31,2021-08-05,221000000.0,95088000000.0,,,,,11.754,-313000000.0,2206000000.0,2206000000.0,2939000000.0,277000000.0,,16.567,1309000000.0,,,1309000000.0,589000000.0,55000000.0,27603000000.0,0.009,0.103,397000000.0,452000000.0,0.097,452000000.0,397000000.0,397000000.0,0.597,0.583,0.597,5413000000.0,,5413000000.0,19652338546.0,13.0,11.466,132000000.0,0.287,1.0,1699000000.0,0.366,1878000000.0,0.0,92313000000.0,,0.0,39808000000.0,,,89675000000.0,,,20308338546.0,182000000.0,0.0,-221000000.0,-46000000.0,-48000000.0,-23000000.0,-236000000.0,-127000000.0,445000000.0,-5000000.0,277000000.0,277000000.0,277000000.0,-6000000.0,0.0,0.06,1308000000.0,391000000.0,5111000000.0,0.173,3.752,20.576,21.408,879000000.0,0.0,44.1,1.04,1.04,10042000000.0,9081000000.0,4638000000.0,4638000000.0,0.0,,,,,0.0,1308000000.0,1.0,460506543.0,460506543.0,,10.072,93210000000.0,1199000000.0,120000000.0,0.0,202.408,
83,CI,MRQ,2000-09-30,2000-09-30,2000-09-30,2021-08-05,208000000.0,96725000000.0,,,,,11.373,0.0,2017000000.0,2017000000.0,3334000000.0,278000000.0,,16.989,1361000000.0,,,1361000000.0,557000000.0,51000000.0,27486000000.0,0.012,0.103,430000000.0,481000000.0,0.096,481000000.0,430000000.0,430000000.0,0.593,0.58,0.593,5377000000.0,,5377000000.0,15594508961.0,10.0,8.861,309000000.0,0.654,1.0,1692000000.0,0.337,1896000000.0,0.0,94173000000.0,,0.0,39428000000.0,,,91348000000.0,,,16452508961.0,-202000000.0,0.0,-427000000.0,0.0,-49000000.0,-241000000.0,-268000000.0,-121000000.0,309000000.0,-2000000.0,278000000.0,278000000.0,278000000.0,0.0,0.0,0.055,1262000000.0,430000000.0,5032000000.0,0.174,3.06,16.42,17.059,811000000.0,0.0,34.8,0.834,0.834,9745000000.0,8851000000.0,5026000000.0,5026000000.0,0.0,,,,,0.0,1262000000.0,1.0,472773246.0,472773246.0,,10.631,94829000000.0,1199000000.0,152000000.0,0.0,200.58,
84,CI,MRQ,2000-06-30,2000-06-30,2000-06-30,2021-08-05,128000000.0,96527000000.0,,,,,11.188,0.0,2219000000.0,2219000000.0,3488000000.0,161000000.0,,16.66,1361000000.0,,,1361000000.0,661000000.0,59000000.0,26969000000.0,0.013,0.103,246000000.0,305000000.0,0.061,305000000.0,246000000.0,246000000.0,0.333,0.33,0.333,5466000000.0,,5466000000.0,14079778875.0,6.0,5.668,469000000.0,0.96,1.0,1483000000.0,0.298,1913000000.0,0.0,93756000000.0,,0.0,38966000000.0,,,91061000000.0,,,15226778875.0,-291000000.0,45000000.0,-465000000.0,-2000000.0,-52000000.0,20000000.0,-777000000.0,-760000000.0,469000000.0,-3000000.0,161000000.0,161000000.0,161000000.0,0.0,0.0,0.032,1237000000.0,246000000.0,5139000000.0,0.309,2.786,8.526,9.56,759000000.0,0.0,31.167,0.785,0.785,9692000000.0,8621000000.0,4971000000.0,4971000000.0,0.0,,,,,0.0,1237000000.0,1.0,488559750.0,488559750.0,,10.175,94614000000.0,1239000000.0,85000000.0,0.0,193.659,
85,CI,MRQ,2000-03-31,2000-03-31,2000-03-31,2021-08-05,150000000.0,96997000000.0,,,,,11.544,0.0,2510000000.0,2510000000.0,3298000000.0,271000000.0,,15.615,1363000000.0,,,1363000000.0,663000000.0,56000000.0,26470000000.0,0.016,0.103,420000000.0,476000000.0,0.097,476000000.0,420000000.0,420000000.0,0.537,0.533,0.537,5838000000.0,,5838000000.0,11953523072.0,5.0,4.562,448000000.0,0.886,1.0,1593000000.0,0.326,1937000000.0,0.0,93913000000.0,,0.0,38352000000.0,,,91159000000.0,,,12769523072.0,278000000.0,0.0,-511000000.0,-53000000.0,-51000000.0,-529000000.0,379000000.0,436000000.0,448000000.0,-20000000.0,271000000.0,271000000.0,271000000.0,0.0,0.0,0.055,1173000000.0,420000000.0,5034000000.0,0.192,2.187,6.876,7.628,735000000.0,0.0,25.25,0.668,0.668,9445000000.0,8510000000.0,4891000000.0,4891000000.0,0.0,,,,,0.0,1173000000.0,1.0,505723686.0,505723686.0,,9.671,95060000000.0,1208000000.0,149000000.0,0.0,187.968,
86,CI,MRQ,1999-12-31,1999-12-31,1999-12-31,2021-08-05,166000000.0,95333000000.0,,,,,11.023,0.0,2232000000.0,2232000000.0,3203000000.0,292000000.0,,14.504,1416000000.0,,,1416000000.0,674000000.0,53000000.0,26599000000.0,0.015,0.1,445000000.0,498000000.0,0.103,498000000.0,445000000.0,445000000.0,0.577,0.57,0.577,6149000000.0,,6149000000.0,14557313502.0,6.0,5.779,792000000.0,1.42,1.0,1634000000.0,0.338,1955000000.0,0.0,92562000000.0,,0.0,38905000000.0,,,89184000000.0,,,14980313502.0,381000000.0,0.0,-1429000000.0,-12000000.0,-58000000.0,-1809000000.0,1390000000.0,1620000000.0,792000000.0,8000000.0,292000000.0,292000000.0,292000000.0,0.0,0.0,0.06,1189000000.0,445000000.0,4552000000.0,0.173,2.436,8.444,8.833,715000000.0,0.0,26.853,0.8,0.8,9243000000.0,8290000000.0,4837000000.0,4837000000.0,0.0,,,,,0.0,1189000000.0,1.0,557856759.0,557856759.0,,8.671,93378000000.0,1156000000.0,153000000.0,0.0,167.387,
87,CI,MRQ,1999-09-30,1999-09-30,1999-09-30,2021-08-05,168000000.0,92773000000.0,,,,,12.013,0.0,1851000000.0,1851000000.0,3124000000.0,1062000000.0,,11.928,1428000000.0,,,1428000000.0,540000000.0,74000000.0,27353000000.0,0.015,0.1,1131000000.0,1205000000.0,0.257,1205000000.0,1131000000.0,1131000000.0,1.813,1.813,1.813,7176000000.0,,7176000000.0,15887681930.0,7.0,6.49,315000000.0,0.527,1.0,1565000000.0,0.334,1974000000.0,0.0,90376000000.0,,0.0,40231000000.0,,,85597000000.0,,,15481681930.0,589000000.0,3450000000.0,-959000000.0,-240000000.0,-60000000.0,-1399000000.0,1557000000.0,-1832000000.0,315000000.0,14000000.0,1062000000.0,1062000000.0,1062000000.0,-1194000000.0,0.0,0.226,1628000000.0,-63000000.0,4756000000.0,0.055,2.157,9.001,8.958,707000000.0,0.0,25.917,0.84,0.84,9218000000.0,8049000000.0,4689000000.0,4689000000.0,0.0,,,,,0.0,1628000000.0,1.0,597363933.0,597363933.0,,7.849,90799000000.0,1309000000.0,69000000.0,196000000.0,151.999,
88,CI,MRQ,1999-06-30,1999-06-30,1999-06-30,2021-08-05,215000000.0,93446000000.0,,,,,12.027,0.0,1262000000.0,1262000000.0,3112000000.0,232000000.0,,11.729,1668000000.0,,,1668000000.0,496000000.0,43000000.0,27779000000.0,0.013,0.1,398000000.0,441000000.0,0.094,441000000.0,398000000.0,398000000.0,0.383,0.377,0.383,7341000000.0,,7341000000.0,17578002300.0,12.0,10.298,274000000.0,0.449,1.0,1578000000.0,0.336,2050000000.0,0.0,91802000000.0,,0.0,38638000000.0,,,86105000000.0,,,18108002300.0,-206000000.0,107000000.0,-416000000.0,-26000000.0,-61000000.0,-382000000.0,-33000000.0,-62000000.0,274000000.0,-1000000.0,232000000.0,232000000.0,232000000.0,71000000.0,0.0,0.049,1109000000.0,469000000.0,4631000000.0,0.261,2.467,19.921,20.045,700000000.0,0.0,29.667,1.004,1.004,9326000000.0,7045000000.0,4690000000.0,4690000000.0,0.0,,,,,0.0,1109000000.0,1.0,610382100.0,610382100.0,,7.684,91396000000.0,1269000000.0,166000000.0,0.0,149.736,
89,CI,MRQ,1999-03-31,1999-03-31,1999-03-31,2021-08-05,503000000.0,112453000000.0,,,,,12.792,0.0,2227000000.0,2227000000.0,3025000000.0,188000000.0,,13.291,1697000000.0,,,1697000000.0,1933000000.0,55000000.0,28781000000.0,0.014,0.1,320000000.0,375000000.0,0.083,375000000.0,320000000.0,320000000.0,0.307,0.303,0.307,7869000000.0,,7869000000.0,15860211083.0,10.0,9.115,436000000.0,0.709,1.0,1485000000.0,0.329,2461000000.0,0.0,109462000000.0,,0.0,48577000000.0,,,104584000000.0,,,17185211083.0,-518000000.0,0.0,-182000000.0,-6000000.0,-59000000.0,-623000000.0,-419000000.0,-351000000.0,436000000.0,-12000000.0,188000000.0,188000000.0,188000000.0,-43000000.0,0.0,0.042,1117000000.0,368000000.0,6871000000.0,0.326,2.184,17.447,17.715,905000000.0,0.0,27.937,0.971,0.971,17467000000.0,6873000000.0,4510000000.0,4510000000.0,0.0,,,,,0.0,1117000000.0,1.0,615148947.0,615148947.0,,7.332,109992000000.0,2022000000.0,132000000.0,28000000.0,178.805,
90,CI,MRQ,1998-12-31,1998-12-31,1998-12-31,2021-08-05,842000000.0,95890000000.0,,,,,13.362,0.0,1986000000.0,1986000000.0,3015000000.0,238000000.0,,10.585,1700000000.0,,,1700000000.0,589000000.0,45000000.0,30607000000.0,0.015,0.096,382000000.0,427000000.0,0.094,427000000.0,382000000.0,382000000.0,0.39,0.383,0.39,8277000000.0,,8277000000.0,16486171430.0,8.0,7.556,425000000.0,0.686,1.0,1519000000.0,0.335,2090000000.0,0.0,93514000000.0,,0.0,41676000000.0,,,87613000000.0,,,15963171430.0,1530000000.0,-38000000.0,-73000000.0,15000000.0,-59000000.0,80000000.0,924000000.0,178000000.0,425000000.0,30000000.0,238000000.0,238000000.0,238000000.0,-4000000.0,0.0,0.052,1141000000.0,378000000.0,4385000000.0,0.246,1.929,12.355,12.632,701000000.0,0.0,25.77,0.902,0.902,9147000000.0,6746000000.0,4534000000.0,4534000000.0,0.0,,,,,0.0,1141000000.0,1.0,619447863.0,619447863.0,,7.319,93800000000.0,1034000000.0,144000000.0,0.0,151.425,
91,CI,MRQ,1998-09-30,1998-09-30,1998-09-30,2021-08-05,842000000.0,109296000000.0,,,,,12.807,0.0,1162000000.0,1162000000.0,2879000000.0,251000000.0,,12.401,1685000000.0,,,1685000000.0,1897000000.0,65000000.0,30877000000.0,0.017,0.096,399000000.0,464000000.0,0.108,464000000.0,399000000.0,399000000.0,0.4,0.397,0.4,8156000000.0,,8156000000.0,13829082021.0,8.0,6.826,308000000.0,0.484,1.0,1423000000.0,0.331,2462000000.0,0.0,107357000000.0,,0.0,51912000000.0,,,101140000000.0,,,14038082021.0,-773000000.0,-298000000.0,-385000000.0,-10000000.0,-62000000.0,-315000000.0,-795000000.0,-86000000.0,308000000.0,-6000000.0,251000000.0,251000000.0,251000000.0,13000000.0,0.0,0.058,1011000000.0,412000000.0,6268000000.0,0.24,1.721,10.849,10.95,856000000.0,0.0,22.043,0.907,0.907,17530000000.0,6567000000.0,4302000000.0,4302000000.0,0.0,,,,,0.0,1011000000.0,1.0,636840255.0,636840255.0,,6.755,106834000000.0,1891000000.0,148000000.0,114000000.0,167.756,
92,CI,MRQ,1998-06-30,1998-06-30,1998-06-30,2021-08-05,835000000.0,110927000000.0,,,,,12.909,0.0,1903000000.0,1903000000.0,2930000000.0,308000000.0,,12.301,1694000000.0,,,1694000000.0,1839000000.0,30000000.0,30524000000.0,0.016,0.096,444000000.0,474000000.0,0.109,474000000.0,444000000.0,444000000.0,0.48,0.473,0.48,8340000000.0,,8340000000.0,14266263781.0,8.0,6.946,234000000.0,0.362,1.0,1420000000.0,0.326,2490000000.0,0.0,108228000000.0,,0.0,51407000000.0,,,102587000000.0,,,14859263781.0,-300000000.0,0.0,-253000000.0,-35000000.0,-62000000.0,-566000000.0,205000000.0,274000000.0,234000000.0,5000000.0,308000000.0,308000000.0,308000000.0,-59000000.0,0.0,0.071,1035000000.0,385000000.0,6216000000.0,0.2,1.782,11.24,11.313,858000000.0,0.0,23.0,0.909,0.909,16928000000.0,6376000000.0,4350000000.0,4350000000.0,0.0,,,,,0.0,1035000000.0,1.0,646054947.0,646054947.0,,6.733,108437000000.0,1924000000.0,136000000.0,159000000.0,167.845,
93,CI,MRQ,1998-03-31,1998-03-31,1998-03-31,2021-08-05,812000000.0,111219000000.0,,,,,12.804,0.0,2322000000.0,2322000000.0,3333000000.0,495000000.0,,12.36,1729000000.0,,,1729000000.0,1864000000.0,78000000.0,30714000000.0,0.016,0.096,768000000.0,846000000.0,0.156,846000000.0,768000000.0,768000000.0,0.767,0.757,0.767,8325000000.0,,8325000000.0,14340063870.0,8.0,7.043,-81000000.0,-0.125,1.0,2078000000.0,0.384,2517000000.0,0.0,108109000000.0,,0.0,51617000000.0,,,102894000000.0,,,14810063870.0,-303000000.0,1296000000.0,-96000000.0,-426000000.0,-60000000.0,-752000000.0,537000000.0,-44000000.0,-81000000.0,-7000000.0,495000000.0,495000000.0,495000000.0,0.0,0.0,0.091,1310000000.0,768000000.0,6610000000.0,0.125,1.779,11.454,11.545,847000000.0,0.0,22.778,0.886,0.886,16849000000.0,6129000000.0,5411000000.0,5411000000.0,0.0,,,,,0.0,1310000000.0,1.0,650197926.0,650197926.0,,8.322,108702000000.0,1916000000.0,273000000.0,277000000.0,167.183,
94,CI,MRQ,1997-12-31,1997-12-31,1997-12-31,2021-08-05,758000000.0,108199000000.0,,,,,12.199,0.0,2625000000.0,2625000000.0,1376000000.0,240000000.0,,12.641,2155000000.0,,,2155000000.0,1774000000.0,15000000.0,30682000000.0,0.019,0.092,227000000.0,242000000.0,0.172,242000000.0,227000000.0,227000000.0,0.367,0.363,0.367,7932000000.0,,7932000000.0,,,,733000000.0,1.127,1.0,33000000.0,0.023,2542000000.0,0.0,105187000000.0,,0.0,56578000000.0,,,100267000000.0,,,12454902494.0,1089000000.0,-77000000.0,-279000000.0,212000000.0,-63000000.0,265000000.0,-296000000.0,-184000000.0,733000000.0,7000000.0,240000000.0,240000000.0,240000000.0,-274000000.0,0.0,0.17,80000000.0,-47000000.0,6562000000.0,0.251,1.57,11.469,11.659,857000000.0,0.0,19.156,0.781,0.781,11018000000.0,5696000000.0,1409000000.0,1409000000.0,0.0,,,,,0.0,80000000.0,1.0,650197926.0,650197926.0,,2.167,105657000000.0,1788000000.0,-13000000.0,60000000.0,162.5,
95,CI,MRQ,1997-09-30,1997-09-30,1997-09-30,2021-08-05,,,,,,,,0.0,,,3359000000.0,279000000.0,,,,,,,,65000000.0,,0.018,0.092,427000000.0,492000000.0,0.095,492000000.0,427000000.0,427000000.0,0.42,0.417,0.42,,,,,,,369000000.0,,1.0,1823000000.0,0.352,,0.0,,,,,,,,,,,-346000000.0,-51000000.0,15000000.0,-292000000.0,-60000000.0,-214000000.0,-505000000.0,-407000000.0,369000000.0,4000000.0,279000000.0,279000000.0,279000000.0,0.0,0.0,0.054,1396000000.0,427000000.0,,0.219,,,,,0.0,20.7,,,,,5182000000.0,5182000000.0,0.0,,,,,0.0,1396000000.0,1.0,,,,,,,148000000.0,,,
96,CI,MRQ,1997-06-30,1997-06-30,1997-06-30,2021-08-05,,,,,,,,0.0,,,3065000000.0,279000000.0,,,,,,,,45000000.0,,0.018,0.092,411000000.0,456000000.0,0.097,456000000.0,411000000.0,411000000.0,0.42,0.417,0.42,,,,,,,-23000000.0,,1.0,1654000000.0,0.35,,0.0,,,,,,,,,,,-11000000.0,-1288000000.0,1000000.0,641000000.0,-62000000.0,933000000.0,-906000000.0,400000000.0,-23000000.0,-15000000.0,279000000.0,279000000.0,279000000.0,0.0,0.0,0.059,1243000000.0,411000000.0,,0.219,,,,,0.0,19.722,,,,,4719000000.0,4719000000.0,0.0,,,,,0.0,1243000000.0,1.0,,,,,,,132000000.0,,,
97,CI,MRQ,1997-03-31,1997-03-31,1997-03-31,2021-08-05,,,,,,,,0.0,,,3009000000.0,288000000.0,,,,,,,,54000000.0,,0.022,0.092,437000000.0,491000000.0,0.106,491000000.0,437000000.0,437000000.0,0.437,0.433,0.437,,,,,,,376000000.0,,1.0,1636000000.0,0.352,,0.0,,,,,,,,,,,195000000.0,0.0,-53000000.0,79000000.0,-60000000.0,-307000000.0,134000000.0,191000000.0,376000000.0,-8000000.0,288000000.0,288000000.0,288000000.0,0.0,0.0,0.062,1199000000.0,437000000.0,,0.211,,,,,0.0,16.222,,,,,4645000000.0,4645000000.0,0.0,,,,,0.0,1199000000.0,1.0,,,,,,,149000000.0,,,
98,CI,MRQ,1996-12-31,1996-12-31,1996-12-31,2021-08-05,582000000.0,98932000000.0,,,,,,,1760000000.0,1760000000.0,,,,12.725,1310000000.0,,,1310000000.0,1940000000.0,,29878000000.0,0.023,0.089,,,,,,,,,,7208000000.0,,7208000000.0,,,,,,1.0,,,1068000000.0,,97414000000.0,,0.0,56061000000.0,,,91724000000.0,,,,,,,,,,,,,,,,,,,,,,5326000000.0,,,,9.731,802000000.0,,15.181,,,11516000000.0,4855000000.0,,,,,,,,,,1.0,,,,,97864000000.0,1998000000.0,,221000000.0,,
0,CI,MRT,2021-06-30,2021-06-30,2021-06-30,2021-08-05,-1077000000.0,154207000000.0,155445750000.0,25011000000.0,129196000000.0,1.073,141.949,-1071000000.0,3821000000.0,3821000000.0,143684000000.0,8187000000.0,0.721,2.165,33138000000.0,1532000000.0,31606000000.0,33138000000.0,0.0,2861000000.0,0.0,0.008,2.0,11842000000.0,14703000000.0,0.088,14703000000.0,11842000000.0,10557000000.0,22.84,22.63,22.84,48709000000.0,48802750000.0,48709000000.0,106816515301.0,9.0,7.265,4915000000.0,14.323,1.0,23085000000.0,0.138,81070000000.0,1285000000.0,67743000000.0,65339000000.0,3042000000.0,24927000000.0,1305000000.0,23622000000.0,105440000000.0,34711000000.0,70729000000.0,81349515301.0,-4043000000.0,3617000000.0,-5991000000.0,-3618000000.0,-687000000.0,-10516000000.0,458000000.0,-2133000000.0,5986000000.0,29000000.0,8151000000.0,8151000000.0,8151000000.0,0.0,36000000.0,0.049,15528000000.0,7557000000.0,20117000000.0,0.088,1.67,9.98,10.38,4078000000.0,0.0,237.07,0.488,0.488,20576000000.0,30513000000.0,166769000000.0,166769000000.0,0.0,0.052,0.167,0.181,0.071,0.0,13542000000.0,1.0,343145549.0,343145549.0,,486.001,73137000000.0,0.0,2406000000.0,8867000000.0,213.137,-9700000000.0
1,CI,MRT,2021-03-31,2021-03-31,2021-03-31,2021-08-05,-1231000000.0,152081000000.0,156801000000.0,25554000000.0,126527000000.0,1.039,136.847,-1069000000.0,6505000000.0,6505000000.0,138922000000.0,8471000000.0,0.763,2.157,31972000000.0,404000000.0,31568000000.0,31972000000.0,0.0,2824000000.0,0.0,0.004,1.0,12312000000.0,15136000000.0,0.093,15136000000.0,12312000000.0,10951000000.0,23.31,23.11,23.31,48149000000.0,48467000000.0,48149000000.0,107792156794.0,9.0,7.122,8487000000.0,24.121,1.0,23981000000.0,0.147,79427000000.0,1361000000.0,64651000000.0,65005000000.0,2919000000.0,24298000000.0,1477000000.0,22821000000.0,103867000000.0,33470000000.0,70397000000.0,85055156794.0,1370000000.0,5453000000.0,-5453000000.0,-4718000000.0,-360000000.0,-10766000000.0,2528000000.0,-1842000000.0,9556000000.0,52000000.0,8438000000.0,8438000000.0,8438000000.0,0.0,33000000.0,0.052,15932000000.0,8049000000.0,19402000000.0,0.043,1.766,10.08,10.371,4114000000.0,0.0,241.74,0.522,0.522,18763000000.0,29389000000.0,162903000000.0,162903000000.0,0.0,0.054,0.174,0.189,0.076,0.0,13953000000.0,1.0,351845606.0,351845606.0,,462.996,72654000000.0,0.0,2513000000.0,8832000000.0,206.494,-7916000000.0
2,CI,MRT,2020-12-31,2020-12-31,2020-12-31,2021-08-05,-861000000.0,155451000000.0,157458500000.0,27799000000.0,127652000000.0,1.019,139.29,-1094000000.0,10182000000.0,10182000000.0,136194000000.0,8489000000.0,0.772,2.088,32919000000.0,3374000000.0,29545000000.0,32919000000.0,0.0,2802000000.0,0.0,0.0,0.04,12275000000.0,15077000000.0,0.094,15077000000.0,12275000000.0,10837000000.0,23.17,22.96,23.17,50321000000.0,47699500000.0,50321000000.0,105850622350.0,9.0,7.021,9256000000.0,25.621,1.0,24207000000.0,0.151,79827000000.0,1438000000.0,62339000000.0,65247250000.0,3165000000.0,24593000000.0,1331000000.0,23262000000.0,105065000000.0,36022000000.0,69043000000.0,75208622350.0,4834000000.0,5453000000.0,-3666000000.0,-4736000000.0,0.0,-8533000000.0,2976000000.0,-1406000000.0,10350000000.0,41000000.0,8458000000.0,8458000000.0,8458000000.0,0.0,31000000.0,0.053,16054000000.0,8153000000.0,18825000000.0,0.002,1.495,8.892,8.985,4205000000.0,0.0,208.18,0.469,0.469,17391000000.0,28575000000.0,160401000000.0,160401000000.0,0.0,0.054,0.177,0.188,0.077,0.0,14072000000.0,1.0,361267280.0,361267280.0,,443.995,75624000000.0,0.0,2379000000.0,8939000000.0,209.33,-8223000000.0
3,CI,MRT,2020-09-30,2020-09-30,2020-09-30,2021-08-05,-541000000.0,160044000000.0,157539250000.0,34557000000.0,125487000000.0,0.996,130.806,-1085000000.0,5344000000.0,5344000000.0,132280000000.0,5331000000.0,0.787,2.331,35986000000.0,6449000000.0,29537000000.0,35986000000.0,0.0,3016000000.0,0.0,0.0,0.04,8212000000.0,11228000000.0,0.072,11228000000.0,8212000000.0,6720000000.0,14.41,14.27,14.41,48032000000.0,46453750000.0,48032000000.0,91546458559.0,11.0,8.153,7764000000.0,21.144,1.0,24654000000.0,0.157,80177000000.0,1492000000.0,66623000000.0,66477500000.0,2657000000.0,23276000000.0,1324000000.0,21952000000.0,111946000000.0,43886000000.0,68060000000.0,62207458559.0,1627000000.0,-282000000.0,-2437000000.0,-3010000000.0,-15000000.0,-5519000000.0,-1715000000.0,-381000000.0,8849000000.0,12000000.0,5300000000.0,5300000000.0,5300000000.0,0.0,31000000.0,0.034,16285000000.0,8369000000.0,17866000000.0,0.003,1.295,11.737,11.756,4203000000.0,0.0,169.41,0.396,0.396,18386000000.0,24440000000.0,156934000000.0,156934000000.0,0.0,0.034,0.114,0.124,0.052,0.0,14063000000.0,1.0,367200629.0,367200629.0,,427.379,79867000000.0,0.0,1420000000.0,9142000000.0,217.502,-9329000000.0
4,CI,MRT,2020-06-30,2020-06-30,2020-06-30,2021-08-05,-788000000.0,159628000000.0,156240000000.0,34880000000.0,124748000000.0,0.989,128.37,-1076000000.0,7185000000.0,7185000000.0,129513000000.0,5287000000.0,0.827,2.369,36524000000.0,4750000000.0,31774000000.0,36524000000.0,0.0,3227000000.0,0.0,0.0,0.04,8253000000.0,11480000000.0,0.074,11480000000.0,8253000000.0,6686000000.0,14.2,14.06,14.2,47366000000.0,45619750000.0,47366000000.0,101274281648.0,12.0,8.822,9339000000.0,25.31,1.0,25022000000.0,0.162,80381000000.0,1567000000.0,66407000000.0,68079250000.0,2712000000.0,22528000000.0,1190000000.0,21338000000.0,112223000000.0,42179000000.0,70044000000.0,69239281648.0,4311000000.0,-147000000.0,-2062000000.0,-2914000000.0,-15000000.0,-5010000000.0,-1081000000.0,110000000.0,10415000000.0,-13000000.0,5263000000.0,5263000000.0,5263000000.0,0.0,24000000.0,0.034,16638000000.0,8384000000.0,17269000000.0,0.003,1.462,13.156,13.215,4255000000.0,0.0,187.65,0.448,0.448,17636000000.0,23052000000.0,154535000000.0,154535000000.0,0.0,0.034,0.115,0.121,0.053,0.0,14175000000.0,1.0,368980984.0,368980984.0,,418.816,79247000000.0,0.0,1423000000.0,9170000000.0,214.773,-7299000000.0
5,CI,MRT,2020-03-31,2020-03-31,2020-03-31,2021-08-05,-1527000000.0,154711000000.0,154933250000.0,30877000000.0,123834000000.0,0.995,121.166,-1123000000.0,4452000000.0,4452000000.0,129329000000.0,4937000000.0,0.765,2.431,36487000000.0,4340000000.0,32147000000.0,36487000000.0,0.0,3447000000.0,0.0,0.0,0.04,7780000000.0,11227000000.0,0.073,11227000000.0,7780000000.0,6159000000.0,13.16,13.03,13.16,45079000000.0,44732000000.0,45079000000.0,98706595395.0,13.0,8.792,7057000000.0,18.968,1.0,24760000000.0,0.161,80746000000.0,1621000000.0,65620000000.0,70465750000.0,2565000000.0,21581000000.0,973000000.0,20608000000.0,109590000000.0,40380000000.0,69210000000.0,65918595395.0,198000000.0,-147000000.0,-2157000000.0,-4238000000.0,0.0,-6471000000.0,-1478000000.0,-234000000.0,8180000000.0,-33000000.0,4917000000.0,4917000000.0,4917000000.0,0.0,20000000.0,0.032,16852000000.0,7908000000.0,16382000000.0,0.003,1.462,13.406,13.464,4317000000.0,0.0,177.18,0.428,0.428,16782000000.0,21298000000.0,154089000000.0,154089000000.0,0.0,0.032,0.11,0.11,0.05,0.0,14148000000.0,1.0,372043094.0,372043094.0,,414.17,73965000000.0,0.0,1242000000.0,9066000000.0,198.808,-9503000000.0
6,CI,MRT,2019-12-31,2019-12-31,2019-12-31,2021-08-05,-941000000.0,155774000000.0,154842500000.0,29845000000.0,125929000000.0,0.992,121.411,-1050000000.0,4619000000.0,4619000000.0,128487000000.0,5120000000.0,0.744,2.435,37407000000.0,5514000000.0,31893000000.0,37407000000.0,0.0,3651000000.0,0.0,0.0,0.04,8236000000.0,11887000000.0,0.077,11887000000.0,8236000000.0,6554000000.0,13.58,13.44,13.58,45338000000.0,44064250000.0,45338000000.0,110537754116.0,13.0,9.299,8435000000.0,22.588,1.0,25079000000.0,0.163,81164000000.0,1682000000.0,67260000000.0,72564250000.0,2661000000.0,22479000000.0,937000000.0,21542000000.0,110395000000.0,40138000000.0,70257000000.0,76361754116.0,1556000000.0,-153000000.0,-1763000000.0,-5175000000.0,0.0,-7187000000.0,-734000000.0,480000000.0,9485000000.0,-8000000.0,5104000000.0,5104000000.0,5104000000.0,0.0,16000000.0,0.033,17002000000.0,8077000000.0,15544000000.0,0.003,1.684,14.961,15.058,4417000000.0,0.0,204.49,0.497,0.497,15816000000.0,20162000000.0,153566000000.0,153566000000.0,0.0,0.033,0.116,0.113,0.054,0.0,14053000000.0,1.0,373425371.0,373425371.0,,411.236,74610000000.0,0.0,1450000000.0,9387000000.0,199.799,-10293000000.0
7,CI,MRT,2019-09-30,2019-09-30,2019-09-30,2021-08-05,-858000000.0,154847000000.0,154205500000.0,21168000000.0,133679000000.0,0.841,118.366,-922000000.0,4577000000.0,4577000000.0,106620000000.0,4283000000.0,0.615,2.464,38753000000.0,4712000000.0,34041000000.0,38753000000.0,0.0,2981000000.0,0.0,0.0,0.04,7102000000.0,10083000000.0,0.078,10083000000.0,7102000000.0,5525000000.0,11.35,11.23,11.35,44696000000.0,42986750000.0,44696000000.0,92902311397.0,13.0,9.214,5896000000.0,15.614,1.0,23001000000.0,0.177,81546000000.0,1577000000.0,73030000000.0,74860750000.0,2160000000.0,30275000000.0,1371000000.0,28904000000.0,110114000000.0,34447000000.0,75667000000.0,57317311397.0,-19455000000.0,-24461000000.0,-1444000000.0,749000000.0,0.0,-1080000000.0,-25167000000.0,223000000.0,6818000000.0,-26000000.0,4271000000.0,4271000000.0,4271000000.0,0.0,12000000.0,0.033,15926000000.0,7075000000.0,15359000000.0,0.004,1.282,13.42,13.374,4448000000.0,0.0,151.79,0.442,0.442,16993000000.0,19185000000.0,129621000000.0,129621000000.0,0.0,0.028,0.099,0.095,0.055,0.0,13576000000.0,1.0,377609272.0,377609272.0,,343.268,73301000000.0,0.0,1254000000.0,9284000000.0,194.119,-13279000000.0
8,CI,MRT,2019-06-30,2019-06-30,2019-06-30,2021-08-05,-965000000.0,154401000000.0,136232750000.0,20709000000.0,133692000000.0,0.753,115.467,-805000000.0,3610000000.0,3610000000.0,81739000000.0,3703000000.0,0.65,2.523,39195000000.0,2310000000.0,36885000000.0,39195000000.0,0.0,2230000000.0,0.0,0.0,0.04,6061000000.0,8291000000.0,0.081,8291000000.0,6061000000.0,4796000000.0,10.93,10.8,10.93,43815000000.0,35701500000.0,43815000000.0,95293552758.0,16.0,11.494,4176000000.0,11.005,1.0,20783000000.0,0.203,82166000000.0,1265000000.0,75953000000.0,76064500000.0,2298000000.0,29845000000.0,1665000000.0,28180000000.0,110552000000.0,31867000000.0,78685000000.0,59783552758.0,-24000000.0,-24461000000.0,-787000000.0,20987000000.0,0.0,19750000000.0,-24738000000.0,546000000.0,4981000000.0,-17000000.0,3692000000.0,3692000000.0,3692000000.0,0.0,11000000.0,0.036,14699000000.0,6084000000.0,15914000000.0,0.004,1.364,16.193,14.414,4538000000.0,0.0,157.55,0.583,0.583,17024000000.0,17834000000.0,102522000000.0,102522000000.0,0.0,0.027,0.103,0.08,0.059,0.0,13035000000.0,1.0,379457650.0,379457650.0,,270.18,72235000000.0,0.0,1104000000.0,9407000000.0,190.364,-11158000000.0
9,CI,MRT,2019-03-31,2019-03-31,2019-03-31,2021-08-05,-1282000000.0,154348000000.0,113408000000.0,21136000000.0,133212000000.0,0.663,111.583,-619000000.0,4976000000.0,4976000000.0,56658000000.0,3101000000.0,0.641,2.639,40486000000.0,2915000000.0,37571000000.0,40486000000.0,0.0,1452000000.0,0.0,0.0,0.04,5033000000.0,6485000000.0,0.086,6485000000.0,5033000000.0,4140000000.0,10.52,10.39,10.52,42408000000.0,28433500000.0,42408000000.0,99744083073.0,20.0,15.381,4318000000.0,11.361,1.0,18525000000.0,0.246,82875000000.0,893000000.0,74014000000.0,71732500000.0,2382000000.0,28919000000.0,1662000000.0,27257000000.0,111897000000.0,32969000000.0,78928000000.0,61121083073.0,2205000000.0,-24461000000.0,-393000000.0,22298000000.0,0.0,21511000000.0,-24203000000.0,889000000.0,4937000000.0,-40000000.0,3090000000.0,3090000000.0,3090000000.0,0.0,11000000.0,0.041,13443000000.0,5082000000.0,15633000000.0,0.004,1.441,19.78,15.287,4523000000.0,0.0,160.82,0.813,0.813,16326000000.0,16426000000.0,75183000000.0,75183000000.0,0.0,0.027,0.109,0.07,0.067,0.0,12492000000.0,1.0,380058967.0,380058967.0,,197.819,71473000000.0,0.0,1050000000.0,9403000000.0,188.058,-11833000000.0
10,CI,MRT,2018-12-31,2018-12-31,2018-12-31,2021-08-05,-1711000000.0,153226000000.0,90606250000.0,20430000000.0,132796000000.0,0.537,168.469,-528000000.0,3855000000.0,3855000000.0,32321000000.0,2646000000.0,0.641,2.734,42478000000.0,2955000000.0,39523000000.0,42478000000.0,0.0,695000000.0,0.0,0.0,0.04,4070000000.0,4765000000.0,0.098,4765000000.0,4070000000.0,3572000000.0,10.69,10.54,10.69,41028000000.0,21380250000.0,41028000000.0,47270027609.0,12.0,9.92,3242000000.0,13.312,1.0,16329000000.0,0.336,83508000000.0,498000000.0,76446000000.0,68104250000.0,2821000000.0,28974000000.0,2045000000.0,26929000000.0,112154000000.0,31895000000.0,80259000000.0,46252027609.0,883000000.0,-24455000000.0,-274000000.0,24212000000.0,0.0,23515000000.0,-26378000000.0,-1383000000.0,3770000000.0,-24000000.0,2637000000.0,2637000000.0,2637000000.0,0.0,9000000.0,0.054,12169000000.0,4160000000.0,15068000000.0,0.004,1.127,17.54,17.766,4562000000.0,0.0,189.92,0.951,0.951,15980000000.0,15088000000.0,48650000000.0,48650000000.0,0.0,0.029,0.123,0.06,0.084,0.0,11934000000.0,1.0,243534265.0,243534265.0,,199.767,69718000000.0,0.0,935000000.0,9453000000.0,286.276,-11465000000.0
11,CI,MRT,2018-09-30,2018-09-30,2018-09-30,2021-08-05,-1857000000.0,82956000000.0,67739500000.0,,,0.661,63.916,-477000000.0,24032000000.0,24032000000.0,29368000000.0,2766000000.0,,4.331,25050000000.0,,,25050000000.0,683000000.0,579000000.0,8069000000.0,0.0,0.04,4568000000.0,5147000000.0,0.115,5147000000.0,4568000000.0,4104000000.0,11.41,11.25,11.41,15555000000.0,14551000000.0,15555000000.0,52350673577.0,11.0,10.171,3742000000.0,15.376,1.0,15400000000.0,0.344,6129000000.0,464000000.0,77845000000.0,60669750000.0,0.0,28976000000.0,,,67371000000.0,,,50680673577.0,20376000000.0,-176000000.0,-1013000000.0,19737000000.0,0.0,18432000000.0,-2277000000.0,-1612000000.0,4219000000.0,2000000.0,2759000000.0,2759000000.0,2759000000.0,0.0,7000000.0,0.062,10705000000.0,4695000000.0,10496000000.0,0.004,3.258,18.369,18.252,1559000000.0,0.0,208.25,1.132,1.132,9389000000.0,18474000000.0,44768000000.0,44768000000.0,0.0,0.041,0.19,0.075,0.102,0.0,10579000000.0,1.0,243364579.0,243364579.0,,183.954,76827000000.0,132000000.0,1345000000.0,0.0,315.687,
12,CI,MRT,2018-06-30,2018-06-30,2018-06-30,2021-08-05,-1843000000.0,63102000000.0,62484500000.0,,,0.701,60.604,-497000000.0,3634000000.0,3634000000.0,28762000000.0,2554000000.0,,3.277,5304000000.0,,,5304000000.0,1244000000.0,556000000.0,8121000000.0,0.0,0.04,4260000000.0,4816000000.0,0.11,4816000000.0,4260000000.0,3895000000.0,10.48,10.32,10.48,14743000000.0,14198500000.0,14743000000.0,43873429060.0,10.0,9.11,4333000000.0,17.812,1.0,15038000000.0,0.343,6147000000.0,365000000.0,58625000000.0,55615250000.0,0.0,29339000000.0,,,48320000000.0,,,41343429060.0,23000000.0,-195000000.0,-2058000000.0,226000000.0,0.0,-2050000000.0,-2770000000.0,-2078000000.0,4830000000.0,13000000.0,2547000000.0,2547000000.0,2547000000.0,0.0,7000000.0,0.058,10651000000.0,4387000000.0,10411000000.0,0.004,2.804,16.232,16.217,1554000000.0,0.0,169.95,0.944,0.944,9289000000.0,17722000000.0,43800000000.0,43800000000.0,0.0,0.041,0.179,0.077,0.097,0.0,10545000000.0,1.0,243268191.0,243268191.0,,180.048,56955000000.0,140000000.0,1348000000.0,0.0,234.124,
13,CI,MRT,2018-03-31,2018-03-31,2018-03-31,2021-08-05,-1547000000.0,63141000000.0,62143500000.0,,,0.688,58.446,-483000000.0,2771000000.0,2771000000.0,28155000000.0,2556000000.0,,3.445,5301000000.0,,,5301000000.0,1291000000.0,560000000.0,8153000000.0,0.0,0.04,4241000000.0,4801000000.0,0.112,4801000000.0,4241000000.0,3932000000.0,10.36,10.18,10.36,14195000000.0,14149250000.0,14195000000.0,43206912383.0,10.0,9.0,4049000000.0,16.671,1.0,14590000000.0,0.341,6170000000.0,309000000.0,59501000000.0,55181500000.0,0.0,29864000000.0,,,48897000000.0,,,40739912383.0,-1384000000.0,-209000000.0,-2683000000.0,224000000.0,0.0,-2666000000.0,-3286000000.0,-2594000000.0,4532000000.0,36000000.0,2554000000.0,2554000000.0,2554000000.0,0.0,2000000.0,0.06,10230000000.0,4360000000.0,10750000000.0,0.004,2.87,15.951,16.191,1552000000.0,0.0,167.74,0.953,0.953,9400000000.0,16933000000.0,42745000000.0,42745000000.0,0.0,0.041,0.181,0.077,0.099,0.0,10120000000.0,1.0,242875357.0,242875357.0,,175.996,56971000000.0,96000000.0,1378000000.0,0.0,234.569,
14,CI,MRT,2017-12-31,2017-12-31,2017-12-31,2021-08-05,-1082000000.0,61759000000.0,61645000000.0,9311000000.0,52448000000.0,0.678,55.612,-471000000.0,2972000000.0,2972000000.0,27719000000.0,2232000000.0,0.846,3.501,5439000000.0,240000000.0,5199000000.0,5439000000.0,0.0,566000000.0,0.0,0.0,0.04,3863000000.0,4429000000.0,0.106,4429000000.0,3863000000.0,3611000000.0,8.92,8.77,8.92,13711000000.0,14157000000.0,13711000000.0,51763779792.0,13.0,11.687,3615000000.0,14.662,1.0,14087000000.0,0.337,6509000000.0,252000000.0,46708000000.0,54249500000.0,228000000.0,28619000000.0,2136000000.0,26483000000.0,47999000000.0,11009000000.0,36990000000.0,50071779792.0,-213000000.0,-209000000.0,-2594000000.0,98000000.0,0.0,-2651000000.0,-1703000000.0,-1023000000.0,4086000000.0,55000000.0,2237000000.0,2237000000.0,2237000000.0,0.0,-5000000.0,0.054,10145000000.0,3942000000.0,489000000.0,0.004,3.652,22.383,22.768,1563000000.0,0.0,203.09,1.198,1.198,8918000000.0,15800000000.0,41806000000.0,41806000000.0,0.0,0.036,0.158,0.071,0.092,0.0,10030000000.0,1.0,246549706.0,246549706.0,,169.564,55250000000.0,39000000.0,1374000000.0,0.0,224.093,-1698000000.0
15,CI,MRT,2017-09-30,2017-09-30,2017-09-30,2021-08-05,-1124000000.0,61936000000.0,61045250000.0,,,0.68,56.18,-439000000.0,3656000000.0,3656000000.0,27159000000.0,2339000000.0,,3.375,5348000000.0,,,5348000000.0,1194000000.0,575000000.0,8246000000.0,0.0,0.04,3745000000.0,4320000000.0,0.104,4320000000.0,3745000000.0,3467000000.0,9.28,9.13,9.28,14145000000.0,14160000000.0,14145000000.0,48219401940.0,13.0,11.162,3919000000.0,15.565,1.0,14343000000.0,0.346,6001000000.0,278000000.0,57627000000.0,56379250000.0,0.0,28245000000.0,,,47739000000.0,,,47067401940.0,432000000.0,-32000000.0,-1837000000.0,0.0,0.0,-1938000000.0,-1980000000.0,-1509000000.0,4358000000.0,-8000000.0,2353000000.0,2353000000.0,2353000000.0,0.0,-14000000.0,0.057,10781000000.0,3562000000.0,9585000000.0,0.004,3.327,20.003,20.144,1526000000.0,0.0,186.94,1.134,1.134,9469000000.0,15590000000.0,41502000000.0,41502000000.0,0.0,0.039,0.166,0.066,0.09,0.0,10657000000.0,1.0,251778121.0,251778121.0,,164.836,55935000000.0,172000000.0,1114000000.0,0.0,222.16,
16,CI,MRT,2017-06-30,2017-06-30,2017-06-30,2021-08-05,-1146000000.0,61738000000.0,60751750000.0,,,0.673,56.817,-401000000.0,3611000000.0,3611000000.0,27033000000.0,2229000000.0,,3.24,4763000000.0,,,4763000000.0,1181000000.0,586000000.0,8350000000.0,0.0,0.04,3669000000.0,4255000000.0,0.104,4255000000.0,3669000000.0,3391000000.0,8.81,8.68,8.81,14546000000.0,14117250000.0,14546000000.0,43462287074.0,12.0,10.214,4634000000.0,18.101,1.0,13860000000.0,0.339,6000000000.0,278000000.0,56890000000.0,56118000000.0,0.0,27932000000.0,,,47133000000.0,,,42854287074.0,1157000000.0,-14000000.0,-797000000.0,-301000000.0,0.0,-1145000000.0,-2734000000.0,-2218000000.0,5035000000.0,1000000.0,2249000000.0,2249000000.0,2249000000.0,0.0,-20000000.0,0.055,10380000000.0,3480000000.0,9449000000.0,0.005,2.946,19.055,19.0,1509000000.0,0.0,167.39,1.048,1.048,9721000000.0,15102000000.0,40893000000.0,40893000000.0,0.0,0.037,0.159,0.065,0.09,0.0,10247000000.0,1.0,256014619.0,256014619.0,,159.729,55738000000.0,199000000.0,1142000000.0,0.0,217.714,
17,CI,MRT,2017-03-31,2017-03-31,2017-03-31,2021-08-05,-1252000000.0,61147000000.0,60193750000.0,,,0.672,55.343,-440000000.0,4155000000.0,4155000000.0,27003000000.0,1922000000.0,,3.294,4763000000.0,,,4763000000.0,1204000000.0,598000000.0,8415000000.0,0.0,0.04,3352000000.0,3950000000.0,0.098,3950000000.0,3352000000.0,3074000000.0,7.61,7.5,7.61,14226000000.0,13819750000.0,14226000000.0,39502606662.0,12.0,10.001,4244000000.0,16.51,1.0,13425000000.0,0.332,5982000000.0,278000000.0,55773000000.0,55926500000.0,0.0,27259000000.0,,,46862000000.0,,,37655606662.0,1754000000.0,-4000000.0,-175000000.0,-402000000.0,0.0,-594000000.0,-2331000000.0,-1786000000.0,4684000000.0,-5000000.0,1946000000.0,1946000000.0,1946000000.0,0.0,-24000000.0,0.048,10266000000.0,3159000000.0,9437000000.0,0.005,2.647,19.35,19.25,1519000000.0,0.0,146.49,0.931,0.931,9540000000.0,14356000000.0,40428000000.0,40428000000.0,0.0,0.032,0.141,0.06,0.083,0.0,10124000000.0,1.0,257052404.0,257052404.0,,157.275,55165000000.0,263000000.0,1128000000.0,0.0,214.606,
18,CI,MRT,2016-12-31,2016-12-31,2016-12-31,2021-08-05,-1382000000.0,59360000000.0,59628000000.0,,,0.668,53.451,-461000000.0,3185000000.0,3185000000.0,26809000000.0,1843000000.0,,3.321,5032000000.0,,,5032000000.0,634000000.0,610000000.0,8458000000.0,0.0,0.04,3281000000.0,3891000000.0,0.098,3891000000.0,3281000000.0,3003000000.0,7.31,7.19,7.31,13723000000.0,13432000000.0,13723000000.0,36073366923.0,11.0,9.271,3565000000.0,13.886,1.0,13029000000.0,0.327,5980000000.0,278000000.0,55227000000.0,55894250000.0,0.0,26815000000.0,,,45575000000.0,,,34246366923.0,1217000000.0,-4000000.0,-103000000.0,-148000000.0,0.0,-225000000.0,-2574000000.0,-2008000000.0,4026000000.0,-10000000.0,1867000000.0,1867000000.0,1867000000.0,0.0,-24000000.0,0.047,9941000000.0,3088000000.0,8946000000.0,0.005,2.496,18.343,18.248,1536000000.0,0.0,133.39,0.86,0.86,9555000000.0,13855000000.0,39838000000.0,39838000000.0,0.0,0.031,0.139,0.059,0.082,0.0,9790000000.0,1.0,256738638.0,256738638.0,,155.169,53380000000.0,304000000.0,1136000000.0,0.0,207.916,
19,CI,MRT,2016-09-30,2016-09-30,2016-09-30,2021-08-05,-715000000.0,60762000000.0,59060000000.0,,,0.665,54.465,-515000000.0,3224000000.0,3224000000.0,26650000000.0,1887000000.0,,3.343,5051000000.0,,,5051000000.0,1179000000.0,594000000.0,8470000000.0,0.0,0.04,3057000000.0,3651000000.0,0.093,3651000000.0,3057000000.0,3057000000.0,7.48,7.37,7.48,13974000000.0,13010000000.0,13974000000.0,36071222078.0,12.0,9.88,3800000000.0,14.811,1.0,12602000000.0,0.321,6007000000.0,0.0,56582000000.0,55655000000.0,0.0,27101000000.0,,,46712000000.0,,,33436222078.0,843000000.0,6000000.0,-233000000.0,-149000000.0,0.0,-361000000.0,-3133000000.0,-2523000000.0,4315000000.0,22000000.0,1911000000.0,1911000000.0,1911000000.0,0.0,-24000000.0,0.049,9569000000.0,3033000000.0,8924000000.0,0.005,2.393,17.497,17.422,1561000000.0,0.0,130.32,0.852,0.852,10116000000.0,13487000000.0,39252000000.0,39252000000.0,0.0,0.032,0.147,0.055,0.078,0.0,9433000000.0,1.0,256570151.0,256570151.0,,152.987,54755000000.0,110000000.0,1146000000.0,0.0,213.411,
20,CI,MRT,2016-06-30,2016-06-30,2016-06-30,2021-08-05,-844000000.0,59506000000.0,58096750000.0,,,0.667,52.068,-518000000.0,2454000000.0,2454000000.0,26278000000.0,1979000000.0,,3.449,5089000000.0,,,5089000000.0,618000000.0,593000000.0,8464000000.0,0.0,0.04,3192000000.0,3785000000.0,0.098,3785000000.0,3192000000.0,3192000000.0,7.84,7.71,7.84,13356000000.0,12460000000.0,13356000000.0,35620109493.0,11.0,9.411,2499000000.0,9.742,1.0,12483000000.0,0.322,6017000000.0,0.0,56124000000.0,54932750000.0,0.0,25863000000.0,,,46071000000.0,,,32831109493.0,485000000.0,4000000.0,-234000000.0,-122000000.0,0.0,-312000000.0,-2212000000.0,-1698000000.0,3017000000.0,-8000000.0,2002000000.0,2002000000.0,2002000000.0,0.0,-23000000.0,0.052,9314000000.0,3169000000.0,9146000000.0,0.005,2.458,16.399,16.325,1556000000.0,0.0,127.99,0.847,0.847,11034000000.0,13046000000.0,38761000000.0,38761000000.0,0.0,0.034,0.161,0.058,0.082,0.0,9176000000.0,1.0,256513083.0,256513083.0,,151.107,53489000000.0,210000000.0,1190000000.0,0.0,208.523,
21,CI,MRT,2016-03-31,2016-03-31,2016-03-31,2021-08-05,-988000000.0,58884000000.0,57503250000.0,,,0.666,49.557,-507000000.0,2401000000.0,2401000000.0,25762000000.0,2060000000.0,,3.639,5190000000.0,,,5190000000.0,646000000.0,592000000.0,8455000000.0,0.0,0.04,3312000000.0,3904000000.0,0.102,3904000000.0,3312000000.0,3312000000.0,8.14,8.0,8.14,12675000000.0,11943500000.0,12675000000.0,38302368384.0,12.0,9.811,2610000000.0,10.205,1.0,12531000000.0,0.327,6029000000.0,0.0,55644000000.0,54481250000.0,0.0,25447000000.0,,,46127000000.0,,,35101368384.0,-219000000.0,8000000.0,-332000000.0,-960000000.0,0.0,-1285000000.0,-2047000000.0,-1548000000.0,3117000000.0,-4000000.0,2080000000.0,2080000000.0,2080000000.0,0.0,-20000000.0,0.054,9239000000.0,3292000000.0,9392000000.0,0.005,2.769,16.876,16.86,1534000000.0,0.0,137.24,0.917,0.917,10681000000.0,12541000000.0,38293000000.0,38293000000.0,0.0,0.036,0.174,0.061,0.086,0.0,9099000000.0,1.0,255766310.0,255766310.0,,149.719,52855000000.0,276000000.0,1232000000.0,0.0,206.653,
22,CI,MRT,2015-12-31,2015-12-31,2015-12-31,2021-08-05,-1250000000.0,57088000000.0,57312750000.0,,,0.661,46.72,-510000000.0,1968000000.0,1968000000.0,25424000000.0,2077000000.0,,3.737,5169000000.0,,,5169000000.0,629000000.0,585000000.0,8443000000.0,0.0,0.04,3344000000.0,3929000000.0,0.104,3929000000.0,3344000000.0,3344000000.0,8.17,8.04,8.17,12035000000.0,11510250000.0,12035000000.0,40518597464.0,12.0,10.313,2423000000.0,9.406,1.0,12452000000.0,0.329,6019000000.0,0.0,54270000000.0,54453750000.0,0.0,24713000000.0,,,44975000000.0,,,37694597464.0,548000000.0,-99000000.0,-517000000.0,-65000000.0,0.0,-609000000.0,-1736000000.0,-1127000000.0,2933000000.0,-40000000.0,2094000000.0,2094000000.0,2094000000.0,0.0,-17000000.0,0.055,9125000000.0,3327000000.0,8848000000.0,0.005,3.132,18.001,17.911,1534000000.0,0.0,146.33,0.995,0.995,10507000000.0,12121000000.0,37876000000.0,37876000000.0,0.0,0.037,0.182,0.061,0.088,0.0,8982000000.0,1.0,257599928.0,257599928.0,,147.034,51069000000.0,379000000.0,1250000000.0,0.0,198.249,
23,CI,MRT,2015-09-30,2015-09-30,2015-09-30,2021-08-05,-1215000000.0,56909000000.0,57008250000.0,,,0.654,45.725,-480000000.0,2381000000.0,2381000000.0,24954000000.0,2121000000.0,,3.827,5205000000.0,,,5205000000.0,591000000.0,604000000.0,8418000000.0,0.0,0.04,3414000000.0,4018000000.0,0.108,4018000000.0,3414000000.0,3414000000.0,8.33,8.18,8.33,11774000000.0,11195000000.0,11774000000.0,37994025127.0,11.0,9.456,2003000000.0,7.779,1.0,12322000000.0,0.331,6040000000.0,0.0,53693000000.0,54283000000.0,0.0,23899000000.0,,,45055000000.0,,,34767025127.0,760000000.0,-110000000.0,-739000000.0,-67000000.0,0.0,-914000000.0,-758000000.0,-168000000.0,2483000000.0,-51000000.0,2135000000.0,2135000000.0,2135000000.0,0.0,-14000000.0,0.057,8922000000.0,3400000000.0,8913000000.0,0.005,2.953,16.284,16.209,1483000000.0,0.0,135.02,0.933,0.933,10650000000.0,11706000000.0,37276000000.0,37276000000.0,0.0,0.037,0.191,0.063,0.092,0.0,8751000000.0,1.0,257495372.0,257495372.0,,144.764,50869000000.0,327000000.0,1279000000.0,0.0,197.553,
24,CI,MRT,2015-06-30,2015-06-30,2015-06-30,2021-08-05,-1125000000.0,57132000000.0,56694250000.0,,,0.646,43.867,-483000000.0,1969000000.0,1969000000.0,24512000000.0,2108000000.0,,4.053,5196000000.0,,,5196000000.0,627000000.0,601000000.0,8433000000.0,0.0,0.04,3354000000.0,3955000000.0,0.108,3955000000.0,3354000000.0,3354000000.0,8.23,8.09,8.23,11290000000.0,11040750000.0,11290000000.0,45134465016.0,13.0,11.412,1856000000.0,7.211,1.0,12132000000.0,0.331,6041000000.0,0.0,54318000000.0,54153250000.0,0.0,23819000000.0,,,45753000000.0,,,41693465016.0,2000000.0,-107000000.0,-961000000.0,-70000000.0,0.0,-1148000000.0,-1130000000.0,-504000000.0,2339000000.0,-59000000.0,2122000000.0,2122000000.0,2122000000.0,0.0,-14000000.0,0.058,8792000000.0,3340000000.0,9118000000.0,0.005,3.693,19.648,19.684,1502000000.0,0.0,162.0,1.138,1.138,10811000000.0,11178000000.0,36644000000.0,36644000000.0,0.0,0.037,0.192,0.062,0.092,0.0,8614000000.0,1.0,257367068.0,257367068.0,,142.38,51091000000.0,369000000.0,1232000000.0,0.0,198.514,
25,CI,MRT,2015-03-31,2015-03-31,2015-03-31,2021-08-05,-934000000.0,58122000000.0,56393500000.0,,,0.636,42.338,-491000000.0,2620000000.0,2620000000.0,23995000000.0,2096000000.0,,4.303,6061000000.0,,,6061000000.0,634000000.0,589000000.0,8452000000.0,0.0,0.04,3316000000.0,3905000000.0,0.109,3905000000.0,3316000000.0,3316000000.0,8.09,7.95,8.09,10942000000.0,10952500000.0,10942000000.0,37184825418.0,11.0,9.522,1914000000.0,7.406,1.0,11890000000.0,0.331,6029000000.0,0.0,55534000000.0,53841750000.0,0.0,24408000000.0,,,47081000000.0,,,33452825418.0,344000000.0,-107000000.0,-1244000000.0,783000000.0,0.0,-606000000.0,-1409000000.0,-775000000.0,2405000000.0,-46000000.0,2107000000.0,2107000000.0,2107000000.0,0.0,-11000000.0,0.059,8585000000.0,3305000000.0,9259000000.0,0.005,3.057,15.877,16.0,1486000000.0,0.0,129.44,0.932,0.932,10407000000.0,10635000000.0,35885000000.0,35885000000.0,0.0,0.037,0.192,0.062,0.092,0.0,8398000000.0,1.0,258442718.0,258442718.0,,138.851,52093000000.0,241000000.0,1209000000.0,0.0,201.565,
26,CI,MRT,2014-12-31,2014-12-31,2014-12-31,2021-08-05,-936000000.0,55870000000.0,55656250000.0,,,0.627,41.188,-473000000.0,1420000000.0,1420000000.0,23241000000.0,2094000000.0,,4.176,5126000000.0,,,5126000000.0,621000000.0,588000000.0,8430000000.0,0.0,0.04,3312000000.0,3900000000.0,0.112,3900000000.0,3312000000.0,3312000000.0,7.97,7.83,7.97,10774000000.0,10856000000.0,10774000000.0,30443058357.0,9.0,7.806,1685000000.0,6.442,1.0,11673000000.0,0.334,5989000000.0,0.0,53587000000.0,52983000000.0,0.0,24342000000.0,,,44991000000.0,,,26919058357.0,-1375000000.0,0.0,-1502000000.0,-112000000.0,0.0,-1635000000.0,-1866000000.0,-1369000000.0,2158000000.0,-32000000.0,2102000000.0,2102000000.0,2102000000.0,0.0,-8000000.0,0.06,8369000000.0,3304000000.0,8444000000.0,0.005,2.499,12.806,12.912,1502000000.0,0.0,102.91,0.771,0.771,9837000000.0,10289000000.0,34914000000.0,34914000000.0,0.0,0.038,0.194,0.063,0.095,0.0,8174000000.0,1.0,261578645.0,261578645.0,,133.474,49881000000.0,293000000.0,1210000000.0,0.0,190.692,
27,CI,MRT,2014-09-30,2014-09-30,2014-09-30,2021-08-05,-419000000.0,55653000000.0,55272750000.0,,,0.618,42.291,-463000000.0,1621000000.0,1621000000.0,22782000000.0,1992000000.0,,3.978,5145000000.0,,,5145000000.0,602000000.0,587000000.0,8438000000.0,0.0,0.04,3112000000.0,3699000000.0,0.108,3699000000.0,3112000000.0,3112000000.0,7.48,7.34,7.48,11157000000.0,10804250000.0,11157000000.0,27101570169.0,9.0,7.327,1621000000.0,6.144,1.0,11355000000.0,0.333,6003000000.0,0.0,53174000000.0,52276000000.0,0.0,24061000000.0,,,44385000000.0,,,23925570169.0,-1434000000.0,-76000000.0,-1312000000.0,-122000000.0,11000000.0,-1383000000.0,-2130000000.0,-1609000000.0,2084000000.0,-5000000.0,1996000000.0,1996000000.0,1996000000.0,0.0,-4000000.0,0.058,8247000000.0,3108000000.0,7645000000.0,0.005,2.144,11.987,12.124,1494000000.0,0.0,90.69,0.701,0.701,9660000000.0,15196000000.0,34137000000.0,34137000000.0,0.0,0.036,0.185,0.06,0.091,0.0,7866000000.0,1.0,263817071.0,263817071.0,,129.396,49650000000.0,19000000.0,1116000000.0,0.0,188.199,
28,CI,MRT,2014-06-30,2014-06-30,2014-06-30,2021-08-05,-273000000.0,55929000000.0,54870250000.0,,,0.61,40.711,-554000000.0,1967000000.0,1967000000.0,22257000000.0,2014000000.0,,4.103,5143000000.0,,,5143000000.0,625000000.0,587000000.0,8459000000.0,0.0,0.04,3090000000.0,3677000000.0,0.11,3677000000.0,3090000000.0,3090000000.0,7.43,7.28,7.43,10937000000.0,10483500000.0,10937000000.0,27663827504.0,9.0,7.523,1890000000.0,7.035,1.0,11189000000.0,0.335,6033000000.0,0.0,53072000000.0,51530500000.0,0.0,23752000000.0,,,44878000000.0,,,24707827504.0,-1242000000.0,-76000000.0,-1616000000.0,-193000000.0,11000000.0,-1783000000.0,-1964000000.0,-1344000000.0,2444000000.0,61000000.0,2015000000.0,2015000000.0,2015000000.0,0.0,-1000000.0,0.06,8100000000.0,3089000000.0,8002000000.0,0.005,2.259,12.262,12.378,1498000000.0,0.0,91.97,0.739,0.739,9789000000.0,14677000000.0,33446000000.0,33446000000.0,0.0,0.037,0.192,0.06,0.092,0.0,7765000000.0,1.0,268650946.0,268650946.0,,124.496,49896000000.0,0.0,1075000000.0,34000000.0,185.728,
29,CI,MRT,2014-03-31,2014-03-31,2014-03-31,2021-08-05,-433000000.0,55173000000.0,54345250000.0,,,0.602,38.587,-540000000.0,2276000000.0,2276000000.0,21732000000.0,1948000000.0,,4.216,5232000000.0,,,5232000000.0,637000000.0,597000000.0,8498000000.0,0.0,0.04,2954000000.0,3551000000.0,0.109,3551000000.0,2954000000.0,2954000000.0,7.06,6.92,7.06,10556000000.0,10193000000.0,10556000000.0,25357681515.0,9.0,7.141,1474000000.0,5.388,1.0,10961000000.0,0.335,6030000000.0,0.0,52099000000.0,50716750000.0,0.0,23105000000.0,,,44508000000.0,,,22905681515.0,-1030000000.0,-36000000.0,-1384000000.0,-317000000.0,0.0,-1614000000.0,-1453000000.0,-847000000.0,2014000000.0,23000000.0,1947000000.0,1947000000.0,1947000000.0,0.0,1000000.0,0.06,8006000000.0,2955000000.0,7942000000.0,0.006,2.17,11.765,11.86,1450000000.0,0.0,83.73,0.701,0.701,9645000000.0,14136000000.0,32693000000.0,32693000000.0,0.0,0.036,0.191,0.058,0.09,0.0,7719000000.0,1.0,273566004.0,273566004.0,,119.507,49143000000.0,27000000.0,1007000000.0,0.0,179.639,
30,CI,MRT,2013-12-31,2013-12-31,2013-12-31,2021-08-05,-520000000.0,54336000000.0,54286750000.0,,,0.596,38.229,-527000000.0,2795000000.0,2795000000.0,22374000000.0,1478000000.0,,4.132,5247000000.0,,,5247000000.0,580000000.0,597000000.0,8470000000.0,0.0,0.04,2174000000.0,2771000000.0,0.086,2771000000.0,2174000000.0,2174000000.0,5.28,5.18,5.28,10567000000.0,9969000000.0,10567000000.0,26364519660.0,12.0,9.514,192000000.0,0.695,1.0,10006000000.0,0.309,6029000000.0,0.0,50759000000.0,50451500000.0,0.0,22365000000.0,,,43659000000.0,,,24180519660.0,-183000000.0,-76000000.0,-853000000.0,-116000000.0,0.0,-930000000.0,15000000.0,660000000.0,719000000.0,13000000.0,1476000000.0,1476000000.0,1476000000.0,0.0,2000000.0,0.046,7830000000.0,2176000000.0,7506000000.0,0.008,2.288,16.382,16.568,1464000000.0,0.0,87.48,0.747,0.747,9290000000.0,13676000000.0,32380000000.0,32380000000.0,0.0,0.027,0.148,0.043,0.067,0.0,7595000000.0,1.0,276411976.0,276411976.0,,117.144,48307000000.0,92000000.0,698000000.0,0.0,174.764,
31,CI,MRT,2013-09-30,2013-09-30,2013-09-30,2021-08-05,-959000000.0,54043000000.0,54136250000.0,,,0.588,34.91,-493000000.0,3055000000.0,3055000000.0,21871000000.0,1525000000.0,,4.464,5239000000.0,,,5239000000.0,588000000.0,599000000.0,8499000000.0,0.001,0.04,2255000000.0,2854000000.0,0.09,2854000000.0,2255000000.0,2255000000.0,5.41,5.32,5.41,9874000000.0,9769500000.0,9874000000.0,23713027368.0,11.0,8.309,407000000.0,1.439,1.0,9978000000.0,0.313,6035000000.0,0.0,50192000000.0,50247250000.0,0.0,21795000000.0,,,44074000000.0,,,21739027368.0,819000000.0,-113000000.0,-764000000.0,-142000000.0,-11000000.0,-849000000.0,747000000.0,1437000000.0,900000000.0,21000000.0,1521000000.0,1521000000.0,1521000000.0,0.0,4000000.0,0.048,7719000000.0,2259000000.0,8027000000.0,0.007,2.202,14.293,14.207,1451000000.0,0.0,76.86,0.683,0.683,9240000000.0,13327000000.0,31849000000.0,31849000000.0,0.0,0.028,0.156,0.045,0.071,0.0,7686000000.0,1.0,282839284.0,282839284.0,,112.605,48008000000.0,289000000.0,734000000.0,0.0,169.736,
32,CI,MRT,2013-06-30,2013-06-30,2013-06-30,2021-08-05,-1014000000.0,53829000000.0,54008250000.0,,,0.576,34.259,-409000000.0,3209000000.0,3209000000.0,21333000000.0,1438000000.0,,4.496,5183000000.0,,,5183000000.0,587000000.0,589000000.0,8531000000.0,0.001,0.04,2174000000.0,2763000000.0,0.089,2763000000.0,2174000000.0,2174000000.0,5.06,4.98,5.06,9775000000.0,9683500000.0,9775000000.0,22772024400.0,10.0,8.242,-659000000.0,-2.31,1.0,9773000000.0,0.314,5986000000.0,0.0,49817000000.0,50356500000.0,0.0,21631000000.0,,,43953000000.0,,,20683024400.0,164000000.0,-384000000.0,-325000000.0,-52000000.0,-11000000.0,-290000000.0,713000000.0,1546000000.0,-250000000.0,-9000000.0,1434000000.0,1434000000.0,1434000000.0,0.0,4000000.0,0.046,7595000000.0,2178000000.0,8220000000.0,0.008,2.116,14.423,14.326,1191000000.0,0.0,72.49,0.665,0.665,9384000000.0,12806000000.0,31106000000.0,31106000000.0,0.0,0.027,0.148,0.043,0.07,0.0,7615000000.0,1.0,285322450.0,285322450.0,,109.021,47843000000.0,335000000.0,740000000.0,0.0,167.68,
33,CI,MRT,2013-03-31,2013-03-31,2013-03-31,2021-08-05,-756000000.0,54939000000.0,53939250000.0,,,0.566,33.782,-411000000.0,3306000000.0,3306000000.0,21019000000.0,1312000000.0,,4.676,5395000000.0,,,5395000000.0,577000000.0,584000000.0,8512000000.0,0.001,0.04,1996000000.0,2580000000.0,0.084,2580000000.0,1996000000.0,1996000000.0,4.6,4.53,4.6,9660000000.0,9495250000.0,9660000000.0,20043982103.0,10.0,7.769,193000000.0,0.675,1.0,9529000000.0,0.312,5990000000.0,0.0,51038000000.0,50404500000.0,0.0,22499000000.0,,,45166000000.0,,,17834982103.0,1195000000.0,-422000000.0,-173000000.0,148000000.0,-11000000.0,63000000.0,524000000.0,1357000000.0,604000000.0,4000000.0,1309000000.0,1309000000.0,1309000000.0,0.0,3000000.0,0.043,7530000000.0,1999000000.0,8976000000.0,0.009,1.846,13.625,13.559,1109000000.0,0.0,62.37,0.584,0.584,9457000000.0,12328000000.0,30548000000.0,30548000000.0,0.0,0.024,0.138,0.04,0.065,0.0,7463000000.0,1.0,285954499.0,285954499.0,,106.828,48949000000.0,284000000.0,687000000.0,0.0,171.178,
34,CI,MRT,2012-12-31,2012-12-31,2012-12-31,2021-08-05,-671000000.0,53734000000.0,53400750000.0,,,0.545,34.17,-408000000.0,2978000000.0,2978000000.0,19228000000.0,1624000000.0,,4.489,5187000000.0,,,5187000000.0,549000000.0,560000000.0,8508000000.0,0.001,0.04,2476000000.0,3036000000.0,0.104,3036000000.0,2476000000.0,2476000000.0,5.7,5.61,5.7,9769000000.0,9220500000.0,9769000000.0,18259701479.0,7.0,6.014,1942000000.0,6.793,1.0,9891000000.0,0.34,6001000000.0,0.0,49942000000.0,50186250000.0,0.0,23660000000.0,,,43851000000.0,,,15283701479.0,-1712000000.0,-3581000000.0,-87000000.0,-228000000.0,-11000000.0,-228000000.0,-3857000000.0,132000000.0,2350000000.0,23000000.0,1623000000.0,1623000000.0,1623000000.0,0.0,1000000.0,0.056,7414000000.0,2477000000.0,8523000000.0,0.007,1.565,9.417,9.379,1120000000.0,0.0,53.46,0.525,0.525,8033000000.0,12330000000.0,29119000000.0,29119000000.0,0.0,0.03,0.176,0.049,0.085,0.0,7414000000.0,1.0,285890413.0,285890413.0,,101.854,47733000000.0,374000000.0,853000000.0,0.0,166.963,
35,CI,MRT,2012-09-30,2012-09-30,2012-09-30,2021-08-05,-553000000.0,53531000000.0,52641500000.0,,,0.51,33.049,-460000000.0,2236000000.0,2236000000.0,17577000000.0,1490000000.0,,4.617,5212000000.0,,,5212000000.0,474000000.0,499000000.0,8537000000.0,0.001,0.04,2290000000.0,2789000000.0,0.104,2789000000.0,2290000000.0,2290000000.0,5.25,5.17,5.25,9530000000.0,8776750000.0,9530000000.0,15768105729.0,7.0,5.654,1345000000.0,4.664,1.0,9259000000.0,0.345,5878000000.0,0.0,50629000000.0,49685000000.0,0.0,23873000000.0,,,44001000000.0,,,13602105729.0,334000000.0,-3571000000.0,607000000.0,1734000000.0,-11000000.0,2440000000.0,-3908000000.0,123000000.0,1805000000.0,-3000000.0,1490000000.0,1490000000.0,1490000000.0,0.0,0.0,0.056,6969000000.0,2290000000.0,7954000000.0,0.008,1.427,9.129,8.985,1136000000.0,0.0,47.17,0.507,0.507,8105000000.0,11962000000.0,26836000000.0,26836000000.0,0.0,0.028,0.17,0.046,0.085,0.0,7013000000.0,1.0,288363488.0,288363488.0,,93.063,47653000000.0,407000000.0,800000000.0,0.0,165.253,
36,CI,MRT,2012-06-30,2012-06-30,2012-06-30,2021-08-05,-671000000.0,53553000000.0,51209750000.0,,,0.491,31.292,-443000000.0,3045000000.0,3045000000.0,16376000000.0,1207000000.0,,4.936,5211000000.0,,,5211000000.0,1052000000.0,449000000.0,8568000000.0,0.001,0.04,1845000000.0,2294000000.0,0.091,2294000000.0,1845000000.0,1845000000.0,4.29,4.23,4.29,9022000000.0,8334500000.0,9022000000.0,15792126288.0,9.0,6.884,2346000000.0,8.137,1.0,8747000000.0,0.348,5710000000.0,0.0,50009000000.0,48527500000.0,0.0,23356000000.0,,,44531000000.0,,,12686126288.0,1271000000.0,-3300000000.0,690000000.0,1696000000.0,-11000000.0,2502000000.0,-3989000000.0,-246000000.0,2789000000.0,-31000000.0,1207000000.0,1207000000.0,1207000000.0,0.0,0.0,0.048,6902000000.0,1845000000.0,8548000000.0,0.009,1.406,10.51,10.256,1115000000.0,0.0,44.0,0.505,0.505,7854000000.0,11501000000.0,25123000000.0,25123000000.0,0.0,0.024,0.145,0.038,0.073,0.0,6669000000.0,1.0,288321052.0,288321052.0,,87.136,47843000000.0,499000000.0,638000000.0,0.0,165.937,
37,CI,MRT,2012-03-31,2012-03-31,2012-03-31,2021-08-05,-722000000.0,52785000000.0,49579750000.0,,,0.468,29.88,-430000000.0,2111000000.0,2111000000.0,14808000000.0,1218000000.0,,5.166,5217000000.0,,,5217000000.0,1050000000.0,388000000.0,8566000000.0,0.001,0.04,1849000000.0,2237000000.0,0.096,2237000000.0,1849000000.0,1849000000.0,4.42,4.35,4.42,8561000000.0,7966000000.0,8561000000.0,14514964318.0,8.0,6.489,1951000000.0,6.809,1.0,8400000000.0,0.362,5726000000.0,0.0,50165000000.0,47359250000.0,0.0,23264000000.0,,,44224000000.0,,,14110964318.0,455000000.0,-3289000000.0,640000000.0,1670000000.0,-11000000.0,2456000000.0,-4373000000.0,-654000000.0,2381000000.0,-9000000.0,1218000000.0,1218000000.0,1218000000.0,0.0,0.0,0.052,6551000000.0,1849000000.0,8330000000.0,0.009,1.648,11.585,11.143,1083000000.0,0.0,49.25,0.608,0.608,8084000000.0,11123000000.0,23208000000.0,23208000000.0,0.0,0.025,0.153,0.039,0.08,0.0,6368000000.0,1.0,286517042.0,286517042.0,,81.0,47059000000.0,533000000.0,631000000.0,0.0,164.245,
38,CI,MRT,2011-12-31,2011-12-31,2011-12-31,2021-08-05,-787000000.0,50697000000.0,48012750000.0,,,0.455,29.583,-422000000.0,4690000000.0,4690000000.0,13693000000.0,1261000000.0,,5.342,5094000000.0,,,5094000000.0,502000000.0,345000000.0,8553000000.0,0.001,0.04,1875000000.0,2220000000.0,0.102,2220000000.0,1875000000.0,1875000000.0,4.65,4.59,4.65,7994000000.0,7581750000.0,7994000000.0,12660363900.0,7.0,5.703,1069000000.0,3.956,1.0,8172000000.0,0.374,3164000000.0,0.0,47937000000.0,46052750000.0,0.0,22490000000.0,,,42703000000.0,,,11349363900.0,3085000000.0,-102000000.0,509000000.0,2224000000.0,-11000000.0,2867000000.0,-1270000000.0,-746000000.0,1491000000.0,-3000000.0,1260000000.0,1260000000.0,1260000000.0,0.0,1000000.0,0.058,6296000000.0,1876000000.0,7932000000.0,0.009,1.42,9.007,9.032,1024000000.0,0.0,42.0,0.519,0.519,7614000000.0,10787000000.0,21865000000.0,21865000000.0,0.0,0.026,0.166,0.041,0.086,0.0,6062000000.0,1.0,270222950.0,270222950.0,,80.915,47533000000.0,803000000.0,615000000.0,0.0,175.903,
39,CI,MRT,2011-09-30,2011-09-30,2011-09-30,2021-08-05,-441000000.0,47804000000.0,46759000000.0,,,0.467,28.723,-382000000.0,1902000000.0,1902000000.0,13676000000.0,1384000000.0,,5.16,3213000000.0,,,3213000000.0,522000000.0,340000000.0,8528000000.0,0.001,0.04,1919000000.0,2259000000.0,0.103,2259000000.0,1919000000.0,1919000000.0,5.13,5.06,5.13,7761000000.0,7244500000.0,7761000000.0,12771094180.0,7.0,5.653,1321000000.0,4.889,1.0,8156000000.0,0.374,3116000000.0,0.0,45999000000.0,45018000000.0,0.0,22601000000.0,,,40043000000.0,,,11332094180.0,498000000.0,-206000000.0,-92000000.0,306000000.0,-11000000.0,301000000.0,-1510000000.0,-922000000.0,1703000000.0,4000000.0,1382000000.0,1382000000.0,1382000000.0,0.0,2000000.0,0.063,6235000000.0,1921000000.0,7077000000.0,0.008,1.46,8.2,8.175,978000000.0,0.0,41.94,0.519,0.519,7744000000.0,10855000000.0,21832000000.0,21832000000.0,0.0,0.03,0.191,0.043,0.088,0.0,6117000000.0,1.0,270197763.0,270197763.0,,80.8,44688000000.0,485000000.0,537000000.0,0.0,165.39,
40,CI,MRT,2011-06-30,2011-06-30,2011-06-30,2021-08-05,-436000000.0,47033000000.0,46302750000.0,,,0.464,27.897,-367000000.0,1774000000.0,1774000000.0,13412000000.0,1509000000.0,,5.231,3213000000.0,,,3213000000.0,442000000.0,330000000.0,8521000000.0,0.001,0.04,2109000000.0,2439000000.0,0.114,2439000000.0,2109000000.0,2109000000.0,5.58,5.52,5.58,7548000000.0,6921500000.0,7548000000.0,15472387019.0,7.0,6.344,1182000000.0,4.369,1.0,8076000000.0,0.376,3136000000.0,0.0,45336000000.0,44597000000.0,0.0,21769000000.0,,,39485000000.0,,,13915387019.0,325000000.0,-533000000.0,-181000000.0,340000000.0,-11000000.0,246000000.0,-1510000000.0,-610000000.0,1549000000.0,40000000.0,1506000000.0,1506000000.0,1506000000.0,0.0,3000000.0,0.07,5964000000.0,2112000000.0,6705000000.0,0.007,1.844,9.24,9.217,953000000.0,0.0,51.43,0.648,0.648,7753000000.0,10658000000.0,21488000000.0,21488000000.0,0.0,0.033,0.218,0.047,0.098,0.0,6048000000.0,1.0,270569454.0,270569454.0,,79.418,43897000000.0,493000000.0,603000000.0,0.0,162.239,
41,CI,MRT,2011-03-31,2011-03-31,2011-03-31,2021-08-05,-569000000.0,46517000000.0,45652500000.0,,,0.467,25.896,-321000000.0,1656000000.0,1656000000.0,13376000000.0,1413000000.0,,5.623,3213000000.0,,,3213000000.0,452000000.0,314000000.0,8471000000.0,0.001,0.04,1955000000.0,2269000000.0,0.106,2269000000.0,1955000000.0,1955000000.0,5.19,5.15,5.19,7024000000.0,6528500000.0,7024000000.0,13245263129.0,7.0,5.837,1079000000.0,3.978,1.0,7958000000.0,0.373,3135000000.0,0.0,44939000000.0,44003750000.0,0.0,21249000000.0,,,39493000000.0,,,12010263129.0,357000000.0,-546000000.0,-247000000.0,667000000.0,-11000000.0,472000000.0,-1535000000.0,-668000000.0,1400000000.0,20000000.0,1409000000.0,1409000000.0,1409000000.0,0.0,4000000.0,0.066,5999000000.0,1959000000.0,6811000000.0,0.008,1.71,8.524,8.532,912000000.0,0.0,44.28,0.563,0.563,7827000000.0,10270000000.0,21334000000.0,21334000000.0,0.0,0.031,0.216,0.044,0.092,0.0,5956000000.0,1.0,271234488.0,271234488.0,,78.655,43382000000.0,621000000.0,546000000.0,0.0,159.943,
42,CI,MRT,2010-12-31,2010-12-31,2010-12-31,2021-08-05,-614000000.0,45682000000.0,44989250000.0,,,0.47,24.528,-300000000.0,1605000000.0,1605000000.0,13402000000.0,1283000000.0,,5.872,2840000000.0,,,2840000000.0,416000000.0,292000000.0,8509000000.0,0.001,0.04,1798000000.0,2090000000.0,0.099,2090000000.0,1798000000.0,1798000000.0,4.69,4.65,4.69,6645000000.0,6222750000.0,6645000000.0,11386928410.0,6.0,5.448,1443000000.0,5.326,1.0,7726000000.0,0.366,3119000000.0,0.0,43798000000.0,43330750000.0,0.0,20948000000.0,,,39019000000.0,,,9931928410.0,681000000.0,-539000000.0,-137000000.0,332000000.0,-11000000.0,274000000.0,-1342000000.0,-503000000.0,1743000000.0,6000000.0,1279000000.0,1279000000.0,1279000000.0,0.0,4000000.0,0.061,5924000000.0,1802000000.0,7182000000.0,0.009,1.495,7.765,7.817,912000000.0,0.0,36.66,0.47,0.47,7813000000.0,9879000000.0,21128000000.0,21128000000.0,0.0,0.028,0.206,0.041,0.085,0.0,5869000000.0,1.0,270920033.0,270920033.0,,77.986,42563000000.0,782000000.0,519000000.0,0.0,157.105,
43,CI,MRT,2010-09-30,2010-09-30,2010-09-30,2021-08-05,-285000000.0,45979000000.0,44322000000.0,,,0.462,23.767,-298000000.0,1404000000.0,1404000000.0,12880000000.0,1218000000.0,,6.105,2859000000.0,,,2859000000.0,415000000.0,265000000.0,8532000000.0,0.001,0.04,1829000000.0,2094000000.0,0.102,2094000000.0,1829000000.0,1829000000.0,4.43,4.4,4.43,6469000000.0,5915750000.0,6469000000.0,11148901167.0,6.0,5.324,1461000000.0,5.368,1.0,7580000000.0,0.37,3119000000.0,0.0,44315000000.0,42825250000.0,0.0,21523000000.0,,,39493000000.0,,,9738901167.0,568000000.0,-332000000.0,-149000000.0,304000000.0,-11000000.0,267000000.0,-1469000000.0,-839000000.0,1759000000.0,11000000.0,1214000000.0,1214000000.0,1214000000.0,0.0,4000000.0,0.059,5747000000.0,1833000000.0,7444000000.0,0.009,1.505,8.022,8.077,894000000.0,0.0,35.78,0.476,0.476,7844000000.0,9421000000.0,20460000000.0,20460000000.0,0.0,0.027,0.205,0.043,0.089,0.0,5654000000.0,1.0,272188406.0,272188406.0,,75.169,42860000000.0,602000000.0,615000000.0,0.0,157.464,
44,CI,MRT,2010-06-30,2010-06-30,2010-06-30,2021-08-05,-539000000.0,44432000000.0,43490500000.0,,,0.453,21.599,-291000000.0,1449000000.0,1449000000.0,12256000000.0,1240000000.0,,6.433,2859000000.0,,,2859000000.0,410000000.0,251000000.0,8519000000.0,0.001,0.04,1852000000.0,2103000000.0,0.107,2103000000.0,1852000000.0,1852000000.0,4.5,4.46,4.5,5976000000.0,5587750000.0,5976000000.0,9855522580.0,5.0,4.686,1115000000.0,4.03,1.0,7455000000.0,0.378,2879000000.0,0.0,42963000000.0,42122250000.0,0.0,20784000000.0,,,38441000000.0,,,8593522580.0,427000000.0,-5000000.0,-55000000.0,390000000.0,-11000000.0,397000000.0,-1373000000.0,-1077000000.0,1406000000.0,-3000000.0,1236000000.0,1236000000.0,1236000000.0,0.0,4000000.0,0.063,5599000000.0,1856000000.0,7134000000.0,0.009,1.438,6.953,6.902,875000000.0,0.0,31.06,0.436,0.436,7940000000.0,9129000000.0,19711000000.0,19711000000.0,0.0,0.028,0.221,0.044,0.094,0.0,5547000000.0,1.0,276674906.0,276674906.0,,71.242,41553000000.0,868000000.0,616000000.0,0.0,150.187,
45,CI,MRT,2010-03-31,2010-03-31,2010-03-31,2021-08-05,-530000000.0,43864000000.0,42794750000.0,,,0.44,21.097,-299000000.0,1299000000.0,1299000000.0,11603000000.0,1380000000.0,,6.559,2561000000.0,,,2561000000.0,432000000.0,260000000.0,8506000000.0,0.001,0.04,2044000000.0,2304000000.0,0.122,2304000000.0,2044000000.0,2044000000.0,5.02,4.98,5.02,5801000000.0,5216000000.0,5801000000.0,11697348462.0,6.0,5.077,768000000.0,2.793,1.0,7243000000.0,0.384,2879000000.0,0.0,42247000000.0,41460750000.0,0.0,20066000000.0,,,38049000000.0,,,10058348462.0,-76000000.0,-5000000.0,54000000.0,151000000.0,-11000000.0,277000000.0,-1442000000.0,-1138000000.0,1067000000.0,22000000.0,1377000000.0,1377000000.0,1377000000.0,0.0,3000000.0,0.073,5196000000.0,2047000000.0,6947000000.0,0.008,1.734,7.305,7.287,860000000.0,0.0,36.58,0.534,0.534,8035000000.0,8840000000.0,18846000000.0,18846000000.0,0.0,0.032,0.264,0.049,0.108,0.0,5472000000.0,1.0,274968520.0,274968520.0,,68.539,40985000000.0,941000000.0,667000000.0,0.0,149.053,
46,CI,MRT,2009-12-31,2009-12-31,2009-12-31,2021-08-05,-618000000.0,43013000000.0,42137250000.0,,,0.437,19.811,-307000000.0,924000000.0,924000000.0,11370000000.0,1305000000.0,,6.938,2563000000.0,,,2563000000.0,427000000.0,268000000.0,8484000000.0,0.001,0.04,1896000000.0,2164000000.0,0.118,2164000000.0,1896000000.0,1896000000.0,4.75,4.73,4.75,5417000000.0,4723500000.0,5417000000.0,11370122814.0,6.0,5.254,438000000.0,1.602,1.0,7044000000.0,0.383,2876000000.0,0.0,41776000000.0,40765750000.0,0.0,19839000000.0,,,37584000000.0,,,9644122814.0,-418000000.0,0.0,30000000.0,199000000.0,-11000000.0,307000000.0,-1485000000.0,-1178000000.0,745000000.0,15000000.0,1302000000.0,1302000000.0,1302000000.0,-1000000.0,3000000.0,0.071,5146000000.0,1898000000.0,6718000000.0,0.008,1.78,7.407,7.425,862000000.0,0.0,35.27,0.524,0.524,7958000000.0,8625000000.0,18414000000.0,18414000000.0,0.0,0.031,0.276,0.047,0.103,0.0,5450000000.0,1.0,273436995.0,273436995.0,,67.343,40137000000.0,1029000000.0,594000000.0,0.0,146.787,
47,CI,MRT,2009-09-30,2009-09-30,2009-09-30,2021-08-05,-516000000.0,42653000000.0,41735500000.0,,,0.446,18.911,-296000000.0,836000000.0,836000000.0,11976000000.0,765000000.0,,7.269,2562000000.0,,,2562000000.0,424000000.0,270000000.0,8488000000.0,0.001,0.04,1052000000.0,1322000000.0,0.071,1322000000.0,1052000000.0,1052000000.0,2.8,2.8,2.8,5157000000.0,4267250000.0,5157000000.0,9204275192.0,9.0,6.962,579000000.0,2.123,1.0,6619000000.0,0.356,2876000000.0,0.0,41503000000.0,40220000000.0,0.0,19646000000.0,,,37485000000.0,,,7660275192.0,-242000000.0,-18000000.0,-29000000.0,199000000.0,-11000000.0,227000000.0,-1342000000.0,-1028000000.0,875000000.0,-2000000.0,763000000.0,763000000.0,763000000.0,-2000000.0,2000000.0,0.041,5567000000.0,1052000000.0,6737000000.0,0.014,1.485,10.04,10.032,827000000.0,0.0,28.09,0.412,0.412,8170000000.0,8303000000.0,18595000000.0,18595000000.0,0.0,0.018,0.179,0.026,0.057,0.0,5445000000.0,1.0,272704706.0,272704706.0,,68.187,39777000000.0,1017000000.0,289000000.0,0.0,145.861,
48,CI,MRT,2009-06-30,2009-06-30,2009-06-30,2021-08-05,-837000000.0,41649000000.0,41266250000.0,,,0.459,16.457,-265000000.0,1022000000.0,1022000000.0,12375000000.0,607000000.0,,8.276,2566000000.0,,,2566000000.0,406000000.0,272000000.0,8555000000.0,0.002,0.04,799000000.0,1071000000.0,0.057,1071000000.0,799000000.0,799000000.0,2.22,2.23,2.22,4489000000.0,4138500000.0,4489000000.0,7680178827.0,10.0,7.171,944000000.0,3.461,1.0,6555000000.0,0.346,2876000000.0,0.0,40317000000.0,39658750000.0,0.0,18558000000.0,,,37151000000.0,,,6571178827.0,217000000.0,-18000000.0,-159000000.0,-3000000.0,-11000000.0,-98000000.0,-873000000.0,-590000000.0,1209000000.0,-21000000.0,605000000.0,605000000.0,605000000.0,-3000000.0,2000000.0,0.032,5757000000.0,798000000.0,6778000000.0,0.018,1.464,10.861,10.851,805000000.0,0.0,24.09,0.347,0.347,8282000000.0,7986000000.0,18930000000.0,18930000000.0,0.0,0.015,0.146,0.02,0.042,0.0,5518000000.0,1.0,272776207.0,272776207.0,,69.398,38773000000.0,1285000000.0,194000000.0,0.0,142.142,
49,CI,MRT,2009-03-31,2009-03-31,2009-03-31,2021-08-05,-1036000000.0,41234000000.0,41207750000.0,,,0.468,14.135,-249000000.0,1375000000.0,1375000000.0,12727000000.0,444000000.0,,9.761,2484000000.0,,,2484000000.0,419000000.0,260000000.0,8543000000.0,0.002,0.04,581000000.0,841000000.0,0.044,841000000.0,581000000.0,581000000.0,1.6,1.61,1.6,3831000000.0,4204750000.0,3831000000.0,5832556432.0,10.0,6.935,1127000000.0,4.158,1.0,6578000000.0,0.341,2876000000.0,0.0,39467000000.0,39655500000.0,0.0,17769000000.0,,,37396000000.0,,,4767556432.0,-1475000000.0,-1319000000.0,-374000000.0,54000000.0,-11000000.0,-239000000.0,-2575000000.0,-1007000000.0,1376000000.0,-37000000.0,442000000.0,442000000.0,442000000.0,-2000000.0,2000000.0,0.023,5997000000.0,581000000.0,7272000000.0,0.025,1.244,10.786,10.994,804000000.0,0.0,17.59,0.247,0.247,8408000000.0,7536000000.0,19305000000.0,19305000000.0,0.0,0.011,0.105,0.015,0.03,0.0,5643000000.0,1.0,271037887.0,271037887.0,,71.226,38358000000.0,1446000000.0,139000000.0,0.0,141.523,
50,CI,MRT,2008-12-31,2008-12-31,2008-12-31,2021-08-05,-1074000000.0,41406000000.0,41146250000.0,,,0.464,13.219,-257000000.0,1342000000.0,1342000000.0,12498000000.0,294000000.0,,10.526,2407000000.0,,,2407000000.0,414000000.0,244000000.0,8539000000.0,0.002,0.04,384000000.0,628000000.0,0.033,628000000.0,384000000.0,384000000.0,1.05,1.05,1.05,3592000000.0,4450500000.0,3592000000.0,5919542963.0,15.0,9.426,1399000000.0,5.149,1.0,6603000000.0,0.346,2878000000.0,0.0,39593000000.0,39465500000.0,0.0,17987000000.0,,,37808000000.0,,,4578542963.0,-628000000.0,-1319000000.0,-341000000.0,578000000.0,-14000000.0,314000000.0,-2572000000.0,-996000000.0,1656000000.0,-26000000.0,292000000.0,292000000.0,292000000.0,-4000000.0,2000000.0,0.015,6221000000.0,382000000.0,7793000000.0,0.038,1.275,15.68,16.048,804000000.0,0.0,16.85,0.24,0.24,8380000000.0,7374000000.0,19101000000.0,19101000000.0,0.0,0.007,0.066,0.01,0.02,0.0,5531000000.0,1.0,271723618.0,271723618.0,,70.296,38528000000.0,1617000000.0,92000000.0,0.0,141.791,
51,CI,MRT,2008-09-30,2008-09-30,2008-09-30,2021-08-05,-254000000.0,40776000000.0,40811000000.0,,,0.459,16.889,-250000000.0,1078000000.0,1078000000.0,11881000000.0,769000000.0,,7.784,2419000000.0,,,2419000000.0,457000000.0,228000000.0,8555000000.0,0.001,0.05,1109000000.0,1337000000.0,0.071,1337000000.0,1109000000.0,1109000000.0,2.7,2.68,2.7,4642000000.0,4739500000.0,4642000000.0,11065637326.0,10.0,8.276,1376000000.0,5.006,1.0,6859000000.0,0.366,2859000000.0,0.0,39258000000.0,39097500000.0,0.0,17821000000.0,,,36134000000.0,,,9339637326.0,-343000000.0,-1301000000.0,-286000000.0,550000000.0,-17000000.0,169000000.0,-2128000000.0,-582000000.0,1626000000.0,-10000000.0,764000000.0,764000000.0,764000000.0,-3000000.0,5000000.0,0.041,5748000000.0,1111000000.0,6159000000.0,0.019,2.012,12.225,12.585,791000000.0,0.0,33.98,0.498,0.498,8675000000.0,7582000000.0,18740000000.0,18740000000.0,0.0,0.019,0.161,0.028,0.059,0.0,5368000000.0,1.0,274856896.0,274856896.0,,68.181,37917000000.0,1010000000.0,345000000.0,0.0,137.952,
52,CI,MRT,2008-06-30,2008-06-30,2008-06-30,2021-08-05,-84000000.0,41415000000.0,40567000000.0,,,0.451,16.929,-273000000.0,805000000.0,805000000.0,11496000000.0,962000000.0,,7.712,2531000000.0,,,2531000000.0,450000000.0,213000000.0,8627000000.0,0.002,0.06,1380000000.0,1593000000.0,0.087,1593000000.0,1380000000.0,1380000000.0,3.38,3.34,3.38,4754000000.0,4638000000.0,4754000000.0,9441004310.0,7.0,5.927,1210000000.0,4.309,1.0,6805000000.0,0.372,2837000000.0,0.0,40304000000.0,38886500000.0,0.0,18255000000.0,,,36661000000.0,,,9938004310.0,-299000000.0,-1301000000.0,-397000000.0,688000000.0,-20000000.0,185000000.0,-1974000000.0,-428000000.0,1483000000.0,7000000.0,958000000.0,958000000.0,958000000.0,-4000000.0,4000000.0,0.052,5425000000.0,1380000000.0,5796000000.0,0.018,2.09,10.374,10.47,789000000.0,0.0,35.39,0.543,0.543,8800000000.0,7412000000.0,18301000000.0,18301000000.0,0.0,0.024,0.207,0.035,0.075,0.0,5143000000.0,1.0,280813911.0,280813911.0,,65.171,38578000000.0,917000000.0,422000000.0,0.0,137.379,
53,CI,MRT,2008-03-31,2008-03-31,2008-03-31,2021-08-05,38000000.0,40988000000.0,40594750000.0,,,0.439,17.188,-229000000.0,2850000000.0,2850000000.0,11240000000.0,888000000.0,,7.514,2353000000.0,,,2353000000.0,489000000.0,193000000.0,8595000000.0,0.002,0.07,1277000000.0,1470000000.0,0.082,1470000000.0,1277000000.0,1277000000.0,3.11,3.06,3.11,4814000000.0,4451750000.0,4814000000.0,11202074618.0,9.0,7.62,1087000000.0,3.881,1.0,6579000000.0,0.369,1784000000.0,0.0,38707000000.0,38932500000.0,0.0,17598000000.0,,,36174000000.0,,,11363074618.0,1261000000.0,0.0,-454000000.0,287000000.0,-12000000.0,-321000000.0,257000000.0,441000000.0,1316000000.0,9000000.0,884000000.0,884000000.0,884000000.0,14000000.0,4000000.0,0.05,5284000000.0,1295000000.0,5919000000.0,0.023,2.36,12.854,13.045,649000000.0,0.0,40.57,0.638,0.638,8680000000.0,7142000000.0,17819000000.0,17819000000.0,0.0,0.022,0.199,0.033,0.072,0.0,4857000000.0,1.0,280085645.0,280085645.0,,63.62,39204000000.0,858000000.0,393000000.0,0.0,139.971,
54,CI,MRT,2007-12-31,2007-12-31,2007-12-31,2021-08-05,51000000.0,40065000000.0,40942250000.0,,,0.43,17.008,-180000000.0,1970000000.0,1970000000.0,11103000000.0,1118000000.0,,7.438,1809000000.0,,,1809000000.0,496000000.0,194000000.0,8594000000.0,0.001,0.038,1626000000.0,1820000000.0,0.103,1820000000.0,1626000000.0,1626000000.0,3.89,3.84,3.89,4748000000.0,4286250000.0,4748000000.0,15387429226.0,9.0,8.455,1162000000.0,4.162,1.0,6521000000.0,0.37,1783000000.0,0.0,38121000000.0,39551750000.0,0.0,17530000000.0,,,35317000000.0,,,14999429226.0,578000000.0,0.0,-937000000.0,100000000.0,-11000000.0,-1041000000.0,269000000.0,379000000.0,1342000000.0,8000000.0,1115000000.0,1115000000.0,1115000000.0,5000000.0,3000000.0,0.063,4887000000.0,1634000000.0,5102000000.0,0.01,3.159,13.452,13.812,625000000.0,0.0,53.73,0.851,0.851,8736000000.0,7113000000.0,17624000000.0,17624000000.0,0.0,0.027,0.26,0.041,0.092,0.0,4740000000.0,1.0,279163023.0,279163023.0,,63.132,38282000000.0,794000000.0,511000000.0,0.0,137.131,
55,CI,MRT,2007-09-30,2007-09-30,2007-09-30,2021-08-05,-176000000.0,39800000000.0,41525750000.0,,,0.418,14.975,-152000000.0,1421000000.0,1421000000.0,11577000000.0,1084000000.0,,8.396,1809000000.0,,,1809000000.0,487000000.0,200000000.0,8754000000.0,0.001,0.037,1587000000.0,1787000000.0,0.103,1787000000.0,1587000000.0,1587000000.0,3.79,3.71,3.79,4236000000.0,4181750000.0,4236000000.0,15776719817.0,10.0,8.829,876000000.0,3.097,1.0,5796000000.0,0.334,1774000000.0,0.0,38414000000.0,40280000000.0,0.0,17693000000.0,,,35564000000.0,,,15073719817.0,213000000.0,18000000.0,-1484000000.0,381000000.0,-11000000.0,-1149000000.0,329000000.0,398000000.0,1028000000.0,5000000.0,1084000000.0,1084000000.0,1084000000.0,5000000.0,0.0,0.062,4204000000.0,1592000000.0,5479000000.0,0.01,3.558,13.906,14.061,601000000.0,0.0,53.29,0.868,0.868,9049000000.0,6865000000.0,17373000000.0,17373000000.0,0.0,0.026,0.259,0.039,0.091,0.0,4077000000.0,1.0,282862072.0,282862072.0,,61.419,38026000000.0,942000000.0,503000000.0,0.0,134.433,
56,CI,MRT,2007-06-30,2007-06-30,2007-06-30,2021-08-05,-257000000.0,41526000000.0,42123000000.0,,,0.406,13.93,-104000000.0,1104000000.0,1104000000.0,11194000000.0,1017000000.0,,9.358,1807000000.0,,,1807000000.0,548000000.0,199000000.0,8929000000.0,0.001,0.035,1525000000.0,1724000000.0,0.101,1724000000.0,1525000000.0,1525000000.0,3.42,3.35,3.42,4009000000.0,4187000000.0,4009000000.0,15573650409.0,10.0,9.033,875000000.0,3.04,1.0,5903000000.0,0.345,1741000000.0,0.0,40488000000.0,40882500000.0,0.0,17822000000.0,,,37517000000.0,,,15028650409.0,-284000000.0,0.0,-2143000000.0,368000000.0,-11000000.0,-1888000000.0,619000000.0,649000000.0,979000000.0,6000000.0,1017000000.0,1017000000.0,1017000000.0,11000000.0,0.0,0.059,4367000000.0,1536000000.0,5614000000.0,0.01,3.749,14.777,15.269,568000000.0,0.0,52.22,0.879,0.879,9185000000.0,6513000000.0,17097000000.0,17097000000.0,0.0,0.024,0.243,0.037,0.089,0.0,4240000000.0,1.0,287794914.0,287794914.0,,59.407,39785000000.0,1001000000.0,508000000.0,0.0,138.241,
57,CI,MRT,2007-03-31,2007-03-31,2007-03-31,2021-08-05,-171000000.0,42378000000.0,42310500000.0,,,0.397,14.199,-125000000.0,1589000000.0,1589000000.0,10724000000.0,1092000000.0,,9.207,2134000000.0,,,2134000000.0,558000000.0,208000000.0,9042000000.0,0.001,0.033,1624000000.0,1832000000.0,0.109,1832000000.0,1624000000.0,1624000000.0,3.51,3.45,3.51,4152000000.0,4358250000.0,4152000000.0,14276422570.0,9.0,7.793,982000000.0,3.358,1.0,6090000000.0,0.362,1739000000.0,0.0,41184000000.0,40927250000.0,0.0,18380000000.0,,,38226000000.0,,,13905422570.0,-315000000.0,0.0,-2726000000.0,656000000.0,-11000000.0,-2168000000.0,740000000.0,853000000.0,1107000000.0,6000000.0,1092000000.0,1092000000.0,1092000000.0,-8000000.0,0.0,0.065,4474000000.0,1616000000.0,5450000000.0,0.009,3.349,12.734,13.548,603000000.0,0.0,47.553,0.827,0.827,9264000000.0,6375000000.0,16814000000.0,16814000000.0,0.0,0.026,0.251,0.04,0.097,0.0,4443000000.0,1.0,292417410.0,292417410.0,,57.5,40639000000.0,902000000.0,532000000.0,0.0,138.976,
58,CI,MRT,2006-12-31,2006-12-31,2006-12-31,2021-08-05,-169000000.0,42399000000.0,42723000000.0,,,0.387,14.072,-136000000.0,1392000000.0,1392000000.0,10186000000.0,1155000000.0,,8.792,1763000000.0,,,1763000000.0,499000000.0,208000000.0,9164000000.0,0.001,0.033,1727000000.0,1935000000.0,0.117,1935000000.0,1727000000.0,1727000000.0,3.49,3.43,3.49,4330000000.0,4658250000.0,4330000000.0,13850859656.0,8.0,7.158,506000000.0,1.644,1.0,6361000000.0,0.384,1736000000.0,0.0,41034000000.0,41107750000.0,0.0,18103000000.0,,,38069000000.0,,,13494859656.0,-317000000.0,0.0,-2514000000.0,137000000.0,-12000000.0,-2513000000.0,1548000000.0,1697000000.0,642000000.0,6000000.0,1155000000.0,1155000000.0,1155000000.0,4000000.0,0.0,0.07,4630000000.0,1731000000.0,5562000000.0,0.009,3.117,11.684,12.566,632000000.0,0.0,43.857,0.816,0.816,9504000000.0,6177000000.0,16547000000.0,16547000000.0,0.0,0.027,0.248,0.042,0.104,0.0,4623000000.0,1.0,307703724.0,307703724.0,,53.776,40663000000.0,926000000.0,572000000.0,0.0,132.15,
59,CI,MRT,2006-09-30,2006-09-30,2006-09-30,2021-08-05,-503000000.0,42189000000.0,43346500000.0,,,0.382,12.796,-122000000.0,1208000000.0,1208000000.0,10114000000.0,1133000000.0,,8.911,1564000000.0,,,1564000000.0,511000000.0,206000000.0,8952000000.0,0.001,0.033,1686000000.0,1892000000.0,0.114,1892000000.0,1686000000.0,1686000000.0,3.287,3.233,3.287,4257000000.0,4915750000.0,4257000000.0,12912230792.0,8.0,6.825,723000000.0,2.173,1.0,6438000000.0,0.389,1721000000.0,0.0,40824000000.0,41615750000.0,0.0,18601000000.0,,,37932000000.0,,,12899230792.0,-43000000.0,-18000000.0,-2523000000.0,-85000000.0,-12000000.0,-2736000000.0,1847000000.0,2001000000.0,845000000.0,1000000.0,1133000000.0,1133000000.0,1133000000.0,4000000.0,0.0,0.068,4748000000.0,1690000000.0,5791000000.0,0.01,3.03,11.385,11.796,617000000.0,0.0,38.773,0.779,0.779,9288000000.0,5974000000.0,16552000000.0,16552000000.0,0.0,0.026,0.23,0.041,0.102,0.0,4748000000.0,1.0,332683050.0,332683050.0,,49.753,40468000000.0,1104000000.0,553000000.0,0.0,121.641,
60,CI,MRT,2006-06-30,2006-06-30,2006-06-30,2021-08-05,-682000000.0,42276000000.0,44273500000.0,,,0.371,13.065,-77000000.0,1388000000.0,1388000000.0,10141000000.0,1094000000.0,,8.006,1401000000.0,,,1401000000.0,534000000.0,216000000.0,9211000000.0,0.001,0.033,1627000000.0,1843000000.0,0.112,1843000000.0,1627000000.0,1627000000.0,3.037,2.98,3.037,4694000000.0,5266000000.0,4694000000.0,11297438107.0,7.0,6.13,303000000.0,0.843,1.0,6296000000.0,0.383,1622000000.0,0.0,40667000000.0,42542000000.0,0.0,18564000000.0,,,37582000000.0,,,11797438107.0,-491000000.0,0.0,-1969000000.0,-101000000.0,-13000000.0,-2462000000.0,1591000000.0,1732000000.0,380000000.0,0.0,1094000000.0,1094000000.0,1094000000.0,0.0,0.0,0.067,4669000000.0,1627000000.0,5468000000.0,0.011,2.513,10.784,10.812,612000000.0,0.0,32.837,0.718,0.718,9439000000.0,5686000000.0,16437000000.0,16437000000.0,0.0,0.025,0.208,0.038,0.099,0.0,4669000000.0,1.0,359276361.0,359276361.0,,45.75,40654000000.0,1188000000.0,533000000.0,0.0,113.155,
61,CI,MRT,2006-03-31,2006-03-31,2006-03-31,2021-08-05,-602000000.0,44028000000.0,45671000000.0,,,0.36,14.735,-68000000.0,1904000000.0,1904000000.0,10248000000.0,1541000000.0,,7.226,1404000000.0,,,1404000000.0,523000000.0,213000000.0,9423000000.0,0.001,0.033,2005000000.0,2218000000.0,0.135,2218000000.0,2005000000.0,2005000000.0,4.107,4.027,4.107,5352000000.0,5562250000.0,5352000000.0,15608969560.0,8.0,7.037,292000000.0,0.804,1.0,6198000000.0,0.377,1622000000.0,0.0,41906000000.0,43842750000.0,0.0,20687000000.0,,,38676000000.0,,,15813969560.0,-496000000.0,0.0,-1362000000.0,-119000000.0,-13000000.0,-1824000000.0,969000000.0,1056000000.0,360000000.0,-1000000.0,1541000000.0,1541000000.0,1541000000.0,-349000000.0,0.0,0.094,4542000000.0,1656000000.0,6094000000.0,0.008,2.955,10.262,10.601,626000000.0,0.0,43.54,0.962,0.962,8201000000.0,5425000000.0,16446000000.0,16446000000.0,0.0,0.034,0.277,0.046,0.122,0.0,4542000000.0,1.0,363205548.0,363205548.0,,45.28,42406000000.0,1215000000.0,464000000.0,0.0,116.755,
62,CI,MRT,2005-12-31,2005-12-31,2005-12-31,2021-08-05,-509000000.0,44893000000.0,47383250000.0,,,0.352,14.205,-61000000.0,1709000000.0,1709000000.0,10336000000.0,1625000000.0,,7.376,1504000000.0,,,1504000000.0,515000000.0,221000000.0,9676000000.0,0.001,0.033,2142000000.0,2363000000.0,0.142,2363000000.0,2142000000.0,2142000000.0,4.25,4.17,4.25,5360000000.0,5551500000.0,5360000000.0,14301643984.0,7.0,6.052,657000000.0,1.741,1.0,6348000000.0,0.38,1622000000.0,0.0,43066000000.0,45456500000.0,0.0,21376000000.0,,,39533000000.0,,,14049643984.0,-810000000.0,0.0,-1272000000.0,-216000000.0,-13000000.0,-1785000000.0,258000000.0,338000000.0,718000000.0,-1000000.0,1625000000.0,1625000000.0,1625000000.0,-349000000.0,0.0,0.097,4555000000.0,1793000000.0,6322000000.0,0.008,2.621,8.646,8.761,638000000.0,0.0,37.233,0.842,0.842,8646000000.0,5162000000.0,16684000000.0,16684000000.0,0.0,0.034,0.293,0.047,0.128,0.0,4555000000.0,1.0,377340483.0,377340483.0,,44.215,43271000000.0,1087000000.0,517000000.0,0.0,114.674,
63,CI,MRT,2005-09-30,2005-09-30,2005-09-30,2021-08-05,-521000000.0,45897000000.0,56424750000.0,,,0.298,14.669,-38000000.0,1251000000.0,1251000000.0,9312000000.0,1973000000.0,,7.112,1503000000.0,,,1503000000.0,357000000.0,226000000.0,10359000000.0,0.001,0.033,2643000000.0,2869000000.0,0.171,2869000000.0,2643000000.0,2643000000.0,5.04,4.957,5.04,5658000000.0,5512250000.0,5658000000.0,14776994072.0,6.0,5.151,461000000.0,1.195,1.0,7504000000.0,0.446,1620000000.0,0.0,44529000000.0,54296250000.0,0.0,22014000000.0,,,40239000000.0,,,15152994072.0,-1674000000.0,18000000.0,-843000000.0,-210000000.0,-56000000.0,-1459000000.0,-716000000.0,-678000000.0,499000000.0,2000000.0,1973000000.0,1973000000.0,1973000000.0,-349000000.0,0.0,0.117,5210000000.0,2294000000.0,6378000000.0,0.007,2.678,7.68,7.795,660000000.0,0.0,39.287,0.901,0.901,9049000000.0,5084000000.0,16816000000.0,16816000000.0,0.0,0.035,0.358,0.049,0.157,0.0,5210000000.0,1.0,385703226.0,385703226.0,,43.598,44277000000.0,1238000000.0,670000000.0,0.0,114.796,
64,CI,MRT,2005-06-30,2005-06-30,2005-06-30,2021-08-05,-390000000.0,47866000000.0,67168750000.0,,,0.257,14.972,-57000000.0,1879000000.0,1879000000.0,9564000000.0,2022000000.0,,7.142,1503000000.0,,,1503000000.0,321000000.0,229000000.0,11002000000.0,0.001,0.033,2755000000.0,2984000000.0,0.173,2984000000.0,2755000000.0,2755000000.0,5.12,5.043,5.12,5879000000.0,5262000000.0,5879000000.0,13112874569.0,5.0,4.394,544000000.0,1.385,1.0,7709000000.0,0.446,1620000000.0,0.0,45870000000.0,64618750000.0,0.0,22493000000.0,,,41987000000.0,,,14008874569.0,-1154000000.0,18000000.0,-760000000.0,-228000000.0,-56000000.0,-1181000000.0,-574000000.0,-536000000.0,601000000.0,0.0,2022000000.0,2022000000.0,2022000000.0,-349000000.0,0.0,0.117,5303000000.0,2406000000.0,7015000000.0,0.006,2.383,6.928,6.968,730000000.0,0.0,35.677,0.811,0.811,9390000000.0,4829000000.0,17273000000.0,17273000000.0,0.0,0.03,0.384,0.043,0.159,0.0,5303000000.0,1.0,392662092.0,392662092.0,,43.989,46246000000.0,1412000000.0,733000000.0,0.0,117.776,
65,CI,MRT,2005-03-31,2005-03-31,2005-03-31,2021-08-05,-483000000.0,50877000000.0,78218000000.0,,,0.228,13.452,-43000000.0,2400000000.0,2400000000.0,9624000000.0,1806000000.0,,8.583,1504000000.0,,,1504000000.0,345000000.0,230000000.0,12966000000.0,0.001,0.033,2728000000.0,2958000000.0,0.166,2958000000.0,2728000000.0,2728000000.0,4.47,4.413,4.47,5309000000.0,4872750000.0,5309000000.0,10733746571.0,4.0,3.629,555000000.0,1.406,1.0,8175000000.0,0.459,1620000000.0,0.0,48361000000.0,75375000000.0,0.0,21668000000.0,,,45568000000.0,,,11747746571.0,909000000.0,2121000000.0,-779000000.0,-233000000.0,-56000000.0,-1368000000.0,1679000000.0,-379000000.0,598000000.0,0.0,1806000000.0,1806000000.0,1806000000.0,0.0,0.0,0.101,5447000000.0,2728000000.0,7364000000.0,0.007,2.213,6.505,6.659,747000000.0,0.0,29.767,0.66,0.66,11412000000.0,4112000000.0,17799000000.0,17799000000.0,0.0,0.023,0.371,0.036,0.153,0.0,5447000000.0,1.0,394661139.0,394661139.0,,45.099,49257000000.0,1260000000.0,922000000.0,0.0,124.808,
66,CI,MRT,2004-12-31,2004-12-31,2004-12-31,2021-08-05,-336000000.0,81059000000.0,88706750000.0,,,0.205,12.918,-38000000.0,2519000000.0,2519000000.0,10264000000.0,1438000000.0,,14.579,1505000000.0,,,1505000000.0,522000000.0,230000000.0,17168000000.0,0.005,0.135,2236000000.0,2466000000.0,0.136,2466000000.0,2236000000.0,2236000000.0,3.513,3.477,3.513,5203000000.0,4712500000.0,5203000000.0,9516959703.0,4.0,3.859,1412000000.0,3.506,1.0,7912000000.0,0.435,1620000000.0,0.0,78425000000.0,86118500000.0,0.0,21919000000.0,,,75856000000.0,,,10950959703.0,1127000000.0,2121000000.0,-612000000.0,-90000000.0,-100000000.0,-1541000000.0,1218000000.0,-841000000.0,1450000000.0,0.0,1438000000.0,1438000000.0,1438000000.0,0.0,0.0,0.079,5537000000.0,2375000000.0,7953000000.0,0.038,2.105,7.615,7.74,777000000.0,0.0,27.19,0.602,0.602,16223000000.0,3679000000.0,18176000000.0,18176000000.0,0.0,0.016,0.305,0.026,0.123,0.0,5537000000.0,1.0,402756885.0,402756885.0,,45.129,79439000000.0,1383000000.0,798000000.0,0.0,197.238,
67,CI,MRT,2004-09-30,2004-09-30,2004-09-30,2021-08-05,-379000000.0,88873000000.0,90991750000.0,,,0.202,11.288,-72000000.0,2925000000.0,2925000000.0,10687000000.0,1137000000.0,,18.084,1491000000.0,,,1491000000.0,385000000.0,233000000.0,24052000000.0,0.01,0.237,1793000000.0,2026000000.0,0.11,2026000000.0,1793000000.0,1793000000.0,2.747,2.72,2.747,4657000000.0,4563500000.0,4657000000.0,8027950838.0,4.0,3.962,2706000000.0,6.559,1.0,7648000000.0,0.417,1620000000.0,0.0,85819000000.0,88689750000.0,0.0,22545000000.0,,,84216000000.0,,,9575950838.0,964000000.0,2107000000.0,-496000000.0,-206000000.0,-100000000.0,-2517000000.0,703000000.0,-1324000000.0,2778000000.0,0.0,1137000000.0,1137000000.0,1137000000.0,0.0,0.0,0.062,5716000000.0,1932000000.0,6565000000.0,0.086,2.056,8.422,8.449,816000000.0,0.0,23.21,0.522,0.522,22351000000.0,10327000000.0,18335000000.0,18335000000.0,0.0,0.012,0.249,0.02,0.098,0.0,5716000000.0,1.0,412578666.0,412578666.0,,44.44,87253000000.0,1381000000.0,656000000.0,0.0,211.482,
68,CI,MRT,2004-06-30,2004-06-30,2004-06-30,2021-08-05,-597000000.0,92063000000.0,91316750000.0,,,0.204,10.188,-93000000.0,3033000000.0,3033000000.0,11090000000.0,1024000000.0,,20.301,1485000000.0,,,1485000000.0,357000000.0,242000000.0,26339000000.0,0.015,0.338,1579000000.0,1821000000.0,0.098,1821000000.0,1579000000.0,1579000000.0,2.453,2.43,2.453,4322000000.0,4458000000.0,4322000000.0,9852985432.0,6.0,5.411,2950000000.0,6.954,1.0,7539000000.0,0.405,1620000000.0,0.0,88895000000.0,89268750000.0,0.0,22599000000.0,,,87741000000.0,,,9729985432.0,1258000000.0,2125000000.0,-242000000.0,-188000000.0,-143000000.0,-2172000000.0,387000000.0,-1620000000.0,3043000000.0,0.0,1024000000.0,1024000000.0,1024000000.0,0.0,0.0,0.055,5821000000.0,1718000000.0,7460000000.0,0.138,2.251,9.502,9.35,868000000.0,0.0,22.937,0.522,0.522,24431000000.0,10019000000.0,18629000000.0,18629000000.0,0.0,0.011,0.23,0.018,0.085,0.0,5821000000.0,1.0,424210962.0,424210962.0,,43.914,90443000000.0,1633000000.0,555000000.0,0.0,213.203,
69,CI,MRT,2004-03-31,2004-03-31,2004-03-31,2021-08-05,1000000.0,92832000000.0,91135500000.0,,,0.204,11.038,-99000000.0,1491000000.0,1491000000.0,11935000000.0,465000000.0,,18.887,1614000000.0,,,1614000000.0,327000000.0,245000000.0,26837000000.0,0.022,0.44,740000000.0,985000000.0,0.053,985000000.0,740000000.0,740000000.0,1.113,1.103,1.113,4668000000.0,4430250000.0,4668000000.0,8428267243.0,11.0,8.557,2887000000.0,6.826,1.0,6695000000.0,0.359,1620000000.0,0.0,91335000000.0,89416500000.0,0.0,39927000000.0,,,88164000000.0,,,8320267243.0,-570000000.0,22000000.0,25000000.0,-167000000.0,-186000000.0,-1831000000.0,-1725000000.0,-1644000000.0,2986000000.0,0.0,465000000.0,465000000.0,465000000.0,0.0,0.0,0.025,5816000000.0,879000000.0,6181000000.0,0.395,1.782,17.893,17.676,936000000.0,0.0,19.673,0.447,0.447,8999000000.0,9529000000.0,18630000000.0,18630000000.0,0.0,0.005,0.105,0.008,0.04,0.0,5816000000.0,1.0,422921073.0,422921073.0,,44.051,91212000000.0,1119000000.0,275000000.0,0.0,215.671,
70,CI,MRT,2003-12-31,2003-12-31,2003-12-31,2021-08-05,-54000000.0,90199000000.0,90173500000.0,,,0.209,10.931,-107000000.0,1392000000.0,1392000000.0,12220000000.0,632000000.0,,18.579,1523000000.0,,,1523000000.0,263000000.0,246000000.0,26966000000.0,0.023,0.44,896000000.0,1142000000.0,0.061,1142000000.0,896000000.0,896000000.0,1.507,1.5,1.507,4607000000.0,4297000000.0,4607000000.0,7660184660.0,9.0,6.708,2308000000.0,5.476,1.0,6588000000.0,0.35,1620000000.0,0.0,88710000000.0,88296750000.0,0.0,39658000000.0,,,85592000000.0,,,8078184660.0,-183000000.0,231000000.0,6000000.0,-237000000.0,-185000000.0,-1802000000.0,-796000000.0,-920000000.0,2415000000.0,0.0,632000000.0,632000000.0,632000000.0,-48000000.0,0.0,0.034,5740000000.0,848000000.0,8457000000.0,0.292,1.753,12.782,12.718,973000000.0,0.0,19.167,0.43,0.43,8579000000.0,9502000000.0,18808000000.0,18808000000.0,0.0,0.007,0.147,0.01,0.048,0.0,5740000000.0,1.0,421470504.0,421470504.0,,44.625,88579000000.0,1089000000.0,264000000.0,0.0,210.167,
71,CI,MRT,2003-09-30,2003-09-30,2003-09-30,2021-08-05,-77000000.0,90173000000.0,89868750000.0,,,0.212,10.067,-174000000.0,1961000000.0,1961000000.0,12654000000.0,373000000.0,,20.292,1543000000.0,,,1543000000.0,280000000.0,249000000.0,28244000000.0,0.03,0.44,510000000.0,759000000.0,0.04,759000000.0,510000000.0,510000000.0,0.89,0.887,0.89,4235000000.0,4119500000.0,4235000000.0,6029406754.0,12.0,7.944,1341000000.0,3.188,1.0,6401000000.0,0.336,1620000000.0,0.0,88135000000.0,87973000000.0,0.0,40550000000.0,,,85938000000.0,,,6261406754.0,-508000000.0,227000000.0,6000000.0,-126000000.0,-186000000.0,-654000000.0,-1367000000.0,-1396000000.0,1515000000.0,-2000000.0,373000000.0,373000000.0,373000000.0,-51000000.0,0.0,0.02,5942000000.0,459000000.0,6430000000.0,0.494,1.478,16.787,16.723,985000000.0,0.0,14.883,0.329,0.329,9322000000.0,9538000000.0,19055000000.0,19055000000.0,0.0,0.004,0.091,0.006,0.027,0.0,5942000000.0,1.0,420699222.0,420699222.0,,45.294,88553000000.0,1119000000.0,137000000.0,0.0,210.49,
72,CI,MRT,2003-06-30,2003-06-30,2003-06-30,2021-08-05,50000000.0,91338000000.0,89729000000.0,,,0.216,10.012,-222000000.0,1775000000.0,1775000000.0,14621000000.0,-699000000.0,,20.69,1543000000.0,,,1543000000.0,261000000.0,231000000.0,29098000000.0,0.028,0.44,-1053000000.0,-822000000.0,-0.042,-822000000.0,-1053000000.0,-1053000000.0,-1.667,-1.667,-1.667,4211000000.0,4175250000.0,4211000000.0,6072903320.0,-6.0,-7.388,1658000000.0,3.942,1.0,4744000000.0,0.245,1620000000.0,0.0,89486000000.0,87719000000.0,0.0,41226000000.0,,,87127000000.0,,,6580903320.0,494000000.0,209000000.0,-48000000.0,-130000000.0,-185000000.0,-141000000.0,-1244000000.0,-1235000000.0,1880000000.0,-1000000.0,-699000000.0,-699000000.0,-699000000.0,-48000000.0,0.0,-0.036,5845000000.0,-1101000000.0,6298000000.0,-0.264,1.563,-9.415,-9.386,1013000000.0,0.0,15.647,0.34,0.34,9573000000.0,9390000000.0,19365000000.0,19365000000.0,0.0,-0.008,-0.167,-0.012,-0.054,0.0,5845000000.0,1.0,420594588.0,420594588.0,,46.042,89718000000.0,1040000000.0,-354000000.0,0.0,213.312,
73,CI,MRT,2003-03-31,2003-03-31,2003-03-31,2021-08-05,-125000000.0,88984000000.0,89205000000.0,,,0.218,9.874,-261000000.0,2061000000.0,2061000000.0,14410000000.0,-430000000.0,,20.52,1553000000.0,,,1553000000.0,266000000.0,224000000.0,28953000000.0,0.029,0.44,-648000000.0,-424000000.0,-0.022,-424000000.0,-648000000.0,-648000000.0,-1.03,-1.037,-1.03,4135000000.0,4424250000.0,4135000000.0,6437194566.0,-10.0,-15.182,1303000000.0,3.111,1.0,5058000000.0,0.26,1620000000.0,0.0,86856000000.0,87331000000.0,0.0,40209000000.0,,,84849000000.0,,,6382194566.0,445000000.0,209000000.0,-178000000.0,-149000000.0,-185000000.0,-175000000.0,-948000000.0,-865000000.0,1564000000.0,-1000000.0,-430000000.0,-430000000.0,-430000000.0,-47000000.0,0.0,-0.022,5753000000.0,-695000000.0,6241000000.0,-0.427,1.543,-14.842,-14.796,1039000000.0,0.0,15.24,0.328,0.328,9735000000.0,9489000000.0,19468000000.0,19468000000.0,0.0,-0.005,-0.097,-0.007,-0.033,0.0,5753000000.0,1.0,418779171.0,418779171.0,,46.488,87364000000.0,1048000000.0,-218000000.0,0.0,208.616,
74,CI,MRT,2002-12-31,2002-12-31,2002-12-31,2021-08-05,-202000000.0,88980000000.0,90030500000.0,,,0.215,9.319,-303000000.0,1575000000.0,1575000000.0,14314000000.0,-447000000.0,,21.833,1630000000.0,,,1630000000.0,243000000.0,221000000.0,29374000000.0,0.032,0.44,-646000000.0,-425000000.0,-0.022,-425000000.0,-646000000.0,-646000000.0,-1.06,-1.06,-1.06,3897000000.0,4651000000.0,3897000000.0,4884536407.0,-8.0,-11.493,1065000000.0,2.547,1.0,5034000000.0,0.26,1620000000.0,0.0,87415000000.0,88284500000.0,0.0,40362000000.0,,,85083000000.0,,,5731536407.0,-343000000.0,0.0,-287000000.0,-45000000.0,-185000000.0,-225000000.0,-1486000000.0,-1148000000.0,1368000000.0,0.0,-447000000.0,-447000000.0,-447000000.0,1000000.0,0.0,-0.023,5679000000.0,-645000000.0,6123000000.0,-0.415,1.471,-12.822,-12.931,1078000000.0,0.0,13.707,0.296,0.296,9981000000.0,9038000000.0,19348000000.0,19348000000.0,0.0,-0.005,-0.096,-0.007,-0.033,0.0,5679000000.0,1.0,418156839.0,418156839.0,,46.27,87360000000.0,1287000000.0,-199000000.0,0.0,208.917,
75,CI,MRT,2002-09-30,2002-09-30,2002-09-30,2021-08-05,397000000.0,89614000000.0,90682750000.0,,,0.21,10.604,-275000000.0,2477000000.0,2477000000.0,14046000000.0,-128000000.0,,19.102,1630000000.0,,,1630000000.0,210000000.0,215000000.0,28757000000.0,0.019,0.437,-161000000.0,54000000.0,0.003,54000000.0,-161000000.0,-161000000.0,-0.337,-0.36,-0.337,4458000000.0,4940500000.0,4458000000.0,10258202452.0,-64.0,189.967,773000000.0,1.839,1.0,4988000000.0,0.262,1648000000.0,0.0,87119000000.0,88859250000.0,0.0,38616000000.0,,,85156000000.0,,,9914202452.0,911000000.0,267000000.0,-582000000.0,108000000.0,-185000000.0,156000000.0,-313000000.0,-271000000.0,1048000000.0,3000000.0,-128000000.0,-128000000.0,-128000000.0,-14000000.0,0.0,-0.007,5163000000.0,-175000000.0,5011000000.0,-1.297,2.224,-77.455,-69.98,1140000000.0,0.0,23.583,0.521,0.521,10077000000.0,9298000000.0,19034000000.0,19034000000.0,0.0,-0.001,-0.026,-0.002,-0.008,-194000000.0,5163000000.0,1.0,420390210.0,420390210.0,,45.277,87966000000.0,991000000.0,-33000000.0,0.0,209.248,
76,CI,MRT,2002-06-30,2002-06-30,2002-06-30,2021-08-05,182000000.0,89242000000.0,90447000000.0,,,0.207,12.32,-493000000.0,1288000000.0,1288000000.0,12138000000.0,1019000000.0,,16.139,1632000000.0,,,1632000000.0,213000000.0,227000000.0,28342000000.0,0.013,0.433,1532000000.0,1759000000.0,0.094,1759000000.0,1532000000.0,1532000000.0,2.363,2.333,2.363,5207000000.0,5156750000.0,5207000000.0,13760265689.0,9.0,7.823,358000000.0,0.847,1.0,6591000000.0,0.352,1652000000.0,0.0,87934000000.0,88774250000.0,0.0,37910000000.0,,,84035000000.0,,,13724265689.0,-366000000.0,267000000.0,-821000000.0,92000000.0,-186000000.0,-272000000.0,-965000000.0,-854000000.0,851000000.0,3000000.0,1019000000.0,1019000000.0,1019000000.0,-17000000.0,0.0,0.054,5076000000.0,1515000000.0,4692000000.0,0.183,2.636,13.468,13.742,1111000000.0,0.0,32.473,0.733,0.733,10152000000.0,10221000000.0,18729000000.0,18729000000.0,0.0,0.011,0.198,0.017,0.082,-194000000.0,5076000000.0,1.0,422631873.0,422631873.0,,44.315,87590000000.0,1053000000.0,513000000.0,0.0,207.249,
77,CI,MRT,2002-03-31,2002-03-31,2002-03-31,2021-08-05,61000000.0,92286000000.0,91010000000.0,,,0.205,11.879,-434000000.0,1625000000.0,1625000000.0,12039000000.0,1057000000.0,,17.303,1661000000.0,,,1661000000.0,231000000.0,236000000.0,28266000000.0,0.013,0.43,1592000000.0,1828000000.0,0.098,1828000000.0,1592000000.0,1592000000.0,2.42,2.387,2.42,5042000000.0,5175250000.0,5042000000.0,14089856829.0,9.0,7.708,827000000.0,1.948,1.0,6616000000.0,0.355,1652000000.0,0.0,90670000000.0,89169750000.0,0.0,37856000000.0,,,87244000000.0,,,14345856829.0,-409000000.0,267000000.0,-858000000.0,115000000.0,-189000000.0,201000000.0,-1884000000.0,-1779000000.0,1261000000.0,1000000.0,1057000000.0,1057000000.0,1057000000.0,-18000000.0,0.0,0.057,5042000000.0,1574000000.0,5089000000.0,0.178,2.845,13.572,13.967,1092000000.0,0.0,33.8,0.769,0.769,10209000000.0,10053000000.0,18655000000.0,18655000000.0,0.0,0.012,0.204,0.018,0.085,-194000000.0,5042000000.0,1.0,424433634.0,424433634.0,,43.953,90634000000.0,1121000000.0,535000000.0,0.0,213.541,
78,CI,MRT,2001-12-31,2001-12-31,2001-12-31,2021-08-05,147000000.0,91589000000.0,90018750000.0,,,0.207,11.651,-366000000.0,1918000000.0,1918000000.0,11976000000.0,1115000000.0,,17.118,1675000000.0,,,1675000000.0,237000000.0,235000000.0,28961000000.0,0.014,0.427,1681000000.0,1916000000.0,0.103,1916000000.0,1681000000.0,1681000000.0,2.513,2.477,2.513,5055000000.0,5246000000.0,5055000000.0,13331700908.0,8.0,6.958,697000000.0,1.606,1.0,6631000000.0,0.356,1632000000.0,0.0,89714000000.0,87990250000.0,0.0,38261000000.0,,,86534000000.0,,,13399700908.0,-261000000.0,23000000.0,-1101000000.0,362000000.0,-190000000.0,671000000.0,-2011000000.0,-1655000000.0,1063000000.0,-1000000.0,1115000000.0,1115000000.0,1115000000.0,-18000000.0,0.0,0.06,4968000000.0,1663000000.0,4863000000.0,0.17,2.651,12.018,12.289,986000000.0,0.0,30.883,0.72,0.72,9781000000.0,9882000000.0,18607000000.0,18607000000.0,0.0,0.012,0.213,0.019,0.09,-194000000.0,4968000000.0,1.0,433881303.0,433881303.0,,42.885,89957000000.0,1033000000.0,566000000.0,0.0,207.331,
79,CI,MRT,2001-09-30,2001-09-30,2001-09-30,2021-08-05,282000000.0,88671000000.0,90893500000.0,,,0.207,11.977,-600000000.0,1585000000.0,1585000000.0,12128000000.0,1075000000.0,,15.658,1517000000.0,,,1517000000.0,273000000.0,234000000.0,28577000000.0,0.015,0.423,1613000000.0,1847000000.0,0.098,1847000000.0,1613000000.0,1613000000.0,2.377,2.333,2.377,5323000000.0,5335500000.0,5323000000.0,12152428836.0,8.0,6.58,554000000.0,1.247,1.0,6683000000.0,0.355,1824000000.0,0.0,86779000000.0,88640000000.0,0.0,38368000000.0,,,83348000000.0,,,12288428836.0,-439000000.0,-244000000.0,-1033000000.0,159000000.0,-191000000.0,308000000.0,-1895000000.0,-1249000000.0,1154000000.0,-7000000.0,1075000000.0,1075000000.0,1075000000.0,-6000000.0,0.0,0.057,5076000000.0,1607000000.0,5075000000.0,0.178,2.309,11.431,11.632,1031000000.0,0.0,27.65,0.653,0.653,9811000000.0,9737000000.0,18811000000.0,18811000000.0,0.0,0.012,0.201,0.018,0.086,0.0,5076000000.0,1.0,444427806.0,444427806.0,,42.326,86847000000.0,1042000000.0,538000000.0,0.0,195.413,
80,CI,MRT,2001-06-30,2001-06-30,2001-06-30,2021-08-05,157000000.0,91494000000.0,92907000000.0,,,0.205,11.755,-313000000.0,1674000000.0,1674000000.0,12383000000.0,1083000000.0,,16.325,1538000000.0,,,1538000000.0,276000000.0,221000000.0,28165000000.0,0.013,0.42,1632000000.0,1853000000.0,0.097,1853000000.0,1632000000.0,1632000000.0,2.36,2.31,2.36,5281000000.0,5349000000.0,5281000000.0,13840446486.0,8.0,7.469,781000000.0,1.738,1.0,6676000000.0,0.35,1842000000.0,0.0,89516000000.0,90488500000.0,0.0,37428000000.0,,,86213000000.0,,,14349446486.0,-552000000.0,-244000000.0,-1167000000.0,179000000.0,-193000000.0,54000000.0,-1691000000.0,-1024000000.0,1094000000.0,-10000000.0,1083000000.0,1083000000.0,1083000000.0,-6000000.0,0.0,0.057,5050000000.0,1626000000.0,4682000000.0,0.178,2.717,13.25,13.534,966000000.0,0.0,31.94,0.753,0.753,9782000000.0,9513000000.0,19059000000.0,19059000000.0,0.0,0.012,0.202,0.018,0.086,0.0,5050000000.0,1.0,449262570.0,449262570.0,,42.423,89652000000.0,1201000000.0,549000000.0,0.0,199.554,
81,CI,MRT,2001-03-31,2001-03-31,2001-03-31,2021-08-05,250000000.0,88321000000.0,94165250000.0,,,0.206,11.563,-313000000.0,2052000000.0,2052000000.0,12851000000.0,992000000.0,,15.586,1543000000.0,,,1543000000.0,303000000.0,224000000.0,27834000000.0,0.012,0.417,1493000000.0,1717000000.0,0.089,1717000000.0,1493000000.0,1493000000.0,2.13,2.087,2.13,5325000000.0,5395250000.0,5325000000.0,15589134239.0,10.0,9.079,1068000000.0,2.319,1.0,6516000000.0,0.336,1860000000.0,0.0,85952000000.0,91548500000.0,0.0,37197000000.0,,,82996000000.0,,,16486134239.0,-465000000.0,-199000000.0,-1465000000.0,183000000.0,-196000000.0,-304000000.0,-1532000000.0,-936000000.0,1381000000.0,-11000000.0,992000000.0,992000000.0,992000000.0,-6000000.0,0.0,0.051,5029000000.0,1487000000.0,4873000000.0,0.196,3.096,16.619,16.808,916000000.0,0.0,35.8,0.851,0.851,9841000000.0,9309000000.0,19367000000.0,19367000000.0,0.0,0.011,0.184,0.016,0.077,0.0,5029000000.0,1.0,460506543.0,460506543.0,,42.056,86461000000.0,1130000000.0,501000000.0,0.0,187.752,
82,CI,MRT,2000-12-31,2000-12-31,2000-12-31,2021-08-05,221000000.0,95088000000.0,96334250000.0,,,0.203,11.754,-313000000.0,2206000000.0,2206000000.0,13059000000.0,987000000.0,,16.567,1309000000.0,,,1309000000.0,589000000.0,221000000.0,27603000000.0,0.009,0.413,1493000000.0,1714000000.0,0.088,1714000000.0,1493000000.0,1493000000.0,2.06,2.027,2.06,5413000000.0,5523500000.0,5413000000.0,19652338546.0,13.0,11.466,1358000000.0,2.949,1.0,6467000000.0,0.331,1878000000.0,0.0,92313000000.0,93538750000.0,0.0,39808000000.0,,,89675000000.0,,,20308338546.0,-33000000.0,45000000.0,-1624000000.0,-101000000.0,-200000000.0,-773000000.0,-902000000.0,-572000000.0,1671000000.0,-30000000.0,987000000.0,987000000.0,987000000.0,-6000000.0,0.0,0.051,4980000000.0,1487000000.0,5111000000.0,0.2,3.752,20.576,21.408,879000000.0,0.0,44.1,1.04,1.04,10042000000.0,9081000000.0,19526000000.0,19526000000.0,0.0,0.01,0.179,0.016,0.076,0.0,4980000000.0,1.0,460506543.0,460506543.0,,42.401,93210000000.0,1199000000.0,506000000.0,0.0,202.408,
83,CI,MRT,2000-09-30,2000-09-30,2000-09-30,2021-08-05,208000000.0,96725000000.0,96395500000.0,,,0.205,11.373,0.0,2017000000.0,2017000000.0,13323000000.0,1002000000.0,,16.989,1361000000.0,,,1361000000.0,557000000.0,219000000.0,27486000000.0,0.012,0.41,1541000000.0,1760000000.0,0.089,1760000000.0,1541000000.0,1541000000.0,2.04,2.013,2.04,5377000000.0,5707500000.0,5377000000.0,15594508961.0,10.0,8.861,2018000000.0,4.268,1.0,6402000000.0,0.325,1896000000.0,0.0,94173000000.0,93601000000.0,0.0,39428000000.0,,,91348000000.0,,,16452508961.0,166000000.0,45000000.0,-2832000000.0,-67000000.0,-210000000.0,-2559000000.0,724000000.0,1175000000.0,2018000000.0,-17000000.0,1002000000.0,1002000000.0,1002000000.0,0.0,0.0,0.051,4861000000.0,1541000000.0,5032000000.0,0.201,3.06,16.42,17.059,811000000.0,0.0,34.8,0.834,0.834,9745000000.0,8851000000.0,19725000000.0,19725000000.0,0.0,0.01,0.176,0.016,0.078,0.0,4861000000.0,1.0,472773246.0,472773246.0,,41.722,94829000000.0,1199000000.0,539000000.0,0.0,200.58,
84,CI,MRT,2000-06-30,2000-06-30,2000-06-30,2021-08-05,128000000.0,96527000000.0,95407500000.0,,,0.203,11.188,0.0,2219000000.0,2219000000.0,13113000000.0,1786000000.0,,16.66,1361000000.0,,,1361000000.0,661000000.0,242000000.0,26969000000.0,0.013,0.407,2242000000.0,2484000000.0,0.128,2484000000.0,2242000000.0,2242000000.0,3.26,3.247,3.26,5466000000.0,6157250000.0,5466000000.0,14079778875.0,6.0,5.668,2024000000.0,4.143,1.0,6275000000.0,0.324,1913000000.0,0.0,93756000000.0,92651750000.0,0.0,38966000000.0,,,91061000000.0,,,15226778875.0,957000000.0,3495000000.0,-3364000000.0,-307000000.0,-221000000.0,-3717000000.0,2549000000.0,-536000000.0,2024000000.0,-1000000.0,1786000000.0,1786000000.0,1786000000.0,-1194000000.0,0.0,0.092,5227000000.0,1048000000.0,5139000000.0,0.125,2.786,8.526,9.56,759000000.0,0.0,31.167,0.785,0.785,9692000000.0,8621000000.0,19388000000.0,19388000000.0,0.0,0.019,0.29,0.024,0.116,0.0,5227000000.0,1.0,488559750.0,488559750.0,,39.684,94614000000.0,1239000000.0,456000000.0,0.0,193.659,
85,CI,MRT,2000-03-31,2000-03-31,2000-03-31,2021-08-05,150000000.0,96997000000.0,94637250000.0,,,0.202,11.544,0.0,2510000000.0,2510000000.0,12737000000.0,1857000000.0,,15.615,1363000000.0,,,1363000000.0,663000000.0,226000000.0,26470000000.0,0.016,0.403,2394000000.0,2620000000.0,0.137,2620000000.0,2394000000.0,2394000000.0,3.31,3.293,3.31,5838000000.0,6626000000.0,5838000000.0,11953523072.0,5.0,4.562,1829000000.0,3.617,1.0,6370000000.0,0.333,1937000000.0,0.0,93913000000.0,92163250000.0,0.0,38352000000.0,,,91159000000.0,,,12769523072.0,1042000000.0,3557000000.0,-3315000000.0,-331000000.0,-230000000.0,-4119000000.0,3293000000.0,162000000.0,1829000000.0,1000000.0,1857000000.0,1857000000.0,1857000000.0,-1123000000.0,0.0,0.097,5099000000.0,1271000000.0,5034000000.0,0.122,2.187,6.876,7.628,735000000.0,0.0,25.25,0.668,0.668,9445000000.0,8510000000.0,19107000000.0,19107000000.0,0.0,0.02,0.28,0.026,0.125,0.0,5099000000.0,1.0,505723686.0,505723686.0,,37.782,95060000000.0,1208000000.0,537000000.0,0.0,187.968,
86,CI,MRT,1999-12-31,1999-12-31,1999-12-31,2021-08-05,166000000.0,95333000000.0,98501250000.0,,,0.19,11.023,0.0,2232000000.0,2232000000.0,12464000000.0,1774000000.0,,14.504,1416000000.0,,,1416000000.0,674000000.0,225000000.0,26599000000.0,0.015,0.4,2294000000.0,2519000000.0,0.135,2519000000.0,2294000000.0,2294000000.0,3.04,2.997,3.04,6149000000.0,7133750000.0,6149000000.0,14557313502.0,6.0,5.779,1817000000.0,3.257,1.0,6262000000.0,0.334,1955000000.0,0.0,92562000000.0,96050500000.0,0.0,38905000000.0,,,89184000000.0,,,14980313502.0,246000000.0,3557000000.0,-2986000000.0,-284000000.0,-238000000.0,-4213000000.0,2495000000.0,-625000000.0,1817000000.0,9000000.0,1774000000.0,1774000000.0,1774000000.0,-1166000000.0,0.0,0.095,5043000000.0,1219000000.0,4552000000.0,0.132,2.436,8.444,8.833,715000000.0,0.0,26.853,0.8,0.8,9243000000.0,8290000000.0,18726000000.0,18726000000.0,0.0,0.018,0.249,0.024,0.123,0.0,5043000000.0,1.0,557856759.0,557856759.0,,33.568,93378000000.0,1156000000.0,520000000.0,0.0,167.387,
87,CI,MRT,1999-09-30,1999-09-30,1999-09-30,2021-08-05,168000000.0,92773000000.0,98640500000.0,,,0.187,12.013,0.0,1851000000.0,1851000000.0,12276000000.0,1720000000.0,,11.928,1428000000.0,,,1428000000.0,540000000.0,217000000.0,27353000000.0,0.015,0.396,2231000000.0,2448000000.0,0.133,2448000000.0,2231000000.0,2231000000.0,2.893,2.877,2.893,7176000000.0,7665750000.0,7176000000.0,15887681930.0,7.0,6.49,1450000000.0,2.427,1.0,6147000000.0,0.334,1974000000.0,0.0,90376000000.0,96288500000.0,0.0,40231000000.0,,,85597000000.0,,,15481681930.0,1395000000.0,3519000000.0,-1630000000.0,-257000000.0,-239000000.0,-2324000000.0,2029000000.0,-2067000000.0,1450000000.0,31000000.0,1720000000.0,1720000000.0,1720000000.0,-1170000000.0,0.0,0.093,4995000000.0,1152000000.0,4756000000.0,0.137,2.157,9.001,8.958,707000000.0,0.0,25.917,0.84,0.84,9218000000.0,8049000000.0,18423000000.0,18423000000.0,0.0,0.017,0.224,0.023,0.121,0.0,4995000000.0,1.0,597363933.0,597363933.0,,30.84,90799000000.0,1309000000.0,511000000.0,196000000.0,151.999,
88,CI,MRT,1999-06-30,1999-06-30,1999-06-30,2021-08-05,215000000.0,93446000000.0,102771250000.0,,,0.175,12.027,0.0,1262000000.0,1262000000.0,12031000000.0,909000000.0,,11.729,1668000000.0,,,1668000000.0,496000000.0,208000000.0,27779000000.0,0.013,0.391,1499000000.0,1707000000.0,0.095,1707000000.0,1499000000.0,1499000000.0,1.48,1.46,1.48,7341000000.0,7910750000.0,7341000000.0,17578002300.0,12.0,10.298,1443000000.0,2.364,1.0,6005000000.0,0.333,2050000000.0,0.0,91802000000.0,100533750000.0,0.0,38638000000.0,,,86105000000.0,,,18108002300.0,33000000.0,-229000000.0,-1056000000.0,-27000000.0,-241000000.0,-1240000000.0,-323000000.0,-321000000.0,1443000000.0,11000000.0,909000000.0,909000000.0,909000000.0,37000000.0,0.0,0.05,4378000000.0,1627000000.0,4631000000.0,0.264,2.467,19.921,20.045,700000000.0,0.0,29.667,1.004,1.004,9326000000.0,7045000000.0,18036000000.0,18036000000.0,0.0,0.009,0.115,0.015,0.083,0.0,4378000000.0,1.0,610382100.0,610382100.0,,29.549,91396000000.0,1269000000.0,590000000.0,0.0,149.736,
89,CI,MRT,1999-03-31,1999-03-31,1999-03-31,2021-08-05,503000000.0,112453000000.0,107141500000.0,,,0.165,12.792,0.0,2227000000.0,2227000000.0,11849000000.0,985000000.0,,13.291,1697000000.0,,,1697000000.0,1933000000.0,195000000.0,28781000000.0,0.014,0.387,1545000000.0,1740000000.0,0.098,1740000000.0,1545000000.0,1545000000.0,1.577,1.557,1.577,7869000000.0,8160500000.0,7869000000.0,15860211083.0,10.0,9.115,1403000000.0,2.281,1.0,5847000000.0,0.33,2461000000.0,0.0,109462000000.0,104640250000.0,0.0,48577000000.0,,,104584000000.0,,,17185211083.0,-61000000.0,-336000000.0,-893000000.0,-36000000.0,-242000000.0,-1424000000.0,-85000000.0,15000000.0,1403000000.0,17000000.0,985000000.0,985000000.0,985000000.0,-93000000.0,0.0,0.056,4304000000.0,1543000000.0,6871000000.0,0.245,2.184,17.447,17.715,905000000.0,0.0,27.937,0.971,0.971,17467000000.0,6873000000.0,17696000000.0,17696000000.0,0.0,0.009,0.121,0.015,0.087,0.0,4304000000.0,1.0,615148947.0,615148947.0,,28.767,109992000000.0,2022000000.0,560000000.0,28000000.0,178.805,
90,CI,MRT,1998-12-31,1998-12-31,1998-12-31,2021-08-05,842000000.0,95890000000.0,106833000000.0,,,0.166,13.362,0.0,1986000000.0,1986000000.0,11670000000.0,1292000000.0,,10.585,1700000000.0,,,1700000000.0,589000000.0,218000000.0,30607000000.0,0.015,0.383,1964000000.0,2182000000.0,0.123,2182000000.0,1964000000.0,1964000000.0,2.04,2.017,2.04,8277000000.0,8274500000.0,8277000000.0,16486171430.0,8.0,7.556,886000000.0,1.43,1.0,6028000000.0,0.341,2090000000.0,0.0,93514000000.0,104302000000.0,0.0,41676000000.0,,,87613000000.0,,,15963171430.0,154000000.0,960000000.0,-807000000.0,-456000000.0,-243000000.0,-1553000000.0,871000000.0,322000000.0,886000000.0,22000000.0,1292000000.0,1292000000.0,1292000000.0,-106000000.0,0.0,0.073,4170000000.0,1858000000.0,4385000000.0,0.188,1.929,12.355,12.632,701000000.0,0.0,25.77,0.902,0.902,9147000000.0,6746000000.0,17698000000.0,17698000000.0,0.0,0.012,0.156,0.019,0.111,0.0,4170000000.0,1.0,619447863.0,619447863.0,,28.571,93800000000.0,1034000000.0,672000000.0,0.0,151.425,
91,CI,MRT,1998-09-30,1998-09-30,1998-09-30,2021-08-05,842000000.0,109296000000.0,109910250000.0,,,0.141,12.807,0.0,1162000000.0,1162000000.0,10518000000.0,1294000000.0,,12.401,1685000000.0,,,1685000000.0,1897000000.0,188000000.0,30877000000.0,0.017,0.379,1838000000.0,2026000000.0,0.131,2026000000.0,1838000000.0,1838000000.0,2.013,1.99,2.013,8156000000.0,8188250000.0,8156000000.0,13829082021.0,8.0,6.826,1194000000.0,1.875,1.0,4954000000.0,0.32,2462000000.0,0.0,107357000000.0,107220250000.0,0.0,51912000000.0,,,101140000000.0,,,14038082021.0,-287000000.0,921000000.0,-1013000000.0,-259000000.0,-247000000.0,-1368000000.0,-349000000.0,-40000000.0,1194000000.0,-1000000.0,1294000000.0,1294000000.0,1294000000.0,-320000000.0,0.0,0.084,3436000000.0,1518000000.0,6268000000.0,0.188,1.721,10.849,10.95,856000000.0,0.0,22.043,0.907,0.907,17530000000.0,6567000000.0,15472000000.0,15472000000.0,0.0,0.012,0.158,0.017,0.119,0.0,3436000000.0,1.0,636840255.0,636840255.0,,24.295,106834000000.0,1891000000.0,544000000.0,114000000.0,167.756,
92,CI,MRT,1998-06-30,1998-06-30,1998-06-30,2021-08-05,835000000.0,110927000000.0,,,,,12.909,0.0,1903000000.0,1903000000.0,10998000000.0,1322000000.0,,12.301,1694000000.0,,,1694000000.0,1839000000.0,188000000.0,30524000000.0,0.016,0.376,1866000000.0,2054000000.0,0.126,2054000000.0,1866000000.0,1866000000.0,2.033,2.01,2.033,8340000000.0,,8340000000.0,14266263781.0,8.0,6.946,1255000000.0,1.943,1.0,5354000000.0,0.327,2490000000.0,0.0,108228000000.0,,0.0,51407000000.0,,,102587000000.0,,,14859263781.0,140000000.0,1168000000.0,-613000000.0,-541000000.0,-245000000.0,-1267000000.0,-59000000.0,-361000000.0,1255000000.0,9000000.0,1322000000.0,1322000000.0,1322000000.0,-333000000.0,0.0,0.081,3821000000.0,1533000000.0,6216000000.0,0.185,1.782,11.24,11.313,858000000.0,0.0,23.0,0.909,0.909,16928000000.0,6376000000.0,16352000000.0,16352000000.0,0.0,,,,0.114,0.0,3821000000.0,1.0,646054947.0,646054947.0,,25.311,108437000000.0,1924000000.0,544000000.0,159000000.0,167.845,
93,CI,MRT,1998-03-31,1998-03-31,1998-03-31,2021-08-05,812000000.0,111219000000.0,,,,,12.804,0.0,2322000000.0,2322000000.0,11133000000.0,1293000000.0,,12.36,1729000000.0,,,1729000000.0,1864000000.0,203000000.0,30714000000.0,0.016,0.372,1833000000.0,2036000000.0,0.122,2036000000.0,1833000000.0,1833000000.0,1.973,1.953,1.973,8325000000.0,,8325000000.0,14340063870.0,8.0,7.043,998000000.0,1.535,1.0,5588000000.0,0.334,2517000000.0,0.0,108109000000.0,,0.0,51617000000.0,,,102894000000.0,,,14810063870.0,429000000.0,-120000000.0,-359000000.0,135000000.0,-245000000.0,232000000.0,-1170000000.0,-235000000.0,998000000.0,-11000000.0,1293000000.0,1293000000.0,1293000000.0,-274000000.0,0.0,0.077,4029000000.0,1559000000.0,6610000000.0,0.189,1.779,11.454,11.545,847000000.0,0.0,22.778,0.886,0.886,16849000000.0,6129000000.0,16721000000.0,16721000000.0,0.0,,,,0.11,0.0,4029000000.0,1.0,650197926.0,650197926.0,,25.717,108702000000.0,1916000000.0,540000000.0,277000000.0,167.183,
94,CI,MRT,1997-12-31,1997-12-31,1997-12-31,2021-08-05,758000000.0,108199000000.0,103565500000.0,,,0.154,12.199,0.0,2625000000.0,2625000000.0,10809000000.0,1086000000.0,,12.641,2155000000.0,,,2155000000.0,1774000000.0,179000000.0,30682000000.0,0.019,0.369,1502000000.0,1681000000.0,0.105,1681000000.0,1502000000.0,1502000000.0,1.643,1.627,1.643,7932000000.0,7570000000.0,7932000000.0,,,,1455000000.0,2.238,1.0,5146000000.0,0.323,2542000000.0,0.0,105187000000.0,101300500000.0,0.0,56578000000.0,,,100267000000.0,,,12454902494.0,927000000.0,-1416000000.0,-316000000.0,640000000.0,-245000000.0,677000000.0,-1573000000.0,0.0,1455000000.0,-12000000.0,1086000000.0,1086000000.0,1086000000.0,-274000000.0,0.0,0.068,3918000000.0,1228000000.0,6562000000.0,0.225,1.57,11.469,11.659,857000000.0,0.0,19.156,0.781,0.781,11018000000.0,5696000000.0,15955000000.0,15955000000.0,0.0,0.01,0.143,0.015,0.094,0.0,3918000000.0,1.0,650197926.0,650197926.0,,24.539,105657000000.0,1788000000.0,416000000.0,60000000.0,162.5,
95,CI,MRT,1997-09-30,1997-09-30,1997-09-30,2021-08-05,,,,,,,,,,,,,,,,,,,,,,0.018,0.366,,,,,,,,,,,,,,,,,,1.0,,,,,,,,,,,,,,,,,,,,,,,,,,,,,,,,,,,,,,,,20.7,,,,,,,,,,,,,,1.0,,,,,,,,,,
96,CI,MRT,1997-06-30,1997-06-30,1997-06-30,2021-08-05,,,,,,,,,,,,,,,,,,,,,,0.018,0.362,,,,,,,,,,,,,,,,,,1.0,,,,,,,,,,,,,,,,,,,,,,,,,,,,,,,,,,,,,,,,19.722,,,,,,,,,,,,,,1.0,,,,,,,,,,
97,CI,MRT,1997-03-31,1997-03-31,1997-03-31,2021-08-05,,,,,,,,,,,,,,,,,,,,,,0.022,0.359,,,,,,,,,,,,,,,,,,1.0,,,,,,,,,,,,,,,,,,,,,,,,,,,,,,,,,,,,,,,,16.222,,,,,,,,,,,,,,1.0,,,,,,,,,,
98,CI,MRT,1996-12-31,1996-12-31,1996-12-31,2021-08-05,582000000.0,98932000000.0,,,,,,0.0,1760000000.0,1760000000.0,12473000000.0,1056000000.0,,12.725,1310000000.0,,,1310000000.0,1940000000.0,227000000.0,29878000000.0,0.023,0.356,1601000000.0,1828000000.0,0.096,1828000000.0,1601000000.0,1601000000.0,1.56,1.547,1.56,7208000000.0,,7208000000.0,,,,700000000.0,,1.0,6477000000.0,0.342,1068000000.0,0.0,97414000000.0,,0.0,56061000000.0,,,91724000000.0,,,,-402000000.0,65000000.0,-280000000.0,-164000000.0,-242000000.0,-593000000.0,-487000000.0,-343000000.0,700000000.0,-22000000.0,1056000000.0,1056000000.0,1056000000.0,0.0,0.0,0.056,4876000000.0,1601000000.0,5326000000.0,0.228,,,9.731,802000000.0,0.0,15.181,,,11516000000.0,4855000000.0,18950000000.0,18950000000.0,0.0,,,,0.084,0.0,4876000000.0,1.0,,,,,97864000000.0,1998000000.0,545000000.0,221000000.0,,
99,CI,MRT,1995-12-31,1995-12-31,1995-12-31,2021-08-05,,,,,,,,0.0,,,13855000000.0,211000000.0,,,,,,,,224000000.0,,0.029,0.338,251000000.0,475000000.0,0.025,475000000.0,251000000.0,251000000.0,0.322,0.32,0.322,,,,,,,1104000000.0,,1.0,5100000000.0,0.269,,0.0,,,,,,,,,,,285000000.0,0.0,21000000.0,66000000.0,-222000000.0,2478000000.0,-3294000000.0,-3142000000.0,1104000000.0,-3000000.0,211000000.0,211000000.0,211000000.0,0.0,0.0,0.011,4849000000.0,251000000.0,,1.05,,,35.645,,0.0,11.478,,,,,18955000000.0,18955000000.0,0.0,,,,0.013,0.0,4849000000.0,1.0,,,,,,,40000000.0,,,
