None,ticker,dimension,calendardate,datekey,reportperiod,lastupdated,accoci,assets,assetsavg,assetsc,assetsnc,assetturnover,bvps,capex,cashneq,cashnequsd,cor,consolinc,currentratio,de,debt,debtc,debtnc,debtusd,deferredrev,depamor,deposits,divyield,dps,ebit,ebitda,ebitdamargin,ebitdausd,ebitusd,ebt,eps,epsdil,epsusd,equity,equityavg,equityusd,ev,evebit,evebitda,fcf,fcfps,fxusd,gp,grossmargin,intangibles,intexp,invcap,invcapavg,inventory,investments,investmentsc,investmentsnc,liabilities,liabilitiesc,liabilitiesnc,marketcap,ncf,ncfbus,ncfcommon,ncfdebt,ncfdiv,ncff,ncfi,ncfinv,ncfo,ncfx,netinc,netinccmn,netinccmnusd,netincdis,netincnci,netmargin,opex,opinc,payables,payoutratio,pb,pe,pe1,ppnenet,prefdivis,price,ps,ps1,receivables,retearn,revenue,revenueusd,rnd,roa,roe,roic,ros,sbcomp,sgna,sharefactor,sharesbas,shareswa,shareswadil,sps,tangibles,taxassets,taxexp,taxliabilities,tbvps,workingcapital
0,COP,MRY,2020-12-31,2020-12-31,2020-12-31,2021-08-25,-5218000000.0,62618000000.0,63463500000.0,12066000000.0,50552000000.0,0.303,27.688,-4715000000.0,2991000000.0,2991000000.0,13176000000.0,-2655000000.0,2.249,1.098,15369000000.0,619000000.0,14750000000.0,15369000000.0,0.0,5521000000.0,0.0,0.042,1.69,-2380000000.0,3141000000.0,0.163,3141000000.0,-2380000000.0,-3186000000.0,-2.51,-2.51,-2.51,29849000000.0,30860000000.0,29849000000.0,55795938304.0,-23.0,17.764,87000000.0,0.081,1.0,6080000000.0,0.316,0.0,806000000.0,69630000000.0,70524750000.0,1002000000.0,12996000000.0,4865000000.0,8131000000.0,32769000000.0,5366000000.0,27403000000.0,42898938304.0,-2047000000.0,116000000.0,-897000000.0,46000000.0,-1831000000.0,-2708000000.0,-4121000000.0,-658000000.0,4802000000.0,-20000000.0,-2701000000.0,-2701000000.0,-2701000000.0,0.0,46000000.0,-0.14,8234000000.0,-2154000000.0,2698000000.0,-0.673,1.437,-15.883,-15.932,39893000000.0,0.0,39.99,2.228,2.239,2754000000.0,35213000000.0,19256000000.0,19256000000.0,1457000000.0,-0.043,-0.088,-0.034,-0.124,0.0,430000000.0,1.0,1072741643.0,1078030000,1078030000.0,17.862,62618000000.0,0.0,-485000000.0,4067000000.0,58.086,6700000000.0
1,COP,MRY,2019-12-31,2019-12-31,2019-12-31,2021-08-25,-5357000000.0,70514000000.0,70903250000.0,16913000000.0,53601000000.0,0.517,31.31,-6636000000.0,5088000000.0,5088000000.0,18117000000.0,7257000000.0,2.401,1.014,14895000000.0,105000000.0,14790000000.0,14895000000.0,0.0,6090000000.0,0.0,0.021,1.335,10234000000.0,16324000000.0,0.445,16324000000.0,10234000000.0,9456000000.0,6.43,6.4,6.43,34981000000.0,33990500000.0,34981000000.0,79082381415.0,8.0,4.845,4468000000.0,3.999,1.0,18553000000.0,0.506,0.0,778000000.0,73278000000.0,72376250000.0,1026000000.0,14045000000.0,5139000000.0,8906000000.0,35464000000.0,7043000000.0,28421000000.0,71355381415.0,-789000000.0,127000000.0,-3530000000.0,-80000000.0,-1500000000.0,-5229000000.0,-6618000000.0,-2910000000.0,11104000000.0,-46000000.0,7189000000.0,7189000000.0,7189000000.0,0.0,68000000.0,0.196,7859000000.0,10694000000.0,3200000000.0,0.208,2.04,9.926,10.114,42269000000.0,0.0,65.03,1.946,1.981,3401000000.0,39742000000.0,36670000000.0,36670000000.0,743000000.0,0.101,0.212,0.141,0.279,0.0,556000000.0,1.0,1097268667.0,1117260000,1123536000.0,32.821,70514000000.0,0.0,2267000000.0,5664000000.0,63.113,9870000000.0
2,COP,MRY,2018-12-31,2018-12-31,2018-12-31,2021-08-25,-6063000000.0,69980000000.0,70049750000.0,13274000000.0,56706000000.0,0.553,27.38,-6750000000.0,5915000000.0,5915000000.0,20555000000.0,6305000000.0,1.795,1.187,14968000000.0,112000000.0,14856000000.0,14968000000.0,0.0,5956000000.0,0.0,0.019,1.16,10660000000.0,16616000000.0,0.429,16616000000.0,10660000000.0,9925000000.0,5.36,5.32,5.36,31939000000.0,31369250000.0,31939000000.0,83060931717.0,8.0,4.999,6184000000.0,5.301,1.0,18172000000.0,0.469,0.0,735000000.0,71638000000.0,73948000000.0,1007000000.0,11374000000.0,1710000000.0,9664000000.0,37916000000.0,7395000000.0,30521000000.0,71779931717.0,-385000000.0,119000000.0,-2878000000.0,-4995000000.0,-1363000000.0,-9359000000.0,-3843000000.0,1620000000.0,12934000000.0,-117000000.0,6257000000.0,6257000000.0,6257000000.0,0.0,48000000.0,0.162,7128000000.0,11044000000.0,3895000000.0,0.216,2.247,11.472,11.632,45698000000.0,0.0,62.35,1.853,1.878,4067000000.0,34010000000.0,38727000000.0,38727000000.0,369000000.0,0.089,0.199,0.144,0.275,0.0,401000000.0,1.0,1151241888.0,1166499000,1175538000.0,33.199,69980000000.0,0.0,3668000000.0,6341000000.0,59.991,5879000000.0
3,COP,MRY,2017-12-31,2017-12-31,2017-12-31,2021-08-25,-5518000000.0,73362000000.0,78550000000.0,16512000000.0,56850000000.0,0.415,25.066,-4591000000.0,6325000000.0,6325000000.0,18446000000.0,-793000000.0,1.757,1.391,19703000000.0,2575000000.0,17128000000.0,19703000000.0,0.0,6845000000.0,0.0,0.019,1.06,-1579000000.0,5266000000.0,0.162,5266000000.0,-1579000000.0,-2677000000.0,-0.7,-0.7,-0.7,30607000000.0,31686500000.0,30607000000.0,79714863579.0,-50.0,15.138,2486000000.0,2.036,1.0,14138000000.0,0.434,0.0,1098000000.0,77343000000.0,86737750000.0,1060000000.0,13832000000.0,3772000000.0,10060000000.0,42561000000.0,9397000000.0,33164000000.0,65621863579.0,2715000000.0,115000000.0,-3063000000.0,-7876000000.0,-1305000000.0,-12356000000.0,7762000000.0,-1790000000.0,7077000000.0,232000000.0,-855000000.0,-855000000.0,-855000000.0,0.0,62000000.0,-0.026,15258000000.0,-1120000000.0,4030000000.0,-1.514,2.144,-76.751,-78.414,45683000000.0,0.0,54.89,2.014,2.057,4320000000.0,29391000000.0,32584000000.0,32584000000.0,934000000.0,-0.011,-0.027,-0.018,-0.048,0.0,427000000.0,1.0,1195515824.0,1221038000,1221038000.0,26.685,73362000000.0,0.0,-1822000000.0,6320000000.0,60.082,7115000000.0
4,COP,MRY,2016-12-31,2016-12-31,2016-12-31,2021-08-25,-6193000000.0,89772000000.0,94986000000.0,8609000000.0,81163000000.0,0.256,28.082,-4869000000.0,3610000000.0,3610000000.0,16376000000.0,-3559000000.0,1.246,1.56,27275000000.0,1089000000.0,26186000000.0,27275000000.0,0.0,9062000000.0,0.0,0.02,1.0,-4341000000.0,4721000000.0,0.194,4721000000.0,-4341000000.0,-5586000000.0,-2.91,-2.91,-2.91,34974000000.0,36944250000.0,34974000000.0,86723834287.0,-20.0,18.37,-466000000.0,-0.374,1.0,7984000000.0,0.328,0.0,1245000000.0,106528000000.0,111998000000.0,1018000000.0,21722000000.0,50000000.0,21672000000.0,54546000000.0,6909000000.0,47637000000.0,62124834287.0,1242000000.0,108000000.0,-189000000.0,2343000000.0,-1253000000.0,764000000.0,-3859000000.0,-51000000.0,4403000000.0,-66000000.0,-3615000000.0,-3615000000.0,-3615000000.0,0.0,56000000.0,-0.148,11863000000.0,-3879000000.0,3653000000.0,-0.344,1.776,-17.185,-17.23,58331000000.0,0.0,50.14,2.55,2.563,3414000000.0,31548000000.0,24360000000.0,24360000000.0,1912000000.0,-0.038,-0.098,-0.039,-0.178,0.0,473000000.0,1.0,1239027409.0,1245440000,1245440000.0,19.559,89772000000.0,0.0,-1971000000.0,9433000000.0,72.081,1700000000.0
5,COP,MRY,2015-12-31,2015-12-31,2015-12-31,2021-08-25,-6247000000.0,97484000000.0,106369500000.0,8789000000.0,88695000000.0,0.291,32.017,-10050000000.0,2368000000.0,2368000000.0,20343000000.0,-4371000000.0,0.95,1.444,24880000000.0,1427000000.0,23453000000.0,24880000000.0,0.0,9113000000.0,0.0,0.063,2.94,-6376000000.0,2737000000.0,0.088,2737000000.0,-6376000000.0,-7296000000.0,-3.58,-3.58,-3.58,39762000000.0,45311000000.0,39762000000.0,80123434560.0,-13.0,29.274,-2478000000.0,-1.995,1.0,10592000000.0,0.342,0.0,920000000.0,110740000000.0,118896750000.0,1124000000.0,21186000000.0,0.0,21186000000.0,57402000000.0,9256000000.0,48146000000.0,57645434560.0,-2694000000.0,105000000.0,-82000000.0,2395000000.0,-3664000000.0,-1429000000.0,-8655000000.0,0.0,7572000000.0,-182000000.0,-4428000000.0,-4428000000.0,-4428000000.0,0.0,57000000.0,-0.143,16503000000.0,-5911000000.0,4933000000.0,-0.821,1.45,-13.018,-13.042,66446000000.0,0.0,46.69,1.863,1.874,4514000000.0,36414000000.0,30935000000.0,30935000000.0,4192000000.0,-0.042,-0.098,-0.054,-0.206,0.0,953000000.0,1.0,1234641991.0,1241919000,1241919000.0,24.909,97484000000.0,0.0,-2868000000.0,11498000000.0,78.495,-467000000.0
6,COP,MRY,2014-12-31,2014-12-31,2014-12-31,2021-08-25,-1902000000.0,116539000000.0,119299500000.0,15068000000.0,101471000000.0,0.465,41.954,-17085000000.0,5062000000.0,5062000000.0,33096000000.0,6938000000.0,1.306,1.238,22565000000.0,182000000.0,22383000000.0,22565000000.0,0.0,8329000000.0,0.0,0.041,2.84,11100000000.0,19429000000.0,0.35,19429000000.0,11100000000.0,10452000000.0,5.54,5.51,5.54,51911000000.0,53930500000.0,51911000000.0,100785842940.0,9.0,5.187,-516000000.0,-0.417,1.0,22421000000.0,0.404,0.0,648000000.0,122505000000.0,120068000000.0,1331000000.0,25139000000.0,0.0,25139000000.0,64266000000.0,11537000000.0,52729000000.0,85006842940.0,-1184000000.0,603000000.0,35000000.0,980000000.0,-3525000000.0,-2574000000.0,-14965000000.0,253000000.0,16569000000.0,-214000000.0,6869000000.0,6869000000.0,6869000000.0,-1131000000.0,69000000.0,0.124,11965000000.0,10456000000.0,8026000000.0,0.513,1.638,12.375,12.466,75444000000.0,0.0,69.06,1.531,1.539,6807000000.0,44504000000.0,55517000000.0,55517000000.0,2045000000.0,0.058,0.127,0.092,0.2,0.0,735000000.0,1.0,1230912872.0,1237325000,1245863000.0,44.869,116539000000.0,0.0,3583000000.0,16121000000.0,94.186,3531000000.0
7,COP,MRY,2013-12-31,2013-12-31,2013-12-31,2021-08-25,2002000000.0,118057000000.0,118136000000.0,19023000000.0,99034000000.0,0.493,42.316,-15537000000.0,6246000000.0,6246000000.0,32765000000.0,9215000000.0,1.257,1.259,21662000000.0,589000000.0,21073000000.0,21662000000.0,0.0,7434000000.0,0.0,0.038,2.7,16177000000.0,23611000000.0,0.405,23611000000.0,16177000000.0,15565000000.0,7.43,7.38,7.43,52090000000.0,50128500000.0,52090000000.0,104338223014.0,6.0,4.419,604000000.0,0.491,1.0,25483000000.0,0.437,0.0,612000000.0,118344000000.0,118327750000.0,1194000000.0,25536000000.0,272000000.0,25264000000.0,65565000000.0,15129000000.0,50436000000.0,86553223014.0,2628000000.0,145000000.0,20000000.0,-946000000.0,-3334000000.0,-7133000000.0,-6305000000.0,-263000000.0,16141000000.0,-75000000.0,9156000000.0,9156000000.0,9156000000.0,0.0,59000000.0,0.157,10049000000.0,15434000000.0,9314000000.0,0.363,1.662,9.453,9.509,72827000000.0,0.0,70.65,1.486,1.493,8487000000.0,41160000000.0,58248000000.0,58248000000.0,1232000000.0,0.078,0.183,0.137,0.278,0.0,854000000.0,1.0,1225098698.0,1230963000,1239803000.0,47.319,118057000000.0,0.0,6409000000.0,17933000000.0,95.906,3894000000.0
8,COP,MRY,2012-12-31,2012-12-31,2012-12-31,2021-08-25,4087000000.0,117144000000.0,127350500000.0,23989000000.0,93155000000.0,0.487,38.581,-14172000000.0,4366000000.0,4366000000.0,35571000000.0,8498000000.0,1.375,1.432,21725000000.0,955000000.0,20770000000.0,21725000000.0,0.0,6580000000.0,0.0,0.046,2.64,17079000000.0,23659000000.0,0.382,23659000000.0,17079000000.0,16370000000.0,6.77,6.72,6.77,47987000000.0,51974500000.0,47987000000.0,87774750232.0,5.0,3.71,-250000000.0,-0.201,1.0,26433000000.0,0.426,0.0,709000000.0,117060000000.0,121500000000.0,965000000.0,25006000000.0,0.0,25006000000.0,68717000000.0,17443000000.0,51274000000.0,70393750232.0,-2162000000.0,114000000.0,-4960000000.0,-569000000.0,-3278000000.0,-4481000000.0,-11627000000.0,597000000.0,13922000000.0,24000000.0,8428000000.0,8428000000.0,8428000000.0,0.0,70000000.0,0.136,9866000000.0,16567000000.0,10013000000.0,0.39,1.467,8.352,8.566,67263000000.0,0.0,57.99,1.135,1.163,9182000000.0,35338000000.0,62004000000.0,62004000000.0,1500000000.0,0.066,0.162,0.141,0.275,0.0,1106000000.0,1.0,1213894641.0,1243799000,1253093000.0,49.85,117144000000.0,0.0,7942000000.0,16551000000.0,94.182,6546000000.0
9,COP,MRY,2011-12-31,2011-12-31,2011-12-31,2021-08-25,3246000000.0,153230000000.0,156907500000.0,30218000000.0,123012000000.0,0.421,47.445,-11214000000.0,5780000000.0,5780000000.0,40222000000.0,12502000000.0,1.077,1.341,22623000000.0,1013000000.0,21610000000.0,22623000000.0,0.0,6827000000.0,0.0,0.036,2.64,21598000000.0,28425000000.0,0.43,28425000000.0,21598000000.0,20644000000.0,9.04,8.97,9.04,65239000000.0,67769000000.0,65239000000.0,116465324971.0,5.0,4.097,8432000000.0,6.132,1.0,25847000000.0,0.391,4077000000.0,954000000.0,137928000000.0,141519000000.0,4631000000.0,34364000000.0,581000000.0,33783000000.0,87481000000.0,28068000000.0,59413000000.0,96752324971.0,-3674000000.0,98000000.0,-11027000000.0,-934000000.0,-3632000000.0,-16305000000.0,-7015000000.0,400000000.0,19646000000.0,0.0,12436000000.0,12436000000.0,12436000000.0,0.0,66000000.0,0.188,9051000000.0,16796000000.0,19653000000.0,0.292,1.483,7.78,8.061,84180000000.0,0.0,72.87,1.464,1.517,16526000000.0,49049000000.0,66069000000.0,66069000000.0,1038000000.0,0.079,0.184,0.153,0.327,0.0,865000000.0,1.0,1327738781.0,1375035000,1387100000.0,48.049,149153000000.0,0.0,8208000000.0,22260000000.0,108.472,2150000000.0
10,COP,MRY,2010-12-31,2010-12-31,2010-12-31,2021-08-25,4773000000.0,156314000000.0,154478250000.0,34660000000.0,121654000000.0,0.41,46.347,-7535000000.0,9454000000.0,9454000000.0,33869000000.0,11417000000.0,1.264,1.272,23592000000.0,936000000.0,22656000000.0,23592000000.0,0.0,8004000000.0,0.0,0.032,2.15,20095000000.0,28099000000.0,0.444,28099000000.0,20095000000.0,18928000000.0,7.68,7.62,7.68,68562000000.0,66532750000.0,68562000000.0,115659188790.0,6.0,4.116,9510000000.0,6.429,1.0,29466000000.0,0.465,4434000000.0,1167000000.0,138599000000.0,143765500000.0,5197000000.0,35817000000.0,2056000000.0,33761000000.0,87205000000.0,27419000000.0,59786000000.0,100054188790.0,8912000000.0,-23000000.0,-3733000000.0,-5176000000.0,-3175000000.0,-12819000000.0,4665000000.0,-982000000.0,17045000000.0,21000000.0,11358000000.0,11358000000.0,11358000000.0,0.0,59000000.0,0.179,10019000000.0,19447000000.0,18399000000.0,0.28,1.459,8.809,8.867,82554000000.0,0.0,68.1,1.58,1.591,15812000000.0,40397000000.0,63335000000.0,63335000000.0,1125000000.0,0.074,0.171,0.14,0.317,0.0,809000000.0,1.0,1469224505.0,1479330000,1491067000.0,42.813,151880000000.0,0.0,7570000000.0,22209000000.0,102.668,7241000000.0
11,COP,MRY,2009-12-31,2009-12-31,2009-12-31,2021-08-25,3065000000.0,152138000000.0,149472250000.0,21167000000.0,130971000000.0,1.02,41.692,-10861000000.0,542000000.0,542000000.0,128301000000.0,4492000000.0,0.893,1.443,28653000000.0,1728000000.0,26925000000.0,28653000000.0,0.0,9295000000.0,0.0,0.037,1.91,10793000000.0,20088000000.0,0.132,20088000000.0,10793000000.0,9504000000.0,2.96,2.94,2.96,62023000000.0,59389250000.0,62023000000.0,105589268054.0,10.0,5.256,1618000000.0,1.088,1.0,24089000000.0,0.158,4461000000.0,1289000000.0,152093000000.0,150982250000.0,4940000000.0,38094000000.0,0.0,38094000000.0,89525000000.0,23695000000.0,65830000000.0,75772268054.0,-213000000.0,-432000000.0,13000000.0,1229000000.0,-2832000000.0,-2855000000.0,-9935000000.0,0.0,12479000000.0,98000000.0,4414000000.0,4414000000.0,4414000000.0,0.0,78000000.0,0.029,12842000000.0,11247000000.0,15485000000.0,0.645,1.222,17.166,17.253,87708000000.0,0.0,51.07,0.497,0.499,13215000000.0,32214000000.0,152390000000.0,152390000000.0,1182000000.0,0.03,0.074,0.071,0.071,0.0,1830000000.0,1.0,1483694303.0,1487650000,1497608000.0,102.437,147677000000.0,0.0,5090000000.0,21358000000.0,99.269,-2528000000.0
12,COP,MRY,2008-12-31,2008-12-31,2008-12-31,2021-08-25,-1875000000.0,142865000000.0,175226250000.0,20843000000.0,122022000000.0,1.409,36.211,-19099000000.0,755000000.0,755000000.0,201118000000.0,-16279000000.0,0.957,1.57,27455000000.0,370000000.0,27085000000.0,27455000000.0,0.0,9012000000.0,0.0,0.036,1.88,-1995000000.0,7017000000.0,0.028,7017000000.0,-1995000000.0,-2930000000.0,-10.73,-10.73,-10.73,55165000000.0,82503500000.0,55165000000.0,98208353286.0,-49.0,13.996,3559000000.0,2.336,1.0,45813000000.0,0.186,4624000000.0,935000000.0,143161000000.0,144371500000.0,5095000000.0,32899000000.0,0.0,32899000000.0,86600000000.0,21780000000.0,64820000000.0,77224353286.0,-701000000.0,-129000000.0,-8051000000.0,5760000000.0,-2854000000.0,-5764000000.0,-17616000000.0,0.0,22658000000.0,21000000.0,-16349000000.0,-16349000000.0,-16349000000.0,0.0,70000000.0,-0.066,47203000000.0,-1390000000.0,13990000000.0,-0.175,1.4,-4.723,-4.828,83947000000.0,0.0,51.8,0.313,0.32,11995000000.0,30642000000.0,246931000000.0,246931000000.0,1337000000.0,-0.093,-0.198,-0.014,-0.008,0.0,2229000000.0,1.0,1490817631.0,1523432000,1523432000.0,162.089,138241000000.0,0.0,13419000000.0,22440000000.0,90.743,-937000000.0
13,COP,MRY,2007-12-31,2007-12-31,2007-12-31,2021-08-25,4560000000.0,177757000000.0,173815250000.0,24735000000.0,153022000000.0,1.119,54.793,-11791000000.0,1456000000.0,1456000000.0,153102000000.0,11978000000.0,0.92,0.984,21687000000.0,1398000000.0,20289000000.0,21687000000.0,0.0,8298000000.0,0.0,0.019,1.64,24525000000.0,32823000000.0,0.169,32823000000.0,24525000000.0,23272000000.0,7.32,7.22,7.32,88983000000.0,86406500000.0,88983000000.0,161737851665.0,7.0,4.928,12759000000.0,7.857,1.0,41393000000.0,0.213,30232000000.0,1253000000.0,140874000000.0,138709250000.0,4223000000.0,33328000000.0,0.0,33328000000.0,87601000000.0,26882000000.0,60719000000.0,141240851665.0,639000000.0,-593000000.0,-6716000000.0,-5519000000.0,-2661000000.0,-15340000000.0,-8562000000.0,0.0,24550000000.0,-9000000.0,11891000000.0,11891000000.0,11891000000.0,0.0,87000000.0,0.061,16641000000.0,24752000000.0,17861000000.0,0.224,1.587,11.878,12.063,89003000000.0,0.0,88.3,0.726,0.737,16354000000.0,50510000000.0,194495000000.0,194495000000.0,1007000000.0,0.068,0.138,0.177,0.126,0.0,2306000000.0,1.0,1599556644.0,1623994000,1645919000.0,119.763,147525000000.0,0.0,11381000000.0,25832000000.0,90.841,-2147000000.0
14,COP,MRY,2006-12-31,2006-12-31,2006-12-31,2021-08-25,1289000000.0,164781000000.0,162518250000.0,25066000000.0,139715000000.0,1.16,52.11,-15596000000.0,817000000.0,817000000.0,147499000000.0,15550000000.0,0.948,0.979,27134000000.0,4043000000.0,23091000000.0,27134000000.0,0.0,7284000000.0,0.0,0.02,1.44,29420000000.0,36704000000.0,0.195,36704000000.0,29420000000.0,28333000000.0,9.8,9.66,9.8,82646000000.0,78173000000.0,82646000000.0,145524138333.0,5.0,3.965,5920000000.0,3.733,1.0,41024000000.0,0.218,32439000000.0,1087000000.0,132228000000.0,129900000000.0,5153000000.0,20713000000.0,0.0,20713000000.0,80933000000.0,26431000000.0,54502000000.0,118413138333.0,-1397000000.0,-14942000000.0,-705000000.0,10232000000.0,-2277000000.0,7065000000.0,-29993000000.0,0.0,21516000000.0,15000000.0,15550000000.0,15550000000.0,15550000000.0,0.0,0.0,0.082,11277000000.0,29747000000.0,14634000000.0,0.147,1.433,7.615,7.342,86201000000.0,0.0,71.95,0.628,0.605,14106000000.0,41292000000.0,188523000000.0,188523000000.0,834000000.0,0.096,0.199,0.226,0.156,0.0,2476000000.0,1.0,1645769817.0,1585982000,1609530000.0,118.868,132342000000.0,0.0,12783000000.0,24481000000.0,83.445,-1365000000.0
15,COP,MRY,2005-12-31,2005-12-31,2005-12-31,2021-08-25,814000000.0,106999000000.0,101432500000.0,19612000000.0,87387000000.0,1.808,37.844,-11620000000.0,2214000000.0,2214000000.0,151843000000.0,13529000000.0,0.918,1.006,12516000000.0,1758000000.0,10758000000.0,12516000000.0,0.0,4253000000.0,0.0,0.02,1.18,23933000000.0,28186000000.0,0.154,28186000000.0,23933000000.0,23436000000.0,9.71,9.55,9.71,52731000000.0,48725000000.0,52731000000.0,91422535947.0,4.0,3.244,6008000000.0,4.312,1.0,31521000000.0,0.172,16439000000.0,497000000.0,79503000000.0,77339000000.0,3724000000.0,15726000000.0,0.0,15726000000.0,53059000000.0,21359000000.0,31700000000.0,80728535947.0,827000000.0,-164000000.0,-1522000000.0,-2550000000.0,-1639000000.0,-5684000000.0,-11016000000.0,0.0,17628000000.0,-101000000.0,13529000000.0,13529000000.0,13529000000.0,23000000.0,0.0,0.074,7203000000.0,24318000000.0,12267000000.0,0.122,1.531,5.967,5.992,54669000000.0,0.0,58.18,0.44,0.442,11940000000.0,28018000000.0,183364000000.0,183364000000.0,661000000.0,0.133,0.278,0.309,0.131,0.0,2247000000.0,1.0,1387565073.0,1393371000,1417028000.0,131.597,90560000000.0,0.0,9907000000.0,14955000000.0,64.993,-1747000000.0
16,COP,MRY,2004-12-31,2004-12-31,2004-12-31,2021-08-25,1592000000.0,92861000000.0,87910500000.0,15021000000.0,77840000000.0,1.557,30.924,-9496000000.0,1387000000.0,1387000000.0,115041000000.0,8129000000.0,0.964,1.148,15002000000.0,632000000.0,14370000000.0,15002000000.0,0.0,3798000000.0,0.0,0.021,0.895,14937000000.0,18735000000.0,0.137,18735000000.0,14937000000.0,14391000000.0,5.88,5.8,5.88,42723000000.0,39034000000.0,42723000000.0,72155940073.0,5.0,3.851,2463000000.0,1.783,1.0,21875000000.0,0.16,16086000000.0,546000000.0,74804000000.0,71028250000.0,3666000000.0,10408000000.0,0.0,10408000000.0,49033000000.0,15586000000.0,33447000000.0,59932940073.0,897000000.0,107000000.0,430000000.0,-2775000000.0,-1232000000.0,-3399000000.0,-7788000000.0,0.0,11959000000.0,125000000.0,8129000000.0,8129000000.0,8129000000.0,-22000000.0,0.0,0.059,6793000000.0,15082000000.0,9131000000.0,0.152,1.403,7.373,7.384,50902000000.0,0.0,43.415,0.438,0.438,8788000000.0,16128000000.0,136916000000.0,136916000000.0,703000000.0,0.092,0.208,0.21,0.109,0.0,2128000000.0,1.0,1380466200.0,1381568000,1401300000.0,99.102,76775000000.0,0.0,6262000000.0,13539000000.0,55.571,-565000000.0
17,COP,MRY,2003-12-31,2003-12-31,2003-12-31,2021-08-25,821000000.0,82455000000.0,81313500000.0,11192000000.0,71263000000.0,1.292,25.251,-6169000000.0,490000000.0,490000000.0,89298000000.0,4735000000.0,0.799,1.375,17780000000.0,1440000000.0,16340000000.0,17780000000.0,0.0,3485000000.0,0.0,0.025,0.815,9323000000.0,12808000000.0,0.122,12808000000.0,9323000000.0,8479000000.0,3.48,3.45,3.48,34366000000.0,32572000000.0,34366000000.0,62902436814.0,7.0,4.911,3187000000.0,2.342,1.0,15799000000.0,0.15,16169000000.0,844000000.0,69565000000.0,68177750000.0,3957000000.0,7258000000.0,0.0,7258000000.0,47247000000.0,14011000000.0,33236000000.0,44638436814.0,183000000.0,23000000.0,108000000.0,-4811000000.0,-1107000000.0,-5699000000.0,-3498000000.0,0.0,9356000000.0,24000000.0,4735000000.0,4735000000.0,4735000000.0,-237000000.0,0.0,0.045,6517000000.0,9282000000.0,6899000000.0,0.234,1.299,9.427,9.421,47428000000.0,0.0,32.785,0.425,0.425,5005000000.0,9234000000.0,105097000000.0,105097000000.0,601000000.0,0.058,0.145,0.137,0.089,0.0,2179000000.0,1.0,1361550612.0,1360980000,1370866000.0,77.222,66286000000.0,0.0,3744000000.0,11241000000.0,48.705,-2819000000.0
18,COP,MRY,2002-12-31,2002-12-31,2002-12-31,2021-08-25,-164000000.0,76836000000.0,56703500000.0,10903000000.0,65933000000.0,1.009,30.614,-4388000000.0,307000000.0,307000000.0,49458000000.0,-295000000.0,0.851,1.569,19766000000.0,849000000.0,18917000000.0,19766000000.0,0.0,2223000000.0,0.0,0.031,0.74,1714000000.0,3937000000.0,0.069,3937000000.0,1714000000.0,1148000000.0,-0.305,-0.305,-0.305,29517000000.0,22018750000.0,29517000000.0,52687815023.0,31.0,13.383,590000000.0,0.612,1.0,7743000000.0,0.135,15563000000.0,566000000.0,67916000000.0,51843000000.0,3845000000.0,6821000000.0,0.0,6821000000.0,46318000000.0,12816000000.0,33502000000.0,32751815023.0,165000000.0,1088000000.0,44000000.0,-1090000000.0,-684000000.0,-2220000000.0,-2584000000.0,0.0,4978000000.0,-9000000.0,-295000000.0,-295000000.0,-295000000.0,993000000.0,0.0,-0.005,4942000000.0,2801000000.0,6252000000.0,-2.426,1.11,-111.023,-79.328,43030000000.0,0.0,24.195,0.573,0.408,4380000000.0,5621000000.0,57201000000.0,57201000000.0,592000000.0,-0.005,-0.013,0.033,0.03,0.0,1950000000.0,1.0,1353660468.0,964164000,971010000.0,59.327,61273000000.0,0.0,1443000000.0,10352000000.0,63.55,-1913000000.0
19,COP,MRY,2001-12-31,2001-12-31,2001-12-31,2021-08-25,-255000000.0,35217000000.0,27995250000.0,6498000000.0,28719000000.0,0.894,24.474,-3016000000.0,142000000.0,142000000.0,19091000000.0,1661000000.0,1.348,1.41,8654000000.0,44000000.0,8610000000.0,8654000000.0,0.0,1344000000.0,0.0,0.023,0.7,3639000000.0,4983000000.0,0.199,4983000000.0,3639000000.0,3301000000.0,2.835,2.815,2.835,14340000000.0,10577500000.0,14340000000.0,30657926352.0,8.0,6.153,543000000.0,0.927,1.0,5939000000.0,0.237,3142000000.0,338000000.0,35766000000.0,29247500000.0,2452000000.0,3309000000.0,0.0,3309000000.0,20222000000.0,4821000000.0,15401000000.0,22975926352.0,-7000000.0,52000000.0,51000000.0,-379000000.0,-403000000.0,-799000000.0,-2770000000.0,0.0,3559000000.0,3000000.0,1661000000.0,1661000000.0,1661000000.0,-32000000.0,0.0,0.066,2289000000.0,3650000000.0,2622000000.0,0.247,1.602,13.833,10.628,22133000000.0,0.0,30.13,0.918,0.705,1229000000.0,7197000000.0,25030000000.0,25030000000.0,306000000.0,0.059,0.157,0.124,0.145,0.0,613000000.0,1.0,762559786.0,585928000,590032000.0,42.719,32075000000.0,0.0,1640000000.0,4912000000.0,54.742,1677000000.0
20,COP,MRY,2000-12-31,2000-12-31,2000-12-31,2021-08-25,-100000000.0,20509000000.0,19103750000.0,2606000000.0,17903000000.0,1.18,11.971,-2017000000.0,149000000.0,149000000.0,16172000000.0,1862000000.0,0.746,2.259,6884000000.0,262000000.0,6622000000.0,6884000000.0,0.0,1169000000.0,0.0,0.024,0.68,4131000000.0,5300000000.0,0.235,5300000000.0,4131000000.0,3762000000.0,3.66,3.63,3.66,6093000000.0,5328750000.0,6093000000.0,22351149731.0,5.0,4.217,1997000000.0,3.924,1.0,6367000000.0,0.282,0.0,369000000.0,23752000000.0,22327250000.0,357000000.0,2999000000.0,0.0,2999000000.0,13766000000.0,3492000000.0,10274000000.0,14520149731.0,11000000.0,-4590000000.0,31000000.0,2192000000.0,-346000000.0,1759000000.0,-5762000000.0,0.0,4014000000.0,0.0,1862000000.0,1862000000.0,1862000000.0,-14000000.0,0.0,0.083,2138000000.0,4229000000.0,1914000000.0,0.186,2.383,7.798,7.77,14784000000.0,0.0,28.44,0.644,0.642,1779000000.0,6019000000.0,22539000000.0,22539000000.0,298000000.0,0.097,0.349,0.185,0.183,0.0,571000000.0,1.0,510553788.0,508980000,512652000.0,44.283,20509000000.0,191000000.0,1900000000.0,2709000000.0,40.294,-886000000.0
21,COP,MRY,1999-12-31,1999-12-31,1999-12-31,2021-08-25,-31000000.0,15201000000.0,14904250000.0,2773000000.0,12428000000.0,1.052,8.996,-1690000000.0,138000000.0,138000000.0,12266000000.0,609000000.0,1.1,2.199,4302000000.0,31000000.0,4271000000.0,4302000000.0,0.0,902000000.0,0.0,0.029,0.68,1464000000.0,2366000000.0,0.151,2366000000.0,1464000000.0,1185000000.0,1.205,1.195,1.205,4549000000.0,4340500000.0,4549000000.0,16213331362.0,11.0,6.853,251000000.0,0.496,1.0,3411000000.0,0.218,0.0,279000000.0,16845000000.0,16933250000.0,515000000.0,1103000000.0,0.0,1103000000.0,10002000000.0,2520000000.0,7482000000.0,11904331362.0,41000000.0,-17000000.0,11000000.0,1000000.0,-344000000.0,-418000000.0,-1482000000.0,0.0,1941000000.0,0.0,609000000.0,609000000.0,609000000.0,0.0,0.0,0.039,1861000000.0,1550000000.0,1668000000.0,0.564,2.617,19.547,19.502,11086000000.0,0.0,23.5,0.759,0.758,1808000000.0,4563000000.0,15677000000.0,15677000000.0,225000000.0,0.041,0.14,0.086,0.093,0.0,665000000.0,1.0,506567292.0,505654000,508866000.0,31.003,15201000000.0,226000000.0,576000000.0,1889000000.0,30.062,253000000.0
22,COP,MRY,1998-12-31,1998-12-31,1998-12-31,2021-08-25,-13000000.0,14216000000.0,14148750000.0,2360000000.0,11856000000.0,0.837,8.168,-2052000000.0,97000000.0,97000000.0,8887000000.0,237000000.0,1.107,2.215,4273000000.0,167000000.0,4106000000.0,4273000000.0,0.0,899000000.0,0.0,0.032,0.68,621000000.0,1520000000.0,0.128,1520000000.0,621000000.0,421000000.0,0.46,0.455,0.46,4219000000.0,4646750000.0,4219000000.0,14346684553.0,23.0,9.439,-422000000.0,-0.817,1.0,2958000000.0,0.25,0.0,200000000.0,16260000000.0,15270500000.0,540000000.0,1004000000.0,0.0,1004000000.0,9347000000.0,2132000000.0,7215000000.0,10854684553.0,-66000000.0,-18000000.0,-510000000.0,1243000000.0,-353000000.0,288000000.0,-1984000000.0,0.0,1630000000.0,0.0,237000000.0,237000000.0,237000000.0,0.0,0.0,0.02,2316000000.0,642000000.0,1340000000.0,1.478,2.573,45.8,46.337,10585000000.0,0.0,21.315,0.916,0.93,1282000000.0,4343000000.0,11845000000.0,11845000000.0,317000000.0,0.017,0.051,0.041,0.052,0.0,697000000.0,1.0,509250976.0,516548000,520304000.0,22.931,14216000000.0,317000000.0,184000000.0,1499000000.0,27.521,228000000.0
23,COP,MRY,1997-12-31,1997-12-31,1997-12-31,2021-08-25,-8000000.0,13860000000.0,13704000000.0,2648000000.0,11212000000.0,1.126,9.138,-2043000000.0,163000000.0,163000000.0,11530000000.0,959000000.0,1.083,1.744,3009000000.0,234000000.0,2775000000.0,3009000000.0,0.0,795000000.0,0.0,0.028,0.67,2098000000.0,2893000000.0,0.188,2893000000.0,2098000000.0,1900000000.0,1.82,1.805,1.82,4814000000.0,4532500000.0,4814000000.0,,,,202000000.0,0.383,1.0,3894000000.0,0.252,0.0,198000000.0,14261000000.0,13593000000.0,500000000.0,964000000.0,0.0,964000000.0,8396000000.0,2445000000.0,5951000000.0,12760703651.0,-452000000.0,-34000000.0,-30000000.0,-101000000.0,-353000000.0,-641000000.0,-2056000000.0,0.0,2245000000.0,0.0,959000000.0,959000000.0,959000000.0,0.0,0.0,0.062,1765000000.0,2129000000.0,1546000000.0,0.368,2.651,13.306,13.36,10022000000.0,0.0,24.315,0.827,0.83,1717000000.0,4491000000.0,15424000000.0,15424000000.0,242000000.0,0.07,0.212,0.154,0.136,0.0,660000000.0,1.0,524807882.0,526784000,530838000.0,29.28,13860000000.0,250000000.0,941000000.0,1622000000.0,26.311,203000000.0
24,COP,MRY,1996-12-31,1996-12-31,1996-12-31,2021-08-25,54000000.0,13548000000.0,,3306000000.0,10242000000.0,,8.084,-1544000000.0,615000000.0,615000000.0,12239000000.0,1303000000.0,1.054,2.034,3129000000.0,574000000.0,2555000000.0,3129000000.0,0.0,941000000.0,0.0,0.028,0.625,2389000000.0,3330000000.0,0.211,3330000000.0,2389000000.0,2172000000.0,2.48,2.455,2.48,4251000000.0,,4251000000.0,,,,541000000.0,1.029,1.0,3568000000.0,0.226,0.0,217000000.0,12925000000.0,,472000000.0,912000000.0,0.0,912000000.0,8647000000.0,3137000000.0,5510000000.0,,548000000.0,-98000000.0,25000000.0,-14000000.0,-329000000.0,4000000.0,-1541000000.0,0.0,2085000000.0,0.0,1303000000.0,1303000000.0,1303000000.0,0.0,0.0,0.082,1703000000.0,1865000000.0,1793000000.0,0.252,,,8.921,9120000000.0,0.0,22.125,,0.736,1988000000.0,3939000000.0,15807000000.0,15807000000.0,254000000.0,,,,0.151,0.0,508000000.0,1.0,,525838000,530512000.0,30.061,13548000000.0,202000000.0,869000000.0,1530000000.0,25.765,169000000.0
25,COP,MRY,1995-12-31,1995-12-31,1995-12-31,2021-08-25,,,,,,,,-1456000000.0,,,10591000000.0,469000000.0,,,,,,,,871000000.0,,0.035,0.598,1329000000.0,2200000000.0,0.163,2200000000.0,1329000000.0,1064000000.0,0.895,0.89,0.895,,,,,,,140000000.0,0.267,1.0,2930000000.0,0.217,,265000000.0,,,,,,,,,,,-126000000.0,-39000000.0,9000000.0,-9000000.0,-313000000.0,-369000000.0,-1353000000.0,0.0,1596000000.0,0.0,469000000.0,469000000.0,469000000.0,0.0,0.0,0.035,1569000000.0,1361000000.0,,0.668,,,19.061,,0.0,17.06,,0.661,,,13521000000.0,13521000000.0,198000000.0,,,,0.098,0.0,500000000.0,1.0,,523978000,527138000.0,25.805,,,595000000.0,,,
0,COP,MRQ,2021-06-30,2021-06-30,2021-06-30,2021-08-25,-4920000000.0,85403000000.0,,17172000000.0,68231000000.0,,32.83,-1265000000.0,6608000000.0,6608000000.0,4758000000.0,2091000000.0,2.107,0.929,20010000000.0,1205000000.0,18805000000.0,20010000000.0,0.0,1867000000.0,0.0,0.028,0.43,3300000000.0,5167000000.0,0.506,5167000000.0,3300000000.0,3080000000.0,1.55,1.55,1.55,44276000000.0,,44276000000.0,99375583849.0,25.0,9.245,2986000000.0,2.214,1.0,5453000000.0,0.534,0.0,220000000.0,90655000000.0,,1138000000.0,12125000000.0,4053000000.0,8072000000.0,41127000000.0,8150000000.0,32977000000.0,82179583849.0,3793000000.0,0.0,-603000000.0,-18000000.0,-583000000.0,-1203000000.0,734000000.0,1801000000.0,4251000000.0,11000000.0,2091000000.0,2091000000.0,2091000000.0,0.0,0.0,0.205,2080000000.0,3373000000.0,3613000000.0,0.277,1.856,44.397,52.5,57717000000.0,0.0,60.9,2.634,2.633,4524000000.0,37116000000.0,10211000000.0,10211000000.0,57000000.0,,,,,0.0,117000000.0,1.0,1349418454.0,1348637000,1353201000.0,7.571,85403000000.0,0.0,989000000.0,6737000000.0,63.325,9022000000.0
1,COP,MRQ,2021-03-31,2021-03-31,2021-03-31,2021-08-25,-5080000000.0,83693000000.0,,14614000000.0,69079000000.0,,33.187,-1200000000.0,2831000000.0,2831000000.0,6236000000.0,982000000.0,2.034,0.939,20027000000.0,689000000.0,19338000000.0,20027000000.0,0.0,1886000000.0,0.0,0.032,0.43,1940000000.0,3826000000.0,0.362,3826000000.0,1940000000.0,1714000000.0,0.75,0.75,0.75,43155000000.0,,43155000000.0,84138298489.0,89.0,12.115,880000000.0,0.677,1.0,4323000000.0,0.409,0.0,226000000.0,93705000000.0,,1098000000.0,14013000000.0,5668000000.0,8345000000.0,40538000000.0,7184000000.0,33354000000.0,71760298489.0,-152000000.0,434000000.0,-403000000.0,-26000000.0,-588000000.0,-1015000000.0,-1215000000.0,-499000000.0,2080000000.0,-2000000.0,982000000.0,982000000.0,982000000.0,0.0,0.0,0.093,2302000000.0,2021000000.0,3801000000.0,0.573,1.663,3588.015,-353.133,58270000000.0,0.0,52.97,2.87,2.755,4481000000.0,35608000000.0,10559000000.0,10559000000.0,84000000.0,,,,,0.0,311000000.0,1.0,1354734727.0,1300375000,1302691000.0,8.12,83693000000.0,0.0,732000000.0,5941000000.0,64.361,7430000000.0
2,COP,MRQ,2020-12-31,2020-12-31,2020-12-31,2021-08-25,-5218000000.0,62618000000.0,,12066000000.0,50552000000.0,,27.804,-1058000000.0,2991000000.0,2991000000.0,3793000000.0,-772000000.0,2.249,1.098,15369000000.0,619000000.0,14750000000.0,15369000000.0,0.0,1541000000.0,0.0,0.042,0.43,-884000000.0,657000000.0,0.109,657000000.0,-884000000.0,-1086000000.0,-0.72,-0.72,-0.72,29849000000.0,,29849000000.0,55795938304.0,-23.0,17.764,614000000.0,0.572,1.0,2256000000.0,0.373,0.0,202000000.0,69630000000.0,,1002000000.0,12996000000.0,4865000000.0,8131000000.0,32769000000.0,5366000000.0,27403000000.0,42898938304.0,519000000.0,0.0,-169000000.0,-20000000.0,-464000000.0,-652000000.0,-543000000.0,431000000.0,1672000000.0,42000000.0,-772000000.0,-772000000.0,-772000000.0,0.0,0.0,-0.128,3067000000.0,-811000000.0,2698000000.0,-0.597,1.437,-15.883,-15.932,39893000000.0,0.0,39.99,2.228,2.239,2754000000.0,35213000000.0,6049000000.0,6049000000.0,1047000000.0,,,,,0.0,181000000.0,1.0,1072741643.0,1073545000,1073545000.0,5.635,62618000000.0,0.0,-314000000.0,4067000000.0,58.328,6700000000.0
3,COP,MRQ,2020-09-30,2020-09-30,2020-09-30,2021-08-25,-5666000000.0,63157000000.0,,11059000000.0,52098000000.0,,28.572,-1132000000.0,2490000000.0,2490000000.0,2981000000.0,-450000000.0,2.383,1.052,15387000000.0,482000000.0,14905000000.0,15387000000.0,0.0,1411000000.0,0.0,0.051,0.42,-312000000.0,1099000000.0,0.251,1099000000.0,-312000000.0,-512000000.0,-0.42,-0.42,-0.42,30783000000.0,,30783000000.0,47314074336.0,-1279.0,8.712,-264000000.0,-0.245,1.0,1399000000.0,0.319,0.0,200000000.0,71414000000.0,,1034000000.0,13250000000.0,4841000000.0,8409000000.0,32374000000.0,4640000000.0,27734000000.0,35223074336.0,-394000000.0,50000000.0,-4000000.0,280000000.0,-454000000.0,-177000000.0,-1116000000.0,-59000000.0,868000000.0,31000000.0,-450000000.0,-450000000.0,-450000000.0,0.0,0.0,-0.103,1654000000.0,-255000000.0,2239000000.0,-1.0,1.144,-29.134,-29.855,41269000000.0,0.0,32.84,1.65,1.657,2119000000.0,36448000000.0,4380000000.0,4380000000.0,125000000.0,,,,,0.0,96000000.0,1.0,1072566210.0,1077377000,1077377000.0,4.065,63157000000.0,0.0,-62000000.0,4193000000.0,58.621,6419000000.0
4,COP,MRQ,2020-06-30,2020-06-30,2020-06-30,2021-08-25,-5825000000.0,63046000000.0,,11053000000.0,51993000000.0,,29.251,-876000000.0,2907000000.0,2907000000.0,2318000000.0,278000000.0,2.693,1.002,14998000000.0,146000000.0,14852000000.0,14998000000.0,0.0,1158000000.0,0.0,0.037,0.42,205000000.0,1363000000.0,0.339,1363000000.0,205000000.0,3000000.0,0.24,0.24,0.24,31493000000.0,,31493000000.0,56128305307.0,14.0,5.871,-719000000.0,-0.668,1.0,1698000000.0,0.423,0.0,202000000.0,71032000000.0,,982000000.0,13457000000.0,4956000000.0,8501000000.0,31553000000.0,4105000000.0,27448000000.0,45063305307.0,-993000000.0,0.0,0.0,-190000000.0,-455000000.0,-649000000.0,-530000000.0,-95000000.0,157000000.0,29000000.0,260000000.0,260000000.0,260000000.0,0.0,18000000.0,0.065,1402000000.0,296000000.0,2080000000.0,1.75,1.431,19.618,20.202,41120000000.0,0.0,42.02,1.665,1.672,1532000000.0,37351000000.0,4016000000.0,4016000000.0,97000000.0,,,,,0.0,156000000.0,1.0,1072425162.0,1076659000,1077606000.0,3.73,63046000000.0,0.0,-257000000.0,4213000000.0,58.557,6948000000.0
5,COP,MRQ,2020-03-31,2020-03-31,2020-03-31,2021-08-25,-6145000000.0,65033000000.0,,13144000000.0,51889000000.0,,28.873,-1649000000.0,3908000000.0,3908000000.0,4084000000.0,-1711000000.0,2.164,1.074,14973000000.0,126000000.0,14847000000.0,14973000000.0,0.0,1411000000.0,0.0,0.047,0.42,-1389000000.0,22000000.0,0.005,22000000.0,-1389000000.0,-1591000000.0,-1.6,-1.6,-1.6,31315000000.0,,31315000000.0,43105878382.0,7.0,3.624,456000000.0,0.42,1.0,727000000.0,0.151,0.0,202000000.0,70023000000.0,,726000000.0,13160000000.0,4286000000.0,8874000000.0,33646000000.0,6075000000.0,27571000000.0,33298878382.0,-1179000000.0,66000000.0,-724000000.0,-24000000.0,-458000000.0,-1230000000.0,-1932000000.0,-935000000.0,2105000000.0,-122000000.0,-1739000000.0,-1739000000.0,-1739000000.0,0.0,28000000.0,-0.361,2111000000.0,-1384000000.0,2921000000.0,-0.263,1.063,9.206,9.506,40645000000.0,0.0,30.8,1.06,1.063,2264000000.0,37545000000.0,4811000000.0,4811000000.0,188000000.0,,,,,0.0,-3000000.0,1.0,1081132415.0,1084561000,1084561000.0,4.436,65033000000.0,0.0,148000000.0,4994000000.0,59.963,7069000000.0
6,COP,MRQ,2019-12-31,2019-12-31,2019-12-31,2021-08-25,-5357000000.0,70514000000.0,,16913000000.0,53601000000.0,,31.935,-1595000000.0,5088000000.0,5088000000.0,4332000000.0,743000000.0,2.401,1.014,14895000000.0,105000000.0,14790000000.0,14895000000.0,0.0,1488000000.0,0.0,0.021,0.42,1459000000.0,2947000000.0,0.362,2947000000.0,1459000000.0,1263000000.0,0.68,0.68,0.68,34981000000.0,,34981000000.0,79082381415.0,8.0,4.845,1387000000.0,1.266,1.0,3808000000.0,0.468,0.0,196000000.0,73278000000.0,,1026000000.0,14045000000.0,5139000000.0,8906000000.0,35464000000.0,7043000000.0,28421000000.0,71355381415.0,-2096000000.0,0.0,-740000000.0,-21000000.0,-463000000.0,-1270000000.0,-3830000000.0,-2245000000.0,2982000000.0,22000000.0,720000000.0,720000000.0,720000000.0,0.0,23000000.0,0.088,2212000000.0,1596000000.0,3200000000.0,0.618,2.04,9.926,10.114,42269000000.0,0.0,65.03,1.946,1.981,3401000000.0,39742000000.0,8140000000.0,8140000000.0,151000000.0,,,,,0.0,187000000.0,1.0,1097268667.0,1095366000,1101042000.0,7.431,70514000000.0,0.0,543000000.0,5664000000.0,64.375,9870000000.0
7,COP,MRQ,2019-09-30,2019-09-30,2019-09-30,2021-08-25,-5654000000.0,70340000000.0,,15217000000.0,55123000000.0,,31.704,-1675000000.0,7193000000.0,7193000000.0,4278000000.0,3071000000.0,2.561,0.999,14920000000.0,121000000.0,14799000000.0,14920000000.0,0.0,1566000000.0,0.0,0.021,0.305,3662000000.0,5228000000.0,0.518,5228000000.0,3662000000.0,3478000000.0,2.76,2.74,2.76,35146000000.0,,35146000000.0,72237868083.0,6.0,4.049,662000000.0,0.597,1.0,5815000000.0,0.576,0.0,184000000.0,72125000000.0,,955000000.0,11994000000.0,2859000000.0,9135000000.0,35101000000.0,5942000000.0,29159000000.0,63255868083.0,1261000000.0,65000000.0,-752000000.0,-21000000.0,-341000000.0,-1132000000.0,150000000.0,-180000000.0,2337000000.0,-94000000.0,3056000000.0,3056000000.0,3056000000.0,0.0,15000000.0,0.303,2073000000.0,3742000000.0,3171000000.0,0.111,1.8,7.587,7.71,43814000000.0,0.0,56.98,1.626,1.624,3616000000.0,39484000000.0,10093000000.0,10093000000.0,360000000.0,,,,,0.0,87000000.0,1.0,1110141595.0,1108555000,1113250000.0,9.105,70340000000.0,0.0,422000000.0,5770000000.0,63.452,9275000000.0
8,COP,MRQ,2019-06-30,2019-06-30,2019-06-30,2021-08-25,-5827000000.0,71261000000.0,,15800000000.0,55461000000.0,,29.286,-1729000000.0,5941000000.0,5941000000.0,4286000000.0,1597000000.0,1.756,1.158,14923000000.0,114000000.0,14809000000.0,14923000000.0,0.0,1490000000.0,0.0,0.02,0.305,2206000000.0,3696000000.0,0.441,3696000000.0,2206000000.0,2041000000.0,1.4,1.4,1.4,32976000000.0,,32976000000.0,77667732035.0,7.0,4.52,1162000000.0,1.032,1.0,4094000000.0,0.489,0.0,165000000.0,71247000000.0,,1089000000.0,11583000000.0,2567000000.0,9016000000.0,38187000000.0,8996000000.0,29191000000.0,68940732035.0,-273000000.0,0.0,-1248000000.0,-19000000.0,-346000000.0,-1654000000.0,-1461000000.0,-484000000.0,2891000000.0,-49000000.0,1580000000.0,1580000000.0,1580000000.0,0.0,17000000.0,0.189,1756000000.0,2338000000.0,3635000000.0,0.218,2.091,9.653,9.791,44334000000.0,0.0,61.0,1.769,1.763,3651000000.0,36769000000.0,8380000000.0,8380000000.0,122000000.0,,,,,0.0,129000000.0,1.0,1130175935.0,1125995000,1131242000.0,7.442,71261000000.0,0.0,461000000.0,6038000000.0,63.287,6804000000.0
9,COP,MRQ,2019-03-31,2019-03-31,2019-03-31,2021-08-25,-5914000000.0,71498000000.0,,13683000000.0,57815000000.0,,28.837,-1637000000.0,6218000000.0,6218000000.0,5221000000.0,1846000000.0,1.857,1.172,14945000000.0,113000000.0,14832000000.0,14945000000.0,0.0,1546000000.0,0.0,0.018,0.305,2907000000.0,4453000000.0,0.443,4453000000.0,2907000000.0,2674000000.0,1.61,1.6,1.61,32859000000.0,,32859000000.0,84763129234.0,7.0,4.786,1257000000.0,1.103,1.0,4836000000.0,0.481,0.0,233000000.0,72855000000.0,,1014000000.0,11624000000.0,2054000000.0,9570000000.0,38517000000.0,7370000000.0,31147000000.0,75710129234.0,319000000.0,62000000.0,-790000000.0,-19000000.0,-350000000.0,-1173000000.0,-1477000000.0,-1000000.0,2894000000.0,75000000.0,1833000000.0,1833000000.0,1833000000.0,0.0,13000000.0,0.182,1818000000.0,3018000000.0,3846000000.0,0.189,2.304,10.512,10.713,45942000000.0,0.0,66.74,1.901,1.91,3869000000.0,35534000000.0,10057000000.0,10057000000.0,110000000.0,,,,,0.0,153000000.0,1.0,1134404094.0,1139463000,1146515000.0,8.826,71498000000.0,0.0,841000000.0,6582000000.0,62.747,6313000000.0
10,COP,MRQ,2018-12-31,2018-12-31,2018-12-31,2021-08-25,-6063000000.0,69980000000.0,,13274000000.0,56706000000.0,,27.749,-1617000000.0,5915000000.0,5915000000.0,5628000000.0,1878000000.0,1.795,1.187,14968000000.0,112000000.0,14856000000.0,14968000000.0,0.0,1612000000.0,0.0,0.019,0.305,2850000000.0,4462000000.0,0.431,4462000000.0,2850000000.0,2662000000.0,1.62,1.6,1.62,31939000000.0,,31939000000.0,83060931717.0,8.0,4.999,2166000000.0,1.882,1.0,4733000000.0,0.457,0.0,188000000.0,71638000000.0,,1007000000.0,11374000000.0,1710000000.0,9664000000.0,37916000000.0,7395000000.0,30521000000.0,71779931717.0,2211000000.0,0.0,-926000000.0,-25000000.0,-354000000.0,-1317000000.0,-178000000.0,624000000.0,3783000000.0,-77000000.0,1868000000.0,1868000000.0,1868000000.0,0.0,10000000.0,0.18,1810000000.0,2923000000.0,3895000000.0,0.188,2.247,11.472,11.632,45698000000.0,0.0,62.35,1.853,1.878,4067000000.0,34010000000.0,10361000000.0,10361000000.0,102000000.0,,,,,0.0,65000000.0,1.0,1151241888.0,1150977000,1159830000.0,9.002,69980000000.0,0.0,794000000.0,6341000000.0,60.801,5879000000.0
11,COP,MRQ,2018-09-30,2018-09-30,2018-09-30,2021-08-25,-5442000000.0,70556000000.0,,14723000000.0,55833000000.0,,27.471,-1599000000.0,3716000000.0,3716000000.0,5209000000.0,1873000000.0,1.989,1.204,14997000000.0,95000000.0,14902000000.0,14997000000.0,0.0,1494000000.0,0.0,0.014,0.285,3080000000.0,4574000000.0,0.45,4574000000.0,3080000000.0,2894000000.0,1.6,1.59,1.6,31950000000.0,,31950000000.0,101686176839.0,11.0,6.638,1811000000.0,1.557,1.0,4956000000.0,0.488,0.0,186000000.0,74436000000.0,,1239000000.0,12849000000.0,2961000000.0,9888000000.0,38477000000.0,7401000000.0,31076000000.0,89946176839.0,483000000.0,60000000.0,-848000000.0,-18000000.0,-334000000.0,-1263000000.0,-1638000000.0,-261000000.0,3410000000.0,-26000000.0,1861000000.0,1861000000.0,1861000000.0,0.0,12000000.0,0.183,1770000000.0,3186000000.0,3918000000.0,0.178,2.815,15.071,15.388,44736000000.0,0.0,77.4,2.424,2.426,4499000000.0,32495000000.0,10165000000.0,10165000000.0,103000000.0,,,,,0.0,119000000.0,1.0,1162095308.0,1163033000,1172694000.0,8.74,70556000000.0,0.0,1033000000.0,7117000000.0,60.666,7322000000.0
12,COP,MRQ,2018-06-30,2018-06-30,2018-06-30,2021-08-25,-5637000000.0,68936000000.0,,11608000000.0,57328000000.0,,26.478,-1999000000.0,3234000000.0,3234000000.0,4650000000.0,1654000000.0,1.749,1.215,14974000000.0,89000000.0,14885000000.0,14974000000.0,0.0,1438000000.0,0.0,0.016,0.285,2782000000.0,4220000000.0,0.457,4220000000.0,2782000000.0,2605000000.0,1.4,1.39,1.4,31042000000.0,,31042000000.0,93522009401.0,13.0,7.063,1343000000.0,1.146,1.0,4590000000.0,0.497,0.0,177000000.0,74038000000.0,,1093000000.0,12605000000.0,2771000000.0,9834000000.0,37714000000.0,6638000000.0,31076000000.0,81460009401.0,-1749000000.0,0.0,-586000000.0,-2064000000.0,-337000000.0,-3003000000.0,-1949000000.0,-336000000.0,3342000000.0,-139000000.0,1640000000.0,1640000000.0,1640000000.0,0.0,14000000.0,0.177,1733000000.0,2857000000.0,3666000000.0,0.204,2.624,17.994,18.418,46306000000.0,0.0,69.62,2.387,2.391,3930000000.0,30967000000.0,9240000000.0,9240000000.0,69000000.0,,,,,0.0,118000000.0,1.0,1170066208.0,1172378000,1181167000.0,7.881,68936000000.0,0.0,965000000.0,6835000000.0,58.8,4970000000.0
13,COP,MRQ,2018-03-31,2018-03-31,2018-03-31,2021-08-25,-5371000000.0,70727000000.0,,13187000000.0,57540000000.0,,25.891,-1535000000.0,4984000000.0,4984000000.0,5068000000.0,900000000.0,1.855,1.31,17046000000.0,337000000.0,16709000000.0,17046000000.0,0.0,1412000000.0,0.0,0.018,0.285,1948000000.0,3360000000.0,0.375,3360000000.0,1948000000.0,1764000000.0,0.75,0.75,0.75,30546000000.0,,30546000000.0,83018700331.0,278.0,12.623,864000000.0,0.732,1.0,3893000000.0,0.434,0.0,184000000.0,75680000000.0,,1053000000.0,12035000000.0,2064000000.0,9971000000.0,40009000000.0,7109000000.0,32900000000.0,69640700331.0,-1330000000.0,59000000.0,-518000000.0,-2888000000.0,-338000000.0,-3776000000.0,-78000000.0,1593000000.0,2399000000.0,125000000.0,888000000.0,888000000.0,888000000.0,0.0,12000000.0,0.099,1815000000.0,2078000000.0,3886000000.0,0.38,2.28,-125.933,-148.225,45997000000.0,0.0,59.29,2.062,2.071,4192000000.0,29663000000.0,8961000000.0,8961000000.0,95000000.0,,,,,0.0,99000000.0,1.0,1174577506.0,1179792000,1186454000.0,7.595,70727000000.0,0.0,876000000.0,6750000000.0,59.949,6078000000.0
14,COP,MRQ,2017-12-31,2017-12-31,2017-12-31,2021-08-25,-5518000000.0,73362000000.0,,16512000000.0,56850000000.0,,25.679,-1517000000.0,6325000000.0,6325000000.0,4964000000.0,1598000000.0,1.757,1.391,19703000000.0,2575000000.0,17128000000.0,19703000000.0,0.0,1633000000.0,0.0,0.019,0.265,1532000000.0,3165000000.0,0.362,3165000000.0,1532000000.0,1306000000.0,1.28,1.28,1.28,30607000000.0,,30607000000.0,79714863579.0,-50.0,15.138,964000000.0,0.809,1.0,3772000000.0,0.432,0.0,226000000.0,77343000000.0,,1060000000.0,13832000000.0,3772000000.0,10060000000.0,42561000000.0,9397000000.0,33164000000.0,65621863579.0,-586000000.0,0.0,-953000000.0,-1282000000.0,-319000000.0,-2586000000.0,-469000000.0,793000000.0,2481000000.0,-12000000.0,1579000000.0,1579000000.0,1579000000.0,0.0,19000000.0,0.181,2128000000.0,1644000000.0,4030000000.0,0.207,2.144,-76.751,-78.414,45683000000.0,0.0,54.89,2.014,2.057,4320000000.0,29391000000.0,8736000000.0,8736000000.0,214000000.0,,,,,0.0,125000000.0,1.0,1195515824.0,1191926000,1191926000.0,7.329,73362000000.0,0.0,-273000000.0,6320000000.0,61.549,7115000000.0
15,COP,MRQ,2017-09-30,2017-09-30,2017-09-30,2021-08-25,-5292000000.0,74861000000.0,,16954000000.0,57907000000.0,,25.156,-1088000000.0,6911000000.0,6911000000.0,4323000000.0,436000000.0,2.378,1.448,21004000000.0,1331000000.0,19673000000.0,21004000000.0,0.0,1608000000.0,0.0,0.021,0.265,888000000.0,2496000000.0,0.347,2496000000.0,888000000.0,637000000.0,0.35,0.34,0.35,30500000000.0,,30500000000.0,76842309012.0,-27.0,17.249,-33000000.0,-0.027,1.0,2872000000.0,0.399,0.0,251000000.0,81823000000.0,,1023000000.0,14937000000.0,4780000000.0,10157000000.0,44149000000.0,7131000000.0,37018000000.0,60908309012.0,-623000000.0,58000000.0,-972000000.0,-2515000000.0,-324000000.0,-3827000000.0,2008000000.0,70000000.0,1055000000.0,141000000.0,420000000.0,420000000.0,420000000.0,0.0,16000000.0,0.058,1874000000.0,998000000.0,3416000000.0,0.757,1.997,-24.669,-25.151,46669000000.0,0.0,50.05,1.958,1.951,3364000000.0,28130000000.0,7195000000.0,7195000000.0,73000000.0,,,,,0.0,110000000.0,1.0,1216949231.0,1212454000,1215341000.0,5.934,74861000000.0,0.0,217000000.0,7267000000.0,61.743,9823000000.0
16,COP,MRQ,2017-06-30,2017-06-30,2017-06-30,2021-08-25,-6342000000.0,78004000000.0,,19879000000.0,58125000000.0,,24.487,-1020000000.0,7534000000.0,7534000000.0,4445000000.0,-3426000000.0,2.003,1.569,23468000000.0,3798000000.0,19670000000.0,23468000000.0,0.0,1625000000.0,0.0,0.023,0.265,-4069000000.0,-2444000000.0,-0.275,-2444000000.0,-4069000000.0,-4375000000.0,-2.78,-2.78,-2.78,30286000000.0,,30286000000.0,77709089774.0,-15.0,25.47,731000000.0,0.591,1.0,4437000000.0,0.5,0.0,306000000.0,84012000000.0,,1019000000.0,14469000000.0,4266000000.0,10203000000.0,47505000000.0,9926000000.0,37579000000.0,54383089774.0,4425000000.0,0.0,-980000000.0,-3240000000.0,-331000000.0,-4599000000.0,7197000000.0,-2450000000.0,1751000000.0,76000000.0,-3440000000.0,-3440000000.0,-3440000000.0,0.0,14000000.0,-0.387,8387000000.0,-3950000000.0,3434000000.0,-0.095,1.796,-13.841,-13.824,46846000000.0,0.0,43.96,1.788,1.787,3163000000.0,28033000000.0,8882000000.0,8882000000.0,97000000.0,,,,,0.0,95000000.0,1.0,1237103953.0,1236831000,1236831000.0,7.181,78004000000.0,0.0,-935000000.0,7126000000.0,63.068,9953000000.0
17,COP,MRQ,2017-03-31,2017-03-31,2017-03-31,2021-08-25,-5961000000.0,87973000000.0,,10728000000.0,77245000000.0,,28.435,-966000000.0,3109000000.0,3109000000.0,4714000000.0,599000000.0,1.425,1.481,26435000000.0,1095000000.0,25340000000.0,26435000000.0,0.0,1979000000.0,0.0,0.02,0.265,70000000.0,2049000000.0,0.264,2049000000.0,70000000.0,-245000000.0,0.47,0.47,0.47,35353000000.0,,35353000000.0,85295965229.0,-37.0,13.165,824000000.0,0.663,1.0,3057000000.0,0.393,0.0,315000000.0,103773000000.0,,1097000000.0,21927000000.0,252000000.0,21675000000.0,52372000000.0,7526000000.0,44846000000.0,61630965229.0,-501000000.0,57000000.0,-158000000.0,-839000000.0,-331000000.0,-1344000000.0,-974000000.0,-203000000.0,1790000000.0,27000000.0,586000000.0,586000000.0,586000000.0,0.0,13000000.0,0.075,2869000000.0,188000000.0,3531000000.0,0.564,1.743,-39.507,-39.579,54440000000.0,0.0,49.87,2.273,2.287,3359000000.0,31804000000.0,7771000000.0,7771000000.0,550000000.0,,,,,0.0,97000000.0,1.0,1235832469.0,1243280000,1248722000.0,6.25,87973000000.0,0.0,-831000000.0,8324000000.0,70.759,3202000000.0
18,COP,MRQ,2016-12-31,2016-12-31,2016-12-31,2021-08-25,-6193000000.0,89772000000.0,,8609000000.0,81163000000.0,,28.061,-999000000.0,3610000000.0,3610000000.0,4467000000.0,-19000000.0,1.246,1.56,27275000000.0,1089000000.0,26186000000.0,27275000000.0,0.0,2061000000.0,0.0,0.02,0.25,293000000.0,2354000000.0,0.325,2354000000.0,293000000.0,-24000000.0,-0.03,-0.03,-0.03,34974000000.0,,34974000000.0,86723834287.0,-20.0,18.37,444000000.0,0.356,1.0,2787000000.0,0.384,0.0,317000000.0,106528000000.0,,1018000000.0,21722000000.0,50000000.0,21672000000.0,54546000000.0,6909000000.0,47637000000.0,62124834287.0,-480000000.0,0.0,-137000000.0,-1412000000.0,-313000000.0,-1906000000.0,53000000.0,178000000.0,1443000000.0,-70000000.0,-35000000.0,-35000000.0,-35000000.0,0.0,16000000.0,-0.005,2413000000.0,374000000.0,3653000000.0,-8.333,1.776,-17.185,-17.23,58331000000.0,0.0,50.14,2.55,2.563,3414000000.0,31548000000.0,7254000000.0,7254000000.0,340000000.0,,,,,0.0,-83000000.0,1.0,1239027409.0,1246343000,1246343000.0,5.82,89772000000.0,0.0,11000000.0,9433000000.0,72.028,1700000000.0
19,COP,MRQ,2016-09-30,2016-09-30,2016-09-30,2021-08-25,-5444000000.0,94284000000.0,,9641000000.0,84643000000.0,,29.03,-916000000.0,4090000000.0,4090000000.0,4506000000.0,-1026000000.0,1.279,1.599,28689000000.0,1336000000.0,27353000000.0,28689000000.0,0.0,2425000000.0,0.0,0.034,0.25,-1333000000.0,1092000000.0,0.168,1092000000.0,-1333000000.0,-1668000000.0,-0.84,-0.84,-0.84,36170000000.0,,36170000000.0,79651819262.0,-8.0,-1694.72,364000000.0,0.292,1.0,2010000000.0,0.308,0.0,335000000.0,111346000000.0,,1108000000.0,22098000000.0,234000000.0,21864000000.0,57828000000.0,7537000000.0,50291000000.0,53837819262.0,1227000000.0,55000000.0,-7000000.0,-12000000.0,-314000000.0,-347000000.0,275000000.0,1063000000.0,1280000000.0,19000000.0,-1040000000.0,-1040000000.0,-1040000000.0,0.0,14000000.0,-0.16,3208000000.0,-1198000000.0,3751000000.0,-0.298,1.488,-7.658,-7.68,61649000000.0,0.0,43.47,2.255,2.269,3320000000.0,31896000000.0,6516000000.0,6516000000.0,457000000.0,,,,,0.0,203000000.0,1.0,1238505159.0,1245961000,1245961000.0,5.23,94284000000.0,0.0,-628000000.0,9428000000.0,75.672,2104000000.0
20,COP,MRQ,2016-06-30,2016-06-30,2016-06-30,2021-08-25,-5371000000.0,96054000000.0,,9259000000.0,86795000000.0,,30.158,-1133000000.0,2863000000.0,2863000000.0,3644000000.0,-1058000000.0,1.26,1.551,28677000000.0,1331000000.0,27346000000.0,28677000000.0,0.0,2329000000.0,0.0,0.045,0.25,-1345000000.0,984000000.0,0.177,984000000.0,-1345000000.0,-1657000000.0,-0.86,-0.86,-0.86,37544000000.0,,37544000000.0,78582682618.0,-8.0,-204.642,126000000.0,0.101,1.0,1931000000.0,0.346,0.0,312000000.0,114520000000.0,,1150000000.0,23313000000.0,1289000000.0,22024000000.0,58223000000.0,7348000000.0,50875000000.0,53993682618.0,-2003000000.0,0.0,-3000000.0,-763000000.0,-313000000.0,-1120000000.0,-2122000000.0,-990000000.0,1259000000.0,-20000000.0,-1071000000.0,-1071000000.0,-1071000000.0,0.0,13000000.0,-0.192,3168000000.0,-1237000000.0,3818000000.0,-0.291,1.438,-7.647,-7.663,63685000000.0,0.0,43.6,2.172,2.183,3316000000.0,33248000000.0,5575000000.0,5575000000.0,610000000.0,,,,,0.0,167000000.0,1.0,1238387216.0,1244892000,1244892000.0,4.478,96054000000.0,0.0,-586000000.0,10209000000.0,77.159,1911000000.0
21,COP,MRQ,2016-03-31,2016-03-31,2016-03-31,2021-08-25,-5146000000.0,99834000000.0,,10934000000.0,88900000000.0,,31.408,-1821000000.0,4866000000.0,4866000000.0,3759000000.0,-1456000000.0,1.239,1.546,29455000000.0,2079000000.0,27376000000.0,29455000000.0,0.0,2247000000.0,0.0,0.061,0.25,-1956000000.0,291000000.0,0.058,291000000.0,-1956000000.0,-2237000000.0,-1.18,-1.18,-1.18,39089000000.0,,39089000000.0,72293883776.0,-9.0,67.882,-1400000000.0,-1.125,1.0,1256000000.0,0.25,0.0,281000000.0,115598000000.0,,1072000000.0,22113000000.0,307000000.0,21806000000.0,60427000000.0,8825000000.0,51602000000.0,49781883776.0,2498000000.0,53000000.0,-42000000.0,4530000000.0,-313000000.0,4137000000.0,-2065000000.0,-302000000.0,421000000.0,5000000.0,-1469000000.0,-1469000000.0,-1469000000.0,0.0,13000000.0,-0.293,3074000000.0,-1818000000.0,4165000000.0,-0.212,1.274,-8.07,-8.086,66000000000.0,0.0,40.27,1.781,1.793,3954000000.0,34632000000.0,5015000000.0,5015000000.0,505000000.0,,,,,0.0,186000000.0,1.0,1236202726.0,1244557000,1244557000.0,4.03,99834000000.0,0.0,-768000000.0,11033000000.0,80.216,2109000000.0
22,COP,MRQ,2015-12-31,2015-12-31,2015-12-31,2021-08-25,-6247000000.0,97484000000.0,,8789000000.0,88695000000.0,,31.97,-2137000000.0,2368000000.0,2368000000.0,4518000000.0,-3437000000.0,0.95,1.444,24880000000.0,1427000000.0,23453000000.0,24880000000.0,0.0,2382000000.0,0.0,0.063,0.74,-4796000000.0,-2414000000.0,-0.357,-2414000000.0,-4796000000.0,-5064000000.0,-2.78,-2.78,-2.78,39762000000.0,,39762000000.0,80123434560.0,-13.0,29.274,-541000000.0,-0.435,1.0,2248000000.0,0.332,0.0,268000000.0,110740000000.0,,1124000000.0,21186000000.0,0.0,21186000000.0,57402000000.0,9256000000.0,48146000000.0,57645434560.0,-45000000.0,0.0,-13000000.0,-11000000.0,-923000000.0,-975000000.0,-626000000.0,0.0,1596000000.0,-40000000.0,-3450000000.0,-3450000000.0,-3450000000.0,0.0,13000000.0,-0.51,6892000000.0,-4644000000.0,4933000000.0,-0.266,1.45,-13.018,-13.042,66446000000.0,0.0,46.69,1.863,1.874,4514000000.0,36414000000.0,6766000000.0,6766000000.0,2100000000.0,,,,,0.0,283000000.0,1.0,1234641991.0,1243719000,1243719000.0,5.44,97484000000.0,0.0,-1614000000.0,11498000000.0,78.381,-467000000.0
23,COP,MRQ,2015-09-30,2015-09-30,2015-09-30,2021-08-25,-6125000000.0,105949000000.0,,9664000000.0,96285000000.0,,35.592,-2174000000.0,2413000000.0,2413000000.0,5309000000.0,-1056000000.0,1.166,1.389,24891000000.0,175000000.0,24716000000.0,24891000000.0,0.0,2271000000.0,0.0,0.061,0.74,-1516000000.0,755000000.0,0.101,755000000.0,-1516000000.0,-1756000000.0,-0.87,-0.87,-0.87,44210000000.0,,44210000000.0,80268672969.0,-46.0,11.058,-240000000.0,-0.193,1.0,2198000000.0,0.293,0.0,240000000.0,120140000000.0,,1143000000.0,23502000000.0,0.0,23502000000.0,61394000000.0,8287000000.0,53107000000.0,59156672969.0,-1400000000.0,53000000.0,-23000000.0,-30000000.0,-922000000.0,-990000000.0,-2249000000.0,0.0,1934000000.0,-95000000.0,-1071000000.0,-1071000000.0,-1071000000.0,0.0,15000000.0,-0.143,3649000000.0,-1451000000.0,5211000000.0,-0.851,1.338,-58.168,-57.095,71828000000.0,0.0,47.96,1.642,1.654,4464000000.0,40786000000.0,7507000000.0,7507000000.0,1061000000.0,,,,,0.0,293000000.0,1.0,1233458569.0,1242125000,1242125000.0,6.044,105949000000.0,0.0,-685000000.0,13976000000.0,85.297,1377000000.0
24,COP,MRQ,2015-06-30,2015-06-30,2015-06-30,2021-08-25,-3641000000.0,112003000000.0,,11944000000.0,100059000000.0,,39.177,-2407000000.0,3813000000.0,3813000000.0,5253000000.0,-164000000.0,1.368,1.296,24925000000.0,138000000.0,24787000000.0,24925000000.0,0.0,2329000000.0,0.0,0.048,0.73,104000000.0,2433000000.0,0.281,2433000000.0,104000000.0,-106000000.0,-0.15,-0.15,-0.15,48620000000.0,,48620000000.0,95562251689.0,27.0,7.733,-433000000.0,-0.349,1.0,3407000000.0,0.393,0.0,210000000.0,124381000000.0,,1277000000.0,24652000000.0,0.0,24652000000.0,63034000000.0,8734000000.0,54300000000.0,75715251689.0,1149000000.0,0.0,-12000000.0,2493000000.0,-909000000.0,1555000000.0,-2466000000.0,0.0,1974000000.0,86000000.0,-179000000.0,-179000000.0,-179000000.0,0.0,15000000.0,-0.021,3174000000.0,233000000.0,5869000000.0,-4.867,1.557,27.453,27.787,74387000000.0,0.0,61.41,1.828,1.84,5179000000.0,42779000000.0,8660000000.0,8660000000.0,549000000.0,,,,,0.0,218000000.0,1.0,1232946616.0,1241026000,1241026000.0,6.978,112003000000.0,0.0,73000000.0,15253000000.0,90.25,3210000000.0
25,COP,MRQ,2015-03-31,2015-03-31,2015-03-31,2021-08-25,-4589000000.0,110042000000.0,,10840000000.0,99202000000.0,,39.21,-3332000000.0,2664000000.0,2664000000.0,5263000000.0,286000000.0,1.134,1.255,22511000000.0,193000000.0,22318000000.0,22511000000.0,0.0,2131000000.0,0.0,0.046,0.73,-168000000.0,1963000000.0,0.245,1963000000.0,-168000000.0,-370000000.0,0.22,0.22,0.22,48652000000.0,,48652000000.0,94173803450.0,13.0,6.027,-1264000000.0,-1.019,1.0,2739000000.0,0.342,0.0,202000000.0,120326000000.0,,1233000000.0,23974000000.0,0.0,23974000000.0,61034000000.0,9563000000.0,51471000000.0,76670803450.0,-2398000000.0,52000000.0,-34000000.0,-57000000.0,-910000000.0,-1019000000.0,-3314000000.0,0.0,2068000000.0,-133000000.0,272000000.0,272000000.0,272000000.0,0.0,14000000.0,0.034,2788000000.0,-49000000.0,6750000000.0,3.318,1.576,15.279,15.411,74220000000.0,0.0,62.26,1.615,1.627,5379000000.0,43867000000.0,8002000000.0,8002000000.0,482000000.0,,,,,0.0,159000000.0,1.0,1231461668.0,1240791000,1245531000.0,6.449,110042000000.0,0.0,-642000000.0,14906000000.0,88.687,1277000000.0
26,COP,MRQ,2014-12-31,2014-12-31,2014-12-31,2021-08-25,-1902000000.0,116539000000.0,,15068000000.0,101471000000.0,,41.863,-4356000000.0,5062000000.0,5062000000.0,8049000000.0,-24000000.0,1.306,1.238,22565000000.0,182000000.0,22383000000.0,22565000000.0,0.0,2271000000.0,0.0,0.041,0.73,-163000000.0,2108000000.0,0.178,2108000000.0,-163000000.0,-336000000.0,-0.04,-0.03,-0.04,51911000000.0,,51911000000.0,100785842940.0,9.0,5.187,-1545000000.0,-1.246,1.0,3802000000.0,0.321,0.0,173000000.0,122505000000.0,,1331000000.0,25139000000.0,0.0,25139000000.0,64266000000.0,11537000000.0,52729000000.0,85006842940.0,-346000000.0,460000000.0,8000000.0,1485000000.0,-907000000.0,542000000.0,-3571000000.0,362000000.0,2811000000.0,-128000000.0,-39000000.0,-39000000.0,-39000000.0,0.0,15000000.0,-0.003,3906000000.0,-104000000.0,8026000000.0,-18.25,1.638,12.375,12.466,75444000000.0,0.0,69.06,1.531,1.539,6807000000.0,44504000000.0,11851000000.0,11851000000.0,773000000.0,,,,,0.0,132000000.0,1.0,1230912872.0,1240007000,1243088000.0,9.557,116539000000.0,0.0,-297000000.0,16121000000.0,93.983,3531000000.0
27,COP,MRQ,2014-09-30,2014-09-30,2014-09-30,2021-08-25,585000000.0,118986000000.0,,16253000000.0,102733000000.0,,44.639,-4588000000.0,5408000000.0,5408000000.0,7237000000.0,2727000000.0,1.149,1.146,21187000000.0,1688000000.0,19499000000.0,21187000000.0,0.0,2096000000.0,0.0,0.037,0.73,3757000000.0,5853000000.0,0.453,5853000000.0,3757000000.0,3608000000.0,2.18,2.17,2.18,55274000000.0,,55274000000.0,109178538463.0,7.0,4.759,-717000000.0,-0.579,1.0,5680000000.0,0.44,0.0,149000000.0,120624000000.0,,1330000000.0,26191000000.0,374000000.0,25817000000.0,63325000000.0,14141000000.0,49184000000.0,94086538463.0,-734000000.0,66000000.0,-19000000.0,-55000000.0,-907000000.0,-973000000.0,-3502000000.0,-101000000.0,3871000000.0,-130000000.0,2704000000.0,2704000000.0,2704000000.0,-1078000000.0,23000000.0,0.209,2866000000.0,2814000000.0,8692000000.0,0.335,1.702,10.015,10.068,75790000000.0,0.0,76.52,1.632,1.644,7453000000.0,45451000000.0,12917000000.0,12917000000.0,459000000.0,,,,,0.0,203000000.0,1.0,1229567936.0,1238234000,1247436000.0,10.432,118986000000.0,0.0,904000000.0,17739000000.0,96.093,2112000000.0
28,COP,MRQ,2014-06-30,2014-06-30,2014-06-30,2021-08-25,2498000000.0,121648000000.0,,18836000000.0,102812000000.0,,44.751,-4246000000.0,6142000000.0,6142000000.0,8137000000.0,2098000000.0,1.163,1.192,21234000000.0,1664000000.0,19570000000.0,21234000000.0,0.0,2070000000.0,0.0,0.032,0.69,3631000000.0,5701000000.0,0.388,5701000000.0,3631000000.0,3476000000.0,1.68,1.67,1.68,55315000000.0,,55315000000.0,118937188829.0,8.0,5.042,-695000000.0,-0.562,1.0,6564000000.0,0.447,0.0,155000000.0,120549000000.0,,1291000000.0,26503000000.0,288000000.0,26215000000.0,65962000000.0,16191000000.0,49771000000.0,105251188829.0,-1378000000.0,15000000.0,78000000.0,0.0,-856000000.0,-789000000.0,-4194000000.0,-71000000.0,3551000000.0,54000000.0,2081000000.0,2081000000.0,2081000000.0,-33000000.0,17000000.0,0.142,2822000000.0,3742000000.0,9254000000.0,0.411,1.903,11.477,11.538,75424000000.0,0.0,85.73,1.748,1.76,8204000000.0,43653000000.0,14701000000.0,14701000000.0,517000000.0,,,,,0.0,218000000.0,1.0,1227705457.0,1236057000,1245155000.0,11.893,121648000000.0,0.0,1395000000.0,18777000000.0,98.416,2645000000.0
29,COP,MRQ,2014-03-31,2014-03-31,2014-03-31,2021-08-25,1802000000.0,120025000000.0,,20400000000.0,99625000000.0,,43.096,-3895000000.0,7520000000.0,7520000000.0,9673000000.0,2137000000.0,1.192,1.248,21206000000.0,1712000000.0,19494000000.0,21206000000.0,0.0,1892000000.0,0.0,0.039,0.69,3875000000.0,5767000000.0,0.359,5767000000.0,3875000000.0,3704000000.0,1.72,1.71,1.72,53222000000.0,,53222000000.0,101672458047.0,6.0,4.319,2441000000.0,1.977,1.0,6375000000.0,0.397,0.0,171000000.0,116594000000.0,,1221000000.0,24760000000.0,210000000.0,24550000000.0,66404000000.0,17117000000.0,49287000000.0,86256458047.0,1274000000.0,62000000.0,-32000000.0,-450000000.0,-855000000.0,-1354000000.0,-3698000000.0,63000000.0,6336000000.0,-10000000.0,2123000000.0,2123000000.0,2123000000.0,0.0,14000000.0,0.132,2371000000.0,4004000000.0,9604000000.0,0.401,1.621,9.437,9.494,74025000000.0,0.0,70.35,1.446,1.457,8651000000.0,42428000000.0,16048000000.0,16048000000.0,296000000.0,,,,,0.0,182000000.0,1.0,1226104592.0,1234968000,1242667000.0,12.995,120025000000.0,0.0,1581000000.0,19024000000.0,97.189,3283000000.0
30,COP,MRQ,2013-12-31,2013-12-31,2013-12-31,2021-08-25,2002000000.0,118057000000.0,,19023000000.0,99034000000.0,,42.22,-4256000000.0,6246000000.0,6246000000.0,8183000000.0,2503000000.0,1.257,1.259,21662000000.0,589000000.0,21073000000.0,21662000000.0,0.0,1893000000.0,0.0,0.038,0.69,3729000000.0,5622000000.0,0.402,5622000000.0,3729000000.0,3537000000.0,2.02,2.0,2.02,52090000000.0,,52090000000.0,104338223014.0,6.0,4.419,-291000000.0,-0.236,1.0,5802000000.0,0.415,0.0,192000000.0,118344000000.0,,1194000000.0,25536000000.0,272000000.0,25264000000.0,65565000000.0,15129000000.0,50436000000.0,86553223014.0,2363000000.0,15000000.0,8000000.0,0.0,-853000000.0,-3873000000.0,2261000000.0,-264000000.0,3965000000.0,10000000.0,2487000000.0,2487000000.0,2487000000.0,0.0,16000000.0,0.178,2959000000.0,2843000000.0,9314000000.0,0.342,1.662,9.453,9.509,72827000000.0,0.0,70.65,1.486,1.493,8487000000.0,41160000000.0,13985000000.0,13985000000.0,321000000.0,,,,,0.0,247000000.0,1.0,1225098698.0,1233771000,1242383000.0,11.335,118057000000.0,0.0,1050000000.0,17933000000.0,95.688,3894000000.0
31,COP,MRQ,2013-09-30,2013-09-30,2013-09-30,2021-08-25,2712000000.0,119760000000.0,,22557000000.0,97203000000.0,,41.52,-4185000000.0,3883000000.0,3883000000.0,8334000000.0,2496000000.0,1.381,1.335,21668000000.0,572000000.0,21096000000.0,21668000000.0,0.0,1902000000.0,0.0,0.038,0.69,4597000000.0,6499000000.0,0.42,6499000000.0,4597000000.0,4446000000.0,2.01,2.0,2.01,51113000000.0,,51113000000.0,102823234365.0,7.0,4.444,-480000000.0,-0.39,1.0,7136000000.0,0.461,0.0,151000000.0,121210000000.0,,1268000000.0,25166000000.0,0.0,25166000000.0,68223000000.0,16335000000.0,51888000000.0,85011234365.0,-26000000.0,59000000.0,17000000.0,-48000000.0,-852000000.0,-1085000000.0,-2718000000.0,75000000.0,3705000000.0,72000000.0,2480000000.0,2480000000.0,2480000000.0,0.0,16000000.0,0.16,2465000000.0,4671000000.0,10333000000.0,0.343,1.663,10.502,10.564,71129000000.0,0.0,69.51,1.402,1.411,8405000000.0,39526000000.0,15470000000.0,15470000000.0,313000000.0,,,,,0.0,249000000.0,1.0,1223007256.0,1231054000,1240365000.0,12.566,119760000000.0,0.0,1966000000.0,17656000000.0,97.282,6222000000.0
32,COP,MRQ,2013-06-30,2013-06-30,2013-06-30,2021-08-25,1840000000.0,116947000000.0,,22602000000.0,94345000000.0,,39.445,-3705000000.0,3909000000.0,3909000000.0,7835000000.0,2063000000.0,1.352,1.402,21721000000.0,554000000.0,21167000000.0,21721000000.0,0.0,1832000000.0,0.0,0.044,0.66,3819000000.0,5651000000.0,0.4,5651000000.0,3819000000.0,3680000000.0,1.66,1.65,1.66,48508000000.0,,48508000000.0,90219001390.0,6.0,4.083,36000000.0,0.029,1.0,6307000000.0,0.446,0.0,139000000.0,118044000000.0,,1134000000.0,24091000000.0,75000000.0,24016000000.0,68015000000.0,16715000000.0,51300000000.0,73971001390.0,-1513000000.0,14000000.0,5000000.0,-850000000.0,-814000000.0,-1845000000.0,-3415000000.0,-51000000.0,3741000000.0,6000000.0,2050000000.0,2050000000.0,2050000000.0,0.0,13000000.0,0.145,2374000000.0,3933000000.0,10437000000.0,0.398,1.525,9.979,10.017,69438000000.0,0.0,60.5,1.235,1.243,8420000000.0,37899000000.0,14142000000.0,14142000000.0,321000000.0,,,,,0.0,193000000.0,1.0,1222661180.0,1229773000,1237157000.0,11.5,116947000000.0,0.0,1630000000.0,16799000000.0,95.096,5887000000.0
33,COP,MRQ,2013-03-31,2013-03-31,2013-03-31,2021-08-25,3478000000.0,117780000000.0,,24235000000.0,93545000000.0,,39.702,-3391000000.0,5422000000.0,5422000000.0,8413000000.0,2153000000.0,1.323,1.404,21670000000.0,1351000000.0,20319000000.0,21670000000.0,0.0,1807000000.0,0.0,0.044,0.66,4032000000.0,5839000000.0,0.399,5839000000.0,4032000000.0,3902000000.0,1.74,1.73,1.74,48803000000.0,,48803000000.0,90740671727.0,6.0,3.995,1339000000.0,1.089,1.0,6238000000.0,0.426,0.0,130000000.0,115713000000.0,,1133000000.0,24793000000.0,23000000.0,24770000000.0,68540000000.0,18315000000.0,50225000000.0,73381671727.0,1804000000.0,57000000.0,-10000000.0,-48000000.0,-815000000.0,-330000000.0,-2433000000.0,-23000000.0,4730000000.0,-163000000.0,2139000000.0,2139000000.0,2139000000.0,0.0,14000000.0,0.146,2251000000.0,3987000000.0,10421000000.0,0.379,1.504,9.618,9.694,67890000000.0,0.0,60.1,1.211,1.22,8898000000.0,36662000000.0,14651000000.0,14651000000.0,277000000.0,,,,,0.0,165000000.0,1.0,1220992874.0,1229232000,1235907000.0,11.919,117780000000.0,0.0,1763000000.0,17265000000.0,95.816,5920000000.0
34,COP,MRQ,2012-12-31,2012-12-31,2012-12-31,2021-08-25,4087000000.0,117144000000.0,,23989000000.0,93155000000.0,,39.228,-3452000000.0,4366000000.0,4366000000.0,9749000000.0,1441000000.0,1.375,1.432,21725000000.0,955000000.0,20770000000.0,21725000000.0,0.0,1779000000.0,0.0,0.046,0.66,3367000000.0,5146000000.0,0.314,5146000000.0,3367000000.0,3206000000.0,1.17,1.17,1.17,47987000000.0,,47987000000.0,87774750232.0,5.0,3.71,418000000.0,0.342,1.0,6617000000.0,0.404,0.0,161000000.0,117060000000.0,,965000000.0,25006000000.0,0.0,25006000000.0,68717000000.0,17443000000.0,51274000000.0,70393750232.0,2350000000.0,14000000.0,55000000.0,614000000.0,-809000000.0,1402000000.0,-2929000000.0,0.0,3870000000.0,7000000.0,1426000000.0,1426000000.0,1426000000.0,0.0,15000000.0,0.087,2724000000.0,3893000000.0,10013000000.0,0.564,1.467,8.352,8.566,67263000000.0,0.0,57.99,1.135,1.163,9182000000.0,35338000000.0,16366000000.0,16366000000.0,345000000.0,,,,,0.0,216000000.0,1.0,1213894641.0,1223273000,1231736000.0,13.379,117144000000.0,0.0,1780000000.0,16551000000.0,95.763,6546000000.0
35,COP,MRQ,2012-09-30,2012-09-30,2012-09-30,2021-08-25,4339000000.0,115369000000.0,,15781000000.0,99588000000.0,,38.843,-3279000000.0,3736000000.0,3736000000.0,8667000000.0,1813000000.0,0.908,1.424,21117000000.0,2335000000.0,18782000000.0,21117000000.0,0.0,1650000000.0,0.0,0.046,0.66,3810000000.0,5460000000.0,0.371,5460000000.0,3810000000.0,3649000000.0,1.47,1.46,1.47,47406000000.0,,47406000000.0,86411934120.0,5.0,3.446,241000000.0,0.197,1.0,6046000000.0,0.411,10000000.0,161000000.0,115357000000.0,,1176000000.0,25064000000.0,0.0,25064000000.0,67492000000.0,17383000000.0,50109000000.0,69447934120.0,224000000.0,52000000.0,-111000000.0,-1967000000.0,-808000000.0,-532000000.0,-2773000000.0,0.0,3520000000.0,9000000.0,1798000000.0,1798000000.0,1798000000.0,0.0,15000000.0,0.122,2194000000.0,3852000000.0,9982000000.0,0.449,1.465,6.683,7.025,73612000000.0,0.0,57.18,1.147,1.153,9183000000.0,34764000000.0,14713000000.0,14713000000.0,215000000.0,,,,,0.0,329000000.0,1.0,1214549390.0,1220462000,1229343000.0,12.055,115359000000.0,0.0,1851000000.0,16992000000.0,94.521,-1602000000.0
36,COP,MRQ,2012-06-30,2012-06-30,2012-06-30,2021-08-25,3877000000.0,114008000000.0,,16912000000.0,97096000000.0,,36.827,-3623000000.0,6044000000.0,6044000000.0,8423000000.0,2289000000.0,0.921,1.47,23008000000.0,4179000000.0,18829000000.0,23008000000.0,0.0,1580000000.0,0.0,0.047,0.66,4689000000.0,6269000000.0,0.422,6269000000.0,4689000000.0,4492000000.0,1.82,1.8,1.82,45971000000.0,,45971000000.0,89266417555.0,4.0,3.405,-1273000000.0,-1.02,1.0,6419000000.0,0.432,11000000.0,197000000.0,112601000000.0,,1178000000.0,24969000000.0,0.0,24969000000.0,67565000000.0,18360000000.0,49205000000.0,70663417555.0,-2663000000.0,10000000.0,-3041000000.0,831000000.0,-818000000.0,-2081000000.0,-2915000000.0,505000000.0,2350000000.0,-17000000.0,2267000000.0,2267000000.0,2267000000.0,0.0,22000000.0,0.153,2162000000.0,4257000000.0,9096000000.0,0.363,1.537,6.304,6.498,71227000000.0,0.0,55.88,1.13,1.116,7719000000.0,33756000000.0,14842000000.0,14842000000.0,265000000.0,,,,,0.0,235000000.0,1.0,1264556506.0,1248300000,1258189000.0,11.89,113997000000.0,0.0,2225000000.0,16417000000.0,91.322,-1448000000.0
37,COP,MRQ,2012-03-31,2012-03-31,2012-03-31,2021-08-25,3972000000.0,162881000000.0,,37066000000.0,125815000000.0,,51.838,-3818000000.0,9757000000.0,9757000000.0,8732000000.0,2955000000.0,1.017,1.44,28360000000.0,7002000000.0,21358000000.0,28360000000.0,0.0,1571000000.0,0.0,0.035,0.66,5213000000.0,6784000000.0,0.422,6784000000.0,5213000000.0,5023000000.0,2.29,2.27,2.29,66534000000.0,,66534000000.0,114112434222.0,5.0,4.16,364000000.0,0.284,1.0,7351000000.0,0.457,4072000000.0,190000000.0,140982000000.0,,6072000000.0,35697000000.0,508000000.0,35189000000.0,95838000000.0,36430000000.0,59408000000.0,97269434222.0,-2073000000.0,38000000.0,-1863000000.0,-47000000.0,-843000000.0,-3270000000.0,-3010000000.0,92000000.0,4182000000.0,25000000.0,2937000000.0,2937000000.0,2937000000.0,0.0,18000000.0,0.183,2786000000.0,4565000000.0,21550000000.0,0.288,1.462,7.879,8.253,85559000000.0,0.0,76.01,1.488,1.493,17483000000.0,51286000000.0,16083000000.0,16083000000.0,675000000.0,,,,,0.0,326000000.0,1.0,1279692596.0,1283493000,1293104000.0,12.531,158809000000.0,0.0,2086000000.0,23460000000.0,123.732,636000000.0
38,COP,MRQ,2011-12-31,2011-12-31,2011-12-31,2021-08-25,3246000000.0,153230000000.0,,30218000000.0,123012000000.0,,49.744,-2467000000.0,5780000000.0,5780000000.0,9680000000.0,3410000000.0,1.077,1.341,22623000000.0,1013000000.0,21610000000.0,22623000000.0,0.0,1488000000.0,0.0,0.036,0.66,5075000000.0,6563000000.0,0.44,6563000000.0,5075000000.0,4850000000.0,2.56,2.55,2.56,65239000000.0,,65239000000.0,116465324971.0,5.0,4.097,3345000000.0,2.551,1.0,5223000000.0,0.35,4077000000.0,225000000.0,137928000000.0,,4631000000.0,34364000000.0,581000000.0,33783000000.0,87481000000.0,28068000000.0,59413000000.0,96752324971.0,2343000000.0,24000000.0,-3152000000.0,-515000000.0,-871000000.0,-4687000000.0,1124000000.0,2023000000.0,5812000000.0,94000000.0,3390000000.0,3390000000.0,3390000000.0,2980000000.0,20000000.0,0.227,2410000000.0,2813000000.0,19653000000.0,0.258,1.483,7.78,8.061,84180000000.0,0.0,72.87,1.464,1.517,16526000000.0,49049000000.0,14903000000.0,14903000000.0,332000000.0,,,,,0.0,269000000.0,1.0,1327738781.0,1311492000,1321862000.0,11.363,149153000000.0,0.0,1460000000.0,22260000000.0,113.728,2150000000.0
39,COP,MRQ,2011-09-30,2011-09-30,2011-09-30,2021-08-25,3203000000.0,154689000000.0,,32391000000.0,122298000000.0,,48.468,-3357000000.0,3437000000.0,3437000000.0,10647000000.0,2631000000.0,1.119,1.343,23150000000.0,616000000.0,22534000000.0,23150000000.0,0.0,1645000000.0,0.0,0.04,0.66,4956000000.0,6601000000.0,0.395,6601000000.0,4956000000.0,4726000000.0,1.93,1.91,1.93,65806000000.0,,65806000000.0,104630917672.0,5.0,3.857,2256000000.0,1.662,1.0,6048000000.0,0.362,4370000000.0,230000000.0,141096000000.0,,7164000000.0,36435000000.0,2589000000.0,33846000000.0,88363000000.0,28936000000.0,59427000000.0,86939917672.0,-2068000000.0,27000000.0,-3189000000.0,-41000000.0,-900000000.0,-4322000000.0,-3245000000.0,-29000000.0,5613000000.0,-114000000.0,2616000000.0,2616000000.0,2616000000.0,-1136000000.0,15000000.0,0.157,2056000000.0,3992000000.0,20835000000.0,0.342,1.321,7.842,8.025,83090000000.0,0.0,63.32,8.274,8.182,16416000000.0,46681000000.0,16695000000.0,16695000000.0,266000000.0,,,,,0.0,145000000.0,1.0,1373024600.0,1357710000,1369562000.0,12.296,150319000000.0,0.0,2110000000.0,22552000000.0,110.715,3455000000.0
40,COP,MRQ,2011-06-30,2011-06-30,2011-06-30,2021-08-25,6125000000.0,160068000000.0,,34678000000.0,125390000000.0,,50.061,-2506000000.0,5505000000.0,5505000000.0,10474000000.0,3419000000.0,1.182,1.277,23196000000.0,606000000.0,22590000000.0,23196000000.0,0.0,1624000000.0,0.0,0.032,0.66,5858000000.0,7482000000.0,0.423,7482000000.0,5858000000.0,5616000000.0,2.43,2.41,2.43,70059000000.0,,70059000000.0,123318562231.0,6.0,4.358,3768000000.0,2.692,1.0,7194000000.0,0.407,4398000000.0,242000000.0,144017000000.0,,6986000000.0,38391000000.0,2635000000.0,35756000000.0,89490000000.0,29344000000.0,60146000000.0,106281562231.0,-667000000.0,3000000.0,-3125000000.0,-5000000.0,-917000000.0,-4235000000.0,-2683000000.0,-424000000.0,6274000000.0,-23000000.0,3402000000.0,3402000000.0,3402000000.0,-1119000000.0,17000000.0,0.193,2313000000.0,4881000000.0,21018000000.0,0.272,1.517,9.221,9.375,84268000000.0,0.0,75.19,2.451,2.427,16805000000.0,44964000000.0,17668000000.0,17668000000.0,264000000.0,,,,,0.0,203000000.0,1.0,1413506613.0,1399473000,1412147000.0,12.625,155670000000.0,0.0,2214000000.0,22898000000.0,111.235,5334000000.0
41,COP,MRQ,2011-03-31,2011-03-31,2011-03-31,2021-08-25,5547000000.0,159643000000.0,,35613000000.0,124030000000.0,,48.853,-2884000000.0,6172000000.0,6172000000.0,49368000000.0,3042000000.0,1.219,1.274,23209000000.0,605000000.0,22604000000.0,23209000000.0,0.0,2070000000.0,0.0,0.029,0.66,6044000000.0,8114000000.0,0.139,8114000000.0,6044000000.0,5782000000.0,2.11,2.09,2.11,69972000000.0,,69972000000.0,128309687603.0,6.0,4.332,-937000000.0,-0.654,1.0,8879000000.0,0.152,4427000000.0,262000000.0,143035000000.0,,7944000000.0,37160000000.0,2231000000.0,34929000000.0,89122000000.0,29218000000.0,59904000000.0,114171687603.0,-3282000000.0,44000000.0,-1561000000.0,-373000000.0,-944000000.0,-3061000000.0,-2211000000.0,-1170000000.0,1947000000.0,43000000.0,3028000000.0,3028000000.0,3028000000.0,0.0,14000000.0,0.052,2745000000.0,6134000000.0,20203000000.0,0.313,1.632,9.291,9.53,83765000000.0,0.0,79.86,1.506,1.509,16408000000.0,42480000000.0,58247000000.0,58247000000.0,176000000.0,,,,,0.0,499000000.0,1.0,1429647979.0,1432285000,1445477000.0,40.667,155216000000.0,0.0,2754000000.0,22975000000.0,108.369,6395000000.0
42,COP,MRQ,2010-12-31,2010-12-31,2010-12-31,2021-08-25,4773000000.0,156314000000.0,,34660000000.0,121654000000.0,,47.178,-1164000000.0,9454000000.0,9454000000.0,-84031000000.0,2053000000.0,1.264,1.272,23592000000.0,936000000.0,22656000000.0,23592000000.0,0.0,1160000000.0,0.0,0.032,0.55,3770000000.0,4930000000.0,-0.06,4930000000.0,3770000000.0,3517000000.0,1.42,1.41,1.42,68562000000.0,,68562000000.0,115659188790.0,6.0,4.116,5027000000.0,3.459,1.0,1928000000.0,-0.023,4434000000.0,253000000.0,138599000000.0,,5197000000.0,35817000000.0,2056000000.0,33761000000.0,87205000000.0,27419000000.0,59786000000.0,100054188790.0,1458000000.0,169000000.0,-2534000000.0,32000000.0,-799000000.0,-3492000000.0,-1119000000.0,-982000000.0,6191000000.0,-122000000.0,2041000000.0,2041000000.0,2041000000.0,0.0,12000000.0,-0.025,-730000000.0,2658000000.0,18399000000.0,0.387,1.459,8.809,8.867,82554000000.0,0.0,68.1,1.58,1.591,15812000000.0,40397000000.0,-82103000000.0,-82103000000.0,277000000.0,,,,,0.0,-566000000.0,1.0,1469224505.0,1453248000,1466167000.0,-56.496,151880000000.0,0.0,1476000000.0,22209000000.0,104.511,7241000000.0
43,COP,MRQ,2010-09-30,2010-09-30,2010-09-30,2021-08-25,4405000000.0,155333000000.0,,35317000000.0,120016000000.0,,46.817,-2291000000.0,7996000000.0,7996000000.0,40861000000.0,3069000000.0,1.389,1.231,23601000000.0,376000000.0,23225000000.0,23601000000.0,0.0,2246000000.0,0.0,0.037,0.55,5524000000.0,7770000000.0,0.157,7770000000.0,5524000000.0,5260000000.0,2.06,2.05,2.06,69361000000.0,,69361000000.0,107348550012.0,6.0,3.748,2048000000.0,1.382,1.0,8688000000.0,0.175,4443000000.0,264000000.0,141074000000.0,,7741000000.0,36213000000.0,2856000000.0,33357000000.0,85416000000.0,25421000000.0,59995000000.0,85189550012.0,3876000000.0,-3000000.0,-844000000.0,-2838000000.0,-816000000.0,-4687000000.0,4101000000.0,0.0,4339000000.0,123000000.0,3055000000.0,3055000000.0,3055000000.0,0.0,14000000.0,0.062,3050000000.0,5638000000.0,16064000000.0,0.267,1.228,8.035,8.066,81460000000.0,0.0,57.43,0.45,0.45,13478000000.0,39156000000.0,49549000000.0,49549000000.0,252000000.0,,,,,0.0,493000000.0,1.0,1483363225.0,1481522000,1493080000.0,33.445,150890000000.0,0.0,2205000000.0,22472000000.0,101.848,9896000000.0
44,COP,MRQ,2010-06-30,2010-06-30,2010-06-30,2021-08-25,1881000000.0,151456000000.0,,26666000000.0,124790000000.0,,43.879,-2009000000.0,4120000000.0,4120000000.0,38954000000.0,4183000000.0,1.039,1.308,26279000000.0,3082000000.0,23197000000.0,26279000000.0,0.0,2280000000.0,0.0,0.041,0.55,6524000000.0,8804000000.0,0.176,8804000000.0,6524000000.0,6175000000.0,2.79,2.77,2.79,65371000000.0,,65371000000.0,101194534056.0,6.0,3.828,1466000000.0,0.984,1.0,11173000000.0,0.223,4446000000.0,349000000.0,143501000000.0,,7119000000.0,38351000000.0,0.0,38351000000.0,85511000000.0,25668000000.0,59843000000.0,73061534056.0,3265000000.0,32000000.0,-364000000.0,-2717000000.0,-816000000.0,-4066000000.0,3840000000.0,0.0,3475000000.0,16000000.0,4164000000.0,4164000000.0,4164000000.0,0.0,19000000.0,0.083,4463000000.0,6710000000.0,15376000000.0,0.197,1.118,8.103,8.127,81269000000.0,0.0,49.09,0.404,0.404,13197000000.0,36917000000.0,50127000000.0,50127000000.0,213000000.0,,,,,0.0,438000000.0,1.0,1488318070.0,1489814000,1501257000.0,33.646,147010000000.0,0.0,2011000000.0,21520000000.0,98.677,998000000.0
45,COP,MRQ,2010-03-31,2010-03-31,2010-03-31,2021-08-25,3275000000.0,154810000000.0,,23593000000.0,131217000000.0,,42.092,-2071000000.0,855000000.0,855000000.0,38085000000.0,2112000000.0,0.887,1.454,28988000000.0,2763000000.0,26225000000.0,28988000000.0,0.0,2318000000.0,0.0,0.038,0.5,4277000000.0,6595000000.0,0.144,6595000000.0,4277000000.0,3976000000.0,1.41,1.4,1.41,62837000000.0,,62837000000.0,104192504963.0,8.0,4.7,969000000.0,0.649,1.0,7677000000.0,0.168,4450000000.0,301000000.0,151888000000.0,,7300000000.0,39324000000.0,0.0,39324000000.0,91393000000.0,26605000000.0,64788000000.0,76081504963.0,313000000.0,-221000000.0,9000000.0,347000000.0,-744000000.0,-574000000.0,-2157000000.0,0.0,3040000000.0,4000000.0,2098000000.0,2098000000.0,2098000000.0,0.0,14000000.0,0.046,3236000000.0,4441000000.0,15937000000.0,0.355,1.211,13.32,13.36,86623000000.0,0.0,51.17,0.456,0.458,12630000000.0,32749000000.0,45762000000.0,45762000000.0,383000000.0,,,,,0.0,444000000.0,1.0,1486838088.0,1492861000,1503565000.0,30.654,150360000000.0,0.0,1878000000.0,21996000000.0,100.719,-3012000000.0
46,COP,MRQ,2009-12-31,2009-12-31,2009-12-31,2021-08-25,3065000000.0,152138000000.0,,21167000000.0,130971000000.0,,41.631,-2685000000.0,542000000.0,542000000.0,36889000000.0,1314000000.0,0.893,1.443,28653000000.0,1728000000.0,26925000000.0,28653000000.0,0.0,2391000000.0,0.0,0.037,0.5,3085000000.0,5476000000.0,0.125,5476000000.0,3085000000.0,2710000000.0,0.86,0.86,0.86,62023000000.0,,62023000000.0,105589268054.0,10.0,5.256,2409000000.0,1.617,1.0,6806000000.0,0.156,4461000000.0,375000000.0,152093000000.0,,4940000000.0,38094000000.0,0.0,38094000000.0,89525000000.0,23695000000.0,65830000000.0,75772268054.0,-99000000.0,-191000000.0,24000000.0,-1795000000.0,-742000000.0,-2687000000.0,-2506000000.0,0.0,5094000000.0,0.0,1285000000.0,1285000000.0,1285000000.0,0.0,29000000.0,0.029,3596000000.0,3210000000.0,15485000000.0,0.581,1.222,17.166,17.253,87708000000.0,0.0,51.07,0.497,0.499,13215000000.0,32214000000.0,43695000000.0,43695000000.0,328000000.0,,,,,0.0,452000000.0,1.0,1483694303.0,1489834000,1501259000.0,29.329,147677000000.0,0.0,1425000000.0,21358000000.0,99.123,-2528000000.0
47,COP,MRQ,2009-09-30,2009-09-30,2009-09-30,2021-08-25,2712000000.0,152427000000.0,,22253000000.0,130174000000.0,,41.328,-2598000000.0,641000000.0,641000000.0,34747000000.0,1487000000.0,0.903,1.469,30458000000.0,2796000000.0,27662000000.0,30458000000.0,0.0,2327000000.0,0.0,0.042,0.47,3232000000.0,5559000000.0,0.135,5559000000.0,3232000000.0,2896000000.0,0.98,0.97,0.98,61510000000.0,,61510000000.0,96443902144.0,-4.0,-7.663,335000000.0,0.225,1.0,6524000000.0,0.158,4546000000.0,336000000.0,153042000000.0,,6268000000.0,37850000000.0,0.0,37850000000.0,90330000000.0,24656000000.0,65674000000.0,66967902144.0,-247000000.0,-156000000.0,10000000.0,104000000.0,-697000000.0,-1268000000.0,-1921000000.0,0.0,2933000000.0,9000000.0,1470000000.0,1470000000.0,1470000000.0,0.0,17000000.0,0.036,3196000000.0,3328000000.0,14862000000.0,0.48,1.089,-2.393,-2.476,87136000000.0,0.0,45.16,0.434,0.435,12530000000.0,32181000000.0,41271000000.0,41271000000.0,386000000.0,,,,,0.0,427000000.0,1.0,1482903059.0,1488352000,1498204000.0,27.729,147881000000.0,0.0,1426000000.0,22138000000.0,99.359,-2403000000.0
48,COP,MRQ,2009-06-30,2009-06-30,2009-06-30,2021-08-25,998000000.0,150073000000.0,,23074000000.0,126999000000.0,,39.643,-2672000000.0,888000000.0,888000000.0,30897000000.0,875000000.0,0.999,1.528,30364000000.0,1438000000.0,28926000000.0,30364000000.0,0.0,2347000000.0,0.0,0.045,0.47,2190000000.0,4537000000.0,0.125,4537000000.0,2190000000.0,1922000000.0,0.58,0.57,0.58,58929000000.0,,58929000000.0,90891169820.0,-6.0,-14.954,-105000000.0,-0.071,1.0,5289000000.0,0.146,4550000000.0,268000000.0,151910000000.0,,6181000000.0,35589000000.0,0.0,35589000000.0,90066000000.0,23089000000.0,66977000000.0,62314169820.0,86000000.0,-8000000.0,0.0,989000000.0,-697000000.0,89000000.0,-2582000000.0,0.0,2567000000.0,12000000.0,859000000.0,859000000.0,859000000.0,0.0,16000000.0,0.024,3117000000.0,2172000000.0,14974000000.0,0.81,1.057,-2.568,-2.664,86246000000.0,0.0,42.06,0.338,0.339,12497000000.0,31388000000.0,36186000000.0,36186000000.0,243000000.0,,,,,0.0,476000000.0,1.0,1481554204.0,1486496000,1495700000.0,24.343,145523000000.0,0.0,1063000000.0,21952000000.0,97.897,-15000000.0
49,COP,MRQ,2009-03-31,2009-03-31,2009-03-31,2021-08-25,-2118000000.0,143251000000.0,,20203000000.0,123048000000.0,,37.079,-2906000000.0,802000000.0,802000000.0,25768000000.0,816000000.0,0.994,1.58,29379000000.0,82000000.0,29297000000.0,29379000000.0,0.0,2230000000.0,0.0,0.048,0.47,2286000000.0,4516000000.0,0.145,4516000000.0,2286000000.0,1976000000.0,0.54,0.54,0.54,55095000000.0,,55095000000.0,84666220055.0,-11.0,53.996,-1021000000.0,-0.687,1.0,5470000000.0,0.175,4614000000.0,310000000.0,146884000000.0,,6480000000.0,33719000000.0,0.0,33719000000.0,87058000000.0,20330000000.0,66728000000.0,57966220055.0,47000000.0,-77000000.0,-21000000.0,1931000000.0,-696000000.0,1011000000.0,-2926000000.0,0.0,1885000000.0,77000000.0,800000000.0,800000000.0,800000000.0,0.0,16000000.0,0.026,2933000000.0,2537000000.0,13321000000.0,0.87,1.052,-2.944,-3.052,84056000000.0,0.0,39.16,0.262,0.263,10319000000.0,30786000000.0,31238000000.0,31238000000.0,225000000.0,,,,,0.0,475000000.0,1.0,1480240553.0,1485890000,1495247000.0,21.023,138637000000.0,0.0,1176000000.0,22126000000.0,93.302,-127000000.0
50,COP,MRQ,2008-12-31,2008-12-31,2008-12-31,2021-08-25,-1875000000.0,142865000000.0,,20843000000.0,122022000000.0,,37.125,-8564000000.0,755000000.0,755000000.0,37045000000.0,-31096000000.0,0.957,1.57,27455000000.0,370000000.0,27085000000.0,27455000000.0,0.0,2264000000.0,0.0,0.036,0.47,-29462000000.0,-27198000000.0,-0.596,-27198000000.0,-29462000000.0,-29741000000.0,-20.34,-20.23,-20.34,55165000000.0,,55165000000.0,98208353286.0,-49.0,13.996,-5442000000.0,-3.662,1.0,8608000000.0,0.189,4624000000.0,279000000.0,143161000000.0,,5095000000.0,32899000000.0,0.0,32899000000.0,86600000000.0,21780000000.0,64820000000.0,77224353286.0,-361000000.0,37000000.0,-733000000.0,5353000000.0,-695000000.0,3732000000.0,-7458000000.0,0.0,3122000000.0,243000000.0,-31115000000.0,-31115000000.0,-31115000000.0,0.0,19000000.0,-0.682,37841000000.0,-29233000000.0,13990000000.0,-0.023,1.4,-4.723,-4.828,83947000000.0,0.0,51.8,0.313,0.32,11995000000.0,30642000000.0,45653000000.0,45653000000.0,473000000.0,,,,,0.0,561000000.0,1.0,1490817631.0,1485932000,1428872000.0,30.723,138241000000.0,0.0,1374000000.0,22440000000.0,93.033,-937000000.0
51,COP,MRQ,2008-09-30,2008-09-30,2008-09-30,2021-08-25,2742000000.0,184607000000.0,,28326000000.0,156281000000.0,,61.471,-3815000000.0,1116000000.0,1116000000.0,58286000000.0,5203000000.0,0.96,0.976,22100000000.0,387000000.0,21713000000.0,22100000000.0,0.0,2361000000.0,0.0,0.025,0.47,9706000000.0,12067000000.0,0.169,12067000000.0,9706000000.0,9467000000.0,3.43,3.39,3.43,92876000000.0,,92876000000.0,132462687682.0,4.0,3.012,3700000000.0,2.449,1.0,13087000000.0,0.183,30085000000.0,239000000.0,145996000000.0,,6741000000.0,36397000000.0,0.0,36397000000.0,90604000000.0,29510000000.0,61094000000.0,111325687682.0,329000000.0,-16000000.0,-2495000000.0,183000000.0,-710000000.0,-3208000000.0,-3736000000.0,0.0,7515000000.0,-242000000.0,5188000000.0,5188000000.0,5188000000.0,0.0,15000000.0,0.073,3198000000.0,9889000000.0,19237000000.0,0.137,1.199,5.817,5.936,89259000000.0,0.0,73.25,0.436,0.433,16986000000.0,63103000000.0,71373000000.0,71373000000.0,267000000.0,,,,,0.0,513000000.0,1.0,1519804610.0,1510897000,1528187000.0,47.239,154522000000.0,0.0,4279000000.0,26777000000.0,102.272,-1184000000.0
52,COP,MRQ,2008-06-30,2008-06-30,2008-06-30,2021-08-25,4304000000.0,190155000000.0,,33515000000.0,156640000000.0,,60.195,-3398000000.0,787000000.0,787000000.0,60121000000.0,5456000000.0,0.962,1.046,21924000000.0,385000000.0,21539000000.0,21924000000.0,0.0,2178000000.0,0.0,0.019,0.47,10005000000.0,12183000000.0,0.166,12183000000.0,10005000000.0,9795000000.0,3.54,3.5,3.54,92398000000.0,,92398000000.0,165660544296.0,5.0,4.068,2036000000.0,1.326,1.0,13232000000.0,0.18,30100000000.0,210000000.0,146345000000.0,,6757000000.0,35795000000.0,0.0,35795000000.0,96613000000.0,34847000000.0,61766000000.0,145591544296.0,-636000000.0,-83000000.0,-2334000000.0,426000000.0,-719000000.0,-2671000000.0,-3410000000.0,0.0,5434000000.0,11000000.0,5439000000.0,5439000000.0,5439000000.0,0.0,17000000.0,0.074,3114000000.0,10118000000.0,23361000000.0,0.133,1.576,8.262,8.45,89990000000.0,0.0,94.39,0.627,0.624,20461000000.0,58625000000.0,73353000000.0,73353000000.0,288000000.0,,,,,0.0,629000000.0,1.0,1542446703.0,1534975000,1555447000.0,47.788,160055000000.0,0.0,4356000000.0,27743000000.0,104.272,-1332000000.0
53,COP,MRQ,2008-03-31,2008-03-31,2008-03-31,2021-08-25,4138000000.0,183278000000.0,,28608000000.0,154670000000.0,,57.339,-3322000000.0,1423000000.0,1423000000.0,45666000000.0,4158000000.0,0.919,1.033,21492000000.0,384000000.0,21108000000.0,21492000000.0,0.0,2209000000.0,0.0,0.022,0.47,7756000000.0,9965000000.0,0.176,9965000000.0,7756000000.0,7549000000.0,2.65,2.62,2.65,89575000000.0,,89575000000.0,139233400381.0,5.0,4.049,3265000000.0,2.09,1.0,10886000000.0,0.192,30238000000.0,207000000.0,141984000000.0,,6995000000.0,34694000000.0,0.0,34694000000.0,92552000000.0,31125000000.0,61427000000.0,119002400381.0,-33000000.0,-67000000.0,-2489000000.0,-202000000.0,-730000000.0,-3617000000.0,-3012000000.0,0.0,6587000000.0,9000000.0,4139000000.0,4139000000.0,4139000000.0,0.0,19000000.0,0.073,3050000000.0,7836000000.0,20694000000.0,0.177,1.329,9.532,9.758,89207000000.0,0.0,76.21,0.572,0.572,17151000000.0,53906000000.0,56552000000.0,56552000000.0,309000000.0,,,,,0.0,526000000.0,1.0,1561506369.0,1562198000,1582025000.0,36.2,153040000000.0,0.0,3410000000.0,28081000000.0,97.965,-2517000000.0
54,COP,MRQ,2007-12-31,2007-12-31,2007-12-31,2021-08-25,4560000000.0,177757000000.0,,24735000000.0,153022000000.0,,55.943,-3884000000.0,1456000000.0,1456000000.0,43382000000.0,4458000000.0,0.92,0.984,21687000000.0,1398000000.0,20289000000.0,21687000000.0,0.0,2206000000.0,0.0,0.019,0.41,7560000000.0,9766000000.0,0.18,9766000000.0,7560000000.0,7324000000.0,2.72,2.68,2.72,88983000000.0,,88983000000.0,161737851665.0,7.0,4.928,3036000000.0,1.909,1.0,10916000000.0,0.201,30232000000.0,236000000.0,140874000000.0,,4223000000.0,33328000000.0,0.0,33328000000.0,87601000000.0,26882000000.0,60719000000.0,141240851665.0,77000000.0,-210000000.0,-2466000000.0,-202000000.0,-652000000.0,-3475000000.0,-3353000000.0,0.0,6920000000.0,-15000000.0,4371000000.0,4371000000.0,4371000000.0,0.0,87000000.0,0.081,3237000000.0,7679000000.0,17861000000.0,0.151,1.587,11.878,12.063,89003000000.0,0.0,88.3,0.726,0.737,16354000000.0,50510000000.0,54298000000.0,54298000000.0,268000000.0,,,,,0.0,606000000.0,1.0,1599556644.0,1590592000,1611944000.0,34.137,147525000000.0,0.0,2953000000.0,25832000000.0,92.748,-2147000000.0
55,COP,MRQ,2007-09-30,2007-09-30,2007-09-30,2021-08-25,3930000000.0,173427000000.0,,23639000000.0,149788000000.0,,53.581,-2560000000.0,1379000000.0,1379000000.0,38065000000.0,3673000000.0,0.982,0.981,21876000000.0,405000000.0,21471000000.0,21876000000.0,0.0,2052000000.0,0.0,0.018,0.41,6755000000.0,8807000000.0,0.184,8807000000.0,6755000000.0,6364000000.0,2.26,2.23,2.26,86933000000.0,,86933000000.0,164219088538.0,7.0,5.25,3431000000.0,2.115,1.0,9868000000.0,0.206,30273000000.0,391000000.0,139573000000.0,,5312000000.0,31743000000.0,0.0,31743000000.0,85314000000.0,24078000000.0,61236000000.0,142818088538.0,-32000000.0,-123000000.0,-2431000000.0,-961000000.0,-667000000.0,-4195000000.0,-1836000000.0,0.0,5991000000.0,8000000.0,3673000000.0,3673000000.0,3673000000.0,0.0,0.0,0.077,3027000000.0,6841000000.0,16257000000.0,0.181,1.643,13.326,13.524,87407000000.0,0.0,87.77,0.782,0.779,13778000000.0,46790000000.0,47933000000.0,47933000000.0,218000000.0,,,,,0.0,569000000.0,1.0,1627185696.0,1622456000,1644267000.0,29.543,143154000000.0,0.0,2691000000.0,25665000000.0,88.233,-439000000.0
56,COP,MRQ,2007-06-30,2007-06-30,2007-06-30,2021-08-25,2599000000.0,170868000000.0,,24381000000.0,146487000000.0,,51.917,-2500000000.0,1411000000.0,1411000000.0,38074000000.0,301000000.0,1.019,0.998,22812000000.0,1109000000.0,21703000000.0,22812000000.0,0.0,2016000000.0,0.0,0.02,0.41,3837000000.0,5853000000.0,0.118,5853000000.0,3837000000.0,3518000000.0,0.18,0.18,0.18,84928000000.0,,84928000000.0,151108392856.0,6.0,4.599,2266000000.0,1.385,1.0,11323000000.0,0.229,30504000000.0,319000000.0,137848000000.0,,5245000000.0,30315000000.0,0.0,30315000000.0,84760000000.0,23917000000.0,60843000000.0,128300392856.0,551000000.0,-109000000.0,-859000000.0,-865000000.0,-668000000.0,-2496000000.0,-1725000000.0,0.0,4766000000.0,6000000.0,301000000.0,301000000.0,301000000.0,0.0,0.0,0.006,7565000000.0,3758000000.0,16133000000.0,2.278,1.511,11.749,11.93,85296000000.0,0.0,78.5,0.696,0.696,14290000000.0,43783000000.0,49397000000.0,49397000000.0,259000000.0,,,,,0.0,604000000.0,1.0,1634399909.0,1635848000,1657999000.0,30.197,140364000000.0,0.0,3217000000.0,24654000000.0,85.805,464000000.0
57,COP,MRQ,2007-03-31,2007-03-31,2007-03-31,2021-08-25,1437000000.0,173209000000.0,,24741000000.0,148468000000.0,,51.466,-2847000000.0,860000000.0,860000000.0,33581000000.0,3546000000.0,0.915,1.029,23668000000.0,1707000000.0,21961000000.0,23668000000.0,0.0,2024000000.0,0.0,0.022,0.41,6373000000.0,8397000000.0,0.196,8397000000.0,6373000000.0,6066000000.0,2.15,2.12,2.15,84782000000.0,,84782000000.0,138691223927.0,5.0,3.649,4026000000.0,2.444,1.0,9286000000.0,0.217,32450000000.0,307000000.0,136542000000.0,,5685000000.0,31719000000.0,0.0,31719000000.0,87226000000.0,27025000000.0,60201000000.0,112374223927.0,43000000.0,-151000000.0,-960000000.0,-3491000000.0,-674000000.0,-5174000000.0,-1648000000.0,0.0,6873000000.0,-8000000.0,3546000000.0,3546000000.0,3546000000.0,0.0,0.0,0.083,2812000000.0,6474000000.0,16758000000.0,0.191,1.325,7.11,7.172,83904000000.0,0.0,68.35,0.613,0.614,13900000000.0,44150000000.0,42867000000.0,42867000000.0,262000000.0,,,,,0.0,527000000.0,1.0,1644099838.0,1647352000,1668847000.0,26.022,140759000000.0,0.0,2520000000.0,25583000000.0,85.446,-2284000000.0
58,COP,MRQ,2006-12-31,2006-12-31,2006-12-31,2021-08-25,1289000000.0,164781000000.0,,25066000000.0,139715000000.0,,50.068,-4083000000.0,817000000.0,817000000.0,32835000000.0,3197000000.0,0.948,0.979,27134000000.0,4043000000.0,23091000000.0,27134000000.0,0.0,2002000000.0,0.0,0.02,0.36,6221000000.0,8223000000.0,0.193,8223000000.0,6221000000.0,5917000000.0,1.9,1.88,1.9,82646000000.0,,82646000000.0,145524138333.0,5.0,3.965,1554000000.0,0.941,1.0,9700000000.0,0.228,32439000000.0,304000000.0,132228000000.0,,5153000000.0,20713000000.0,0.0,20713000000.0,80933000000.0,26431000000.0,54502000000.0,118413138333.0,121000000.0,-140000000.0,-175000000.0,-706000000.0,-593000000.0,-1536000000.0,-3924000000.0,0.0,5637000000.0,-56000000.0,3197000000.0,3197000000.0,3197000000.0,0.0,0.0,0.075,3409000000.0,6291000000.0,14634000000.0,0.189,1.433,7.615,7.342,86201000000.0,0.0,71.95,0.628,0.605,14106000000.0,41292000000.0,42535000000.0,42535000000.0,391000000.0,,,,,0.0,650000000.0,1.0,1645769817.0,1650659000,1674444000.0,25.768,132342000000.0,0.0,2720000000.0,24481000000.0,80.175,-1365000000.0
59,COP,MRQ,2006-09-30,2006-09-30,2006-09-30,2021-08-25,1722000000.0,163723000000.0,,24600000000.0,139123000000.0,,48.696,-3597000000.0,696000000.0,696000000.0,38044000000.0,3876000000.0,0.899,1.019,27807000000.0,4030000000.0,23777000000.0,27807000000.0,0.0,2137000000.0,0.0,0.023,0.36,8245000000.0,10382000000.0,0.209,10382000000.0,8245000000.0,7937000000.0,2.35,2.31,2.35,80476000000.0,,80476000000.0,126949757892.0,4.0,3.498,2638000000.0,1.596,1.0,11541000000.0,0.233,33023000000.0,308000000.0,130457000000.0,,6198000000.0,19530000000.0,0.0,19530000000.0,82026000000.0,27354000000.0,54672000000.0,98093757892.0,42000000.0,-252000000.0,-209000000.0,-1630000000.0,-593000000.0,-2508000000.0,-3676000000.0,0.0,6235000000.0,-9000000.0,3876000000.0,3876000000.0,3876000000.0,0.0,0.0,0.078,3251000000.0,8290000000.0,14051000000.0,0.153,1.219,6.119,5.659,86127000000.0,0.0,59.53,0.495,0.496,13045000000.0,38685000000.0,49585000000.0,49585000000.0,197000000.0,,,,,0.0,650000000.0,1.0,1647803761.0,1652623000,1675839000.0,30.004,130700000000.0,0.0,4061000000.0,25913000000.0,79.086,-2754000000.0
60,COP,MRQ,2006-06-30,2006-06-30,2006-06-30,2021-08-25,1759000000.0,161917000000.0,,21738000000.0,140179000000.0,,46.76,-3402000000.0,654000000.0,654000000.0,36563000000.0,5186000000.0,0.805,1.076,29510000000.0,4571000000.0,24939000000.0,29510000000.0,0.0,1965000000.0,0.0,0.02,0.36,9042000000.0,11007000000.0,0.227,11007000000.0,9042000000.0,8682000000.0,3.13,3.09,3.13,77377000000.0,,77377000000.0,137351719537.0,5.0,4.085,1442000000.0,0.871,1.0,11913000000.0,0.246,33295000000.0,360000000.0,130458000000.0,,6435000000.0,18326000000.0,0.0,18326000000.0,83294000000.0,27020000000.0,56274000000.0,108166719537.0,-2354000000.0,-245000000.0,-361000000.0,-2756000000.0,-595000000.0,-3732000000.0,-3579000000.0,0.0,4844000000.0,113000000.0,5186000000.0,5186000000.0,5186000000.0,0.0,0.0,0.107,2759000000.0,9154000000.0,14517000000.0,0.115,1.398,6.779,6.012,87920000000.0,0.0,65.53,0.546,0.547,12543000000.0,35402000000.0,48476000000.0,48476000000.0,134000000.0,,,,,0.0,610000000.0,1.0,1650644278.0,1654758000,1678445000.0,29.295,128622000000.0,0.0,3496000000.0,25261000000.0,77.729,-5282000000.0
61,COP,MRQ,2006-03-31,2006-03-31,2006-03-31,2021-08-25,986000000.0,159652000000.0,,22937000000.0,136715000000.0,,52.203,-4514000000.0,3008000000.0,3008000000.0,40057000000.0,3291000000.0,0.79,1.194,32193000000.0,6127000000.0,26066000000.0,32193000000.0,0.0,1180000000.0,0.0,0.02,0.36,5912000000.0,7092000000.0,0.148,7092000000.0,5912000000.0,5797000000.0,2.38,2.34,2.38,72193000000.0,,72193000000.0,97355979292.0,4.0,3.338,286000000.0,0.207,1.0,7870000000.0,0.164,33357000000.0,115000000.0,126457000000.0,,5507000000.0,16777000000.0,0.0,16777000000.0,86222000000.0,29023000000.0,57199000000.0,87053979292.0,794000000.0,-14305000000.0,40000000.0,15324000000.0,-496000000.0,14841000000.0,-18814000000.0,0.0,4800000000.0,-33000000.0,3291000000.0,3291000000.0,3291000000.0,0.0,0.0,0.069,1858000000.0,6012000000.0,13997000000.0,0.151,1.206,6.259,6.302,85960000000.0,0.0,63.15,0.453,0.454,12757000000.0,30813000000.0,47927000000.0,47927000000.0,112000000.0,,,,,0.0,566000000.0,1.0,1378526988.0,1382925000,1404704000.0,34.656,126295000000.0,0.0,2506000000.0,25807000000.0,91.325,-6086000000.0
62,COP,MRQ,2005-12-31,2005-12-31,2005-12-31,2021-08-25,814000000.0,106999000000.0,,19612000000.0,87387000000.0,,38.074,-3047000000.0,2214000000.0,2214000000.0,43401000000.0,3679000000.0,0.918,1.006,12516000000.0,1758000000.0,10758000000.0,12516000000.0,0.0,1178000000.0,0.0,0.02,0.31,6628000000.0,7806000000.0,0.15,7806000000.0,6628000000.0,6518000000.0,2.66,2.61,2.66,52731000000.0,,52731000000.0,91422535947.0,4.0,3.244,1628000000.0,1.175,1.0,8772000000.0,0.168,16439000000.0,110000000.0,79503000000.0,,3724000000.0,15726000000.0,0.0,15726000000.0,53059000000.0,21359000000.0,31700000000.0,80728535947.0,-589000000.0,-135000000.0,-734000000.0,-1038000000.0,-429000000.0,-2261000000.0,-3022000000.0,0.0,4675000000.0,19000000.0,3679000000.0,3679000000.0,3679000000.0,15000000.0,0.0,0.071,1975000000.0,6797000000.0,12267000000.0,0.117,1.531,5.967,5.992,54669000000.0,0.0,58.18,0.44,0.442,11940000000.0,28018000000.0,52173000000.0,52173000000.0,229000000.0,,,,,0.0,557000000.0,1.0,1387565073.0,1384944000,1408418000.0,37.672,90560000000.0,0.0,2839000000.0,14955000000.0,65.389,-1747000000.0
63,COP,MRQ,2005-09-30,2005-09-30,2005-09-30,2021-08-25,1015000000.0,104372000000.0,,20604000000.0,83768000000.0,,35.753,-3626000000.0,2803000000.0,2803000000.0,41096000000.0,3800000000.0,0.963,1.07,13497000000.0,1125000000.0,12372000000.0,13497000000.0,0.0,1049000000.0,0.0,0.016,0.31,6672000000.0,7721000000.0,0.155,7721000000.0,6672000000.0,6550000000.0,2.73,2.68,2.73,49838000000.0,,49838000000.0,109784020845.0,5.0,4.259,2470000000.0,1.772,1.0,8563000000.0,0.172,15970000000.0,122000000.0,77698000000.0,,4838000000.0,14802000000.0,0.0,14802000000.0,53302000000.0,21398000000.0,31904000000.0,97312020845.0,1262000000.0,-58000000.0,-475000000.0,-513000000.0,-430000000.0,-1428000000.0,-3384000000.0,0.0,6096000000.0,-22000000.0,3800000000.0,3800000000.0,3800000000.0,4000000.0,0.0,0.077,1801000000.0,6762000000.0,11897000000.0,0.114,1.953,7.923,7.935,52482000000.0,0.0,69.91,0.568,0.569,10406000000.0,24337000000.0,49659000000.0,49659000000.0,140000000.0,,,,,0.0,612000000.0,1.0,1391961391.0,1393943000,1417796000.0,35.625,88402000000.0,0.0,2750000000.0,15110000000.0,63.419,-794000000.0
64,COP,MRQ,2005-06-30,2005-06-30,2005-06-30,2021-08-25,1003000000.0,97469000000.0,,16747000000.0,80722000000.0,,33.865,-3125000000.0,1541000000.0,1541000000.0,35334000000.0,3138000000.0,1.026,1.035,14013000000.0,354000000.0,13659000000.0,14013000000.0,0.0,985000000.0,0.0,0.018,0.31,5566000000.0,6551000000.0,0.154,6551000000.0,5566000000.0,5439000000.0,2.25,2.21,2.25,47300000000.0,,47300000000.0,91634290551.0,5.0,4.028,-357000000.0,-0.256,1.0,7280000000.0,0.171,15994000000.0,127000000.0,77619000000.0,,4870000000.0,12569000000.0,0.0,12569000000.0,48957000000.0,16328000000.0,32629000000.0,80043290551.0,-880000000.0,4000000.0,-274000000.0,-13000000.0,-432000000.0,-686000000.0,-2900000000.0,0.0,2768000000.0,-62000000.0,3138000000.0,3138000000.0,3138000000.0,-7000000.0,0.0,0.074,1654000000.0,5626000000.0,10498000000.0,0.138,1.692,7.632,7.635,51730000000.0,0.0,57.49,0.512,0.514,9010000000.0,21399000000.0,42614000000.0,42614000000.0,121000000.0,,,,,0.0,539000000.0,1.0,1392299366.0,1396724000,1419288000.0,30.51,81475000000.0,0.0,2301000000.0,13454000000.0,58.333,419000000.0
65,COP,MRQ,2005-03-31,2005-03-31,2005-03-31,2021-08-25,1334000000.0,96890000000.0,,18083000000.0,78807000000.0,,32.213,-1822000000.0,2421000000.0,2421000000.0,32012000000.0,2912000000.0,1.006,1.126,14012000000.0,114000000.0,13898000000.0,14012000000.0,0.0,1041000000.0,0.0,0.017,0.25,5067000000.0,6108000000.0,0.157,6108000000.0,5067000000.0,4929000000.0,2.08,2.05,2.08,45031000000.0,,45031000000.0,88651198389.0,5.0,4.261,2267000000.0,1.622,1.0,6906000000.0,0.177,15976000000.0,138000000.0,74536000000.0,,4542000000.0,11389000000.0,0.0,11389000000.0,50685000000.0,17969000000.0,32716000000.0,75036198389.0,1034000000.0,25000000.0,-39000000.0,-986000000.0,-348000000.0,-1309000000.0,-1710000000.0,0.0,4089000000.0,-36000000.0,2912000000.0,2912000000.0,2912000000.0,11000000.0,0.0,0.075,1773000000.0,5133000000.0,11032000000.0,0.12,1.666,7.961,7.953,51053000000.0,0.0,53.92,0.515,0.518,9816000000.0,18692000000.0,38918000000.0,38918000000.0,171000000.0,,,,,0.0,539000000.0,1.0,1391620890.0,1397893000,1420372000.0,27.84,80914000000.0,0.0,2017000000.0,14616000000.0,57.883,114000000.0
66,COP,MRQ,2004-12-31,2004-12-31,2004-12-31,2021-08-25,1592000000.0,92861000000.0,,15021000000.0,77840000000.0,,30.714,-4837000000.0,1387000000.0,1387000000.0,33653000000.0,2432000000.0,0.964,1.148,15002000000.0,632000000.0,14370000000.0,15002000000.0,0.0,1030000000.0,0.0,0.021,0.25,4368000000.0,5398000000.0,0.135,5398000000.0,4368000000.0,4227000000.0,1.75,1.72,1.75,42723000000.0,,42723000000.0,72155940073.0,5.0,3.851,-1640000000.0,-1.179,1.0,6419000000.0,0.16,16086000000.0,141000000.0,74804000000.0,,3666000000.0,10408000000.0,0.0,10408000000.0,49033000000.0,15586000000.0,33447000000.0,59932940073.0,-1876000000.0,112000000.0,161000000.0,-471000000.0,-346000000.0,-595000000.0,-4560000000.0,0.0,3197000000.0,82000000.0,2432000000.0,2432000000.0,2432000000.0,48000000.0,0.0,0.061,1938000000.0,4481000000.0,9131000000.0,0.143,1.403,7.373,7.384,50902000000.0,0.0,43.415,0.438,0.438,8788000000.0,16128000000.0,40072000000.0,40072000000.0,192000000.0,,,,,0.0,615000000.0,1.0,1380466200.0,1390988000,1414086000.0,28.808,76775000000.0,0.0,1795000000.0,13539000000.0,55.195,-565000000.0
67,COP,MRQ,2004-09-30,2004-09-30,2004-09-30,2021-08-25,978000000.0,88818000000.0,,15993000000.0,72825000000.0,,28.741,-1594000000.0,3263000000.0,3263000000.0,29243000000.0,2006000000.0,1.054,1.207,15486000000.0,1079000000.0,14407000000.0,15486000000.0,0.0,938000000.0,0.0,0.021,0.215,3756000000.0,4694000000.0,0.135,4694000000.0,3756000000.0,3655000000.0,1.45,1.43,1.45,39767000000.0,,39767000000.0,71877967492.0,6.0,4.448,2819000000.0,2.037,1.0,5498000000.0,0.158,16180000000.0,101000000.0,69693000000.0,,4334000000.0,7497000000.0,0.0,7497000000.0,48015000000.0,15168000000.0,32847000000.0,57062967492.0,2459000000.0,30000000.0,62000000.0,-221000000.0,-296000000.0,-521000000.0,-1480000000.0,0.0,4413000000.0,47000000.0,2006000000.0,2006000000.0,2006000000.0,5000000.0,0.0,0.058,1684000000.0,3814000000.0,8277000000.0,0.148,1.435,8.494,8.489,48701000000.0,0.0,41.425,0.465,0.467,6973000000.0,14047000000.0,34741000000.0,34741000000.0,205000000.0,,,,,0.0,529000000.0,1.0,1377500724.0,1383652000,1403432000.0,25.108,72638000000.0,0.0,1649000000.0,12954000000.0,52.497,825000000.0
68,COP,MRQ,2004-06-30,2004-06-30,2004-06-30,2021-08-25,849000000.0,85534000000.0,,13778000000.0,71756000000.0,,27.422,-1584000000.0,804000000.0,804000000.0,26631000000.0,2075000000.0,0.949,1.234,15619000000.0,1241000000.0,14378000000.0,15619000000.0,0.0,912000000.0,0.0,0.022,0.215,3691000000.0,4603000000.0,0.144,4603000000.0,3691000000.0,3532000000.0,1.5,1.48,1.5,37826000000.0,,37826000000.0,68772296229.0,6.0,4.622,692000000.0,0.502,1.0,5255000000.0,0.165,16191000000.0,159000000.0,69636000000.0,,4665000000.0,7296000000.0,0.0,7296000000.0,46660000000.0,14522000000.0,32138000000.0,52322296229.0,145000000.0,9000000.0,95000000.0,-1361000000.0,-296000000.0,-1468000000.0,-671000000.0,0.0,2276000000.0,8000000.0,2075000000.0,2075000000.0,2075000000.0,-62000000.0,0.0,0.065,1611000000.0,3644000000.0,7900000000.0,0.143,1.383,8.694,8.689,47844000000.0,0.0,38.145,0.457,0.459,7073000000.0,12336000000.0,31886000000.0,31886000000.0,163000000.0,,,,,0.0,516000000.0,1.0,1371668534.0,1379380000,1398022000.0,23.116,69343000000.0,0.0,1457000000.0,12147000000.0,50.271,-744000000.0
69,COP,MRQ,2004-03-31,2004-03-31,2004-03-31,2021-08-25,797000000.0,84429000000.0,,12920000000.0,71509000000.0,,26.104,-1481000000.0,659000000.0,659000000.0,25514000000.0,1616000000.0,0.879,1.331,17109000000.0,1441000000.0,15668000000.0,17109000000.0,0.0,918000000.0,0.0,0.024,0.215,3122000000.0,4040000000.0,0.134,4040000000.0,3122000000.0,2977000000.0,1.18,1.165,1.18,35820000000.0,,35820000000.0,65052751912.0,7.0,4.92,592000000.0,0.431,1.0,4703000000.0,0.156,16197000000.0,145000000.0,69980000000.0,,4360000000.0,7170000000.0,0.0,7170000000.0,47663000000.0,14702000000.0,32961000000.0,47762751912.0,169000000.0,-44000000.0,112000000.0,-722000000.0,-294000000.0,-815000000.0,-1077000000.0,0.0,2073000000.0,-12000000.0,1616000000.0,1616000000.0,1616000000.0,-13000000.0,0.0,0.053,1560000000.0,3143000000.0,7536000000.0,0.182,1.333,9.31,9.271,47704000000.0,0.0,34.905,0.441,0.442,6392000000.0,10556000000.0,30217000000.0,30217000000.0,143000000.0,,,,,0.0,468000000.0,1.0,1368364186.0,1372196000,1388104000.0,22.021,68232000000.0,0.0,1361000000.0,12151000000.0,49.725,-1782000000.0
70,COP,MRQ,2003-12-31,2003-12-31,2003-12-31,2021-08-25,821000000.0,82455000000.0,,11192000000.0,71263000000.0,,25.206,-1784000000.0,490000000.0,490000000.0,22336000000.0,1021000000.0,0.799,1.375,17780000000.0,1440000000.0,16340000000.0,17780000000.0,0.0,911000000.0,0.0,0.025,0.215,1910000000.0,2821000000.0,0.109,2821000000.0,1910000000.0,1713000000.0,0.75,0.735,0.75,34366000000.0,,34366000000.0,62902436814.0,7.0,4.911,248000000.0,0.182,1.0,3626000000.0,0.14,16169000000.0,197000000.0,69565000000.0,,3957000000.0,7258000000.0,0.0,7258000000.0,47247000000.0,14011000000.0,33236000000.0,44638436814.0,7000000.0,21000000.0,55000000.0,-1019000000.0,-292000000.0,-1220000000.0,-785000000.0,0.0,2032000000.0,-20000000.0,1021000000.0,1021000000.0,1021000000.0,-36000000.0,0.0,0.039,1760000000.0,1866000000.0,6899000000.0,0.287,1.299,9.427,9.421,47428000000.0,0.0,32.785,0.425,0.425,5005000000.0,9234000000.0,25962000000.0,25962000000.0,211000000.0,,,,,0.0,578000000.0,1.0,1361550612.0,1363386000,1377976000.0,19.042,66286000000.0,0.0,692000000.0,11241000000.0,48.619,-2819000000.0
71,COP,MRQ,2003-09-30,2003-09-30,2003-09-30,2021-08-25,266000000.0,81952000000.0,,11763000000.0,70189000000.0,,24.214,-1520000000.0,483000000.0,483000000.0,22358000000.0,1306000000.0,0.796,1.462,18747000000.0,2404000000.0,16343000000.0,18747000000.0,0.0,858000000.0,0.0,0.029,0.2,2557000000.0,3415000000.0,0.129,3415000000.0,2557000000.0,2367000000.0,0.96,0.95,0.96,32965000000.0,,32965000000.0,54270962461.0,7.0,4.835,538000000.0,0.395,1.0,4135000000.0,0.156,16278000000.0,190000000.0,69162000000.0,,4074000000.0,7238000000.0,0.0,7238000000.0,48186000000.0,14776000000.0,33410000000.0,37225962461.0,-267000000.0,38000000.0,20000000.0,-1514000000.0,-272000000.0,-1702000000.0,-597000000.0,0.0,2058000000.0,-26000000.0,1306000000.0,1306000000.0,1306000000.0,-57000000.0,0.0,0.049,1559000000.0,2576000000.0,6794000000.0,0.208,1.129,11.329,12.059,46280000000.0,0.0,27.375,0.363,0.363,4673000000.0,8504000000.0,26493000000.0,26493000000.0,132000000.0,,,,,0.0,551000000.0,1.0,1359852510.0,1361378000,1372526000.0,19.46,65674000000.0,0.0,1061000000.0,11549000000.0,48.241,-3013000000.0
72,COP,MRQ,2003-06-30,2003-06-30,2003-06-30,2021-08-25,204000000.0,80729000000.0,,11581000000.0,69148000000.0,,23.552,-1557000000.0,524000000.0,524000000.0,21840000000.0,1187000000.0,0.793,1.487,17569000000.0,1544000000.0,16025000000.0,17569000000.0,0.0,857000000.0,0.0,0.028,0.2,2090000000.0,2947000000.0,0.115,2947000000.0,2090000000.0,1872000000.0,0.875,0.865,0.875,32032000000.0,,32032000000.0,55011952219.0,10.0,6.278,589000000.0,0.433,1.0,3734000000.0,0.146,16319000000.0,218000000.0,66847000000.0,,4163000000.0,7067000000.0,0.0,7067000000.0,47624000000.0,14608000000.0,33016000000.0,37194952219.0,107000000.0,-8000000.0,14000000.0,-709000000.0,-272000000.0,-948000000.0,-1104000000.0,0.0,2146000000.0,13000000.0,1187000000.0,1187000000.0,1187000000.0,-91000000.0,0.0,0.046,1748000000.0,1986000000.0,6513000000.0,0.229,1.161,19.954,23.025,45264000000.0,0.0,27.4,0.409,0.41,4675000000.0,7670000000.0,25574000000.0,25574000000.0,142000000.0,,,,,0.0,603000000.0,1.0,1357480008.0,1360056000,1368376000.0,18.804,64410000000.0,0.0,685000000.0,11894000000.0,47.358,-3027000000.0
73,COP,MRQ,2003-03-31,2003-03-31,2003-03-31,2021-08-25,9000000.0,80118000000.0,,12685000000.0,67433000000.0,,22.754,-1308000000.0,423000000.0,423000000.0,22764000000.0,1221000000.0,0.842,1.558,18240000000.0,844000000.0,17396000000.0,18240000000.0,0.0,859000000.0,0.0,0.028,0.2,2766000000.0,3625000000.0,0.134,3625000000.0,2766000000.0,2527000000.0,0.9,0.895,0.9,30925000000.0,,30925000000.0,55485236983.0,13.0,7.924,1812000000.0,1.333,1.0,4304000000.0,0.159,15733000000.0,239000000.0,67137000000.0,,3988000000.0,6914000000.0,0.0,6914000000.0,48195000000.0,15065000000.0,33130000000.0,36026236983.0,336000000.0,-28000000.0,19000000.0,-1569000000.0,-271000000.0,-1829000000.0,-1012000000.0,0.0,3120000000.0,57000000.0,1221000000.0,1221000000.0,1221000000.0,-53000000.0,0.0,0.045,1450000000.0,2854000000.0,7245000000.0,0.222,1.165,35.045,34.805,44282000000.0,0.0,26.8,0.475,0.481,5981000000.0,6824000000.0,27068000000.0,27068000000.0,116000000.0,,,,,0.0,447000000.0,1.0,1344262574.0,1359076000,1365488000.0,19.916,64385000000.0,0.0,1306000000.0,11901000000.0,47.374,-2380000000.0
74,COP,MRQ,2002-12-31,2002-12-31,2002-12-31,2021-08-25,-164000000.0,76836000000.0,,10903000000.0,65933000000.0,,30.614,-1909000000.0,307000000.0,307000000.0,20135000000.0,-428000000.0,0.851,1.569,19766000000.0,849000000.0,18917000000.0,19766000000.0,0.0,884000000.0,0.0,0.031,0.2,354000000.0,1238000000.0,0.053,1238000000.0,354000000.0,135000000.0,-0.465,-0.465,-0.465,29517000000.0,,29517000000.0,52687815023.0,31.0,13.383,83000000.0,0.086,1.0,3390000000.0,0.144,15563000000.0,219000000.0,67916000000.0,,3845000000.0,6821000000.0,0.0,6821000000.0,46318000000.0,12816000000.0,33502000000.0,32751815023.0,-210000000.0,-73000000.0,7000000.0,-587000000.0,-271000000.0,-873000000.0,-1320000000.0,0.0,1992000000.0,-9000000.0,-428000000.0,-428000000.0,-428000000.0,986000000.0,0.0,-0.018,1996000000.0,1394000000.0,6252000000.0,-0.43,1.11,-111.023,-79.328,43030000000.0,0.0,24.195,0.573,0.408,4380000000.0,5621000000.0,23525000000.0,23525000000.0,277000000.0,,,,,0.0,684000000.0,1.0,1353660468.0,964164000,971010000.0,24.399,61273000000.0,0.0,563000000.0,10352000000.0,63.55,-1913000000.0
75,COP,MRQ,2002-09-30,2002-09-30,2002-09-30,2021-08-25,-417000000.0,77484000000.0,,10667000000.0,66817000000.0,,31.195,-960000000.0,517000000.0,517000000.0,12840000000.0,-116000000.0,0.764,1.55,20453000000.0,2603000000.0,17850000000.0,20453000000.0,0.0,548000000.0,0.0,0.031,0.18,404000000.0,952000000.0,0.065,952000000.0,404000000.0,270000000.0,-0.12,-0.12,-0.12,29991000000.0,,29991000000.0,27214441302.0,15.0,7.69,917000000.0,0.954,1.0,1891000000.0,0.128,16271000000.0,134000000.0,67193000000.0,,4363000000.0,6647000000.0,0.0,6647000000.0,46492000000.0,13956000000.0,32536000000.0,17724441302.0,372000000.0,1159000000.0,4000000.0,-1432000000.0,-138000000.0,-1701000000.0,196000000.0,0.0,1877000000.0,0.0,-116000000.0,-116000000.0,-116000000.0,42000000.0,0.0,-0.008,1436000000.0,455000000.0,6316000000.0,-1.5,0.591,60.083,124.973,43378000000.0,0.0,23.12,0.42,0.527,4135000000.0,6319000000.0,14731000000.0,14731000000.0,85000000.0,,,,,0.0,795000000.0,1.0,766628084.0,961402000,961402000.0,15.322,61213000000.0,0.0,386000000.0,10822000000.0,63.671,-3289000000.0
76,COP,MRQ,2002-06-30,2002-06-30,2002-06-30,2021-08-25,-219000000.0,36823000000.0,,5059000000.0,31764000000.0,,18.827,-874000000.0,145000000.0,145000000.0,9013000000.0,351000000.0,0.857,1.523,9635000000.0,1059000000.0,8576000000.0,9635000000.0,0.0,385000000.0,0.0,0.024,0.18,802000000.0,1187000000.0,0.113,1187000000.0,802000000.0,696000000.0,0.455,0.455,0.455,14456000000.0,,14456000000.0,31272174932.0,14.0,8.53,-344000000.0,-0.448,1.0,1452000000.0,0.139,3630000000.0,106000000.0,36778000000.0,,2580000000.0,3530000000.0,0.0,3530000000.0,22017000000.0,5905000000.0,16112000000.0,22540174932.0,-25000000.0,14000000.0,8000000.0,725000000.0,-137000000.0,281000000.0,-836000000.0,0.0,530000000.0,0.0,351000000.0,351000000.0,351000000.0,-39000000.0,0.0,0.034,677000000.0,775000000.0,3214000000.0,0.396,1.559,29.084,30.667,24399000000.0,0.0,29.44,0.674,0.676,1939000000.0,7138000000.0,10465000000.0,10465000000.0,67000000.0,,,,,0.0,207000000.0,1.0,765630942.0,767826000,773422000.0,13.629,33193000000.0,104000000.0,345000000.0,5209000000.0,43.23,-846000000.0
77,COP,MRQ,2002-03-31,2002-03-31,2002-03-31,2021-08-25,-283000000.0,35671000000.0,,4629000000.0,31042000000.0,,18.454,-645000000.0,170000000.0,170000000.0,7470000000.0,-102000000.0,0.88,1.482,8902000000.0,481000000.0,8421000000.0,8902000000.0,0.0,406000000.0,0.0,0.023,0.18,154000000.0,560000000.0,0.066,560000000.0,154000000.0,47000000.0,-0.135,-0.135,-0.135,14111000000.0,,14111000000.0,32546094355.0,12.0,7.944,-66000000.0,-0.086,1.0,1010000000.0,0.119,3660000000.0,107000000.0,35485000000.0,,2519000000.0,3351000000.0,0.0,3351000000.0,20910000000.0,5258000000.0,15652000000.0,23999094355.0,28000000.0,-12000000.0,25000000.0,204000000.0,-138000000.0,73000000.0,-624000000.0,0.0,579000000.0,0.0,-102000000.0,-102000000.0,-102000000.0,4000000.0,0.0,-0.012,833000000.0,177000000.0,3000000000.0,-1.333,1.701,23.01,18.309,23868000000.0,0.0,31.4,0.845,0.845,1696000000.0,6931000000.0,8480000000.0,8480000000.0,163000000.0,,,,,0.0,264000000.0,1.0,764302368.0,764674000,764674000.0,11.09,32011000000.0,49000000.0,149000000.0,5047000000.0,41.862,-629000000.0
78,COP,MRQ,2001-12-31,2001-12-31,2001-12-31,2021-08-25,-255000000.0,35217000000.0,,6498000000.0,28719000000.0,,24.474,-927000000.0,142000000.0,142000000.0,7425000000.0,162000000.0,1.348,1.41,8654000000.0,44000000.0,8610000000.0,8654000000.0,0.0,396000000.0,0.0,0.023,0.18,444000000.0,840000000.0,0.099,840000000.0,444000000.0,346000000.0,-0.015,-0.015,-0.015,14340000000.0,,14340000000.0,30657926352.0,8.0,6.153,-715000000.0,-1.22,1.0,1052000000.0,0.124,3142000000.0,98000000.0,35766000000.0,,2452000000.0,3309000000.0,0.0,3309000000.0,20222000000.0,4821000000.0,15401000000.0,22975926352.0,-57000000.0,19000000.0,31000000.0,799000000.0,-137000000.0,670000000.0,-942000000.0,0.0,212000000.0,3000000.0,162000000.0,162000000.0,162000000.0,-24000000.0,0.0,0.019,629000000.0,423000000.0,2622000000.0,-12.0,1.602,13.833,10.628,22133000000.0,0.0,30.13,0.918,0.705,1229000000.0,7197000000.0,8477000000.0,8477000000.0,104000000.0,,,,,0.0,126000000.0,1.0,762559786.0,585928000,590032000.0,14.468,32075000000.0,0.0,184000000.0,4912000000.0,54.742,1677000000.0
79,COP,MRQ,2001-09-30,2001-09-30,2001-09-30,2021-08-25,-107000000.0,35350000000.0,,4788000000.0,30562000000.0,,25.955,-675000000.0,199000000.0,199000000.0,4653000000.0,364000000.0,0.839,1.406,7881000000.0,43000000.0,7838000000.0,7881000000.0,0.0,297000000.0,0.0,0.026,0.18,782000000.0,1079000000.0,0.179,1079000000.0,782000000.0,708000000.0,0.655,0.65,0.655,14422000000.0,,14422000000.0,20004298922.0,4.0,3.351,724000000.0,1.303,1.0,1379000000.0,0.229,3679000000.0,74000000.0,33648000000.0,,2617000000.0,3306000000.0,0.0,3306000000.0,20278000000.0,5705000000.0,14573000000.0,13819298922.0,112000000.0,49000000.0,9000000.0,-545000000.0,-92000000.0,-649000000.0,-638000000.0,0.0,1399000000.0,0.0,364000000.0,364000000.0,364000000.0,-5000000.0,0.0,0.06,573000000.0,806000000.0,3417000000.0,0.275,0.958,6.161,6.221,23443000000.0,0.0,26.97,0.615,0.666,1568000000.0,7210000000.0,6032000000.0,6032000000.0,71000000.0,,,,,0.0,203000000.0,1.0,512395214.0,555644000,559534000.0,10.856,31671000000.0,92000000.0,344000000.0,5433000000.0,56.999,-917000000.0
80,COP,MRQ,2001-06-30,2001-06-30,2001-06-30,2021-08-25,-128000000.0,20754000000.0,,2202000000.0,18552000000.0,,13.784,-758000000.0,87000000.0,87000000.0,3554000000.0,619000000.0,0.792,1.851,6272000000.0,4000000.0,6268000000.0,6272000000.0,0.0,329000000.0,0.0,0.024,0.17,1289000000.0,1618000000.0,0.298,1618000000.0,1289000000.0,1207000000.0,1.21,1.2,1.21,7052000000.0,,7052000000.0,20839471897.0,4.0,3.338,-65000000.0,-0.127,1.0,1874000000.0,0.345,0.0,82000000.0,24159000000.0,,533000000.0,3292000000.0,0.0,3292000000.0,13052000000.0,2780000000.0,10272000000.0,14577471897.0,-56000000.0,6000000.0,7000000.0,-137000000.0,-87000000.0,-225000000.0,-524000000.0,0.0,693000000.0,0.0,619000000.0,619000000.0,619000000.0,0.0,0.0,0.114,567000000.0,1307000000.0,1624000000.0,0.14,2.067,6.324,6.312,15124000000.0,0.0,28.5,0.658,0.658,1208000000.0,6928000000.0,5428000000.0,5428000000.0,64000000.0,,,,,0.0,151000000.0,1.0,511490242.0,511618000,515364000.0,10.609,20754000000.0,166000000.0,588000000.0,2893000000.0,40.565,-578000000.0
81,COP,MRQ,2001-03-31,2001-03-31,2001-03-31,2021-08-25,-121000000.0,20660000000.0,,2315000000.0,18345000000.0,,12.71,-656000000.0,143000000.0,143000000.0,3675000000.0,516000000.0,0.66,2.08,6405000000.0,262000000.0,6143000000.0,6405000000.0,0.0,322000000.0,0.0,0.025,0.17,1126000000.0,1448000000.0,0.272,1448000000.0,1126000000.0,1042000000.0,1.01,1.005,1.01,6496000000.0,,6496000000.0,20789145927.0,4.0,3.517,599000000.0,1.172,1.0,1642000000.0,0.309,0.0,84000000.0,23417000000.0,,530000000.0,3105000000.0,0.0,3105000000.0,13514000000.0,3505000000.0,10009000000.0,14054145927.0,-6000000.0,-22000000.0,4000000.0,-496000000.0,-87000000.0,-595000000.0,-666000000.0,0.0,1255000000.0,0.0,516000000.0,516000000.0,516000000.0,0.0,0.0,0.097,524000000.0,1118000000.0,1783000000.0,0.168,2.164,6.604,6.593,15102000000.0,0.0,27.525,0.634,0.635,1316000000.0,6407000000.0,5317000000.0,5317000000.0,67000000.0,,,,,0.0,135000000.0,1.0,510595674.0,511112000,514322000.0,10.403,20660000000.0,165000000.0,526000000.0,3013000000.0,40.422,-1190000000.0
82,COP,MRQ,2000-12-31,2000-12-31,2000-12-31,2021-08-25,-100000000.0,20509000000.0,,2606000000.0,17903000000.0,,11.933,-647000000.0,149000000.0,149000000.0,3691000000.0,744000000.0,0.746,2.259,6884000000.0,262000000.0,6622000000.0,6884000000.0,0.0,321000000.0,0.0,0.024,0.17,1504000000.0,1825000000.0,0.32,1825000000.0,1504000000.0,1394000000.0,1.46,1.445,1.46,6093000000.0,,6093000000.0,22351149731.0,5.0,4.217,650000000.0,1.273,1.0,2018000000.0,0.353,0.0,110000000.0,23752000000.0,,357000000.0,2999000000.0,0.0,2999000000.0,13766000000.0,3492000000.0,10274000000.0,14520149731.0,61000000.0,-65000000.0,4000000.0,-1147000000.0,-87000000.0,-1267000000.0,31000000.0,0.0,1297000000.0,0.0,744000000.0,744000000.0,744000000.0,-14000000.0,0.0,0.13,504000000.0,1514000000.0,1914000000.0,0.116,2.383,7.798,7.77,14784000000.0,0.0,28.44,0.644,0.642,1779000000.0,6019000000.0,5709000000.0,5709000000.0,106000000.0,,,,,0.0,74000000.0,1.0,510553788.0,510618000,515994000.0,11.181,20509000000.0,191000000.0,650000000.0,2709000000.0,40.165,-886000000.0
83,COP,MRQ,2000-09-30,2000-09-30,2000-09-30,2021-08-25,-90000000.0,20580000000.0,,2454000000.0,18126000000.0,,10.661,-653000000.0,88000000.0,88000000.0,4030000000.0,426000000.0,0.698,2.666,7919000000.0,410000000.0,7509000000.0,7919000000.0,0.0,316000000.0,0.0,0.022,0.17,1037000000.0,1353000000.0,0.237,1353000000.0,1037000000.0,938000000.0,0.835,0.83,0.835,5436000000.0,,5436000000.0,23878499608.0,7.0,5.601,478000000.0,0.937,1.0,1675000000.0,0.294,0.0,99000000.0,24894000000.0,,439000000.0,2897000000.0,0.0,2897000000.0,14494000000.0,3517000000.0,10977000000.0,15986499608.0,-147000000.0,-120000000.0,15000000.0,-473000000.0,-86000000.0,-568000000.0,-710000000.0,0.0,1131000000.0,0.0,426000000.0,426000000.0,426000000.0,0.0,0.0,0.075,615000000.0,1060000000.0,1754000000.0,0.204,2.941,11.686,11.642,15040000000.0,0.0,31.375,0.725,0.726,1567000000.0,5368000000.0,5705000000.0,5705000000.0,68000000.0,,,,,0.0,134000000.0,1.0,509529868.0,509880000,514784000.0,11.189,20580000000.0,197000000.0,512000000.0,2569000000.0,40.362,-1063000000.0
84,COP,MRQ,2000-06-30,2000-06-30,2000-06-30,2021-08-25,-72000000.0,20264000000.0,,3191000000.0,17073000000.0,,10.003,-418000000.0,235000000.0,235000000.0,3864000000.0,442000000.0,0.842,2.86,8127000000.0,808000000.0,7319000000.0,8127000000.0,0.0,298000000.0,0.0,0.027,0.17,987000000.0,1285000000.0,0.236,1285000000.0,987000000.0,888000000.0,0.87,0.865,0.87,5081000000.0,,5081000000.0,16705940972.0,6.0,4.611,398000000.0,0.784,1.0,1570000000.0,0.289,0.0,99000000.0,24364000000.0,,752000000.0,1237000000.0,0.0,1237000000.0,14533000000.0,3792000000.0,10741000000.0,12867940972.0,104000000.0,-4363000000.0,10000000.0,4146000000.0,-87000000.0,4037000000.0,-4749000000.0,0.0,816000000.0,0.0,442000000.0,442000000.0,442000000.0,0.0,0.0,0.081,549000000.0,1021000000.0,1847000000.0,0.195,2.533,11.064,11.044,15648000000.0,0.0,25.345,0.64,0.64,1847000000.0,5058000000.0,5434000000.0,5434000000.0,73000000.0,,,,,0.0,178000000.0,1.0,507711224.0,507972000,511948000.0,10.697,20264000000.0,198000000.0,446000000.0,2315000000.0,39.892,-601000000.0
85,COP,MRQ,2000-03-31,2000-03-31,2000-03-31,2021-08-25,-50000000.0,15062000000.0,,2638000000.0,12424000000.0,,9.272,-299000000.0,131000000.0,131000000.0,3664000000.0,250000000.0,1.014,2.063,3969000000.0,80000000.0,3889000000.0,3969000000.0,0.0,234000000.0,0.0,0.029,0.17,603000000.0,837000000.0,0.176,837000000.0,603000000.0,542000000.0,0.495,0.49,0.495,4705000000.0,,4705000000.0,15887906672.0,8.0,5.64,471000000.0,0.928,1.0,1104000000.0,0.232,0.0,61000000.0,16299000000.0,,570000000.0,2247000000.0,0.0,2247000000.0,9707000000.0,2601000000.0,7106000000.0,11723906672.0,-7000000.0,-42000000.0,2000000.0,-334000000.0,-86000000.0,-443000000.0,-334000000.0,0.0,770000000.0,0.0,250000000.0,250000000.0,250000000.0,0.0,0.0,0.052,470000000.0,634000000.0,1681000000.0,0.343,2.492,14.859,14.824,9995000000.0,0.0,23.125,0.655,0.655,1637000000.0,4717000000.0,4768000000.0,4768000000.0,51000000.0,,,,,0.0,185000000.0,1.0,506979748.0,507436000,509354000.0,9.396,15062000000.0,212000000.0,292000000.0,2041000000.0,29.683,37000000.0
86,COP,MRQ,1999-12-31,1999-12-31,1999-12-31,2021-08-25,-31000000.0,15201000000.0,,2773000000.0,12428000000.0,,8.979,-339000000.0,138000000.0,138000000.0,5077000000.0,250000000.0,1.1,2.199,4302000000.0,31000000.0,4271000000.0,4302000000.0,0.0,231000000.0,0.0,0.029,0.17,557000000.0,788000000.0,0.128,788000000.0,557000000.0,488000000.0,0.495,0.49,0.495,4549000000.0,,4549000000.0,16213331362.0,11.0,6.853,207000000.0,0.409,1.0,1061000000.0,0.173,0.0,69000000.0,16845000000.0,,515000000.0,1103000000.0,0.0,1103000000.0,10002000000.0,2520000000.0,7482000000.0,11904331362.0,-42000000.0,-11000000.0,2000000.0,-189000000.0,-86000000.0,-288000000.0,-300000000.0,0.0,546000000.0,0.0,250000000.0,250000000.0,250000000.0,0.0,0.0,0.041,474000000.0,587000000.0,1668000000.0,0.343,2.617,19.547,19.502,11086000000.0,0.0,23.5,0.759,0.758,1808000000.0,4563000000.0,6138000000.0,6138000000.0,64000000.0,,,,,0.0,174000000.0,1.0,506567292.0,506602000,509424000.0,12.116,15201000000.0,226000000.0,238000000.0,1889000000.0,30.006,253000000.0
87,COP,MRQ,1999-09-30,1999-09-30,1999-09-30,2021-08-25,-16000000.0,15191000000.0,,2779000000.0,12412000000.0,,8.656,-366000000.0,180000000.0,180000000.0,2834000000.0,221000000.0,1.073,2.316,4489000000.0,46000000.0,4443000000.0,4489000000.0,0.0,229000000.0,0.0,0.028,0.17,484000000.0,713000000.0,0.189,713000000.0,484000000.0,414000000.0,0.435,0.435,0.435,4385000000.0,,4385000000.0,16905146021.0,33.0,12.101,341000000.0,0.673,1.0,935000000.0,0.248,0.0,70000000.0,16910000000.0,,575000000.0,1059000000.0,0.0,1059000000.0,10156000000.0,2590000000.0,7566000000.0,12348146021.0,33000000.0,0.0,4000000.0,-240000000.0,-86000000.0,-351000000.0,-323000000.0,0.0,707000000.0,0.0,221000000.0,221000000.0,221000000.0,0.0,0.0,0.059,461000000.0,474000000.0,1697000000.0,0.391,2.816,82.873,78.629,11101000000.0,0.0,24.375,1.011,1.011,1748000000.0,4403000000.0,3769000000.0,3769000000.0,52000000.0,,,,,0.0,167000000.0,1.0,506590606.0,506612000,510890000.0,7.44,15191000000.0,253000000.0,193000000.0,1829000000.0,29.985,189000000.0
88,COP,MRQ,1999-06-30,1999-06-30,1999-06-30,2021-08-25,-34000000.0,14765000000.0,,2495000000.0,12270000000.0,,8.36,-617000000.0,147000000.0,147000000.0,2447000000.0,68000000.0,1.162,2.342,4704000000.0,76000000.0,4628000000.0,4704000000.0,0.0,222000000.0,0.0,0.027,0.17,257000000.0,479000000.0,0.148,479000000.0,257000000.0,184000000.0,0.135,0.135,0.135,4223000000.0,,4223000000.0,17101748820.0,89.0,15.82,-98000000.0,-0.194,1.0,784000000.0,0.243,0.0,73000000.0,17175000000.0,,546000000.0,1054000000.0,0.0,1054000000.0,9892000000.0,2147000000.0,7745000000.0,12703748820.0,-62000000.0,-4000000.0,14000000.0,95000000.0,-86000000.0,12000000.0,-593000000.0,0.0,519000000.0,0.0,68000000.0,68000000.0,68000000.0,0.0,0.0,0.021,499000000.0,285000000.0,1379000000.0,1.259,3.008,-488.606,-718.714,10964000000.0,0.0,25.155,1.118,1.119,1507000000.0,4274000000.0,3231000000.0,3231000000.0,62000000.0,,,,,0.0,164000000.0,1.0,505018836.0,505162000,509280000.0,6.396,14765000000.0,242000000.0,116000000.0,1635000000.0,29.228,348000000.0
89,COP,MRQ,1999-03-31,1999-03-31,1999-03-31,2021-08-25,-25000000.0,14460000000.0,,2556000000.0,11904000000.0,,8.34,-368000000.0,209000000.0,209000000.0,1908000000.0,70000000.0,1.244,2.284,4607000000.0,117000000.0,4490000000.0,4607000000.0,0.0,220000000.0,0.0,0.029,0.17,166000000.0,386000000.0,0.152,386000000.0,166000000.0,99000000.0,0.14,0.14,0.14,4205000000.0,,4205000000.0,16065854156.0,56.0,13.65,-199000000.0,-0.395,1.0,631000000.0,0.249,0.0,67000000.0,16803000000.0,,539000000.0,1026000000.0,0.0,1026000000.0,9605000000.0,2055000000.0,7550000000.0,11889854156.0,112000000.0,-2000000.0,-9000000.0,335000000.0,-86000000.0,209000000.0,-266000000.0,0.0,169000000.0,0.0,70000000.0,70000000.0,70000000.0,0.0,0.0,0.028,427000000.0,204000000.0,1349000000.0,1.214,2.828,185.779,175.0,10610000000.0,0.0,23.625,1.068,1.07,1355000000.0,4319000000.0,2539000000.0,2539000000.0,47000000.0,,,,,0.0,160000000.0,1.0,503274250.0,504216000,506854000.0,5.036,14460000000.0,301000000.0,29000000.0,1500000000.0,28.678,501000000.0
90,COP,MRQ,1998-12-31,1998-12-31,1998-12-31,2021-08-25,-13000000.0,14216000000.0,,2360000000.0,11856000000.0,,8.314,-478000000.0,97000000.0,97000000.0,2128000000.0,-210000000.0,1.107,2.215,4273000000.0,167000000.0,4106000000.0,4273000000.0,0.0,213000000.0,0.0,0.032,0.17,-394000000.0,-181000000.0,-0.068,-181000000.0,-394000000.0,-458000000.0,-0.4,-0.4,-0.4,4219000000.0,,4219000000.0,14346684553.0,23.0,9.439,-524000000.0,-1.033,1.0,550000000.0,0.205,0.0,64000000.0,16260000000.0,,540000000.0,1004000000.0,0.0,1004000000.0,9347000000.0,2132000000.0,7215000000.0,10854684553.0,-30000000.0,-7000000.0,-104000000.0,655000000.0,-87000000.0,451000000.0,-435000000.0,0.0,-46000000.0,0.0,-210000000.0,-210000000.0,-210000000.0,0.0,0.0,-0.078,963000000.0,-413000000.0,1340000000.0,-0.425,2.573,45.8,46.337,10585000000.0,0.0,21.315,0.916,0.93,1282000000.0,4343000000.0,2678000000.0,2678000000.0,173000000.0,,,,,0.0,241000000.0,1.0,509250976.0,507476000,510068000.0,5.277,14216000000.0,317000000.0,-248000000.0,1499000000.0,28.013,228000000.0
91,COP,MRQ,1998-09-30,1998-09-30,1998-09-30,2021-08-25,-2000000.0,14462000000.0,,2365000000.0,12097000000.0,,9.033,-732000000.0,127000000.0,127000000.0,2273000000.0,46000000.0,0.975,1.977,3619000000.0,124000000.0,3495000000.0,3619000000.0,0.0,233000000.0,0.0,0.03,0.17,164000000.0,397000000.0,0.136,397000000.0,164000000.0,108000000.0,0.09,0.09,0.09,4639000000.0,,4639000000.0,14660893658.0,10.0,6.325,-165000000.0,-0.321,1.0,640000000.0,0.22,0.0,56000000.0,15528000000.0,,599000000.0,1003000000.0,0.0,1003000000.0,9173000000.0,2426000000.0,6747000000.0,11660893658.0,-3000000.0,-3000000.0,-201000000.0,474000000.0,-88000000.0,153000000.0,-723000000.0,0.0,567000000.0,0.0,46000000.0,46000000.0,46000000.0,0.0,0.0,0.016,462000000.0,178000000.0,1553000000.0,1.889,2.514,17.776,17.98,10855000000.0,0.0,22.565,0.901,0.896,1374000000.0,4646000000.0,2913000000.0,2913000000.0,45000000.0,,,,,0.0,147000000.0,1.0,516769052.0,513558000,517318000.0,5.672,14462000000.0,226000000.0,62000000.0,1804000000.0,28.16,-61000000.0
92,COP,MRQ,1998-06-30,1998-06-30,1998-06-30,2021-08-25,-23000000.0,13953000000.0,,2428000000.0,11525000000.0,,9.296,-426000000.0,130000000.0,130000000.0,2181000000.0,158000000.0,1.107,1.748,3130000000.0,106000000.0,3024000000.0,3130000000.0,0.0,222000000.0,0.0,0.028,0.17,353000000.0,575000000.0,0.192,575000000.0,353000000.0,319000000.0,0.305,0.3,0.305,4841000000.0,,4841000000.0,15413954491.0,9.0,5.736,42000000.0,0.081,1.0,819000000.0,0.273,0.0,34000000.0,14760000000.0,,611000000.0,984000000.0,0.0,984000000.0,8462000000.0,2193000000.0,6269000000.0,12579954491.0,-64000000.0,-2000000.0,-106000000.0,95000000.0,-89000000.0,-116000000.0,-416000000.0,0.0,468000000.0,0.0,158000000.0,158000000.0,158000000.0,0.0,0.0,0.053,453000000.0,366000000.0,1475000000.0,0.557,2.599,15.23,15.298,10309000000.0,0.0,24.095,0.904,0.901,1427000000.0,4690000000.0,3000000000.0,3000000000.0,49000000.0,,,,,0.0,152000000.0,1.0,522098132.0,520766000,525430000.0,5.761,13953000000.0,217000000.0,161000000.0,1684000000.0,26.793,235000000.0
93,COP,MRQ,1998-03-31,1998-03-31,1998-03-31,2021-08-25,-8000000.0,13964000000.0,,2575000000.0,11389000000.0,,9.319,-416000000.0,194000000.0,194000000.0,2305000000.0,243000000.0,1.137,1.724,3028000000.0,99000000.0,2929000000.0,3028000000.0,0.0,231000000.0,0.0,0.027,0.17,498000000.0,729000000.0,0.224,729000000.0,498000000.0,452000000.0,0.465,0.46,0.465,4888000000.0,,4888000000.0,15950452814.0,8.0,5.515,225000000.0,0.429,1.0,949000000.0,0.292,0.0,46000000.0,14534000000.0,,527000000.0,980000000.0,0.0,980000000.0,8426000000.0,2264000000.0,6162000000.0,13104452814.0,31000000.0,-6000000.0,-99000000.0,19000000.0,-89000000.0,-200000000.0,-410000000.0,0.0,641000000.0,0.0,243000000.0,243000000.0,243000000.0,0.0,0.0,0.075,438000000.0,511000000.0,1436000000.0,0.366,2.681,13.44,13.461,10173000000.0,0.0,24.97,0.892,0.892,1562000000.0,4625000000.0,3254000000.0,3254000000.0,50000000.0,,,,,0.0,157000000.0,1.0,524807882.0,524512000,528734000.0,6.204,13964000000.0,220000000.0,209000000.0,1774000000.0,26.623,311000000.0
94,COP,MRQ,1997-12-31,1997-12-31,1997-12-31,2021-08-25,-8000000.0,13860000000.0,,2648000000.0,11212000000.0,,9.145,-766000000.0,163000000.0,163000000.0,2761000000.0,209000000.0,1.083,1.744,3009000000.0,234000000.0,2775000000.0,3009000000.0,0.0,173000000.0,0.0,0.028,0.17,444000000.0,617000000.0,0.164,617000000.0,444000000.0,399000000.0,0.395,0.395,0.395,4814000000.0,,4814000000.0,,,,-379000000.0,-0.72,1.0,1011000000.0,0.268,0.0,45000000.0,14261000000.0,,500000000.0,964000000.0,0.0,964000000.0,8396000000.0,2445000000.0,5951000000.0,12760703651.0,-736000000.0,-13000000.0,-27000000.0,169000000.0,-90000000.0,-346000000.0,-777000000.0,0.0,387000000.0,0.0,209000000.0,209000000.0,209000000.0,0.0,0.0,0.055,517000000.0,494000000.0,1546000000.0,0.43,2.651,13.306,13.36,10022000000.0,0.0,24.315,0.827,0.83,1717000000.0,4491000000.0,3772000000.0,3772000000.0,83000000.0,,,,,0.0,193000000.0,1.0,524807882.0,526382000,530838000.0,7.166,13860000000.0,250000000.0,190000000.0,1622000000.0,26.331,203000000.0
95,COP,MRQ,1997-09-30,1997-09-30,1997-09-30,2021-08-25,,,,,,,,-505000000.0,,,2898000000.0,216000000.0,,,,,,,,250000000.0,,0.026,0.17,516000000.0,766000000.0,0.197,766000000.0,516000000.0,466000000.0,0.41,0.405,0.41,,,,,,,260000000.0,0.493,1.0,997000000.0,0.256,,50000000.0,,,,,,,,,,,125000000.0,-9000000.0,11000000.0,-10000000.0,-89000000.0,-128000000.0,-512000000.0,0.0,765000000.0,0.0,216000000.0,216000000.0,216000000.0,0.0,0.0,0.055,465000000.0,532000000.0,,0.415,,,,,0.0,25.815,,,,,3895000000.0,3895000000.0,44000000.0,,,,,0.0,171000000.0,1.0,,527006000,531568000.0,7.391,,,250000000.0,,,
96,COP,MRQ,1997-06-30,1997-06-30,1997-06-30,2021-08-25,,,,,,,,-394000000.0,,,2828000000.0,307000000.0,,,,,,,,189000000.0,,0.03,0.17,591000000.0,780000000.0,0.207,780000000.0,591000000.0,542000000.0,0.585,0.575,0.585,,,,,,,61000000.0,0.116,1.0,935000000.0,0.248,,49000000.0,,,,,,,,,,,-87000000.0,-1000000.0,-18000000.0,-28000000.0,-90000000.0,-158000000.0,-384000000.0,0.0,455000000.0,0.0,307000000.0,307000000.0,307000000.0,0.0,0.0,0.082,399000000.0,536000000.0,,0.291,,,,,0.0,21.875,,,,,3763000000.0,3763000000.0,75000000.0,,,,,0.0,135000000.0,1.0,,526686000,530726000.0,7.145,,,235000000.0,,,
97,COP,MRQ,1997-03-31,1997-03-31,1997-03-31,2021-08-25,,,,,,,,-378000000.0,,,3043000000.0,227000000.0,,,,,,,,183000000.0,,0.031,0.16,547000000.0,730000000.0,0.183,730000000.0,547000000.0,493000000.0,0.43,0.43,0.43,,,,,,,260000000.0,0.493,1.0,951000000.0,0.238,,54000000.0,,,,,,,,,,,246000000.0,-11000000.0,4000000.0,-232000000.0,-84000000.0,-9000000.0,-383000000.0,0.0,638000000.0,0.0,227000000.0,227000000.0,227000000.0,0.0,0.0,0.057,384000000.0,567000000.0,,0.372,,,,,0.0,20.44,,,,,3994000000.0,3994000000.0,40000000.0,,,,,0.0,161000000.0,1.0,,527064000,531610000.0,7.578,,,266000000.0,,,
98,COP,MRQ,1996-12-31,1996-12-31,1996-12-31,2021-08-25,54000000.0,13548000000.0,,3306000000.0,10242000000.0,,8.084,,615000000.0,615000000.0,,,1.054,2.034,3129000000.0,574000000.0,2555000000.0,3129000000.0,0.0,,0.0,0.028,0.16,,,,,,,,,,4251000000.0,,4251000000.0,,,,,,1.0,,,0.0,,12925000000.0,,472000000.0,912000000.0,0.0,912000000.0,8647000000.0,3137000000.0,5510000000.0,,,,,,,,,,,,,,,,,,,,1793000000.0,,,,8.921,9120000000.0,,22.125,,0.736,1988000000.0,3939000000.0,,,,,,,,,,1.0,,525838000,,,13548000000.0,202000000.0,,1530000000.0,25.765,169000000.0
0,COP,MRT,2021-06-30,2021-06-30,2021-06-30,2021-08-25,-4920000000.0,85403000000.0,73717750000.0,17172000000.0,68231000000.0,0.423,32.83,-4655000000.0,6608000000.0,6608000000.0,17768000000.0,1851000000.0,2.107,0.929,20010000000.0,1205000000.0,18805000000.0,20010000000.0,0.0,6705000000.0,0.0,0.028,1.71,4044000000.0,10749000000.0,0.345,10749000000.0,4044000000.0,3196000000.0,1.16,1.16,1.16,44276000000.0,37015750000.0,44276000000.0,99375583849.0,25.0,9.245,4216000000.0,3.126,1.0,13431000000.0,0.43,0.0,848000000.0,90655000000.0,81351000000.0,1138000000.0,12125000000.0,4053000000.0,8072000000.0,41127000000.0,8150000000.0,32977000000.0,82179583849.0,3766000000.0,484000000.0,-1179000000.0,216000000.0,-2089000000.0,-3047000000.0,-2140000000.0,1674000000.0,8871000000.0,82000000.0,1851000000.0,1851000000.0,1851000000.0,0.0,0.0,0.059,9103000000.0,4328000000.0,3613000000.0,1.474,1.856,44.397,52.5,57717000000.0,0.0,60.9,2.634,2.633,4524000000.0,37116000000.0,31199000000.0,31199000000.0,1313000000.0,0.025,0.05,0.05,0.13,0.0,705000000.0,1.0,1349418454.0,1348637000,1353201000.0,23.134,85403000000.0,0.0,1345000000.0,6737000000.0,63.325,9022000000.0
1,COP,MRT,2021-03-31,2021-03-31,2021-03-31,2021-08-25,-5080000000.0,83693000000.0,68128500000.0,14614000000.0,69079000000.0,0.367,33.187,-4266000000.0,2831000000.0,2831000000.0,15328000000.0,38000000.0,2.034,0.939,20027000000.0,689000000.0,19338000000.0,20027000000.0,0.0,5996000000.0,0.0,0.032,1.7,949000000.0,6945000000.0,0.278,6945000000.0,949000000.0,119000000.0,-0.15,-0.15,-0.15,43155000000.0,33820000000.0,43155000000.0,84138298489.0,89.0,12.115,511000000.0,0.393,1.0,9676000000.0,0.387,0.0,830000000.0,93705000000.0,76445250000.0,1098000000.0,14013000000.0,5668000000.0,8345000000.0,40538000000.0,7184000000.0,33354000000.0,71760298489.0,-1020000000.0,484000000.0,-576000000.0,44000000.0,-1961000000.0,-2493000000.0,-3404000000.0,-222000000.0,4777000000.0,100000000.0,20000000.0,20000000.0,20000000.0,0.0,18000000.0,0.001,8425000000.0,1251000000.0,3801000000.0,-11.333,1.663,3588.015,-353.133,58270000000.0,0.0,52.97,2.87,2.755,4481000000.0,35608000000.0,25004000000.0,25004000000.0,1353000000.0,0.0,0.001,0.012,0.038,0.0,744000000.0,1.0,1354734727.0,1300375000,1302691000.0,19.228,83693000000.0,0.0,99000000.0,5941000000.0,64.361,7430000000.0
2,COP,MRT,2020-12-31,2020-12-31,2020-12-31,2021-08-25,-5218000000.0,62618000000.0,63463500000.0,12066000000.0,50552000000.0,0.303,27.688,-4715000000.0,2991000000.0,2991000000.0,13176000000.0,-2655000000.0,2.249,1.098,15369000000.0,619000000.0,14750000000.0,15369000000.0,0.0,5521000000.0,0.0,0.042,1.69,-2380000000.0,3141000000.0,0.163,3141000000.0,-2380000000.0,-3186000000.0,-2.51,-2.51,-2.51,29849000000.0,30860000000.0,29849000000.0,55795938304.0,-23.0,17.764,87000000.0,0.081,1.0,6080000000.0,0.316,0.0,806000000.0,69630000000.0,70524750000.0,1002000000.0,12996000000.0,4865000000.0,8131000000.0,32769000000.0,5366000000.0,27403000000.0,42898938304.0,-2047000000.0,116000000.0,-897000000.0,46000000.0,-1831000000.0,-2708000000.0,-4121000000.0,-658000000.0,4802000000.0,-20000000.0,-2701000000.0,-2701000000.0,-2701000000.0,0.0,46000000.0,-0.14,8234000000.0,-2154000000.0,2698000000.0,-0.673,1.437,-15.883,-15.932,39893000000.0,0.0,39.99,2.228,2.239,2754000000.0,35213000000.0,19256000000.0,19256000000.0,1457000000.0,-0.043,-0.088,-0.034,-0.124,0.0,430000000.0,1.0,1072741643.0,1078030000,1078030000.0,17.862,62618000000.0,0.0,-485000000.0,4067000000.0,58.086,6700000000.0
3,COP,MRT,2020-09-30,2020-09-30,2020-09-30,2021-08-25,-5666000000.0,63157000000.0,65437500000.0,11059000000.0,52098000000.0,0.326,28.572,-5252000000.0,2490000000.0,2490000000.0,13715000000.0,-1140000000.0,2.383,1.052,15387000000.0,482000000.0,14905000000.0,15387000000.0,0.0,5468000000.0,0.0,0.051,1.68,-37000000.0,5431000000.0,0.254,5431000000.0,-37000000.0,-837000000.0,-1.1,-1.1,-1.1,30783000000.0,32143000000.0,30783000000.0,47314074336.0,-1279.0,8.712,860000000.0,0.798,1.0,7632000000.0,0.358,0.0,800000000.0,71414000000.0,71436750000.0,1034000000.0,13250000000.0,4841000000.0,8409000000.0,32374000000.0,4640000000.0,27734000000.0,35223074336.0,-4662000000.0,116000000.0,-1468000000.0,45000000.0,-1830000000.0,-3326000000.0,-7408000000.0,-3334000000.0,6112000000.0,-40000000.0,-1209000000.0,-1209000000.0,-1209000000.0,0.0,69000000.0,-0.057,7379000000.0,253000000.0,2239000000.0,-1.527,1.144,-29.134,-29.855,41269000000.0,0.0,32.84,1.65,1.657,2119000000.0,36448000000.0,21347000000.0,21347000000.0,561000000.0,-0.018,-0.038,-0.001,-0.002,0.0,436000000.0,1.0,1072566210.0,1077377000,1077377000.0,19.814,63157000000.0,0.0,372000000.0,4193000000.0,58.621,6419000000.0
4,COP,MRT,2020-06-30,2020-06-30,2020-06-30,2021-08-25,-5825000000.0,63046000000.0,67233250000.0,11053000000.0,51993000000.0,0.402,29.251,-5795000000.0,2907000000.0,2907000000.0,15012000000.0,2381000000.0,2.693,1.002,14998000000.0,146000000.0,14852000000.0,14998000000.0,0.0,5623000000.0,0.0,0.037,1.565,3937000000.0,9560000000.0,0.353,9560000000.0,3937000000.0,3153000000.0,2.08,2.06,2.08,31493000000.0,33233750000.0,31493000000.0,56128305307.0,14.0,5.871,1786000000.0,1.659,1.0,12048000000.0,0.445,0.0,784000000.0,71032000000.0,71614500000.0,982000000.0,13457000000.0,4956000000.0,8501000000.0,31553000000.0,4105000000.0,27448000000.0,45063305307.0,-3007000000.0,131000000.0,-2216000000.0,-256000000.0,-1717000000.0,-4281000000.0,-6142000000.0,-3455000000.0,7581000000.0,-165000000.0,2297000000.0,2297000000.0,2297000000.0,0.0,84000000.0,0.085,7798000000.0,4250000000.0,2080000000.0,0.752,1.431,19.618,20.202,41120000000.0,0.0,42.02,1.665,1.672,1532000000.0,37351000000.0,27060000000.0,27060000000.0,796000000.0,0.034,0.069,0.055,0.145,0.0,427000000.0,1.0,1072425162.0,1076659000,1077606000.0,25.133,63046000000.0,0.0,856000000.0,4213000000.0,58.557,6948000000.0
5,COP,MRT,2020-03-31,2020-03-31,2020-03-31,2021-08-25,-6145000000.0,65033000000.0,69287000000.0,13144000000.0,51889000000.0,0.454,28.873,-6648000000.0,3908000000.0,3908000000.0,16980000000.0,3700000000.0,2.164,1.074,14973000000.0,126000000.0,14847000000.0,14973000000.0,0.0,5955000000.0,0.0,0.047,1.45,5938000000.0,11893000000.0,0.378,11893000000.0,5938000000.0,5191000000.0,3.24,3.22,3.24,31315000000.0,33604500000.0,31315000000.0,43105878382.0,7.0,3.624,3667000000.0,3.381,1.0,14444000000.0,0.46,0.0,747000000.0,70023000000.0,71668250000.0,726000000.0,13160000000.0,4286000000.0,8874000000.0,33646000000.0,6075000000.0,27571000000.0,33298878382.0,-2287000000.0,131000000.0,-3464000000.0,-85000000.0,-1608000000.0,-5286000000.0,-7073000000.0,-3844000000.0,10315000000.0,-243000000.0,3617000000.0,3617000000.0,3617000000.0,0.0,83000000.0,0.115,8152000000.0,6292000000.0,2921000000.0,0.448,1.063,9.206,9.506,40645000000.0,0.0,30.8,1.06,1.063,2264000000.0,37545000000.0,31424000000.0,31424000000.0,821000000.0,0.052,0.108,0.083,0.189,0.0,400000000.0,1.0,1081132415.0,1084561000,1084561000.0,28.974,65033000000.0,0.0,1574000000.0,4994000000.0,59.963,7069000000.0
6,COP,MRT,2019-12-31,2019-12-31,2019-12-31,2021-08-25,-5357000000.0,70514000000.0,70903250000.0,16913000000.0,53601000000.0,0.517,31.31,-6636000000.0,5088000000.0,5088000000.0,18117000000.0,7257000000.0,2.401,1.014,14895000000.0,105000000.0,14790000000.0,14895000000.0,0.0,6090000000.0,0.0,0.021,1.335,10234000000.0,16324000000.0,0.445,16324000000.0,10234000000.0,9456000000.0,6.43,6.4,6.43,34981000000.0,33990500000.0,34981000000.0,79082381415.0,8.0,4.845,4468000000.0,3.999,1.0,18553000000.0,0.506,0.0,778000000.0,73278000000.0,72376250000.0,1026000000.0,14045000000.0,5139000000.0,8906000000.0,35464000000.0,7043000000.0,28421000000.0,71355381415.0,-789000000.0,127000000.0,-3530000000.0,-80000000.0,-1500000000.0,-5229000000.0,-6618000000.0,-2910000000.0,11104000000.0,-46000000.0,7189000000.0,7189000000.0,7189000000.0,0.0,68000000.0,0.196,7859000000.0,10694000000.0,3200000000.0,0.208,2.04,9.926,10.114,42269000000.0,0.0,65.03,1.946,1.981,3401000000.0,39742000000.0,36670000000.0,36670000000.0,743000000.0,0.101,0.212,0.141,0.279,0.0,556000000.0,1.0,1097268667.0,1117260000,1123536000.0,32.821,70514000000.0,0.0,2267000000.0,5664000000.0,63.113,9870000000.0
7,COP,MRT,2019-09-30,2019-09-30,2019-09-30,2021-08-25,-5654000000.0,70340000000.0,70769750000.0,15217000000.0,55123000000.0,0.55,31.704,-6658000000.0,7193000000.0,7193000000.0,19413000000.0,8392000000.0,2.561,0.999,14920000000.0,121000000.0,14799000000.0,14920000000.0,0.0,6214000000.0,0.0,0.021,1.22,11625000000.0,17839000000.0,0.459,17839000000.0,11625000000.0,10855000000.0,7.39,7.34,7.39,35146000000.0,33230000000.0,35146000000.0,72237868083.0,6.0,4.049,5247000000.0,4.733,1.0,19478000000.0,0.501,0.0,770000000.0,72125000000.0,71966250000.0,955000000.0,11994000000.0,2859000000.0,9135000000.0,35101000000.0,5942000000.0,29159000000.0,63255868083.0,3518000000.0,127000000.0,-3716000000.0,-84000000.0,-1391000000.0,-5276000000.0,-2966000000.0,-41000000.0,11905000000.0,-145000000.0,8337000000.0,8337000000.0,8337000000.0,0.0,55000000.0,0.214,7457000000.0,12021000000.0,3171000000.0,0.165,1.8,7.587,7.71,43814000000.0,0.0,56.98,1.626,1.624,3616000000.0,39484000000.0,38891000000.0,38891000000.0,694000000.0,0.118,0.251,0.162,0.299,0.0,434000000.0,1.0,1110141595.0,1108555000,1113250000.0,35.083,70340000000.0,0.0,2518000000.0,5770000000.0,63.452,9275000000.0
8,COP,MRT,2019-06-30,2019-06-30,2019-06-30,2021-08-25,-5827000000.0,71261000000.0,70823750000.0,15800000000.0,55461000000.0,0.55,29.286,-6582000000.0,5941000000.0,5941000000.0,20344000000.0,7194000000.0,1.756,1.158,14923000000.0,114000000.0,14809000000.0,14923000000.0,0.0,6142000000.0,0.0,0.02,1.2,11043000000.0,17185000000.0,0.441,17185000000.0,11043000000.0,10271000000.0,6.23,6.19,6.23,32976000000.0,32431000000.0,32976000000.0,77667732035.0,7.0,4.52,6396000000.0,5.68,1.0,18619000000.0,0.478,0.0,772000000.0,71247000000.0,72544000000.0,1089000000.0,11583000000.0,2567000000.0,9016000000.0,38187000000.0,8996000000.0,29191000000.0,68940732035.0,2740000000.0,122000000.0,-3812000000.0,-81000000.0,-1384000000.0,-5407000000.0,-4754000000.0,-122000000.0,12978000000.0,-77000000.0,7142000000.0,7142000000.0,7142000000.0,0.0,52000000.0,0.183,7154000000.0,11465000000.0,3635000000.0,0.193,2.091,9.653,9.791,44334000000.0,0.0,61.0,1.769,1.763,3651000000.0,36769000000.0,38963000000.0,38963000000.0,437000000.0,0.101,0.22,0.152,0.283,0.0,466000000.0,1.0,1130175935.0,1125995000,1131242000.0,34.603,71261000000.0,0.0,3129000000.0,6038000000.0,63.287,6804000000.0
9,COP,MRT,2019-03-31,2019-03-31,2019-03-31,2021-08-25,-5914000000.0,71498000000.0,70242500000.0,13683000000.0,57815000000.0,0.567,28.837,-6852000000.0,6218000000.0,6218000000.0,20708000000.0,7251000000.0,1.857,1.172,14945000000.0,113000000.0,14832000000.0,14945000000.0,0.0,6090000000.0,0.0,0.018,1.18,11619000000.0,17709000000.0,0.445,17709000000.0,11619000000.0,10835000000.0,6.23,6.18,6.23,32859000000.0,31947500000.0,32859000000.0,84763129234.0,7.0,4.786,6577000000.0,5.772,1.0,19115000000.0,0.48,0.0,784000000.0,72855000000.0,73241750000.0,1014000000.0,11624000000.0,2054000000.0,9570000000.0,38517000000.0,7370000000.0,31147000000.0,75710129234.0,1264000000.0,122000000.0,-3150000000.0,-2126000000.0,-1375000000.0,-6756000000.0,-5242000000.0,26000000.0,13429000000.0,-167000000.0,7202000000.0,7202000000.0,7202000000.0,0.0,49000000.0,0.181,7131000000.0,11984000000.0,3846000000.0,0.189,2.304,10.512,10.713,45942000000.0,0.0,66.74,1.901,1.91,3869000000.0,35534000000.0,39823000000.0,39823000000.0,384000000.0,0.103,0.225,0.159,0.292,0.0,455000000.0,1.0,1134404094.0,1139463000,1146515000.0,34.949,71498000000.0,0.0,3633000000.0,6582000000.0,62.747,6313000000.0
10,COP,MRT,2018-12-31,2018-12-31,2018-12-31,2021-08-25,-6063000000.0,69980000000.0,70049750000.0,13274000000.0,56706000000.0,0.553,27.38,-6750000000.0,5915000000.0,5915000000.0,20555000000.0,6305000000.0,1.795,1.187,14968000000.0,112000000.0,14856000000.0,14968000000.0,0.0,5956000000.0,0.0,0.019,1.16,10660000000.0,16616000000.0,0.429,16616000000.0,10660000000.0,9925000000.0,5.36,5.32,5.36,31939000000.0,31369250000.0,31939000000.0,83060931717.0,8.0,4.999,6184000000.0,5.301,1.0,18172000000.0,0.469,0.0,735000000.0,71638000000.0,73948000000.0,1007000000.0,11374000000.0,1710000000.0,9664000000.0,37916000000.0,7395000000.0,30521000000.0,71779931717.0,-385000000.0,119000000.0,-2878000000.0,-4995000000.0,-1363000000.0,-9359000000.0,-3843000000.0,1620000000.0,12934000000.0,-117000000.0,6257000000.0,6257000000.0,6257000000.0,0.0,48000000.0,0.162,7128000000.0,11044000000.0,3895000000.0,0.216,2.247,11.472,11.632,45698000000.0,0.0,62.35,1.853,1.878,4067000000.0,34010000000.0,38727000000.0,38727000000.0,369000000.0,0.089,0.199,0.144,0.275,0.0,401000000.0,1.0,1151241888.0,1166499000,1175538000.0,33.199,69980000000.0,0.0,3668000000.0,6341000000.0,59.991,5879000000.0
11,COP,MRT,2018-09-30,2018-09-30,2018-09-30,2021-08-25,-5442000000.0,70556000000.0,70895250000.0,14723000000.0,55833000000.0,0.523,27.471,-6650000000.0,3716000000.0,3716000000.0,19891000000.0,6025000000.0,1.989,1.204,14997000000.0,95000000.0,14902000000.0,14997000000.0,0.0,5977000000.0,0.0,0.014,1.12,9342000000.0,15319000000.0,0.413,15319000000.0,9342000000.0,8569000000.0,5.03,5.01,5.03,31950000000.0,31036250000.0,31950000000.0,101686176839.0,11.0,6.638,4982000000.0,4.284,1.0,17211000000.0,0.464,0.0,773000000.0,74436000000.0,75374250000.0,1239000000.0,12849000000.0,2961000000.0,9888000000.0,38477000000.0,7401000000.0,31076000000.0,89946176839.0,-3182000000.0,119000000.0,-2905000000.0,-6252000000.0,-1328000000.0,-10628000000.0,-4134000000.0,1789000000.0,11632000000.0,-52000000.0,5968000000.0,5968000000.0,5968000000.0,0.0,57000000.0,0.161,7446000000.0,9765000000.0,3918000000.0,0.223,2.815,15.071,15.388,44736000000.0,0.0,77.4,2.424,2.426,4499000000.0,32495000000.0,37102000000.0,37102000000.0,481000000.0,0.084,0.192,0.124,0.252,0.0,461000000.0,1.0,1162095308.0,1163033000,1172694000.0,31.901,70556000000.0,0.0,2601000000.0,7117000000.0,60.666,7322000000.0
12,COP,MRT,2018-06-30,2018-06-30,2018-06-30,2021-08-25,-5637000000.0,68936000000.0,71971500000.0,11608000000.0,57328000000.0,0.474,26.478,-6139000000.0,3234000000.0,3234000000.0,19005000000.0,4588000000.0,1.749,1.215,14974000000.0,89000000.0,14885000000.0,14974000000.0,0.0,6091000000.0,0.0,0.016,1.1,7150000000.0,13241000000.0,0.388,13241000000.0,7150000000.0,6312000000.0,3.78,3.76,3.78,31042000000.0,30673750000.0,31042000000.0,93522009401.0,13.0,7.063,3138000000.0,2.677,1.0,15127000000.0,0.443,0.0,838000000.0,74038000000.0,77221000000.0,1093000000.0,12605000000.0,2771000000.0,9834000000.0,37714000000.0,6638000000.0,31076000000.0,81460009401.0,-4288000000.0,117000000.0,-3029000000.0,-8749000000.0,-1318000000.0,-13192000000.0,-488000000.0,2120000000.0,9277000000.0,115000000.0,4527000000.0,4527000000.0,4527000000.0,0.0,61000000.0,0.133,7550000000.0,7577000000.0,3666000000.0,0.291,2.624,17.994,18.418,46306000000.0,0.0,69.62,2.387,2.391,3930000000.0,30967000000.0,34132000000.0,34132000000.0,451000000.0,0.063,0.148,0.093,0.209,0.0,452000000.0,1.0,1170066208.0,1172378000,1181167000.0,29.113,68936000000.0,0.0,1785000000.0,6835000000.0,58.8,4970000000.0
13,COP,MRT,2018-03-31,2018-03-31,2018-03-31,2021-08-25,-5371000000.0,70727000000.0,74238500000.0,13187000000.0,57540000000.0,0.455,25.891,-5160000000.0,4984000000.0,4984000000.0,18800000000.0,-492000000.0,1.855,1.31,17046000000.0,337000000.0,16709000000.0,17046000000.0,0.0,6278000000.0,0.0,0.018,1.08,299000000.0,6577000000.0,0.195,6577000000.0,299000000.0,-668000000.0,-0.4,-0.41,-0.4,30546000000.0,30484750000.0,30546000000.0,83018700331.0,278.0,12.623,2526000000.0,2.141,1.0,14974000000.0,0.443,0.0,967000000.0,75680000000.0,79714500000.0,1053000000.0,12035000000.0,2064000000.0,9971000000.0,40009000000.0,7109000000.0,32900000000.0,69640700331.0,1886000000.0,117000000.0,-3423000000.0,-9925000000.0,-1312000000.0,-14788000000.0,8658000000.0,6000000.0,7686000000.0,330000000.0,-553000000.0,-553000000.0,-553000000.0,0.0,61000000.0,-0.016,14204000000.0,770000000.0,3886000000.0,-2.7,2.28,-125.933,-148.225,45997000000.0,0.0,59.29,2.062,2.071,4192000000.0,29663000000.0,33774000000.0,33774000000.0,479000000.0,-0.007,-0.018,0.004,0.009,0.0,429000000.0,1.0,1174577506.0,1179792000,1186454000.0,28.627,70727000000.0,0.0,-115000000.0,6750000000.0,59.949,6078000000.0
14,COP,MRT,2017-12-31,2017-12-31,2017-12-31,2021-08-25,-5518000000.0,73362000000.0,78550000000.0,16512000000.0,56850000000.0,0.415,25.066,-4591000000.0,6325000000.0,6325000000.0,18446000000.0,-793000000.0,1.757,1.391,19703000000.0,2575000000.0,17128000000.0,19703000000.0,0.0,6845000000.0,0.0,0.019,1.06,-1579000000.0,5266000000.0,0.162,5266000000.0,-1579000000.0,-2677000000.0,-0.7,-0.7,-0.7,30607000000.0,31686500000.0,30607000000.0,79714863579.0,-50.0,15.138,2486000000.0,2.036,1.0,14138000000.0,0.434,0.0,1098000000.0,77343000000.0,86737750000.0,1060000000.0,13832000000.0,3772000000.0,10060000000.0,42561000000.0,9397000000.0,33164000000.0,65621863579.0,2715000000.0,115000000.0,-3063000000.0,-7876000000.0,-1305000000.0,-12356000000.0,7762000000.0,-1790000000.0,7077000000.0,232000000.0,-855000000.0,-855000000.0,-855000000.0,0.0,62000000.0,-0.026,15258000000.0,-1120000000.0,4030000000.0,-1.514,2.144,-76.751,-78.414,45683000000.0,0.0,54.89,2.014,2.057,4320000000.0,29391000000.0,32584000000.0,32584000000.0,934000000.0,-0.011,-0.027,-0.018,-0.048,0.0,427000000.0,1.0,1195515824.0,1221038000,1221038000.0,26.685,73362000000.0,0.0,-1822000000.0,6320000000.0,60.082,7115000000.0
15,COP,MRT,2017-09-30,2017-09-30,2017-09-30,2021-08-25,-5292000000.0,74861000000.0,82652500000.0,16954000000.0,57907000000.0,0.376,25.156,-4073000000.0,6911000000.0,6911000000.0,17949000000.0,-2410000000.0,2.378,1.448,21004000000.0,1331000000.0,19673000000.0,21004000000.0,0.0,7273000000.0,0.0,0.021,1.045,-2818000000.0,4455000000.0,0.143,4455000000.0,-2818000000.0,-4007000000.0,-1.99,-2.0,-1.99,30500000000.0,32778250000.0,30500000000.0,76842309012.0,-27.0,17.249,1966000000.0,1.622,1.0,13153000000.0,0.423,0.0,1189000000.0,81823000000.0,94034000000.0,1023000000.0,14937000000.0,4780000000.0,10157000000.0,44149000000.0,7131000000.0,37018000000.0,60908309012.0,2821000000.0,115000000.0,-2247000000.0,-8006000000.0,-1299000000.0,-11676000000.0,8284000000.0,-2405000000.0,6039000000.0,174000000.0,-2469000000.0,-2469000000.0,-2469000000.0,0.0,59000000.0,-0.079,15543000000.0,-2390000000.0,3416000000.0,-0.525,1.997,-24.669,-25.151,46669000000.0,0.0,50.05,1.958,1.951,3364000000.0,28130000000.0,31102000000.0,31102000000.0,1060000000.0,-0.03,-0.075,-0.03,-0.091,0.0,219000000.0,1.0,1216949231.0,1212454000,1215341000.0,25.652,74861000000.0,0.0,-1538000000.0,7267000000.0,61.743,9823000000.0
16,COP,MRT,2017-06-30,2017-06-30,2017-06-30,2021-08-25,-6342000000.0,78004000000.0,87508250000.0,19879000000.0,58125000000.0,0.348,24.487,-3901000000.0,7534000000.0,7534000000.0,18132000000.0,-3872000000.0,2.003,1.569,23468000000.0,3798000000.0,19670000000.0,23468000000.0,0.0,8090000000.0,0.0,0.023,1.03,-5039000000.0,3051000000.0,0.1,3051000000.0,-5039000000.0,-6312000000.0,-3.18,-3.18,-3.18,30286000000.0,34195750000.0,30286000000.0,77709089774.0,-15.0,25.47,2363000000.0,1.911,1.0,12291000000.0,0.404,0.0,1273000000.0,84012000000.0,101414750000.0,1019000000.0,14469000000.0,4266000000.0,10203000000.0,47505000000.0,9926000000.0,37579000000.0,54383089774.0,4671000000.0,112000000.0,-1282000000.0,-5503000000.0,-1289000000.0,-8196000000.0,6551000000.0,-1412000000.0,6264000000.0,52000000.0,-3929000000.0,-3929000000.0,-3929000000.0,0.0,57000000.0,-0.129,16877000000.0,-4586000000.0,3434000000.0,-0.324,1.796,-13.841,-13.824,46846000000.0,0.0,43.96,1.788,1.787,3163000000.0,28033000000.0,30423000000.0,30423000000.0,1444000000.0,-0.045,-0.115,-0.05,-0.166,0.0,312000000.0,1.0,1237103953.0,1236831000,1236831000.0,24.598,78004000000.0,0.0,-2383000000.0,7126000000.0,63.068,9953000000.0
17,COP,MRT,2017-03-31,2017-03-31,2017-03-31,2021-08-25,-5961000000.0,87973000000.0,92020750000.0,10728000000.0,77245000000.0,0.295,28.435,-4014000000.0,3109000000.0,3109000000.0,17331000000.0,-1504000000.0,1.425,1.481,26435000000.0,1095000000.0,25340000000.0,26435000000.0,0.0,8794000000.0,0.0,0.02,1.015,-2315000000.0,6479000000.0,0.239,6479000000.0,-2315000000.0,-3594000000.0,-1.26,-1.26,-1.26,35353000000.0,36010250000.0,35353000000.0,85295965229.0,-37.0,13.165,1758000000.0,1.414,1.0,9785000000.0,0.361,0.0,1279000000.0,103773000000.0,109041750000.0,1097000000.0,21927000000.0,252000000.0,21675000000.0,52372000000.0,7526000000.0,44846000000.0,61630965229.0,-1757000000.0,112000000.0,-305000000.0,-3026000000.0,-1271000000.0,-4717000000.0,-2768000000.0,48000000.0,5772000000.0,-44000000.0,-1560000000.0,-1560000000.0,-1560000000.0,0.0,56000000.0,-0.058,11658000000.0,-1873000000.0,3531000000.0,-0.806,1.743,-39.507,-39.579,54440000000.0,0.0,49.87,2.273,2.287,3359000000.0,31804000000.0,27116000000.0,27116000000.0,1957000000.0,-0.017,-0.043,-0.021,-0.085,0.0,384000000.0,1.0,1235832469.0,1243280000,1248722000.0,21.81,87973000000.0,0.0,-2034000000.0,8324000000.0,70.759,3202000000.0
18,COP,MRT,2016-12-31,2016-12-31,2016-12-31,2021-08-25,-6193000000.0,89772000000.0,94986000000.0,8609000000.0,81163000000.0,0.256,28.082,-4869000000.0,3610000000.0,3610000000.0,16376000000.0,-3559000000.0,1.246,1.56,27275000000.0,1089000000.0,26186000000.0,27275000000.0,0.0,9062000000.0,0.0,0.02,1.0,-4341000000.0,4721000000.0,0.194,4721000000.0,-4341000000.0,-5586000000.0,-2.91,-2.91,-2.91,34974000000.0,36944250000.0,34974000000.0,86723834287.0,-20.0,18.37,-466000000.0,-0.374,1.0,7984000000.0,0.328,0.0,1245000000.0,106528000000.0,111998000000.0,1018000000.0,21722000000.0,50000000.0,21672000000.0,54546000000.0,6909000000.0,47637000000.0,62124834287.0,1242000000.0,108000000.0,-189000000.0,2343000000.0,-1253000000.0,764000000.0,-3859000000.0,-51000000.0,4403000000.0,-66000000.0,-3615000000.0,-3615000000.0,-3615000000.0,0.0,56000000.0,-0.148,11863000000.0,-3879000000.0,3653000000.0,-0.344,1.776,-17.185,-17.23,58331000000.0,0.0,50.14,2.55,2.563,3414000000.0,31548000000.0,24360000000.0,24360000000.0,1912000000.0,-0.038,-0.098,-0.039,-0.178,0.0,473000000.0,1.0,1239027409.0,1245440000,1245440000.0,19.559,89772000000.0,0.0,-1971000000.0,9433000000.0,72.081,1700000000.0
19,COP,MRT,2016-09-30,2016-09-30,2016-09-30,2021-08-25,-5444000000.0,94284000000.0,96914000000.0,9641000000.0,84643000000.0,0.246,29.03,-6007000000.0,4090000000.0,4090000000.0,16427000000.0,-6977000000.0,1.279,1.599,28689000000.0,1336000000.0,27353000000.0,28689000000.0,0.0,9383000000.0,0.0,0.034,1.49,-9430000000.0,-47000000.0,-0.002,-47000000.0,-9430000000.0,-10626000000.0,-5.66,-5.66,-5.66,36170000000.0,38141250000.0,36170000000.0,79651819262.0,-8.0,-1694.72,-1451000000.0,-1.165,1.0,7445000000.0,0.312,0.0,1196000000.0,111346000000.0,113051000000.0,1108000000.0,22098000000.0,234000000.0,21864000000.0,57828000000.0,7537000000.0,50291000000.0,53837819262.0,1677000000.0,108000000.0,-65000000.0,3744000000.0,-1863000000.0,1695000000.0,-4538000000.0,-229000000.0,4556000000.0,-36000000.0,-7030000000.0,-7030000000.0,-7030000000.0,0.0,53000000.0,-0.294,16342000000.0,-8897000000.0,3751000000.0,-0.263,1.488,-7.658,-7.68,61649000000.0,0.0,43.47,2.255,2.269,3320000000.0,31896000000.0,23872000000.0,23872000000.0,3672000000.0,-0.073,-0.184,-0.083,-0.395,0.0,839000000.0,1.0,1238505159.0,1245961000,1245961000.0,19.16,94284000000.0,0.0,-3596000000.0,9428000000.0,75.672,2104000000.0
20,COP,MRT,2016-06-30,2016-06-30,2016-06-30,2021-08-25,-5371000000.0,96054000000.0,99830250000.0,9259000000.0,86795000000.0,0.249,30.158,-7265000000.0,2863000000.0,2863000000.0,17230000000.0,-7007000000.0,1.26,1.551,28677000000.0,1331000000.0,27346000000.0,28677000000.0,0.0,9229000000.0,0.0,0.045,1.98,-9613000000.0,-384000000.0,-0.015,-384000000.0,-9613000000.0,-10714000000.0,-5.69,-5.69,-5.69,37544000000.0,40151250000.0,37544000000.0,78582682618.0,-8.0,-204.642,-2055000000.0,-1.651,1.0,7633000000.0,0.307,0.0,1101000000.0,114520000000.0,115249500000.0,1150000000.0,23313000000.0,1289000000.0,22024000000.0,58223000000.0,7348000000.0,50875000000.0,53993682618.0,-950000000.0,106000000.0,-81000000.0,3726000000.0,-2471000000.0,1052000000.0,-7062000000.0,-1292000000.0,5210000000.0,-150000000.0,-7061000000.0,-7061000000.0,-7061000000.0,0.0,54000000.0,-0.284,16783000000.0,-9150000000.0,3818000000.0,-0.348,1.438,-7.647,-7.663,63685000000.0,0.0,43.6,2.172,2.183,3316000000.0,33248000000.0,24863000000.0,24863000000.0,4276000000.0,-0.071,-0.176,-0.083,-0.387,0.0,929000000.0,1.0,1238387216.0,1244892000,1244892000.0,19.972,96054000000.0,0.0,-3653000000.0,10209000000.0,77.159,1911000000.0
21,COP,MRT,2016-03-31,2016-03-31,2016-03-31,2021-08-25,-5146000000.0,99834000000.0,103817500000.0,10934000000.0,88900000000.0,0.269,31.408,-8539000000.0,4866000000.0,4866000000.0,18839000000.0,-6113000000.0,1.239,1.546,29455000000.0,2079000000.0,27376000000.0,29455000000.0,0.0,9229000000.0,0.0,0.061,2.46,-8164000000.0,1065000000.0,0.038,1065000000.0,-8164000000.0,-9163000000.0,-4.98,-4.98,-4.98,39089000000.0,42920250000.0,39089000000.0,72293883776.0,-9.0,67.882,-2614000000.0,-2.1,1.0,9109000000.0,0.326,0.0,999000000.0,115598000000.0,117714750000.0,1072000000.0,22113000000.0,307000000.0,21806000000.0,60427000000.0,8825000000.0,51602000000.0,49781883776.0,2202000000.0,106000000.0,-90000000.0,6982000000.0,-3067000000.0,3727000000.0,-7406000000.0,-302000000.0,5925000000.0,-44000000.0,-6169000000.0,-6169000000.0,-6169000000.0,0.0,56000000.0,-0.221,16789000000.0,-7680000000.0,4165000000.0,-0.494,1.274,-8.07,-8.086,66000000000.0,0.0,40.27,1.781,1.793,3954000000.0,34632000000.0,27948000000.0,27948000000.0,4215000000.0,-0.059,-0.144,-0.069,-0.292,0.0,980000000.0,1.0,1236202726.0,1244557000,1244557000.0,22.456,99834000000.0,0.0,-2994000000.0,11033000000.0,80.216,2109000000.0
22,COP,MRT,2015-12-31,2015-12-31,2015-12-31,2021-08-25,-6247000000.0,97484000000.0,106369500000.0,8789000000.0,88695000000.0,0.291,32.017,-10050000000.0,2368000000.0,2368000000.0,20343000000.0,-4371000000.0,0.95,1.444,24880000000.0,1427000000.0,23453000000.0,24880000000.0,0.0,9113000000.0,0.0,0.063,2.94,-6376000000.0,2737000000.0,0.088,2737000000.0,-6376000000.0,-7296000000.0,-3.58,-3.58,-3.58,39762000000.0,45311000000.0,39762000000.0,80123434560.0,-13.0,29.274,-2478000000.0,-1.995,1.0,10592000000.0,0.342,0.0,920000000.0,110740000000.0,118896750000.0,1124000000.0,21186000000.0,0.0,21186000000.0,57402000000.0,9256000000.0,48146000000.0,57645434560.0,-2694000000.0,105000000.0,-82000000.0,2395000000.0,-3664000000.0,-1429000000.0,-8655000000.0,0.0,7572000000.0,-182000000.0,-4428000000.0,-4428000000.0,-4428000000.0,0.0,57000000.0,-0.143,16503000000.0,-5911000000.0,4933000000.0,-0.821,1.45,-13.018,-13.042,66446000000.0,0.0,46.69,1.863,1.874,4514000000.0,36414000000.0,30935000000.0,30935000000.0,4192000000.0,-0.042,-0.098,-0.054,-0.206,0.0,953000000.0,1.0,1234641991.0,1241919000,1241919000.0,24.909,97484000000.0,0.0,-2868000000.0,11498000000.0,78.495,-467000000.0
23,COP,MRT,2015-09-30,2015-09-30,2015-09-30,2021-08-25,-6125000000.0,105949000000.0,111133250000.0,9664000000.0,96285000000.0,0.324,35.592,-12269000000.0,2413000000.0,2413000000.0,23874000000.0,-958000000.0,1.166,1.389,24891000000.0,175000000.0,24716000000.0,24891000000.0,0.0,9002000000.0,0.0,0.061,2.93,-1743000000.0,7259000000.0,0.202,7259000000.0,-1743000000.0,-2568000000.0,-0.84,-0.83,-0.84,44210000000.0,48348250000.0,44210000000.0,80268672969.0,-46.0,11.058,-3482000000.0,-2.803,1.0,12146000000.0,0.337,0.0,825000000.0,120140000000.0,121838000000.0,1143000000.0,23502000000.0,0.0,23502000000.0,61394000000.0,8287000000.0,53107000000.0,59156672969.0,-2995000000.0,565000000.0,-61000000.0,3891000000.0,-3648000000.0,88000000.0,-11600000000.0,362000000.0,8787000000.0,-270000000.0,-1017000000.0,-1017000000.0,-1017000000.0,0.0,59000000.0,-0.028,13517000000.0,-1371000000.0,5211000000.0,-3.488,1.338,-58.168,-57.095,71828000000.0,0.0,47.96,1.642,1.654,4464000000.0,40786000000.0,36020000000.0,36020000000.0,2865000000.0,-0.009,-0.021,-0.014,-0.048,0.0,802000000.0,1.0,1233458569.0,1242125000,1242125000.0,28.999,105949000000.0,0.0,-1551000000.0,13976000000.0,85.297,1377000000.0
24,COP,MRT,2015-06-30,2015-06-30,2015-06-30,2021-08-25,-3641000000.0,112003000000.0,114392500000.0,11944000000.0,100059000000.0,0.362,39.177,-14683000000.0,3813000000.0,3813000000.0,25802000000.0,2825000000.0,1.368,1.296,24925000000.0,138000000.0,24787000000.0,24925000000.0,0.0,8827000000.0,0.0,0.048,2.92,3530000000.0,12357000000.0,0.298,12357000000.0,3530000000.0,2796000000.0,2.21,2.21,2.21,48620000000.0,51114250000.0,48620000000.0,95562251689.0,27.0,7.733,-3959000000.0,-3.19,1.0,15628000000.0,0.377,0.0,734000000.0,124381000000.0,121959000000.0,1277000000.0,24652000000.0,0.0,24652000000.0,63034000000.0,8734000000.0,54300000000.0,75715251689.0,-2329000000.0,578000000.0,-57000000.0,3866000000.0,-3633000000.0,105000000.0,-12853000000.0,261000000.0,10724000000.0,-305000000.0,2758000000.0,2758000000.0,2758000000.0,-1078000000.0,67000000.0,0.067,12734000000.0,2894000000.0,5869000000.0,1.321,1.557,27.453,27.787,74387000000.0,0.0,61.41,1.828,1.84,5179000000.0,42779000000.0,41430000000.0,41430000000.0,2263000000.0,0.024,0.054,0.029,0.085,0.0,712000000.0,1.0,1232946616.0,1241026000,1241026000.0,33.384,112003000000.0,0.0,38000000.0,15253000000.0,90.25,3210000000.0
25,COP,MRT,2015-03-31,2015-03-31,2015-03-31,2021-08-25,-4589000000.0,110042000000.0,116803750000.0,10840000000.0,99202000000.0,0.406,39.21,-16522000000.0,2664000000.0,2664000000.0,28686000000.0,5087000000.0,1.134,1.255,22511000000.0,193000000.0,22318000000.0,22511000000.0,0.0,8568000000.0,0.0,0.046,2.88,7057000000.0,15625000000.0,0.329,15625000000.0,7057000000.0,6378000000.0,4.04,4.03,4.04,48652000000.0,52788000000.0,48652000000.0,94173803450.0,13.0,6.027,-4221000000.0,-3.402,1.0,18785000000.0,0.396,0.0,679000000.0,120326000000.0,121001000000.0,1233000000.0,23974000000.0,0.0,23974000000.0,61034000000.0,9563000000.0,51471000000.0,76670803450.0,-4856000000.0,593000000.0,33000000.0,1373000000.0,-3580000000.0,-2239000000.0,-14581000000.0,190000000.0,12301000000.0,-337000000.0,5018000000.0,5018000000.0,5018000000.0,-1111000000.0,69000000.0,0.106,12382000000.0,6403000000.0,6750000000.0,0.713,1.576,15.279,15.411,74220000000.0,0.0,62.26,1.615,1.627,5379000000.0,43867000000.0,47471000000.0,47471000000.0,2231000000.0,0.043,0.095,0.058,0.149,0.0,712000000.0,1.0,1231461668.0,1240791000,1245531000.0,38.259,110042000000.0,0.0,1360000000.0,14906000000.0,88.687,1277000000.0
26,COP,MRT,2014-12-31,2014-12-31,2014-12-31,2021-08-25,-1902000000.0,116539000000.0,119299500000.0,15068000000.0,101471000000.0,0.465,41.954,-17085000000.0,5062000000.0,5062000000.0,33096000000.0,6938000000.0,1.306,1.238,22565000000.0,182000000.0,22383000000.0,22565000000.0,0.0,8329000000.0,0.0,0.041,2.84,11100000000.0,19429000000.0,0.35,19429000000.0,11100000000.0,10452000000.0,5.54,5.51,5.54,51911000000.0,53930500000.0,51911000000.0,100785842940.0,9.0,5.187,-516000000.0,-0.417,1.0,22421000000.0,0.404,0.0,648000000.0,122505000000.0,120068000000.0,1331000000.0,25139000000.0,0.0,25139000000.0,64266000000.0,11537000000.0,52729000000.0,85006842940.0,-1184000000.0,603000000.0,35000000.0,980000000.0,-3525000000.0,-2574000000.0,-14965000000.0,253000000.0,16569000000.0,-214000000.0,6869000000.0,6869000000.0,6869000000.0,-1131000000.0,69000000.0,0.124,11965000000.0,10456000000.0,8026000000.0,0.513,1.638,12.375,12.466,75444000000.0,0.0,69.06,1.531,1.539,6807000000.0,44504000000.0,55517000000.0,55517000000.0,2045000000.0,0.058,0.127,0.092,0.2,0.0,735000000.0,1.0,1230912872.0,1237325000,1245863000.0,44.869,116539000000.0,0.0,3583000000.0,16121000000.0,94.186,3531000000.0
27,COP,MRT,2014-09-30,2014-09-30,2014-09-30,2021-08-25,585000000.0,118986000000.0,119679000000.0,16253000000.0,102733000000.0,0.482,44.639,-16985000000.0,5408000000.0,5408000000.0,33230000000.0,9465000000.0,1.149,1.146,21187000000.0,1688000000.0,19499000000.0,21187000000.0,0.0,7951000000.0,0.0,0.037,2.8,14992000000.0,22943000000.0,0.398,22943000000.0,14992000000.0,14325000000.0,7.6,7.55,7.6,55274000000.0,53975250000.0,55274000000.0,109178538463.0,7.0,4.759,738000000.0,0.596,1.0,24421000000.0,0.424,0.0,667000000.0,120624000000.0,119027750000.0,1330000000.0,26191000000.0,374000000.0,25817000000.0,63325000000.0,14141000000.0,49184000000.0,94086538463.0,1525000000.0,158000000.0,35000000.0,-505000000.0,-3471000000.0,-6989000000.0,-9133000000.0,-373000000.0,17723000000.0,-76000000.0,9395000000.0,9395000000.0,9395000000.0,-1111000000.0,70000000.0,0.163,11018000000.0,13403000000.0,8692000000.0,0.368,1.702,10.015,10.068,75790000000.0,0.0,76.52,1.632,1.644,7453000000.0,45451000000.0,57651000000.0,57651000000.0,1593000000.0,0.079,0.174,0.126,0.26,0.0,850000000.0,1.0,1229567936.0,1238234000,1247436000.0,46.559,118986000000.0,0.0,4930000000.0,17739000000.0,96.093,2112000000.0
28,COP,MRT,2014-06-30,2014-06-30,2014-06-30,2021-08-25,2498000000.0,121648000000.0,119872500000.0,18836000000.0,102812000000.0,0.502,44.751,-16582000000.0,6142000000.0,6142000000.0,34327000000.0,9234000000.0,1.163,1.192,21234000000.0,1664000000.0,19570000000.0,21234000000.0,0.0,7757000000.0,0.0,0.032,2.76,15832000000.0,23589000000.0,0.392,23589000000.0,15832000000.0,15163000000.0,7.43,7.38,7.43,55315000000.0,52935000000.0,55315000000.0,118937188829.0,8.0,5.042,975000000.0,0.789,1.0,25877000000.0,0.43,0.0,669000000.0,120549000000.0,119174250000.0,1291000000.0,26503000000.0,288000000.0,26215000000.0,65962000000.0,16191000000.0,49771000000.0,105251188829.0,2233000000.0,151000000.0,71000000.0,-498000000.0,-3416000000.0,-7101000000.0,-8349000000.0,-197000000.0,17557000000.0,126000000.0,9171000000.0,9171000000.0,9171000000.0,-33000000.0,63000000.0,0.152,10617000000.0,15260000000.0,9254000000.0,0.371,1.903,11.477,11.538,75424000000.0,0.0,85.73,1.748,1.76,8204000000.0,43653000000.0,60204000000.0,60204000000.0,1447000000.0,0.077,0.173,0.133,0.263,0.0,896000000.0,1.0,1227705457.0,1236057000,1245155000.0,48.706,121648000000.0,0.0,5992000000.0,18777000000.0,98.416,2645000000.0
29,COP,MRT,2014-03-31,2014-03-31,2014-03-31,2021-08-25,1802000000.0,120025000000.0,118697250000.0,20400000000.0,99625000000.0,0.502,43.096,-16041000000.0,7520000000.0,7520000000.0,34025000000.0,9199000000.0,1.192,1.248,21206000000.0,1712000000.0,19494000000.0,21206000000.0,0.0,7519000000.0,0.0,0.039,2.73,16020000000.0,23539000000.0,0.395,23539000000.0,16020000000.0,15367000000.0,7.41,7.36,7.41,53222000000.0,51233250000.0,53222000000.0,101672458047.0,6.0,4.319,1706000000.0,1.381,1.0,25620000000.0,0.43,0.0,653000000.0,116594000000.0,118548000000.0,1221000000.0,24760000000.0,210000000.0,24550000000.0,66404000000.0,17117000000.0,49287000000.0,86256458047.0,2098000000.0,150000000.0,-2000000.0,-1348000000.0,-3374000000.0,-8157000000.0,-7570000000.0,-177000000.0,17747000000.0,78000000.0,9140000000.0,9140000000.0,9140000000.0,0.0,59000000.0,0.153,10169000000.0,15451000000.0,9604000000.0,0.368,1.621,9.437,9.494,74025000000.0,0.0,70.35,1.446,1.457,8651000000.0,42428000000.0,59645000000.0,59645000000.0,1251000000.0,0.077,0.178,0.135,0.269,0.0,871000000.0,1.0,1226104592.0,1234968000,1242667000.0,48.297,120025000000.0,0.0,6227000000.0,19024000000.0,97.189,3283000000.0
30,COP,MRT,2013-12-31,2013-12-31,2013-12-31,2021-08-25,2002000000.0,118057000000.0,118136000000.0,19023000000.0,99034000000.0,0.493,42.316,-15537000000.0,6246000000.0,6246000000.0,32765000000.0,9215000000.0,1.257,1.259,21662000000.0,589000000.0,21073000000.0,21662000000.0,0.0,7434000000.0,0.0,0.038,2.7,16177000000.0,23611000000.0,0.405,23611000000.0,16177000000.0,15565000000.0,7.43,7.38,7.43,52090000000.0,50128500000.0,52090000000.0,104338223014.0,6.0,4.419,604000000.0,0.491,1.0,25483000000.0,0.437,0.0,612000000.0,118344000000.0,118327750000.0,1194000000.0,25536000000.0,272000000.0,25264000000.0,65565000000.0,15129000000.0,50436000000.0,86553223014.0,2628000000.0,145000000.0,20000000.0,-946000000.0,-3334000000.0,-7133000000.0,-6305000000.0,-263000000.0,16141000000.0,-75000000.0,9156000000.0,9156000000.0,9156000000.0,0.0,59000000.0,0.157,10049000000.0,15434000000.0,9314000000.0,0.363,1.662,9.453,9.509,72827000000.0,0.0,70.65,1.486,1.493,8487000000.0,41160000000.0,58248000000.0,58248000000.0,1232000000.0,0.078,0.183,0.137,0.278,0.0,854000000.0,1.0,1225098698.0,1230963000,1239803000.0,47.319,118057000000.0,0.0,6409000000.0,17933000000.0,95.906,3894000000.0
31,COP,MRT,2013-09-30,2013-09-30,2013-09-30,2021-08-25,2712000000.0,119760000000.0,117907750000.0,22557000000.0,97203000000.0,0.514,41.52,-14733000000.0,3883000000.0,3883000000.0,34331000000.0,8153000000.0,1.381,1.335,21668000000.0,572000000.0,21096000000.0,21668000000.0,0.0,7320000000.0,0.0,0.038,2.67,15815000000.0,23135000000.0,0.382,23135000000.0,15815000000.0,15234000000.0,6.58,6.55,6.58,51113000000.0,49102750000.0,51113000000.0,102823234365.0,7.0,4.444,1313000000.0,1.067,1.0,26298000000.0,0.434,0.0,581000000.0,121210000000.0,118006750000.0,1268000000.0,25166000000.0,0.0,25166000000.0,68223000000.0,16335000000.0,51888000000.0,85011234365.0,2615000000.0,144000000.0,67000000.0,-332000000.0,-3290000000.0,-1858000000.0,-11495000000.0,1000000.0,16046000000.0,-78000000.0,8095000000.0,8095000000.0,8095000000.0,0.0,58000000.0,0.134,9814000000.0,16484000000.0,10333000000.0,0.406,1.663,10.502,10.564,71129000000.0,0.0,69.51,1.402,1.411,8405000000.0,39526000000.0,60629000000.0,60629000000.0,1256000000.0,0.069,0.165,0.134,0.261,0.0,823000000.0,1.0,1223007256.0,1231054000,1240365000.0,49.25,119760000000.0,0.0,7139000000.0,17656000000.0,97.282,6222000000.0
32,COP,MRT,2013-06-30,2013-06-30,2013-06-30,2021-08-25,1840000000.0,116947000000.0,116810000000.0,22602000000.0,94345000000.0,0.513,39.445,-13827000000.0,3909000000.0,3909000000.0,34664000000.0,7470000000.0,1.352,1.402,21721000000.0,554000000.0,21167000000.0,21721000000.0,0.0,7068000000.0,0.0,0.044,2.64,15028000000.0,22096000000.0,0.369,22096000000.0,15028000000.0,14437000000.0,6.04,6.01,6.04,48508000000.0,48176000000.0,48508000000.0,90219001390.0,6.0,4.083,2034000000.0,1.654,1.0,25208000000.0,0.421,0.0,591000000.0,118044000000.0,116543500000.0,1134000000.0,24091000000.0,75000000.0,24016000000.0,68015000000.0,16715000000.0,51300000000.0,73971001390.0,2865000000.0,137000000.0,-61000000.0,-2251000000.0,-3246000000.0,-1305000000.0,-11550000000.0,-74000000.0,15861000000.0,-141000000.0,7413000000.0,7413000000.0,7413000000.0,0.0,57000000.0,0.124,9543000000.0,15665000000.0,10437000000.0,0.437,1.525,9.979,10.017,69438000000.0,0.0,60.5,1.235,1.243,8420000000.0,37899000000.0,59872000000.0,59872000000.0,1158000000.0,0.063,0.154,0.129,0.251,0.0,903000000.0,1.0,1222661180.0,1229773000,1237157000.0,48.685,116947000000.0,0.0,7024000000.0,16799000000.0,95.096,5887000000.0
33,COP,MRT,2013-03-31,2013-03-31,2013-03-31,2021-08-25,3478000000.0,117780000000.0,116075250000.0,24235000000.0,93545000000.0,0.522,39.702,-13745000000.0,5422000000.0,5422000000.0,35252000000.0,7696000000.0,1.323,1.404,21670000000.0,1351000000.0,20319000000.0,21670000000.0,0.0,6816000000.0,0.0,0.044,2.64,15898000000.0,22714000000.0,0.375,22714000000.0,15898000000.0,15249000000.0,6.2,6.16,6.2,48803000000.0,47541750000.0,48803000000.0,90740671727.0,6.0,3.995,725000000.0,0.59,1.0,25320000000.0,0.418,0.0,649000000.0,115713000000.0,115182750000.0,1133000000.0,24793000000.0,23000000.0,24770000000.0,68540000000.0,18315000000.0,50225000000.0,73381671727.0,1715000000.0,133000000.0,-3107000000.0,-570000000.0,-3250000000.0,-1541000000.0,-11050000000.0,482000000.0,14470000000.0,-164000000.0,7630000000.0,7630000000.0,7630000000.0,0.0,66000000.0,0.126,9331000000.0,15989000000.0,10421000000.0,0.426,1.504,9.618,9.694,67890000000.0,0.0,60.1,1.211,1.22,8898000000.0,36662000000.0,60572000000.0,60572000000.0,1102000000.0,0.066,0.16,0.138,0.262,0.0,945000000.0,1.0,1220992874.0,1229232000,1235907000.0,49.276,117780000000.0,0.0,7619000000.0,17265000000.0,95.816,5920000000.0
34,COP,MRT,2012-12-31,2012-12-31,2012-12-31,2021-08-25,4087000000.0,117144000000.0,127350500000.0,23989000000.0,93155000000.0,0.487,38.581,-14172000000.0,4366000000.0,4366000000.0,35571000000.0,8498000000.0,1.375,1.432,21725000000.0,955000000.0,20770000000.0,21725000000.0,0.0,6580000000.0,0.0,0.046,2.64,17079000000.0,23659000000.0,0.382,23659000000.0,17079000000.0,16370000000.0,6.77,6.72,6.77,47987000000.0,51974500000.0,47987000000.0,87774750232.0,5.0,3.71,-250000000.0,-0.201,1.0,26433000000.0,0.426,0.0,709000000.0,117060000000.0,121500000000.0,965000000.0,25006000000.0,0.0,25006000000.0,68717000000.0,17443000000.0,51274000000.0,70393750232.0,-2162000000.0,114000000.0,-4960000000.0,-569000000.0,-3278000000.0,-4481000000.0,-11627000000.0,597000000.0,13922000000.0,24000000.0,8428000000.0,8428000000.0,8428000000.0,0.0,70000000.0,0.136,9866000000.0,16567000000.0,10013000000.0,0.39,1.467,8.352,8.566,67263000000.0,0.0,57.99,1.135,1.163,9182000000.0,35338000000.0,62004000000.0,62004000000.0,1500000000.0,0.066,0.162,0.141,0.275,0.0,1106000000.0,1.0,1213894641.0,1243799000,1253093000.0,49.85,117144000000.0,0.0,7942000000.0,16551000000.0,94.182,6546000000.0
35,COP,MRT,2012-09-30,2012-09-30,2012-09-30,2021-08-25,4339000000.0,115369000000.0,136372000000.0,15781000000.0,99588000000.0,0.444,38.843,-13187000000.0,3736000000.0,3736000000.0,35502000000.0,10467000000.0,0.908,1.424,21117000000.0,2335000000.0,18782000000.0,21117000000.0,0.0,6289000000.0,0.0,0.046,2.64,18787000000.0,25076000000.0,0.414,25076000000.0,18787000000.0,18014000000.0,8.14,8.08,8.14,47406000000.0,56287500000.0,47406000000.0,86411934120.0,5.0,3.446,2677000000.0,2.193,1.0,25039000000.0,0.414,10000000.0,773000000.0,115357000000.0,126717000000.0,1176000000.0,25064000000.0,0.0,25064000000.0,67492000000.0,17383000000.0,50109000000.0,69447934120.0,-2169000000.0,124000000.0,-8167000000.0,-1698000000.0,-3340000000.0,-10570000000.0,-7574000000.0,2620000000.0,15864000000.0,111000000.0,10392000000.0,10392000000.0,10392000000.0,2980000000.0,75000000.0,0.172,9552000000.0,15487000000.0,9982000000.0,0.324,1.465,6.683,7.025,73612000000.0,0.0,57.18,1.147,1.153,9183000000.0,34764000000.0,60541000000.0,60541000000.0,1487000000.0,0.076,0.185,0.148,0.31,0.0,1159000000.0,1.0,1214549390.0,1220462000,1229343000.0,49.605,115359000000.0,0.0,7622000000.0,16992000000.0,94.521,-1602000000.0
36,COP,MRT,2012-06-30,2012-06-30,2012-06-30,2021-08-25,3877000000.0,114008000000.0,146202000000.0,16912000000.0,97096000000.0,0.428,36.827,-13265000000.0,6044000000.0,6044000000.0,37482000000.0,11285000000.0,0.921,1.47,23008000000.0,4179000000.0,18829000000.0,23008000000.0,0.0,6284000000.0,0.0,0.047,2.64,19933000000.0,26217000000.0,0.419,26217000000.0,19933000000.0,19091000000.0,8.6,8.53,8.6,45971000000.0,60887500000.0,45971000000.0,89266417555.0,4.0,3.405,4692000000.0,3.759,1.0,25041000000.0,0.401,11000000.0,842000000.0,112601000000.0,133151750000.0,1178000000.0,24969000000.0,0.0,24969000000.0,67565000000.0,18360000000.0,49205000000.0,70663417555.0,-4461000000.0,99000000.0,-11245000000.0,228000000.0,-3432000000.0,-14360000000.0,-8046000000.0,2591000000.0,17957000000.0,-12000000.0,11210000000.0,11210000000.0,11210000000.0,1844000000.0,75000000.0,0.179,9414000000.0,15627000000.0,9096000000.0,0.307,1.537,6.304,6.498,71227000000.0,0.0,55.88,1.13,1.116,7719000000.0,33756000000.0,62523000000.0,62523000000.0,1538000000.0,0.077,0.184,0.15,0.319,0.0,975000000.0,1.0,1264556506.0,1248300000,1258189000.0,50.087,113997000000.0,0.0,7881000000.0,16417000000.0,91.322,-1448000000.0
37,COP,MRT,2012-03-31,2012-03-31,2012-03-31,2021-08-25,3972000000.0,162881000000.0,157717000000.0,37066000000.0,125815000000.0,0.414,51.838,-12148000000.0,9757000000.0,9757000000.0,39533000000.0,12415000000.0,1.017,1.44,28360000000.0,7002000000.0,21358000000.0,28360000000.0,0.0,6328000000.0,0.0,0.035,2.64,21102000000.0,27430000000.0,0.42,27430000000.0,21102000000.0,20215000000.0,9.21,9.14,9.21,66534000000.0,66909500000.0,66534000000.0,114112434222.0,5.0,4.16,9733000000.0,7.583,1.0,25816000000.0,0.395,4072000000.0,887000000.0,140982000000.0,141005750000.0,6072000000.0,35697000000.0,508000000.0,35189000000.0,95838000000.0,36430000000.0,59408000000.0,97269434222.0,-2465000000.0,92000000.0,-11329000000.0,-608000000.0,-3531000000.0,-16514000000.0,-7814000000.0,1662000000.0,21881000000.0,-18000000.0,12345000000.0,12345000000.0,12345000000.0,725000000.0,70000000.0,0.189,9565000000.0,16251000000.0,21550000000.0,0.287,1.462,7.879,8.253,85559000000.0,0.0,76.01,1.488,1.493,17483000000.0,51286000000.0,65349000000.0,65349000000.0,1537000000.0,0.078,0.185,0.15,0.323,0.0,943000000.0,1.0,1279692596.0,1283493000,1293104000.0,50.915,158809000000.0,0.0,7870000000.0,23460000000.0,123.732,636000000.0
38,COP,MRT,2011-12-31,2011-12-31,2011-12-31,2021-08-25,3246000000.0,153230000000.0,156907500000.0,30218000000.0,123012000000.0,0.421,47.445,-11214000000.0,5780000000.0,5780000000.0,40222000000.0,12502000000.0,1.077,1.341,22623000000.0,1013000000.0,21610000000.0,22623000000.0,0.0,6827000000.0,0.0,0.036,2.64,21598000000.0,28425000000.0,0.43,28425000000.0,21598000000.0,20644000000.0,9.04,8.97,9.04,65239000000.0,67769000000.0,65239000000.0,116465324971.0,5.0,4.097,8432000000.0,6.132,1.0,25847000000.0,0.391,4077000000.0,954000000.0,137928000000.0,141519000000.0,4631000000.0,34364000000.0,581000000.0,33783000000.0,87481000000.0,28068000000.0,59413000000.0,96752324971.0,-3674000000.0,98000000.0,-11027000000.0,-934000000.0,-3632000000.0,-16305000000.0,-7015000000.0,400000000.0,19646000000.0,0.0,12436000000.0,12436000000.0,12436000000.0,0.0,66000000.0,0.188,9051000000.0,16796000000.0,19653000000.0,0.292,1.483,7.78,8.061,84180000000.0,0.0,72.87,1.464,1.517,16526000000.0,49049000000.0,66069000000.0,66069000000.0,1038000000.0,0.079,0.184,0.153,0.327,0.0,865000000.0,1.0,1327738781.0,1375035000,1387100000.0,48.049,149153000000.0,0.0,8208000000.0,22260000000.0,108.472,2150000000.0
39,COP,MRT,2011-09-30,2011-09-30,2011-09-30,2021-08-25,3203000000.0,154689000000.0,157678500000.0,32391000000.0,122298000000.0,0.067,48.468,-9911000000.0,3437000000.0,3437000000.0,-13542000000.0,11145000000.0,1.119,1.343,23150000000.0,616000000.0,22534000000.0,23150000000.0,0.0,6499000000.0,0.0,0.04,2.53,20628000000.0,27127000000.0,2.582,27127000000.0,20628000000.0,19641000000.0,7.89,7.82,7.89,65806000000.0,68599750000.0,65806000000.0,104630917672.0,5.0,3.857,10114000000.0,7.449,1.0,24049000000.0,2.289,4370000000.0,987000000.0,141096000000.0,141686750000.0,7164000000.0,36435000000.0,2589000000.0,33846000000.0,88363000000.0,28936000000.0,59427000000.0,86939917672.0,-4559000000.0,243000000.0,-10409000000.0,-387000000.0,-3560000000.0,-15110000000.0,-9258000000.0,-2605000000.0,20025000000.0,-216000000.0,11087000000.0,11087000000.0,11087000000.0,-2255000000.0,58000000.0,1.055,6384000000.0,17665000000.0,20835000000.0,0.321,1.321,7.842,8.025,83090000000.0,0.0,63.32,8.274,8.182,16416000000.0,46681000000.0,10507000000.0,10507000000.0,983000000.0,0.07,0.162,0.146,1.963,0.0,281000000.0,1.0,1373024600.0,1357710000,1369562000.0,7.739,150319000000.0,0.0,8554000000.0,22552000000.0,110.715,3455000000.0
40,COP,MRT,2011-06-30,2011-06-30,2011-06-30,2021-08-25,6125000000.0,160068000000.0,157839500000.0,34678000000.0,125390000000.0,0.275,50.061,-8845000000.0,5505000000.0,5505000000.0,16672000000.0,11583000000.0,1.182,1.277,23196000000.0,606000000.0,22590000000.0,23196000000.0,0.0,7100000000.0,0.0,0.032,2.42,21196000000.0,28296000000.0,0.653,28296000000.0,21196000000.0,20175000000.0,8.02,7.96,8.02,70059000000.0,69488500000.0,70059000000.0,123318562231.0,6.0,4.358,9906000000.0,7.078,1.0,26689000000.0,0.616,4398000000.0,1021000000.0,144017000000.0,141681250000.0,6986000000.0,38391000000.0,2635000000.0,35756000000.0,89490000000.0,29344000000.0,60146000000.0,106281562231.0,1385000000.0,213000000.0,-8064000000.0,-3184000000.0,-3476000000.0,-15475000000.0,-1912000000.0,-2576000000.0,18751000000.0,21000000.0,11526000000.0,11526000000.0,11526000000.0,-1119000000.0,57000000.0,0.266,7378000000.0,19311000000.0,21018000000.0,0.302,1.517,9.221,9.375,84268000000.0,0.0,75.19,2.451,2.427,16805000000.0,44964000000.0,43361000000.0,43361000000.0,969000000.0,0.073,0.166,0.15,0.489,0.0,629000000.0,1.0,1413506613.0,1399473000,1412147000.0,30.984,155670000000.0,0.0,8649000000.0,22898000000.0,111.235,5334000000.0
41,COP,MRT,2011-03-31,2011-03-31,2011-03-31,2021-08-25,5547000000.0,159643000000.0,155686500000.0,35613000000.0,124030000000.0,0.487,48.853,-8348000000.0,6172000000.0,6172000000.0,45152000000.0,12347000000.0,1.219,1.274,23209000000.0,605000000.0,22604000000.0,23209000000.0,0.0,7756000000.0,0.0,0.029,2.31,21862000000.0,29618000000.0,0.391,29618000000.0,21862000000.0,20734000000.0,8.38,8.32,8.38,69972000000.0,68316500000.0,69972000000.0,128309687603.0,6.0,4.332,7604000000.0,5.309,1.0,30668000000.0,0.404,4427000000.0,1128000000.0,143035000000.0,141552250000.0,7944000000.0,37160000000.0,2231000000.0,34929000000.0,89122000000.0,29218000000.0,59904000000.0,114171687603.0,5317000000.0,242000000.0,-5303000000.0,-5896000000.0,-3375000000.0,-15306000000.0,4611000000.0,-2152000000.0,15952000000.0,60000000.0,12288000000.0,12288000000.0,12288000000.0,0.0,59000000.0,0.162,9528000000.0,21140000000.0,20203000000.0,0.276,1.632,9.291,9.53,83765000000.0,0.0,79.86,1.506,1.509,16408000000.0,42480000000.0,75820000000.0,75820000000.0,918000000.0,0.079,0.18,0.154,0.288,0.0,864000000.0,1.0,1429647979.0,1432285000,1445477000.0,52.936,155216000000.0,0.0,8446000000.0,22975000000.0,108.369,6395000000.0
42,COP,MRT,2010-12-31,2010-12-31,2010-12-31,2021-08-25,4773000000.0,156314000000.0,154478250000.0,34660000000.0,121654000000.0,0.41,46.347,-7535000000.0,9454000000.0,9454000000.0,33869000000.0,11417000000.0,1.264,1.272,23592000000.0,936000000.0,22656000000.0,23592000000.0,0.0,8004000000.0,0.0,0.032,2.15,20095000000.0,28099000000.0,0.444,28099000000.0,20095000000.0,18928000000.0,7.68,7.62,7.68,68562000000.0,66532750000.0,68562000000.0,115659188790.0,6.0,4.116,9510000000.0,6.429,1.0,29466000000.0,0.465,4434000000.0,1167000000.0,138599000000.0,143765500000.0,5197000000.0,35817000000.0,2056000000.0,33761000000.0,87205000000.0,27419000000.0,59786000000.0,100054188790.0,8912000000.0,-23000000.0,-3733000000.0,-5176000000.0,-3175000000.0,-12819000000.0,4665000000.0,-982000000.0,17045000000.0,21000000.0,11358000000.0,11358000000.0,11358000000.0,0.0,59000000.0,0.179,10019000000.0,19447000000.0,18399000000.0,0.28,1.459,8.809,8.867,82554000000.0,0.0,68.1,1.58,1.591,15812000000.0,40397000000.0,63335000000.0,63335000000.0,1125000000.0,0.074,0.171,0.14,0.317,0.0,809000000.0,1.0,1469224505.0,1479330000,1491067000.0,42.813,151880000000.0,0.0,7570000000.0,22209000000.0,102.668,7241000000.0
43,COP,MRT,2010-09-30,2010-09-30,2010-09-30,2021-08-25,4405000000.0,155333000000.0,153434250000.0,35317000000.0,120016000000.0,1.233,46.817,-9056000000.0,7996000000.0,7996000000.0,154789000000.0,10678000000.0,1.389,1.231,23601000000.0,376000000.0,23225000000.0,23601000000.0,0.0,9235000000.0,0.0,0.037,2.1,19410000000.0,28645000000.0,0.151,28645000000.0,19410000000.0,18121000000.0,7.12,7.08,7.12,69361000000.0,64898000000.0,69361000000.0,107348550012.0,6.0,3.748,6892000000.0,4.652,1.0,34344000000.0,0.182,4443000000.0,1289000000.0,141074000000.0,147139000000.0,7741000000.0,36213000000.0,2856000000.0,33357000000.0,85416000000.0,25421000000.0,59995000000.0,85189550012.0,7355000000.0,-383000000.0,-1175000000.0,-7003000000.0,-3118000000.0,-12014000000.0,3278000000.0,0.0,15948000000.0,143000000.0,10602000000.0,10602000000.0,10602000000.0,0.0,76000000.0,0.056,14345000000.0,19999000000.0,16064000000.0,0.295,1.228,8.035,8.066,81460000000.0,0.0,57.43,0.45,0.45,13478000000.0,39156000000.0,189133000000.0,189133000000.0,1176000000.0,0.069,0.163,0.132,0.103,0.0,1827000000.0,1.0,1483363225.0,1481522000,1493080000.0,127.661,150890000000.0,0.0,7519000000.0,22472000000.0,101.848,9896000000.0
44,COP,MRT,2010-06-30,2010-06-30,2010-06-30,2021-08-25,1881000000.0,151456000000.0,152707750000.0,26666000000.0,124790000000.0,1.184,43.879,-9363000000.0,4120000000.0,4120000000.0,148675000000.0,9096000000.0,1.039,1.308,26279000000.0,3082000000.0,23197000000.0,26279000000.0,0.0,9316000000.0,0.0,0.041,2.02,17118000000.0,26434000000.0,0.146,26434000000.0,17118000000.0,15757000000.0,6.04,6.0,6.04,65371000000.0,62935250000.0,65371000000.0,101194534056.0,6.0,3.828,5179000000.0,3.476,1.0,32180000000.0,0.178,4446000000.0,1361000000.0,143501000000.0,150131000000.0,7119000000.0,38351000000.0,0.0,38351000000.0,85511000000.0,25668000000.0,59843000000.0,73061534056.0,3232000000.0,-536000000.0,-321000000.0,-4061000000.0,-2999000000.0,-8595000000.0,-2744000000.0,0.0,14542000000.0,29000000.0,9017000000.0,9017000000.0,9017000000.0,0.0,79000000.0,0.05,14491000000.0,17689000000.0,15376000000.0,0.334,1.118,8.103,8.127,81269000000.0,0.0,49.09,0.404,0.404,13197000000.0,36917000000.0,180855000000.0,180855000000.0,1310000000.0,0.059,0.143,0.114,0.095,0.0,1761000000.0,1.0,1488318070.0,1489814000,1501257000.0,121.394,147010000000.0,0.0,6740000000.0,21520000000.0,98.677,998000000.0
45,COP,MRT,2010-03-31,2010-03-31,2010-03-31,2021-08-25,3275000000.0,154810000000.0,152362000000.0,23593000000.0,131217000000.0,1.096,42.092,-10026000000.0,855000000.0,855000000.0,140618000000.0,5788000000.0,0.887,1.454,28988000000.0,2763000000.0,26225000000.0,28988000000.0,0.0,9383000000.0,0.0,0.038,1.94,12784000000.0,22167000000.0,0.133,22167000000.0,12784000000.0,11504000000.0,3.83,3.8,3.83,62837000000.0,61324750000.0,62837000000.0,104192504963.0,8.0,4.7,3608000000.0,2.417,1.0,26296000000.0,0.158,4450000000.0,1280000000.0,151888000000.0,152233250000.0,7300000000.0,39324000000.0,0.0,39324000000.0,91393000000.0,26605000000.0,64788000000.0,76081504963.0,53000000.0,-576000000.0,43000000.0,-355000000.0,-2880000000.0,-4440000000.0,-9166000000.0,0.0,13634000000.0,25000000.0,5712000000.0,5712000000.0,5712000000.0,0.0,76000000.0,0.034,13145000000.0,13151000000.0,15937000000.0,0.507,1.211,13.32,13.36,86623000000.0,0.0,51.17,0.456,0.458,12630000000.0,32749000000.0,166914000000.0,166914000000.0,1340000000.0,0.037,0.093,0.084,0.077,0.0,1799000000.0,1.0,1486838088.0,1492861000,1503565000.0,111.808,150360000000.0,0.0,5792000000.0,21996000000.0,100.719,-3012000000.0
46,COP,MRT,2009-12-31,2009-12-31,2009-12-31,2021-08-25,3065000000.0,152138000000.0,149472250000.0,21167000000.0,130971000000.0,1.02,41.692,-10861000000.0,542000000.0,542000000.0,128301000000.0,4492000000.0,0.893,1.443,28653000000.0,1728000000.0,26925000000.0,28653000000.0,0.0,9295000000.0,0.0,0.037,1.91,10793000000.0,20088000000.0,0.132,20088000000.0,10793000000.0,9504000000.0,2.96,2.94,2.96,62023000000.0,59389250000.0,62023000000.0,105589268054.0,10.0,5.256,1618000000.0,1.088,1.0,24089000000.0,0.158,4461000000.0,1289000000.0,152093000000.0,150982250000.0,4940000000.0,38094000000.0,0.0,38094000000.0,89525000000.0,23695000000.0,65830000000.0,75772268054.0,-213000000.0,-432000000.0,13000000.0,1229000000.0,-2832000000.0,-2855000000.0,-9935000000.0,0.0,12479000000.0,98000000.0,4414000000.0,4414000000.0,4414000000.0,0.0,78000000.0,0.029,12842000000.0,11247000000.0,15485000000.0,0.645,1.222,17.166,17.253,87708000000.0,0.0,51.07,0.497,0.499,13215000000.0,32214000000.0,152390000000.0,152390000000.0,1182000000.0,0.03,0.074,0.071,0.071,0.0,1830000000.0,1.0,1483694303.0,1487650000,1497608000.0,102.437,147677000000.0,0.0,5090000000.0,21358000000.0,99.269,-2528000000.0
47,COP,MRT,2009-09-30,2009-09-30,2009-09-30,2021-08-25,2712000000.0,152427000000.0,147154000000.0,22253000000.0,130174000000.0,1.049,41.328,-16740000000.0,641000000.0,641000000.0,128457000000.0,-27918000000.0,0.903,1.469,30458000000.0,2796000000.0,27662000000.0,30458000000.0,0.0,9168000000.0,0.0,0.042,1.88,-21754000000.0,-12586000000.0,-0.082,-12586000000.0,-21754000000.0,-22947000000.0,-18.24,-18.15,-18.24,61510000000.0,57674750000.0,61510000000.0,96443902144.0,-4.0,-7.663,-6233000000.0,-4.188,1.0,25891000000.0,0.168,4546000000.0,1193000000.0,153042000000.0,148749250000.0,6268000000.0,37850000000.0,0.0,37850000000.0,90330000000.0,24656000000.0,65674000000.0,66967902144.0,-475000000.0,-204000000.0,-744000000.0,8377000000.0,-2785000000.0,3564000000.0,-14887000000.0,0.0,10507000000.0,341000000.0,-27986000000.0,-27986000000.0,-27986000000.0,0.0,68000000.0,-0.181,47087000000.0,-21196000000.0,14862000000.0,-0.103,1.089,-2.393,-2.476,87136000000.0,0.0,45.16,0.434,0.435,12530000000.0,32181000000.0,154348000000.0,154348000000.0,1327000000.0,-0.19,-0.485,-0.146,-0.141,0.0,1939000000.0,1.0,1482903059.0,1488352000,1498204000.0,103.704,147881000000.0,0.0,5039000000.0,22138000000.0,99.359,-2403000000.0
48,COP,MRT,2009-06-30,2009-06-30,2009-06-30,2021-08-25,998000000.0,150073000000.0,155199000000.0,23074000000.0,126999000000.0,1.188,39.643,-17957000000.0,888000000.0,888000000.0,151996000000.0,-24202000000.0,0.999,1.528,30364000000.0,1438000000.0,28926000000.0,30364000000.0,0.0,9202000000.0,0.0,0.045,1.88,-15280000000.0,-6078000000.0,-0.033,-6078000000.0,-15280000000.0,-16376000000.0,-15.79,-15.73,-15.79,58929000000.0,65516250000.0,58929000000.0,90891169820.0,-6.0,-14.954,-2868000000.0,-1.929,1.0,32454000000.0,0.176,4550000000.0,1096000000.0,151910000000.0,146987750000.0,6181000000.0,35589000000.0,0.0,35589000000.0,90066000000.0,23089000000.0,66977000000.0,62314169820.0,101000000.0,-64000000.0,-3249000000.0,8456000000.0,-2798000000.0,1624000000.0,-16702000000.0,0.0,15089000000.0,90000000.0,-24268000000.0,-24268000000.0,-24268000000.0,0.0,66000000.0,-0.132,47089000000.0,-14635000000.0,14974000000.0,-0.119,1.057,-2.568,-2.664,86246000000.0,0.0,42.06,0.338,0.339,12497000000.0,31388000000.0,184450000000.0,184450000000.0,1208000000.0,-0.156,-0.37,-0.104,-0.083,0.0,2025000000.0,1.0,1481554204.0,1486496000,1495700000.0,124.084,145523000000.0,0.0,7892000000.0,21952000000.0,97.897,-15000000.0
49,COP,MRT,2009-03-31,2009-03-31,2009-03-31,2021-08-25,-2118000000.0,143251000000.0,165219500000.0,20203000000.0,123048000000.0,1.341,37.079,-18683000000.0,802000000.0,802000000.0,181220000000.0,-19621000000.0,0.994,1.58,29379000000.0,82000000.0,29297000000.0,29379000000.0,0.0,9033000000.0,0.0,0.048,1.88,-7465000000.0,1568000000.0,0.007,1568000000.0,-7465000000.0,-8503000000.0,-12.83,-12.8,-12.83,55095000000.0,73883500000.0,55095000000.0,84666220055.0,-11.0,53.996,-727000000.0,-0.489,1.0,40397000000.0,0.182,4614000000.0,1038000000.0,146884000000.0,145596500000.0,6480000000.0,33719000000.0,0.0,33719000000.0,87058000000.0,20330000000.0,66728000000.0,57966220055.0,-621000000.0,-139000000.0,-5583000000.0,7893000000.0,-2820000000.0,-1136000000.0,-17530000000.0,0.0,17956000000.0,89000000.0,-19688000000.0,-19688000000.0,-19688000000.0,0.0,67000000.0,-0.089,47086000000.0,-6689000000.0,13321000000.0,-0.147,1.052,-2.944,-3.052,84056000000.0,0.0,39.16,0.262,0.263,10319000000.0,30786000000.0,221617000000.0,221617000000.0,1253000000.0,-0.119,-0.266,-0.051,-0.034,0.0,2178000000.0,1.0,1480240553.0,1485890000,1495247000.0,149.148,138637000000.0,0.0,11185000000.0,22126000000.0,93.302,-127000000.0
50,COP,MRT,2008-12-31,2008-12-31,2008-12-31,2021-08-25,-1875000000.0,142865000000.0,175226250000.0,20843000000.0,122022000000.0,1.409,36.211,-19099000000.0,755000000.0,755000000.0,201118000000.0,-16279000000.0,0.957,1.57,27455000000.0,370000000.0,27085000000.0,27455000000.0,0.0,9012000000.0,0.0,0.036,1.88,-1995000000.0,7017000000.0,0.028,7017000000.0,-1995000000.0,-2930000000.0,-10.73,-10.73,-10.73,55165000000.0,82503500000.0,55165000000.0,98208353286.0,-49.0,13.996,3559000000.0,2.336,1.0,45813000000.0,0.186,4624000000.0,935000000.0,143161000000.0,144371500000.0,5095000000.0,32899000000.0,0.0,32899000000.0,86600000000.0,21780000000.0,64820000000.0,77224353286.0,-701000000.0,-129000000.0,-8051000000.0,5760000000.0,-2854000000.0,-5764000000.0,-17616000000.0,0.0,22658000000.0,21000000.0,-16349000000.0,-16349000000.0,-16349000000.0,0.0,70000000.0,-0.066,47203000000.0,-1390000000.0,13990000000.0,-0.175,1.4,-4.723,-4.828,83947000000.0,0.0,51.8,0.313,0.32,11995000000.0,30642000000.0,246931000000.0,246931000000.0,1337000000.0,-0.093,-0.198,-0.014,-0.008,0.0,2229000000.0,1.0,1490817631.0,1523432000,1523432000.0,162.089,138241000000.0,0.0,13419000000.0,22440000000.0,90.743,-937000000.0
51,COP,MRT,2008-09-30,2008-09-30,2008-09-30,2021-08-25,2742000000.0,184607000000.0,183949250000.0,28326000000.0,156281000000.0,1.389,61.471,-14419000000.0,1116000000.0,1116000000.0,207455000000.0,19275000000.0,0.96,0.976,22100000000.0,387000000.0,21713000000.0,22100000000.0,0.0,8954000000.0,0.0,0.025,1.82,35027000000.0,43981000000.0,0.172,43981000000.0,35027000000.0,34135000000.0,12.34,12.19,12.34,92876000000.0,90958000000.0,92876000000.0,132462687682.0,4.0,3.012,12037000000.0,7.967,1.0,48121000000.0,0.188,30085000000.0,892000000.0,145996000000.0,143799750000.0,6741000000.0,36397000000.0,0.0,36397000000.0,90604000000.0,29510000000.0,61094000000.0,111325687682.0,-263000000.0,-376000000.0,-9784000000.0,205000000.0,-2811000000.0,-12971000000.0,-13511000000.0,0.0,26456000000.0,-237000000.0,19137000000.0,19137000000.0,19137000000.0,0.0,138000000.0,0.075,12599000000.0,35522000000.0,19237000000.0,0.147,1.199,5.817,5.936,89259000000.0,0.0,73.25,0.436,0.433,16986000000.0,63103000000.0,255576000000.0,255576000000.0,1132000000.0,0.104,0.21,0.244,0.137,0.0,2274000000.0,1.0,1519804610.0,1510897000,1528187000.0,169.155,154522000000.0,0.0,14998000000.0,26777000000.0,102.272,-1184000000.0
52,COP,MRT,2008-06-30,2008-06-30,2008-06-30,2021-08-25,4304000000.0,190155000000.0,181154250000.0,33515000000.0,156640000000.0,1.281,60.195,-13164000000.0,787000000.0,787000000.0,187234000000.0,17745000000.0,0.962,1.046,21924000000.0,385000000.0,21539000000.0,21924000000.0,0.0,8645000000.0,0.0,0.019,1.76,32076000000.0,40721000000.0,0.175,40721000000.0,32076000000.0,31032000000.0,11.17,11.03,11.17,92398000000.0,89472250000.0,92398000000.0,165660544296.0,5.0,4.068,11768000000.0,7.667,1.0,44902000000.0,0.193,30100000000.0,1044000000.0,146345000000.0,142194000000.0,6757000000.0,35795000000.0,0.0,35795000000.0,96613000000.0,34847000000.0,61766000000.0,145591544296.0,-624000000.0,-483000000.0,-9720000000.0,-939000000.0,-2768000000.0,-13958000000.0,-11611000000.0,0.0,24932000000.0,13000000.0,17622000000.0,17622000000.0,17622000000.0,0.0,123000000.0,0.076,12428000000.0,32474000000.0,23361000000.0,0.158,1.576,8.262,8.45,89990000000.0,0.0,94.39,0.627,0.624,20461000000.0,58625000000.0,232136000000.0,232136000000.0,1083000000.0,0.097,0.197,0.226,0.138,0.0,2330000000.0,1.0,1542446703.0,1534975000,1555447000.0,151.231,160055000000.0,0.0,13410000000.0,27743000000.0,104.272,-1332000000.0
53,COP,MRT,2008-03-31,2008-03-31,2008-03-31,2021-08-25,4138000000.0,183278000000.0,176332500000.0,28608000000.0,154670000000.0,1.181,57.339,-12266000000.0,1423000000.0,1423000000.0,165187000000.0,12590000000.0,0.919,1.033,21492000000.0,384000000.0,21108000000.0,21492000000.0,0.0,8483000000.0,0.0,0.022,1.7,25908000000.0,34391000000.0,0.165,34391000000.0,25908000000.0,24755000000.0,7.81,7.71,7.81,89575000000.0,87604750000.0,89575000000.0,139233400381.0,5.0,4.049,11998000000.0,7.68,1.0,42993000000.0,0.207,30238000000.0,1153000000.0,141984000000.0,140069750000.0,6995000000.0,34694000000.0,0.0,34694000000.0,92552000000.0,31125000000.0,61427000000.0,119002400381.0,563000000.0,-509000000.0,-8245000000.0,-2230000000.0,-2717000000.0,-13783000000.0,-9926000000.0,0.0,24264000000.0,8000000.0,12484000000.0,12484000000.0,12484000000.0,0.0,106000000.0,0.06,16879000000.0,26114000000.0,20694000000.0,0.218,1.329,9.532,9.758,89207000000.0,0.0,76.21,0.572,0.572,17151000000.0,53906000000.0,208180000000.0,208180000000.0,1054000000.0,0.071,0.143,0.185,0.124,0.0,2305000000.0,1.0,1561506369.0,1562198000,1582025000.0,133.261,153040000000.0,0.0,12271000000.0,28081000000.0,97.965,-2517000000.0
54,COP,MRT,2007-12-31,2007-12-31,2007-12-31,2021-08-25,4560000000.0,177757000000.0,173815250000.0,24735000000.0,153022000000.0,1.119,54.793,-11791000000.0,1456000000.0,1456000000.0,153102000000.0,11978000000.0,0.92,0.984,21687000000.0,1398000000.0,20289000000.0,21687000000.0,0.0,8298000000.0,0.0,0.019,1.64,24525000000.0,32823000000.0,0.169,32823000000.0,24525000000.0,23272000000.0,7.32,7.22,7.32,88983000000.0,86406500000.0,88983000000.0,161737851665.0,7.0,4.928,12759000000.0,7.857,1.0,41393000000.0,0.213,30232000000.0,1253000000.0,140874000000.0,138709250000.0,4223000000.0,33328000000.0,0.0,33328000000.0,87601000000.0,26882000000.0,60719000000.0,141240851665.0,639000000.0,-593000000.0,-6716000000.0,-5519000000.0,-2661000000.0,-15340000000.0,-8562000000.0,0.0,24550000000.0,-9000000.0,11891000000.0,11891000000.0,11891000000.0,0.0,87000000.0,0.061,16641000000.0,24752000000.0,17861000000.0,0.224,1.587,11.878,12.063,89003000000.0,0.0,88.3,0.726,0.737,16354000000.0,50510000000.0,194495000000.0,194495000000.0,1007000000.0,0.068,0.138,0.177,0.126,0.0,2306000000.0,1.0,1599556644.0,1623994000,1645919000.0,119.763,147525000000.0,0.0,11381000000.0,25832000000.0,90.841,-2147000000.0
55,COP,MRT,2007-09-30,2007-09-30,2007-09-30,2021-08-25,3930000000.0,173427000000.0,170571250000.0,23639000000.0,149788000000.0,1.071,53.581,-11990000000.0,1379000000.0,1379000000.0,142555000000.0,10717000000.0,0.982,0.981,21876000000.0,405000000.0,21471000000.0,21876000000.0,0.0,8094000000.0,0.0,0.018,1.59,23186000000.0,31280000000.0,0.171,31280000000.0,23186000000.0,21865000000.0,6.49,6.41,6.49,86933000000.0,84822250000.0,86933000000.0,164219088538.0,7.0,5.25,11277000000.0,6.951,1.0,40177000000.0,0.22,30273000000.0,1321000000.0,139573000000.0,136547750000.0,5312000000.0,31743000000.0,0.0,31743000000.0,85314000000.0,24078000000.0,61236000000.0,142818088538.0,683000000.0,-523000000.0,-4425000000.0,-6023000000.0,-2602000000.0,-13401000000.0,-9133000000.0,0.0,23267000000.0,-50000000.0,10717000000.0,10717000000.0,10717000000.0,0.0,0.0,0.059,16813000000.0,23364000000.0,16257000000.0,0.245,1.643,13.326,13.524,87407000000.0,0.0,87.77,0.782,0.779,13778000000.0,46790000000.0,182732000000.0,182732000000.0,1130000000.0,0.063,0.126,0.17,0.127,0.0,2350000000.0,1.0,1627185696.0,1622456000,1644267000.0,112.627,143154000000.0,0.0,11148000000.0,25665000000.0,88.233,-439000000.0
56,COP,MRT,2007-06-30,2007-06-30,2007-06-30,2021-08-25,2599000000.0,170868000000.0,168145250000.0,24381000000.0,146487000000.0,1.097,51.917,-13027000000.0,1411000000.0,1411000000.0,142534000000.0,10920000000.0,1.019,0.998,22812000000.0,1109000000.0,21703000000.0,22812000000.0,0.0,8179000000.0,0.0,0.02,1.54,24676000000.0,32855000000.0,0.178,32855000000.0,24676000000.0,23438000000.0,6.58,6.49,6.58,84928000000.0,83208000000.0,84928000000.0,151108392856.0,6.0,4.599,10484000000.0,6.409,1.0,41850000000.0,0.227,30504000000.0,1238000000.0,137848000000.0,134268750000.0,5245000000.0,30315000000.0,0.0,30315000000.0,84760000000.0,23917000000.0,60843000000.0,128300392856.0,757000000.0,-652000000.0,-2203000000.0,-6692000000.0,-2528000000.0,-11714000000.0,-10973000000.0,0.0,23511000000.0,-67000000.0,10920000000.0,10920000000.0,10920000000.0,0.0,0.0,0.059,17037000000.0,24813000000.0,16133000000.0,0.234,1.511,11.749,11.93,85296000000.0,0.0,78.5,0.696,0.696,14290000000.0,43783000000.0,184384000000.0,184384000000.0,1109000000.0,0.065,0.131,0.184,0.134,0.0,2431000000.0,1.0,1634399909.0,1635848000,1657999000.0,112.715,140364000000.0,0.0,12518000000.0,24654000000.0,85.805,464000000.0
57,COP,MRT,2007-03-31,2007-03-31,2007-03-31,2021-08-25,1437000000.0,173209000000.0,165907500000.0,24741000000.0,148468000000.0,1.106,51.466,-13929000000.0,860000000.0,860000000.0,141023000000.0,15805000000.0,0.915,1.029,23668000000.0,1707000000.0,21961000000.0,23668000000.0,0.0,8128000000.0,0.0,0.022,1.49,29881000000.0,38009000000.0,0.207,38009000000.0,29881000000.0,28602000000.0,9.53,9.4,9.53,84782000000.0,81320250000.0,84782000000.0,138691223927.0,5.0,3.649,9660000000.0,5.864,1.0,42440000000.0,0.231,32450000000.0,1279000000.0,136542000000.0,132421250000.0,5685000000.0,31719000000.0,0.0,31719000000.0,87226000000.0,27025000000.0,60201000000.0,112374223927.0,-2148000000.0,-788000000.0,-1705000000.0,-8583000000.0,-2455000000.0,-12950000000.0,-12827000000.0,0.0,23589000000.0,40000000.0,15805000000.0,15805000000.0,15805000000.0,0.0,0.0,0.086,12231000000.0,30209000000.0,16758000000.0,0.156,1.325,7.11,7.172,83904000000.0,0.0,68.35,0.613,0.614,13900000000.0,44150000000.0,183463000000.0,183463000000.0,984000000.0,0.095,0.194,0.226,0.163,0.0,2437000000.0,1.0,1644099838.0,1647352000,1668847000.0,111.368,140759000000.0,0.0,12797000000.0,25583000000.0,85.446,-2284000000.0
58,COP,MRT,2006-12-31,2006-12-31,2006-12-31,2021-08-25,1289000000.0,164781000000.0,162518250000.0,25066000000.0,139715000000.0,1.16,52.11,-15596000000.0,817000000.0,817000000.0,147499000000.0,15550000000.0,0.948,0.979,27134000000.0,4043000000.0,23091000000.0,27134000000.0,0.0,7284000000.0,0.0,0.02,1.44,29420000000.0,36704000000.0,0.195,36704000000.0,29420000000.0,28333000000.0,9.8,9.66,9.8,82646000000.0,78173000000.0,82646000000.0,145524138333.0,5.0,3.965,5920000000.0,3.733,1.0,41024000000.0,0.218,32439000000.0,1087000000.0,132228000000.0,129900000000.0,5153000000.0,20713000000.0,0.0,20713000000.0,80933000000.0,26431000000.0,54502000000.0,118413138333.0,-1397000000.0,-14942000000.0,-705000000.0,10232000000.0,-2277000000.0,7065000000.0,-29993000000.0,0.0,21516000000.0,15000000.0,15550000000.0,15550000000.0,15550000000.0,0.0,0.0,0.082,11277000000.0,29747000000.0,14634000000.0,0.147,1.433,7.615,7.342,86201000000.0,0.0,71.95,0.628,0.605,14106000000.0,41292000000.0,188523000000.0,188523000000.0,834000000.0,0.096,0.199,0.226,0.156,0.0,2476000000.0,1.0,1645769817.0,1585982000,1609530000.0,118.868,132342000000.0,0.0,12783000000.0,24481000000.0,83.445,-1365000000.0
59,COP,MRT,2006-09-30,2006-09-30,2006-09-30,2021-08-25,1722000000.0,163723000000.0,148072750000.0,24600000000.0,139123000000.0,1.338,48.696,-14560000000.0,696000000.0,696000000.0,158065000000.0,16032000000.0,0.899,1.019,27807000000.0,4030000000.0,23777000000.0,27807000000.0,0.0,6460000000.0,0.0,0.023,1.39,29827000000.0,36287000000.0,0.183,36287000000.0,29827000000.0,28934000000.0,10.52,10.35,10.52,80476000000.0,70694250000.0,80476000000.0,126949757892.0,4.0,3.498,5994000000.0,3.627,1.0,40096000000.0,0.202,33023000000.0,893000000.0,130457000000.0,116718750000.0,6198000000.0,19530000000.0,0.0,19530000000.0,82026000000.0,27354000000.0,54672000000.0,98093757892.0,-2107000000.0,-14937000000.0,-1264000000.0,9900000000.0,-2113000000.0,6340000000.0,-29091000000.0,0.0,20554000000.0,90000000.0,16032000000.0,16032000000.0,16032000000.0,15000000.0,0.0,0.081,9843000000.0,30253000000.0,14051000000.0,0.132,1.219,6.119,5.659,86127000000.0,0.0,59.53,0.495,0.496,13045000000.0,38685000000.0,198161000000.0,198161000000.0,672000000.0,0.108,0.227,0.256,0.151,0.0,2383000000.0,1.0,1647803761.0,1652623000,1675839000.0,119.907,130700000000.0,0.0,12902000000.0,25913000000.0,79.086,-2754000000.0
60,COP,MRT,2006-06-30,2006-06-30,2006-06-30,2021-08-25,1759000000.0,161917000000.0,133235000000.0,21738000000.0,140179000000.0,1.488,46.76,-14589000000.0,654000000.0,654000000.0,161117000000.0,15956000000.0,0.805,1.076,29510000000.0,4571000000.0,24939000000.0,29510000000.0,0.0,5372000000.0,0.0,0.02,1.34,28254000000.0,33626000000.0,0.17,33626000000.0,28254000000.0,27547000000.0,10.9,10.72,10.9,77377000000.0,63034750000.0,77377000000.0,137351719537.0,5.0,4.085,5826000000.0,3.521,1.0,37118000000.0,0.187,33295000000.0,707000000.0,130458000000.0,103529000000.0,6435000000.0,18326000000.0,0.0,18326000000.0,83294000000.0,27020000000.0,56274000000.0,108166719537.0,-887000000.0,-14743000000.0,-1530000000.0,11017000000.0,-1950000000.0,7420000000.0,-28799000000.0,0.0,20415000000.0,77000000.0,15956000000.0,15956000000.0,15956000000.0,19000000.0,0.0,0.08,8393000000.0,28725000000.0,14517000000.0,0.123,1.398,6.779,6.012,87920000000.0,0.0,65.53,0.546,0.547,12543000000.0,35402000000.0,198235000000.0,198235000000.0,615000000.0,0.12,0.253,0.273,0.143,0.0,2345000000.0,1.0,1650644278.0,1654758000,1678445000.0,119.797,128622000000.0,0.0,11591000000.0,25261000000.0,77.729,-5282000000.0
61,COP,MRT,2006-03-31,2006-03-31,2006-03-31,2021-08-25,986000000.0,159652000000.0,117123000000.0,22937000000.0,136715000000.0,1.642,52.203,-14312000000.0,3008000000.0,3008000000.0,159888000000.0,13908000000.0,0.79,1.194,32193000000.0,6127000000.0,26066000000.0,32193000000.0,0.0,4392000000.0,0.0,0.02,1.29,24778000000.0,29170000000.0,0.152,29170000000.0,24778000000.0,24304000000.0,10.02,9.84,10.02,72193000000.0,55515500000.0,72193000000.0,97355979292.0,4.0,3.338,4027000000.0,2.912,1.0,32485000000.0,0.169,33357000000.0,474000000.0,126457000000.0,90319250000.0,5507000000.0,16777000000.0,0.0,16777000000.0,86222000000.0,29023000000.0,57199000000.0,87053979292.0,587000000.0,-14494000000.0,-1443000000.0,13760000000.0,-1787000000.0,10466000000.0,-28120000000.0,0.0,18339000000.0,-98000000.0,13908000000.0,13908000000.0,13908000000.0,12000000.0,0.0,0.072,7288000000.0,25197000000.0,13997000000.0,0.129,1.206,6.259,6.302,85960000000.0,0.0,63.15,0.453,0.454,12757000000.0,30813000000.0,192373000000.0,192373000000.0,602000000.0,0.119,0.251,0.274,0.129,0.0,2274000000.0,1.0,1378526988.0,1382925000,1404704000.0,139.106,126295000000.0,0.0,10396000000.0,25807000000.0,91.325,-6086000000.0
62,COP,MRT,2005-12-31,2005-12-31,2005-12-31,2021-08-25,814000000.0,106999000000.0,101432500000.0,19612000000.0,87387000000.0,1.808,37.844,-11620000000.0,2214000000.0,2214000000.0,151843000000.0,13529000000.0,0.918,1.006,12516000000.0,1758000000.0,10758000000.0,12516000000.0,0.0,4253000000.0,0.0,0.02,1.18,23933000000.0,28186000000.0,0.154,28186000000.0,23933000000.0,23436000000.0,9.71,9.55,9.71,52731000000.0,48725000000.0,52731000000.0,91422535947.0,4.0,3.244,6008000000.0,4.312,1.0,31521000000.0,0.172,16439000000.0,497000000.0,79503000000.0,77339000000.0,3724000000.0,15726000000.0,0.0,15726000000.0,53059000000.0,21359000000.0,31700000000.0,80728535947.0,827000000.0,-164000000.0,-1522000000.0,-2550000000.0,-1639000000.0,-5684000000.0,-11016000000.0,0.0,17628000000.0,-101000000.0,13529000000.0,13529000000.0,13529000000.0,23000000.0,0.0,0.074,7203000000.0,24318000000.0,12267000000.0,0.122,1.531,5.967,5.992,54669000000.0,0.0,58.18,0.44,0.442,11940000000.0,28018000000.0,183364000000.0,183364000000.0,661000000.0,0.133,0.278,0.309,0.131,0.0,2247000000.0,1.0,1387565073.0,1393371000,1417028000.0,131.597,90560000000.0,0.0,9907000000.0,14955000000.0,64.993,-1747000000.0
63,COP,MRT,2005-09-30,2005-09-30,2005-09-30,2021-08-25,1015000000.0,104372000000.0,97898000000.0,20604000000.0,83768000000.0,1.749,35.753,-13410000000.0,2803000000.0,2803000000.0,142095000000.0,12282000000.0,0.963,1.07,13497000000.0,1125000000.0,12372000000.0,13497000000.0,0.0,4105000000.0,0.0,0.016,1.12,21673000000.0,25778000000.0,0.151,25778000000.0,21673000000.0,21145000000.0,8.81,8.66,8.81,49838000000.0,46223000000.0,49838000000.0,109784020845.0,5.0,4.259,2740000000.0,1.966,1.0,29168000000.0,0.17,15970000000.0,528000000.0,77698000000.0,76164250000.0,4838000000.0,14802000000.0,0.0,14802000000.0,53302000000.0,21398000000.0,31904000000.0,97312020845.0,-460000000.0,83000000.0,-627000000.0,-1983000000.0,-1556000000.0,-4018000000.0,-12554000000.0,0.0,16150000000.0,-38000000.0,12282000000.0,12282000000.0,12282000000.0,56000000.0,0.0,0.072,7166000000.0,22002000000.0,11897000000.0,0.127,1.953,7.923,7.935,52482000000.0,0.0,69.91,0.568,0.569,10406000000.0,24337000000.0,171263000000.0,171263000000.0,624000000.0,0.125,0.266,0.285,0.127,0.0,2305000000.0,1.0,1391961391.0,1393943000,1417796000.0,122.862,88402000000.0,0.0,8863000000.0,15110000000.0,63.419,-794000000.0
64,COP,MRT,2005-06-30,2005-06-30,2005-06-30,2021-08-25,1003000000.0,97469000000.0,94009500000.0,16747000000.0,80722000000.0,1.663,33.865,-11378000000.0,1541000000.0,1541000000.0,130242000000.0,10488000000.0,1.026,1.035,14013000000.0,354000000.0,13659000000.0,14013000000.0,0.0,3994000000.0,0.0,0.018,1.025,18757000000.0,22751000000.0,0.146,22751000000.0,18757000000.0,18250000000.0,7.53,7.41,7.53,47300000000.0,43705250000.0,47300000000.0,91634290551.0,5.0,4.028,3089000000.0,2.212,1.0,26103000000.0,0.167,15994000000.0,507000000.0,77619000000.0,74163000000.0,4870000000.0,12569000000.0,0.0,12569000000.0,48957000000.0,16328000000.0,32629000000.0,80043290551.0,737000000.0,171000000.0,-90000000.0,-1691000000.0,-1422000000.0,-3111000000.0,-10650000000.0,0.0,14467000000.0,31000000.0,10488000000.0,10488000000.0,10488000000.0,57000000.0,0.0,0.067,7049000000.0,19054000000.0,10498000000.0,0.136,1.692,7.632,7.635,51730000000.0,0.0,57.49,0.512,0.514,9010000000.0,21399000000.0,156345000000.0,156345000000.0,689000000.0,0.112,0.24,0.253,0.12,0.0,2222000000.0,1.0,1392299366.0,1396724000,1419288000.0,111.937,81475000000.0,0.0,7762000000.0,13454000000.0,58.333,419000000.0
65,COP,MRT,2005-03-31,2005-03-31,2005-03-31,2021-08-25,1334000000.0,96890000000.0,91025750000.0,18083000000.0,78807000000.0,1.6,32.213,-9837000000.0,2421000000.0,2421000000.0,121539000000.0,9425000000.0,1.006,1.126,14012000000.0,114000000.0,13898000000.0,14012000000.0,0.0,3921000000.0,0.0,0.017,0.93,16882000000.0,20803000000.0,0.143,20803000000.0,16882000000.0,16343000000.0,6.78,6.68,6.78,45031000000.0,41336750000.0,45031000000.0,88651198389.0,5.0,4.261,4138000000.0,2.96,1.0,24078000000.0,0.165,15976000000.0,539000000.0,74536000000.0,72167250000.0,4542000000.0,11389000000.0,0.0,11389000000.0,50685000000.0,17969000000.0,32716000000.0,75036198389.0,1762000000.0,176000000.0,279000000.0,-3039000000.0,-1286000000.0,-3893000000.0,-8421000000.0,0.0,13975000000.0,101000000.0,9425000000.0,9425000000.0,9425000000.0,2000000.0,0.0,0.065,7006000000.0,17072000000.0,11032000000.0,0.137,1.666,7.961,7.953,51053000000.0,0.0,53.92,0.515,0.518,9816000000.0,18692000000.0,145617000000.0,145617000000.0,731000000.0,0.104,0.228,0.234,0.116,0.0,2199000000.0,1.0,1391620890.0,1397893000,1420372000.0,104.169,80914000000.0,0.0,6918000000.0,14616000000.0,57.883,114000000.0
66,COP,MRT,2004-12-31,2004-12-31,2004-12-31,2021-08-25,1592000000.0,92861000000.0,87910500000.0,15021000000.0,77840000000.0,1.557,30.924,-9496000000.0,1387000000.0,1387000000.0,115041000000.0,8129000000.0,0.964,1.148,15002000000.0,632000000.0,14370000000.0,15002000000.0,0.0,3798000000.0,0.0,0.021,0.895,14937000000.0,18735000000.0,0.137,18735000000.0,14937000000.0,14391000000.0,5.88,5.8,5.88,42723000000.0,39034000000.0,42723000000.0,72155940073.0,5.0,3.851,2463000000.0,1.783,1.0,21875000000.0,0.16,16086000000.0,546000000.0,74804000000.0,71028250000.0,3666000000.0,10408000000.0,0.0,10408000000.0,49033000000.0,15586000000.0,33447000000.0,59932940073.0,897000000.0,107000000.0,430000000.0,-2775000000.0,-1232000000.0,-3399000000.0,-7788000000.0,0.0,11959000000.0,125000000.0,8129000000.0,8129000000.0,8129000000.0,-22000000.0,0.0,0.059,6793000000.0,15082000000.0,9131000000.0,0.152,1.403,7.373,7.384,50902000000.0,0.0,43.415,0.438,0.438,8788000000.0,16128000000.0,136916000000.0,136916000000.0,703000000.0,0.092,0.208,0.21,0.109,0.0,2128000000.0,1.0,1380466200.0,1381568000,1401300000.0,99.102,76775000000.0,0.0,6262000000.0,13539000000.0,55.571,-565000000.0
67,COP,MRT,2004-09-30,2004-09-30,2004-09-30,2021-08-25,978000000.0,88818000000.0,85309000000.0,15993000000.0,72825000000.0,1.44,28.741,-6443000000.0,3263000000.0,3263000000.0,103724000000.0,6718000000.0,1.054,1.207,15486000000.0,1079000000.0,14407000000.0,15486000000.0,0.0,3679000000.0,0.0,0.021,0.86,12479000000.0,16158000000.0,0.132,16158000000.0,12479000000.0,11877000000.0,4.88,4.81,4.88,39767000000.0,36944750000.0,39767000000.0,71877967492.0,6.0,4.448,4351000000.0,3.145,1.0,19082000000.0,0.155,16180000000.0,602000000.0,69693000000.0,69718500000.0,4334000000.0,7497000000.0,0.0,7497000000.0,48015000000.0,15168000000.0,32847000000.0,57062967492.0,2780000000.0,16000000.0,324000000.0,-3323000000.0,-1178000000.0,-4024000000.0,-4013000000.0,0.0,10794000000.0,23000000.0,6718000000.0,6718000000.0,6718000000.0,-106000000.0,0.0,0.055,6615000000.0,12467000000.0,8277000000.0,0.176,1.435,8.494,8.489,48701000000.0,0.0,41.425,0.465,0.467,6973000000.0,14047000000.0,122806000000.0,122806000000.0,722000000.0,0.079,0.182,0.179,0.102,0.0,2091000000.0,1.0,1377500724.0,1383652000,1403432000.0,88.755,72638000000.0,0.0,5159000000.0,12954000000.0,52.497,825000000.0
68,COP,MRT,2004-06-30,2004-06-30,2004-06-30,2021-08-25,849000000.0,85534000000.0,83592500000.0,13778000000.0,71756000000.0,1.37,27.422,-6369000000.0,804000000.0,804000000.0,96839000000.0,6018000000.0,0.949,1.234,15619000000.0,1241000000.0,14378000000.0,15619000000.0,0.0,3599000000.0,0.0,0.022,0.845,11280000000.0,14879000000.0,0.13,14879000000.0,11280000000.0,10589000000.0,4.39,4.33,4.39,37826000000.0,35244250000.0,37826000000.0,68772296229.0,6.0,4.622,2070000000.0,1.501,1.0,17719000000.0,0.155,16191000000.0,691000000.0,69636000000.0,69585750000.0,4665000000.0,7296000000.0,0.0,7296000000.0,46660000000.0,14522000000.0,32138000000.0,52322296229.0,54000000.0,24000000.0,282000000.0,-4616000000.0,-1154000000.0,-5205000000.0,-3130000000.0,0.0,8439000000.0,-50000000.0,6018000000.0,6018000000.0,6018000000.0,-168000000.0,0.0,0.053,6490000000.0,11229000000.0,7900000000.0,0.192,1.383,8.694,8.689,47844000000.0,0.0,38.145,0.457,0.459,7073000000.0,12336000000.0,114558000000.0,114558000000.0,649000000.0,0.072,0.171,0.162,0.098,0.0,2113000000.0,1.0,1371668534.0,1379380000,1398022000.0,83.05,69343000000.0,0.0,4571000000.0,12147000000.0,50.271,-744000000.0
69,COP,MRT,2004-03-31,2004-03-31,2004-03-31,2021-08-25,797000000.0,84429000000.0,82391250000.0,12920000000.0,71509000000.0,1.314,26.104,-6342000000.0,659000000.0,659000000.0,92048000000.0,5130000000.0,0.879,1.331,17109000000.0,1441000000.0,15668000000.0,17109000000.0,0.0,3544000000.0,0.0,0.024,0.83,9679000000.0,13223000000.0,0.122,13223000000.0,9679000000.0,8929000000.0,3.765,3.715,3.765,35820000000.0,33795750000.0,35820000000.0,65052751912.0,7.0,4.92,1967000000.0,1.433,1.0,16198000000.0,0.15,16197000000.0,750000000.0,69980000000.0,68888500000.0,4360000000.0,7170000000.0,0.0,7170000000.0,47663000000.0,14702000000.0,32961000000.0,47762751912.0,16000000.0,7000000.0,201000000.0,-3964000000.0,-1130000000.0,-4685000000.0,-3563000000.0,0.0,8309000000.0,-45000000.0,5130000000.0,5130000000.0,5130000000.0,-197000000.0,0.0,0.047,6627000000.0,9571000000.0,7536000000.0,0.22,1.333,9.31,9.271,47704000000.0,0.0,34.905,0.441,0.442,6392000000.0,10556000000.0,108246000000.0,108246000000.0,628000000.0,0.062,0.152,0.141,0.089,0.0,2200000000.0,1.0,1368364186.0,1372196000,1388104000.0,78.885,68232000000.0,0.0,3799000000.0,12151000000.0,49.725,-1782000000.0
70,COP,MRT,2003-12-31,2003-12-31,2003-12-31,2021-08-25,821000000.0,82455000000.0,81313500000.0,11192000000.0,71263000000.0,1.292,25.251,-6169000000.0,490000000.0,490000000.0,89298000000.0,4735000000.0,0.799,1.375,17780000000.0,1440000000.0,16340000000.0,17780000000.0,0.0,3485000000.0,0.0,0.025,0.815,9323000000.0,12808000000.0,0.122,12808000000.0,9323000000.0,8479000000.0,3.48,3.45,3.48,34366000000.0,32572000000.0,34366000000.0,62902436814.0,7.0,4.911,3187000000.0,2.342,1.0,15799000000.0,0.15,16169000000.0,844000000.0,69565000000.0,68177750000.0,3957000000.0,7258000000.0,0.0,7258000000.0,47247000000.0,14011000000.0,33236000000.0,44638436814.0,183000000.0,23000000.0,108000000.0,-4811000000.0,-1107000000.0,-5699000000.0,-3498000000.0,0.0,9356000000.0,24000000.0,4735000000.0,4735000000.0,4735000000.0,-237000000.0,0.0,0.045,6517000000.0,9282000000.0,6899000000.0,0.234,1.299,9.427,9.421,47428000000.0,0.0,32.785,0.425,0.425,5005000000.0,9234000000.0,105097000000.0,105097000000.0,601000000.0,0.058,0.145,0.137,0.089,0.0,2179000000.0,1.0,1361550612.0,1360980000,1370866000.0,77.222,66286000000.0,0.0,3744000000.0,11241000000.0,48.705,-2819000000.0
71,COP,MRT,2003-09-30,2003-09-30,2003-09-30,2021-08-25,266000000.0,81952000000.0,79908750000.0,11763000000.0,70189000000.0,1.285,24.214,-6294000000.0,483000000.0,483000000.0,87097000000.0,3286000000.0,0.796,1.462,18747000000.0,2404000000.0,16343000000.0,18747000000.0,0.0,3458000000.0,0.0,0.029,0.8,7767000000.0,11225000000.0,0.109,11225000000.0,7767000000.0,6901000000.0,2.27,2.245,2.27,32965000000.0,31359750000.0,32965000000.0,54270962461.0,7.0,4.835,3022000000.0,2.22,1.0,15563000000.0,0.152,16278000000.0,866000000.0,69162000000.0,67765500000.0,4074000000.0,7238000000.0,0.0,7238000000.0,48186000000.0,14776000000.0,33410000000.0,37225962461.0,-34000000.0,-71000000.0,60000000.0,-4379000000.0,-1086000000.0,-5352000000.0,-4033000000.0,0.0,9316000000.0,35000000.0,3286000000.0,3286000000.0,3286000000.0,785000000.0,0.0,0.032,6753000000.0,8810000000.0,6794000000.0,0.352,1.129,11.329,12.059,46280000000.0,0.0,27.375,0.363,0.363,4673000000.0,8504000000.0,102660000000.0,102660000000.0,667000000.0,0.041,0.105,0.115,0.076,0.0,2285000000.0,1.0,1359852510.0,1361378000,1372526000.0,75.409,65674000000.0,0.0,3615000000.0,11549000000.0,48.241,-3013000000.0
72,COP,MRT,2003-06-30,2003-06-30,2003-06-30,2021-08-25,204000000.0,80729000000.0,78791750000.0,11581000000.0,69148000000.0,1.154,23.552,-5734000000.0,524000000.0,524000000.0,77579000000.0,1864000000.0,0.793,1.487,17569000000.0,1544000000.0,16025000000.0,17569000000.0,0.0,3148000000.0,0.0,0.028,0.78,5614000000.0,8762000000.0,0.096,8762000000.0,5614000000.0,4804000000.0,1.19,1.175,1.19,32032000000.0,30616250000.0,32032000000.0,55011952219.0,10.0,6.278,3401000000.0,2.501,1.0,13319000000.0,0.147,16319000000.0,810000000.0,66847000000.0,67273250000.0,4163000000.0,7067000000.0,0.0,7067000000.0,47624000000.0,14608000000.0,33016000000.0,37194952219.0,605000000.0,1050000000.0,44000000.0,-4297000000.0,-952000000.0,-5351000000.0,-3240000000.0,0.0,9135000000.0,61000000.0,1864000000.0,1864000000.0,1864000000.0,884000000.0,0.0,0.021,6630000000.0,6689000000.0,6513000000.0,0.655,1.161,19.954,23.025,45264000000.0,0.0,27.4,0.409,0.41,4675000000.0,7670000000.0,90898000000.0,90898000000.0,620000000.0,0.024,0.061,0.083,0.062,0.0,2529000000.0,1.0,1357480008.0,1360056000,1368376000.0,66.834,64410000000.0,0.0,2940000000.0,11894000000.0,47.358,-3027000000.0
73,COP,MRT,2003-03-31,2003-03-31,2003-03-31,2021-08-25,9000000.0,80118000000.0,67815250000.0,12685000000.0,67433000000.0,1.118,22.754,-5051000000.0,423000000.0,423000000.0,64752000000.0,1028000000.0,0.842,1.558,18240000000.0,844000000.0,17396000000.0,18240000000.0,0.0,2676000000.0,0.0,0.028,0.76,4326000000.0,7002000000.0,0.092,7002000000.0,4326000000.0,3628000000.0,0.77,0.765,0.77,30925000000.0,26222250000.0,30925000000.0,55485236983.0,13.0,7.924,2468000000.0,1.816,1.0,11037000000.0,0.146,15733000000.0,698000000.0,67137000000.0,59756000000.0,3988000000.0,6914000000.0,0.0,6914000000.0,48195000000.0,15065000000.0,33130000000.0,36026236983.0,473000000.0,1072000000.0,38000000.0,-2863000000.0,-817000000.0,-4122000000.0,-2972000000.0,0.0,7519000000.0,48000000.0,1028000000.0,1028000000.0,1028000000.0,936000000.0,0.0,0.014,5559000000.0,5478000000.0,7245000000.0,0.987,1.165,35.045,34.805,44282000000.0,0.0,26.8,0.475,0.481,5981000000.0,6824000000.0,75789000000.0,75789000000.0,545000000.0,0.015,0.039,0.072,0.057,0.0,2133000000.0,1.0,1344262574.0,1359076000,1365488000.0,55.765,64385000000.0,0.0,2600000000.0,11901000000.0,47.374,-2380000000.0
74,COP,MRT,2002-12-31,2002-12-31,2002-12-31,2021-08-25,-164000000.0,76836000000.0,56703500000.0,10903000000.0,65933000000.0,1.009,30.614,-4388000000.0,307000000.0,307000000.0,49458000000.0,-295000000.0,0.851,1.569,19766000000.0,849000000.0,18917000000.0,19766000000.0,0.0,2223000000.0,0.0,0.031,0.74,1714000000.0,3937000000.0,0.069,3937000000.0,1714000000.0,1148000000.0,-0.305,-0.305,-0.305,29517000000.0,22018750000.0,29517000000.0,52687815023.0,31.0,13.383,590000000.0,0.612,1.0,7743000000.0,0.135,15563000000.0,566000000.0,67916000000.0,51843000000.0,3845000000.0,6821000000.0,0.0,6821000000.0,46318000000.0,12816000000.0,33502000000.0,32751815023.0,165000000.0,1088000000.0,44000000.0,-1090000000.0,-684000000.0,-2220000000.0,-2584000000.0,0.0,4978000000.0,-9000000.0,-295000000.0,-295000000.0,-295000000.0,993000000.0,0.0,-0.005,4942000000.0,2801000000.0,6252000000.0,-2.426,1.11,-111.023,-79.328,43030000000.0,0.0,24.195,0.573,0.408,4380000000.0,5621000000.0,57201000000.0,57201000000.0,592000000.0,-0.005,-0.013,0.033,0.03,0.0,1950000000.0,1.0,1353660468.0,964164000,971010000.0,59.327,61273000000.0,0.0,1443000000.0,10352000000.0,63.55,-1913000000.0
75,COP,MRT,2002-09-30,2002-09-30,2002-09-30,2021-08-25,-417000000.0,77484000000.0,46298750000.0,10667000000.0,66817000000.0,0.91,31.195,-3406000000.0,517000000.0,517000000.0,36748000000.0,295000000.0,0.764,1.55,20453000000.0,2603000000.0,17850000000.0,20453000000.0,0.0,1735000000.0,0.0,0.031,0.72,1804000000.0,3539000000.0,0.084,3539000000.0,1804000000.0,1359000000.0,0.185,0.185,0.185,29991000000.0,18224500000.0,29991000000.0,27214441302.0,15.0,7.69,-208000000.0,-0.216,1.0,5405000000.0,0.128,16271000000.0,445000000.0,67193000000.0,43805500000.0,4363000000.0,6647000000.0,0.0,6647000000.0,46492000000.0,13956000000.0,32536000000.0,17724441302.0,318000000.0,1180000000.0,68000000.0,296000000.0,-550000000.0,-677000000.0,-2206000000.0,0.0,3198000000.0,3000000.0,295000000.0,295000000.0,295000000.0,-17000000.0,0.0,0.007,3575000000.0,1830000000.0,6316000000.0,3.892,0.591,60.083,124.973,43378000000.0,0.0,23.12,0.42,0.527,4135000000.0,6319000000.0,42153000000.0,42153000000.0,419000000.0,0.006,0.016,0.041,0.043,0.0,1392000000.0,1.0,766628084.0,961402000,961402000.0,43.845,61213000000.0,0.0,1064000000.0,10822000000.0,63.671,-3289000000.0
76,COP,MRT,2002-06-30,2002-06-30,2002-06-30,2021-08-25,-219000000.0,36823000000.0,35765250000.0,5059000000.0,31764000000.0,0.935,18.827,-3121000000.0,145000000.0,145000000.0,28561000000.0,775000000.0,0.857,1.523,9635000000.0,1059000000.0,8576000000.0,9635000000.0,0.0,1484000000.0,0.0,0.024,0.72,2182000000.0,3666000000.0,0.11,3666000000.0,2182000000.0,1797000000.0,0.96,0.955,0.96,14456000000.0,14332250000.0,14456000000.0,31272174932.0,14.0,8.53,-401000000.0,-0.522,1.0,4893000000.0,0.146,3630000000.0,385000000.0,36778000000.0,35419250000.0,2580000000.0,3530000000.0,0.0,3530000000.0,22017000000.0,5905000000.0,16112000000.0,22540174932.0,58000000.0,70000000.0,73000000.0,1183000000.0,-504000000.0,375000000.0,-3040000000.0,0.0,2720000000.0,3000000.0,775000000.0,775000000.0,775000000.0,-64000000.0,0.0,0.023,2712000000.0,2181000000.0,3214000000.0,0.75,1.559,29.084,30.667,24399000000.0,0.0,29.44,0.674,0.676,1939000000.0,7138000000.0,33454000000.0,33454000000.0,405000000.0,0.022,0.054,0.062,0.065,0.0,800000000.0,1.0,765630942.0,767826000,773422000.0,43.57,33193000000.0,104000000.0,1022000000.0,5209000000.0,43.23,-846000000.0
77,COP,MRT,2002-03-31,2002-03-31,2002-03-31,2021-08-25,-283000000.0,35671000000.0,31748000000.0,4629000000.0,31042000000.0,0.895,18.454,-3005000000.0,170000000.0,170000000.0,23102000000.0,1043000000.0,0.88,1.482,8902000000.0,481000000.0,8421000000.0,8902000000.0,0.0,1428000000.0,0.0,0.023,0.71,2669000000.0,4097000000.0,0.144,4097000000.0,2669000000.0,2308000000.0,1.715,1.7,1.715,14111000000.0,12481250000.0,14111000000.0,32546094355.0,12.0,7.944,-122000000.0,-0.16,1.0,5315000000.0,0.187,3660000000.0,361000000.0,35485000000.0,32264500000.0,2519000000.0,3351000000.0,0.0,3351000000.0,20910000000.0,5258000000.0,15652000000.0,23999094355.0,27000000.0,62000000.0,72000000.0,321000000.0,-454000000.0,-131000000.0,-2728000000.0,0.0,2883000000.0,3000000.0,1043000000.0,1043000000.0,1043000000.0,-25000000.0,0.0,0.037,2602000000.0,2713000000.0,3000000000.0,0.414,1.701,23.01,18.309,23868000000.0,0.0,31.4,0.845,0.845,1696000000.0,6931000000.0,28417000000.0,28417000000.0,402000000.0,0.033,0.084,0.083,0.094,0.0,744000000.0,1.0,764302368.0,764674000,764674000.0,37.162,32011000000.0,49000000.0,1265000000.0,5047000000.0,41.862,-629000000.0
78,COP,MRT,2001-12-31,2001-12-31,2001-12-31,2021-08-25,-255000000.0,35217000000.0,27995250000.0,6498000000.0,28719000000.0,0.894,24.474,-3016000000.0,142000000.0,142000000.0,19091000000.0,1661000000.0,1.348,1.41,8654000000.0,44000000.0,8610000000.0,8654000000.0,0.0,1344000000.0,0.0,0.023,0.7,3639000000.0,4983000000.0,0.199,4983000000.0,3639000000.0,3301000000.0,2.835,2.815,2.835,14340000000.0,10577500000.0,14340000000.0,30657926352.0,8.0,6.153,543000000.0,0.927,1.0,5939000000.0,0.237,3142000000.0,338000000.0,35766000000.0,29247500000.0,2452000000.0,3309000000.0,0.0,3309000000.0,20222000000.0,4821000000.0,15401000000.0,22975926352.0,-7000000.0,52000000.0,51000000.0,-379000000.0,-403000000.0,-799000000.0,-2770000000.0,0.0,3559000000.0,3000000.0,1661000000.0,1661000000.0,1661000000.0,-32000000.0,0.0,0.066,2289000000.0,3650000000.0,2622000000.0,0.247,1.602,13.833,10.628,22133000000.0,0.0,30.13,0.918,0.705,1229000000.0,7197000000.0,25030000000.0,25030000000.0,306000000.0,0.059,0.157,0.124,0.145,0.0,613000000.0,1.0,762559786.0,585928000,590032000.0,42.719,32075000000.0,0.0,1640000000.0,4912000000.0,54.742,1677000000.0
79,COP,MRT,2001-09-30,2001-09-30,2001-09-30,2021-08-25,-107000000.0,35350000000.0,24318250000.0,4788000000.0,30562000000.0,0.925,25.955,-2736000000.0,199000000.0,199000000.0,15573000000.0,2243000000.0,0.839,1.406,7881000000.0,43000000.0,7838000000.0,7881000000.0,0.0,1269000000.0,0.0,0.026,0.69,4701000000.0,5970000000.0,0.265,5970000000.0,4701000000.0,4351000000.0,4.335,4.3,4.335,14422000000.0,8515750000.0,14422000000.0,20004298922.0,4.0,3.351,1908000000.0,3.434,1.0,6913000000.0,0.307,3679000000.0,350000000.0,33648000000.0,26244000000.0,2617000000.0,3306000000.0,0.0,3306000000.0,20278000000.0,5705000000.0,14573000000.0,13819298922.0,111000000.0,-32000000.0,24000000.0,-2325000000.0,-353000000.0,-2736000000.0,-1797000000.0,0.0,4644000000.0,0.0,2243000000.0,2243000000.0,2243000000.0,-19000000.0,0.0,0.1,2168000000.0,4745000000.0,3417000000.0,0.159,0.958,6.161,6.221,23443000000.0,0.0,26.97,0.615,0.666,1568000000.0,7210000000.0,22486000000.0,22486000000.0,308000000.0,0.092,0.263,0.179,0.209,0.0,563000000.0,1.0,512395214.0,555644000,559534000.0,40.468,31671000000.0,92000000.0,2108000000.0,5433000000.0,56.999,-917000000.0
80,COP,MRT,2001-06-30,2001-06-30,2001-06-30,2021-08-25,-128000000.0,20754000000.0,20625750000.0,2202000000.0,18552000000.0,1.074,13.784,-2714000000.0,87000000.0,87000000.0,14950000000.0,2305000000.0,0.792,1.851,6272000000.0,4000000.0,6268000000.0,6272000000.0,0.0,1288000000.0,0.0,0.024,0.68,4956000000.0,6244000000.0,0.282,6244000000.0,4956000000.0,4581000000.0,4.515,4.48,4.515,7052000000.0,6269250000.0,7052000000.0,20839471897.0,4.0,3.338,1662000000.0,3.249,1.0,7209000000.0,0.325,0.0,375000000.0,24159000000.0,24055500000.0,533000000.0,3292000000.0,0.0,3292000000.0,13052000000.0,2780000000.0,10272000000.0,14577471897.0,-148000000.0,-201000000.0,30000000.0,-2253000000.0,-347000000.0,-2655000000.0,-1869000000.0,0.0,4376000000.0,0.0,2305000000.0,2305000000.0,2305000000.0,-14000000.0,0.0,0.104,2210000000.0,4999000000.0,1624000000.0,0.151,2.067,6.324,6.312,15124000000.0,0.0,28.5,0.658,0.658,1208000000.0,6928000000.0,22159000000.0,22159000000.0,305000000.0,0.112,0.368,0.206,0.224,0.0,494000000.0,1.0,511490242.0,511618000,515364000.0,43.312,20754000000.0,166000000.0,2276000000.0,2893000000.0,40.565,-578000000.0
81,COP,MRT,2001-03-31,2001-03-31,2001-03-31,2021-08-25,-121000000.0,20660000000.0,20503250000.0,2315000000.0,18345000000.0,1.081,12.71,-2374000000.0,143000000.0,143000000.0,15260000000.0,2128000000.0,0.66,2.08,6405000000.0,262000000.0,6143000000.0,6405000000.0,0.0,1257000000.0,0.0,0.025,0.68,4654000000.0,5911000000.0,0.267,5911000000.0,4654000000.0,4262000000.0,4.175,4.145,4.175,6496000000.0,5776500000.0,6496000000.0,20789145927.0,4.0,3.517,2125000000.0,4.158,1.0,6905000000.0,0.312,0.0,392000000.0,23417000000.0,24106750000.0,530000000.0,3105000000.0,0.0,3105000000.0,13514000000.0,3505000000.0,10009000000.0,14054145927.0,12000000.0,-4570000000.0,33000000.0,2030000000.0,-347000000.0,1607000000.0,-6094000000.0,0.0,4499000000.0,0.0,2128000000.0,2128000000.0,2128000000.0,-14000000.0,0.0,0.096,2192000000.0,4713000000.0,1783000000.0,0.163,2.164,6.604,6.593,15102000000.0,0.0,27.525,0.634,0.635,1316000000.0,6407000000.0,22165000000.0,22165000000.0,314000000.0,0.104,0.368,0.193,0.21,0.0,521000000.0,1.0,510595674.0,511112000,514322000.0,43.366,20660000000.0,165000000.0,2134000000.0,3013000000.0,40.422,-1190000000.0
82,COP,MRT,2000-12-31,2000-12-31,2000-12-31,2021-08-25,-100000000.0,20509000000.0,19103750000.0,2606000000.0,17903000000.0,1.18,11.971,-2017000000.0,149000000.0,149000000.0,16172000000.0,1862000000.0,0.746,2.259,6884000000.0,262000000.0,6622000000.0,6884000000.0,0.0,1169000000.0,0.0,0.024,0.68,4131000000.0,5300000000.0,0.235,5300000000.0,4131000000.0,3762000000.0,3.66,3.63,3.66,6093000000.0,5328750000.0,6093000000.0,22351149731.0,5.0,4.217,1997000000.0,3.924,1.0,6367000000.0,0.282,0.0,369000000.0,23752000000.0,22327250000.0,357000000.0,2999000000.0,0.0,2999000000.0,13766000000.0,3492000000.0,10274000000.0,14520149731.0,11000000.0,-4590000000.0,31000000.0,2192000000.0,-346000000.0,1759000000.0,-5762000000.0,0.0,4014000000.0,0.0,1862000000.0,1862000000.0,1862000000.0,-14000000.0,0.0,0.083,2138000000.0,4229000000.0,1914000000.0,0.186,2.383,7.798,7.77,14784000000.0,0.0,28.44,0.644,0.642,1779000000.0,6019000000.0,22539000000.0,22539000000.0,298000000.0,0.097,0.349,0.185,0.183,0.0,571000000.0,1.0,510553788.0,508980000,512652000.0,44.283,20509000000.0,191000000.0,1900000000.0,2709000000.0,40.294,-886000000.0
83,COP,MRT,2000-09-30,2000-09-30,2000-09-30,2021-08-25,-90000000.0,20580000000.0,17776750000.0,2454000000.0,18126000000.0,1.24,10.661,-1709000000.0,88000000.0,88000000.0,16635000000.0,1368000000.0,0.698,2.666,7919000000.0,410000000.0,7509000000.0,7919000000.0,0.0,1079000000.0,0.0,0.022,0.68,3184000000.0,4263000000.0,0.193,4263000000.0,3184000000.0,2856000000.0,2.695,2.675,2.695,5436000000.0,4942750000.0,5436000000.0,23878499608.0,7.0,5.601,1554000000.0,3.048,1.0,5410000000.0,0.245,0.0,328000000.0,24894000000.0,20600500000.0,439000000.0,2897000000.0,0.0,2897000000.0,14494000000.0,3517000000.0,10977000000.0,15986499608.0,-92000000.0,-4536000000.0,29000000.0,3150000000.0,-345000000.0,2738000000.0,-6093000000.0,0.0,3263000000.0,0.0,1368000000.0,1368000000.0,1368000000.0,0.0,0.0,0.062,2108000000.0,3302000000.0,1754000000.0,0.252,2.941,11.686,11.642,15040000000.0,0.0,31.375,0.725,0.726,1567000000.0,5368000000.0,22045000000.0,22045000000.0,256000000.0,0.077,0.277,0.155,0.144,0.0,671000000.0,1.0,509529868.0,509880000,514784000.0,43.236,20580000000.0,197000000.0,1488000000.0,2569000000.0,40.362,-1063000000.0
84,COP,MRT,2000-06-30,2000-06-30,2000-06-30,2021-08-25,-72000000.0,20264000000.0,16429500000.0,3191000000.0,17073000000.0,1.224,10.003,-1422000000.0,235000000.0,235000000.0,15439000000.0,1163000000.0,0.842,2.86,8127000000.0,808000000.0,7319000000.0,8127000000.0,0.0,992000000.0,0.0,0.027,0.68,2631000000.0,3623000000.0,0.18,3623000000.0,2631000000.0,2332000000.0,2.295,2.28,2.295,5081000000.0,4680000000.0,5081000000.0,16705940972.0,6.0,4.611,1417000000.0,2.79,1.0,4670000000.0,0.232,0.0,299000000.0,24364000000.0,18604500000.0,752000000.0,1237000000.0,0.0,1237000000.0,14533000000.0,3792000000.0,10741000000.0,12867940972.0,88000000.0,-4416000000.0,18000000.0,3383000000.0,-345000000.0,2955000000.0,-5706000000.0,0.0,2839000000.0,0.0,1163000000.0,1163000000.0,1163000000.0,0.0,0.0,0.058,1954000000.0,2716000000.0,1847000000.0,0.296,2.533,11.064,11.044,15648000000.0,0.0,25.345,0.64,0.64,1847000000.0,5058000000.0,20109000000.0,20109000000.0,240000000.0,0.071,0.249,0.141,0.131,0.0,704000000.0,1.0,507711224.0,507972000,511948000.0,39.587,20264000000.0,198000000.0,1169000000.0,2315000000.0,39.892,-601000000.0
85,COP,MRT,2000-03-31,2000-03-31,2000-03-31,2021-08-25,-50000000.0,15062000000.0,15054750000.0,2638000000.0,12424000000.0,1.189,9.272,-1621000000.0,131000000.0,131000000.0,14022000000.0,789000000.0,1.014,2.063,3969000000.0,80000000.0,3889000000.0,3969000000.0,0.0,916000000.0,0.0,0.029,0.68,1901000000.0,2817000000.0,0.157,2817000000.0,1901000000.0,1628000000.0,1.56,1.55,1.56,4705000000.0,4465500000.0,4705000000.0,15887906672.0,8.0,5.64,921000000.0,1.815,1.0,3884000000.0,0.217,0.0,273000000.0,16299000000.0,16807250000.0,570000000.0,2247000000.0,0.0,2247000000.0,9707000000.0,2601000000.0,7106000000.0,11723906672.0,-78000000.0,-57000000.0,22000000.0,-668000000.0,-344000000.0,-1070000000.0,-1550000000.0,0.0,2542000000.0,0.0,789000000.0,789000000.0,789000000.0,0.0,0.0,0.044,1904000000.0,1980000000.0,1681000000.0,0.436,2.492,14.859,14.824,9995000000.0,0.0,23.125,0.655,0.655,1637000000.0,4717000000.0,17906000000.0,17906000000.0,229000000.0,0.052,0.177,0.113,0.106,0.0,690000000.0,1.0,506979748.0,507436000,509354000.0,35.287,15062000000.0,212000000.0,839000000.0,2041000000.0,29.683,37000000.0
86,COP,MRT,1999-12-31,1999-12-31,1999-12-31,2021-08-25,-31000000.0,15201000000.0,14904250000.0,2773000000.0,12428000000.0,1.052,8.996,-1690000000.0,138000000.0,138000000.0,12266000000.0,609000000.0,1.1,2.199,4302000000.0,31000000.0,4271000000.0,4302000000.0,0.0,902000000.0,0.0,0.029,0.68,1464000000.0,2366000000.0,0.151,2366000000.0,1464000000.0,1185000000.0,1.205,1.195,1.205,4549000000.0,4340500000.0,4549000000.0,16213331362.0,11.0,6.853,251000000.0,0.496,1.0,3411000000.0,0.218,0.0,279000000.0,16845000000.0,16933250000.0,515000000.0,1103000000.0,0.0,1103000000.0,10002000000.0,2520000000.0,7482000000.0,11904331362.0,41000000.0,-17000000.0,11000000.0,1000000.0,-344000000.0,-418000000.0,-1482000000.0,0.0,1941000000.0,0.0,609000000.0,609000000.0,609000000.0,0.0,0.0,0.039,1861000000.0,1550000000.0,1668000000.0,0.564,2.617,19.547,19.502,11086000000.0,0.0,23.5,0.759,0.758,1808000000.0,4563000000.0,15677000000.0,15677000000.0,225000000.0,0.041,0.14,0.086,0.093,0.0,665000000.0,1.0,506567292.0,505654000,508866000.0,31.003,15201000000.0,226000000.0,576000000.0,1889000000.0,30.062,253000000.0
87,COP,MRT,1999-09-30,1999-09-30,1999-09-30,2021-08-25,-16000000.0,15191000000.0,14658000000.0,2779000000.0,12412000000.0,0.833,8.656,-1829000000.0,180000000.0,180000000.0,9317000000.0,149000000.0,1.073,2.316,4489000000.0,46000000.0,4443000000.0,4489000000.0,0.0,884000000.0,0.0,0.028,0.68,513000000.0,1397000000.0,0.114,1397000000.0,513000000.0,239000000.0,0.31,0.31,0.31,4385000000.0,4258000000.0,4385000000.0,16905146021.0,33.0,12.101,-480000000.0,-0.947,1.0,2900000000.0,0.237,0.0,274000000.0,16910000000.0,16787000000.0,575000000.0,1059000000.0,0.0,1059000000.0,10156000000.0,2590000000.0,7566000000.0,12348146021.0,53000000.0,-13000000.0,-95000000.0,845000000.0,-345000000.0,321000000.0,-1617000000.0,0.0,1349000000.0,0.0,149000000.0,149000000.0,149000000.0,0.0,0.0,0.012,2350000000.0,550000000.0,1697000000.0,2.194,2.816,82.873,78.629,11101000000.0,0.0,24.375,1.011,1.011,1748000000.0,4403000000.0,12217000000.0,12217000000.0,334000000.0,0.01,0.035,0.031,0.042,0.0,732000000.0,1.0,506590606.0,506612000,510890000.0,24.115,15191000000.0,253000000.0,90000000.0,1829000000.0,29.985,189000000.0
88,COP,MRT,1999-06-30,1999-06-30,1999-06-30,2021-08-25,-34000000.0,14765000000.0,14475750000.0,2495000000.0,12270000000.0,0.785,8.36,-2195000000.0,147000000.0,147000000.0,8756000000.0,-26000000.0,1.162,2.342,4704000000.0,76000000.0,4628000000.0,4704000000.0,0.0,888000000.0,0.0,0.027,0.68,193000000.0,1081000000.0,0.095,1081000000.0,193000000.0,-67000000.0,-0.035,-0.035,-0.035,4223000000.0,4321500000.0,4223000000.0,17101748820.0,89.0,15.82,-986000000.0,-1.952,1.0,2605000000.0,0.229,0.0,260000000.0,17175000000.0,16441500000.0,546000000.0,1054000000.0,0.0,1054000000.0,9892000000.0,2147000000.0,7745000000.0,12703748820.0,17000000.0,-16000000.0,-300000000.0,1559000000.0,-347000000.0,825000000.0,-2017000000.0,0.0,1209000000.0,0.0,-26000000.0,-26000000.0,-26000000.0,0.0,0.0,-0.002,2351000000.0,254000000.0,1379000000.0,-19.429,3.008,-488.606,-718.714,10964000000.0,0.0,25.155,1.118,1.119,1507000000.0,4274000000.0,11361000000.0,11361000000.0,327000000.0,-0.002,-0.006,0.012,0.017,0.0,712000000.0,1.0,505018836.0,505162000,509280000.0,22.49,14765000000.0,242000000.0,-41000000.0,1635000000.0,29.228,348000000.0
89,COP,MRT,1999-03-31,1999-03-31,1999-03-31,2021-08-25,-25000000.0,14460000000.0,14272750000.0,2556000000.0,11904000000.0,0.78,8.34,-2004000000.0,209000000.0,209000000.0,8490000000.0,64000000.0,1.244,2.284,4607000000.0,117000000.0,4490000000.0,4607000000.0,0.0,888000000.0,0.0,0.029,0.68,289000000.0,1177000000.0,0.106,1177000000.0,289000000.0,68000000.0,0.135,0.13,0.135,4205000000.0,4476000000.0,4205000000.0,16065854156.0,56.0,13.65,-846000000.0,-1.678,1.0,2640000000.0,0.237,0.0,221000000.0,16803000000.0,15837750000.0,539000000.0,1026000000.0,0.0,1026000000.0,9605000000.0,2055000000.0,7550000000.0,11889854156.0,15000000.0,-14000000.0,-420000000.0,1559000000.0,-350000000.0,697000000.0,-1840000000.0,0.0,1158000000.0,0.0,64000000.0,64000000.0,64000000.0,0.0,0.0,0.006,2305000000.0,335000000.0,1349000000.0,5.037,2.828,185.779,175.0,10610000000.0,0.0,23.625,1.068,1.07,1355000000.0,4319000000.0,11130000000.0,11130000000.0,314000000.0,0.004,0.014,0.018,0.026,0.0,700000000.0,1.0,503274250.0,504216000,506854000.0,22.074,14460000000.0,301000000.0,4000000.0,1500000000.0,28.678,501000000.0
90,COP,MRT,1998-12-31,1998-12-31,1998-12-31,2021-08-25,-13000000.0,14216000000.0,14148750000.0,2360000000.0,11856000000.0,0.837,8.168,-2052000000.0,97000000.0,97000000.0,8887000000.0,237000000.0,1.107,2.215,4273000000.0,167000000.0,4106000000.0,4273000000.0,0.0,899000000.0,0.0,0.032,0.68,621000000.0,1520000000.0,0.128,1520000000.0,621000000.0,421000000.0,0.46,0.455,0.46,4219000000.0,4646750000.0,4219000000.0,14346684553.0,23.0,9.439,-422000000.0,-0.817,1.0,2958000000.0,0.25,0.0,200000000.0,16260000000.0,15270500000.0,540000000.0,1004000000.0,0.0,1004000000.0,9347000000.0,2132000000.0,7215000000.0,10854684553.0,-66000000.0,-18000000.0,-510000000.0,1243000000.0,-353000000.0,288000000.0,-1984000000.0,0.0,1630000000.0,0.0,237000000.0,237000000.0,237000000.0,0.0,0.0,0.02,2316000000.0,642000000.0,1340000000.0,1.478,2.573,45.8,46.337,10585000000.0,0.0,21.315,0.916,0.93,1282000000.0,4343000000.0,11845000000.0,11845000000.0,317000000.0,0.017,0.051,0.041,0.052,0.0,697000000.0,1.0,509250976.0,516548000,520304000.0,22.931,14216000000.0,317000000.0,184000000.0,1499000000.0,27.521,228000000.0
91,COP,MRT,1998-09-30,1998-09-30,1998-09-30,2021-08-25,-2000000.0,14462000000.0,14059750000.0,2365000000.0,12097000000.0,0.92,9.033,-2340000000.0,127000000.0,127000000.0,9520000000.0,656000000.0,0.975,1.977,3619000000.0,124000000.0,3495000000.0,3619000000.0,0.0,859000000.0,0.0,0.03,0.68,1459000000.0,2318000000.0,0.179,2318000000.0,1459000000.0,1278000000.0,1.255,1.245,1.255,4639000000.0,4795500000.0,4639000000.0,14660893658.0,10.0,6.325,-277000000.0,-0.539,1.0,3419000000.0,0.264,0.0,181000000.0,15528000000.0,14770750000.0,599000000.0,1003000000.0,0.0,1003000000.0,9173000000.0,2426000000.0,6747000000.0,11660893658.0,-772000000.0,-24000000.0,-433000000.0,757000000.0,-356000000.0,-509000000.0,-2326000000.0,0.0,2063000000.0,0.0,656000000.0,656000000.0,656000000.0,0.0,0.0,0.051,1870000000.0,1549000000.0,1553000000.0,0.542,2.514,17.776,17.98,10855000000.0,0.0,22.565,0.901,0.896,1374000000.0,4646000000.0,12939000000.0,12939000000.0,227000000.0,0.047,0.137,0.099,0.113,0.0,649000000.0,1.0,516769052.0,513558000,517318000.0,25.195,14462000000.0,226000000.0,622000000.0,1804000000.0,28.16,-61000000.0
92,COP,MRT,1998-06-30,1998-06-30,1998-06-30,2021-08-25,-23000000.0,13953000000.0,,2428000000.0,11525000000.0,,9.296,-2113000000.0,130000000.0,130000000.0,10145000000.0,826000000.0,1.107,1.748,3130000000.0,106000000.0,3024000000.0,3130000000.0,0.0,876000000.0,0.0,0.028,0.68,1811000000.0,2687000000.0,0.193,2687000000.0,1811000000.0,1636000000.0,1.575,1.56,1.575,4841000000.0,,4841000000.0,15413954491.0,9.0,5.736,148000000.0,0.284,1.0,3776000000.0,0.271,0.0,175000000.0,14760000000.0,,611000000.0,984000000.0,0.0,984000000.0,8462000000.0,2193000000.0,6269000000.0,12579954491.0,-644000000.0,-30000000.0,-221000000.0,273000000.0,-357000000.0,-790000000.0,-2115000000.0,0.0,2261000000.0,0.0,826000000.0,826000000.0,826000000.0,0.0,0.0,0.059,1873000000.0,1903000000.0,1475000000.0,0.432,2.599,15.23,15.298,10309000000.0,0.0,24.095,0.904,0.901,1427000000.0,4690000000.0,13921000000.0,13921000000.0,226000000.0,,,,0.13,0.0,673000000.0,1.0,522098132.0,520766000,525430000.0,26.732,13953000000.0,217000000.0,810000000.0,1684000000.0,26.793,235000000.0
93,COP,MRT,1998-03-31,1998-03-31,1998-03-31,2021-08-25,-8000000.0,13964000000.0,,2575000000.0,11389000000.0,,9.319,-2081000000.0,194000000.0,194000000.0,10792000000.0,975000000.0,1.137,1.724,3028000000.0,99000000.0,2929000000.0,3028000000.0,0.0,843000000.0,0.0,0.027,0.68,2049000000.0,2892000000.0,0.197,2892000000.0,2049000000.0,1859000000.0,1.855,1.835,1.855,4888000000.0,,4888000000.0,15950452814.0,8.0,5.515,167000000.0,0.318,1.0,3892000000.0,0.265,0.0,190000000.0,14534000000.0,,527000000.0,980000000.0,0.0,980000000.0,8426000000.0,2264000000.0,6162000000.0,13104452814.0,-667000000.0,-29000000.0,-133000000.0,150000000.0,-358000000.0,-832000000.0,-2083000000.0,0.0,2248000000.0,0.0,975000000.0,975000000.0,975000000.0,0.0,0.0,0.066,1819000000.0,2073000000.0,1436000000.0,0.367,2.681,13.44,13.461,10173000000.0,0.0,24.97,0.892,0.892,1562000000.0,4625000000.0,14684000000.0,14684000000.0,252000000.0,,,,0.14,0.0,656000000.0,1.0,524807882.0,524512000,528734000.0,27.996,13964000000.0,220000000.0,884000000.0,1774000000.0,26.623,311000000.0
94,COP,MRT,1997-12-31,1997-12-31,1997-12-31,2021-08-25,-8000000.0,13860000000.0,13704000000.0,2648000000.0,11212000000.0,1.126,9.138,-2043000000.0,163000000.0,163000000.0,11530000000.0,959000000.0,1.083,1.744,3009000000.0,234000000.0,2775000000.0,3009000000.0,0.0,795000000.0,0.0,0.028,0.67,2098000000.0,2893000000.0,0.188,2893000000.0,2098000000.0,1900000000.0,1.82,1.805,1.82,4814000000.0,4532500000.0,4814000000.0,,,,202000000.0,0.383,1.0,3894000000.0,0.252,0.0,198000000.0,14261000000.0,13593000000.0,500000000.0,964000000.0,0.0,964000000.0,8396000000.0,2445000000.0,5951000000.0,12760703651.0,-452000000.0,-34000000.0,-30000000.0,-101000000.0,-353000000.0,-641000000.0,-2056000000.0,0.0,2245000000.0,0.0,959000000.0,959000000.0,959000000.0,0.0,0.0,0.062,1765000000.0,2129000000.0,1546000000.0,0.368,2.651,13.306,13.36,10022000000.0,0.0,24.315,0.827,0.83,1717000000.0,4491000000.0,15424000000.0,15424000000.0,242000000.0,0.07,0.212,0.154,0.136,0.0,660000000.0,1.0,524807882.0,526784000,530838000.0,29.28,13860000000.0,250000000.0,941000000.0,1622000000.0,26.311,203000000.0
95,COP,MRT,1997-09-30,1997-09-30,1997-09-30,2021-08-25,,,,,,,,,,,,,,,,,,,,,,0.026,0.66,,,,,,,,,,,,,,,,,,1.0,,,,,,,,,,,,,,,,,,,,,,,,,,,,,,,,,,,,,,,,25.815,,,,,,,,,,,,,,1.0,,527006000,,,,,,,,
96,COP,MRT,1997-06-30,1997-06-30,1997-06-30,2021-08-25,,,,,,,,,,,,,,,,,,,,,,0.03,0.65,,,,,,,,,,,,,,,,,,1.0,,,,,,,,,,,,,,,,,,,,,,,,,,,,,,,,,,,,,,,,21.875,,,,,,,,,,,,,,1.0,,526686000,,,,,,,,
97,COP,MRT,1997-03-31,1997-03-31,1997-03-31,2021-08-25,,,,,,,,,,,,,,,,,,,,,,0.031,0.632,,,,,,,,,,,,,,,,,,1.0,,,,,,,,,,,,,,,,,,,,,,,,,,,,,,,,,,,,,,,,20.44,,,,,,,,,,,,,,1.0,,527064000,,,,,,,,
98,COP,MRT,1996-12-31,1996-12-31,1996-12-31,2021-08-25,54000000.0,13548000000.0,,3306000000.0,10242000000.0,,8.084,-1544000000.0,615000000.0,615000000.0,12239000000.0,1303000000.0,1.054,2.034,3129000000.0,574000000.0,2555000000.0,3129000000.0,0.0,941000000.0,0.0,0.028,0.625,2389000000.0,3330000000.0,0.211,3330000000.0,2389000000.0,2172000000.0,2.48,2.455,2.48,4251000000.0,,4251000000.0,,,,541000000.0,1.029,1.0,3568000000.0,0.226,0.0,217000000.0,12925000000.0,,472000000.0,912000000.0,0.0,912000000.0,8647000000.0,3137000000.0,5510000000.0,,548000000.0,-98000000.0,25000000.0,-14000000.0,-329000000.0,4000000.0,-1541000000.0,0.0,2085000000.0,0.0,1303000000.0,1303000000.0,1303000000.0,0.0,0.0,0.082,1703000000.0,1865000000.0,1793000000.0,0.252,,,8.921,9120000000.0,0.0,22.125,,0.736,1988000000.0,3939000000.0,15807000000.0,15807000000.0,254000000.0,,,,0.151,0.0,508000000.0,1.0,,525838000,530512000.0,30.061,13548000000.0,202000000.0,869000000.0,1530000000.0,25.765,169000000.0
99,COP,MRT,1995-12-31,1995-12-31,1995-12-31,2021-08-25,,,,,,,,-1456000000.0,,,10591000000.0,469000000.0,,,,,,,,871000000.0,,0.035,0.598,1329000000.0,2200000000.0,0.163,2200000000.0,1329000000.0,1064000000.0,0.895,0.89,0.895,,,,,,,140000000.0,0.267,1.0,2930000000.0,0.217,,265000000.0,,,,,,,,,,,-126000000.0,-39000000.0,9000000.0,-9000000.0,-313000000.0,-369000000.0,-1353000000.0,0.0,1596000000.0,0.0,469000000.0,469000000.0,469000000.0,0.0,0.0,0.035,1569000000.0,1361000000.0,,0.668,,,19.061,,0.0,17.06,,0.661,,,13521000000.0,13521000000.0,198000000.0,,,,0.098,0.0,500000000.0,1.0,,523978000,527138000.0,25.805,,,595000000.0,,,
