None,ticker,dimension,calendardate,datekey,reportperiod,lastupdated,accoci,assets,assetsavg,assetsc,assetsnc,assetturnover,bvps,capex,cashneq,cashnequsd,cor,consolinc,currentratio,de,debt,debtc,debtnc,debtusd,deferredrev,depamor,deposits,divyield,dps,ebit,ebitda,ebitdamargin,ebitdausd,ebitusd,ebt,eps,epsdil,epsusd,equity,equityavg,equityusd,ev,evebit,evebitda,fcf,fcfps,fxusd,gp,grossmargin,intangibles,intexp,invcap,invcapavg,inventory,investments,investmentsc,investmentsnc,liabilities,liabilitiesc,liabilitiesnc,marketcap,ncf,ncfbus,ncfcommon,ncfdebt,ncfdiv,ncff,ncfi,ncfinv,ncfo,ncfx,netinc,netinccmn,netinccmnusd,netincdis,netincnci,netmargin,opex,opinc,payables,payoutratio,pb,pe,pe1,ppnenet,prefdivis,price,ps,ps1,receivables,retearn,revenue,revenueusd,rnd,roa,roe,roic,ros,sbcomp,sgna,sharefactor,sharesbas,shareswa,shareswadil,sps,tangibles,taxassets,taxexp,taxliabilities,tbvps,workingcapital
0,CME,MRY,2020-12-31,2020-12-31,2020-12-31,2021-08-05,134900000.0,124659600000.0,126391375000.0,89283900000.0,35375700000.0,0.039,73.568,-197500000.0,1633200000.0,1633200000.0,0.0,2106400000.0,1.012,3.735,90225600000.0,86781800000.0,3443800000.0,90225600000.0,0.0,464400000.0,0.0,0.032,5.9,2887100000.0,3351500000.0,0.686,3351500000.0,2887100000.0,2720900000.0,5.88,5.87,5.88,26319900000.0,26668775000.0,26319900000.0,155547401209.0,54.0,46.411,2518100000.0,7.038,1.0,4883600000.0,1.0,32839400000.0,166200000.0,92214700000.0,94843500000.0,0.0,86882700000.0,86882700000.0,0.0,98308100000.0,88197900000.0,10110200000.0,65353901209.0,81900000.0,20800000.0,0.0,-304600000.0,-2110000000.0,-2458200000.0,-175500000.0,1200000.0,2715600000.0,0.0,2105200000.0,2105200000.0,2105200000.0,0.0,1200000.0,0.431,2246200000.0,2637400000.0,69300000.0,1.003,2.483,31.044,30.961,579200000.0,0.0,182.05,13.382,13.337,461300000.0,4995900000.0,4883600000.0,4883600000.0,0.0,0.017,0.079,0.03,0.591,96000000.0,1292700000.0,1.0,358988746.0,357764000,358524000.0,13.65,91820200000.0,0.0,615700000.0,5607000000.0,256.65,1086000000.0
1,CME,MRY,2019-12-31,2019-12-31,2019-12-31,2021-08-05,3400000.0,75215300000.0,74149225000.0,39567800000.0,35647500000.0,0.066,73.158,-245600000.0,1551400000.0,1551400000.0,0.0,2115800000.0,1.027,1.877,40819000000.0,37075800000.0,3743200000.0,40819000000.0,0.0,473300000.0,0.0,0.027,5.5,2868300000.0,3341600000.0,0.686,3341600000.0,2868300000.0,2690300000.0,5.93,5.91,5.93,26128900000.0,26381225000.0,26128900000.0,115753987521.0,40.0,34.64,2427200000.0,6.796,1.0,4868000000.0,1.0,33035500000.0,178000000.0,42924900000.0,42936750000.0,0.0,37160200000.0,37160200000.0,0.0,49056000000.0,38522500000.0,10533500000.0,71930387521.0,179400000.0,89600000.0,0.0,-661700000.0,-1695900000.0,-2340800000.0,-152600000.0,3400000.0,2672800000.0,0.0,2116500000.0,2116500000.0,2116500000.0,0.0,-700000.0,0.435,2280200000.0,2587800000.0,61900000.0,0.927,2.753,33.986,33.848,544000000.0,0.0,200.72,14.776,14.726,491800000.0,5008700000.0,4868000000.0,4868000000.0,0.0,0.029,0.08,0.067,0.589,73100000.0,1245000000.0,1.0,358361835.0,357155000,358239000.0,13.63,42179800000.0,0.0,573800000.0,5635200000.0,118.099,1045300000.0
2,CME,MRY,2018-12-31,2018-12-31,2018-12-31,2021-08-05,5300000.0,77475700000.0,71739600000.0,41886700000.0,35589000000.0,0.06,75.709,-116700000.0,1374500000.0,1374500000.0,0.0,1963700000.0,1.015,1.987,43856500000.0,40029700000.0,3826800000.0,43856500000.0,0.0,248700000.0,0.0,0.024,4.55,2934000000.0,3182700000.0,0.739,3182700000.0,2934000000.0,2776300000.0,5.73,5.71,5.73,25918500000.0,23777650000.0,25918500000.0,103973986658.0,35.0,32.668,2324100000.0,6.789,1.0,4309400000.0,1.0,33480700000.0,157700000.0,45204400000.0,44596375000.0,0.0,39528400000.0,39528400000.0,0.0,51510400000.0,41272600000.0,10237800000.0,64116786658.0,-528800000.0,-1774700000.0,0.0,1119400000.0,-2149900000.0,-1080000000.0,-1889600000.0,1800000.0,2440800000.0,0.0,1962200000.0,1962200000.0,1962200000.0,0.0,1500000.0,0.455,1701800000.0,2607600000.0,116000000.0,0.794,2.474,32.676,32.831,448700000.0,0.0,188.12,14.878,14.944,553300000.0,4855300000.0,4309400000.0,4309400000.0,0.0,0.027,0.083,0.066,0.681,96500000.0,1008900000.0,1.0,340829187.0,342344000,343737000.0,12.588,43995000000.0,0.0,814100000.0,5665900000.0,128.511,614100000.0
3,CME,MRY,2017-12-31,2017-12-31,2017-12-31,2021-08-05,14300000.0,75791200000.0,77033500000.0,46906500000.0,28884700000.0,0.047,66.169,-81900000.0,1903600000.0,1903600000.0,0.0,4063400000.0,1.027,2.382,46418400000.0,44185300000.0,2233100000.0,46418400000.0,0.0,208500000.0,0.0,0.042,6.14,2643300000.0,2851800000.0,0.782,2851800000.0,2643300000.0,2526300000.0,12.0,11.94,12.0,22411800000.0,21151675000.0,22411800000.0,97243540802.0,37.0,34.099,1669200000.0,4.928,1.0,3644700000.0,1.0,27090600000.0,117000000.0,47542500000.0,49989250000.0,0.0,44275400000.0,44275400000.0,0.0,53379400000.0,45672900000.0,7706500000.0,49699740802.0,-54300000.0,262300000.0,0.0,0.0,-1993500000.0,-1985300000.0,179900000.0,-500000.0,1751100000.0,0.0,4063400000.0,4063400000.0,4063400000.0,0.0,0.0,1.115,1334100000.0,2310600000.0,31300000.0,0.512,2.218,12.231,12.171,399700000.0,0.0,146.05,13.636,13.573,359700000.0,4497200000.0,3644700000.0,3644700000.0,0.0,0.053,0.192,0.053,0.725,58000000.0,827800000.0,1.0,340292645.0,338707000,340226000.0,10.761,48700600000.0,0.0,-1537100000.0,4857700000.0,143.784,1233600000.0
4,CME,MRY,2016-12-31,2016-12-31,2016-12-31,2021-08-05,-14100000.0,69369400000.0,67253625000.0,40031500000.0,29337900000.0,0.053,60.269,-91800000.0,1868600000.0,1868600000.0,0.0,1534100000.0,1.028,2.41,39773900000.0,37542700000.0,2231200000.0,39773900000.0,0.0,225300000.0,0.0,0.049,5.65,2411100000.0,2636400000.0,0.733,2636400000.0,2411100000.0,2287600000.0,4.55,4.53,4.55,20340700000.0,20880225000.0,20340700000.0,71558937940.0,30.0,27.143,1640200000.0,4.86,1.0,3595200000.0,1.0,27186100000.0,123500000.0,41143000000.0,40282725000.0,0.0,37626800000.0,37626800000.0,0.0,49028700000.0,38945600000.0,10083100000.0,39143837940.0,165200000.0,149700000.0,51800000.0,130000000.0,-1787200000.0,-1620500000.0,53700000.0,-4200000.0,1732000000.0,0.0,1534100000.0,1534100000.0,1534100000.0,0.0,0.0,0.427,1394700000.0,2200500000.0,26200000.0,1.242,1.924,25.516,25.352,425200000.0,0.0,115.35,10.888,10.828,364400000.0,2524500000.0,3595200000.0,3595200000.0,0.0,0.023,0.073,0.06,0.671,66200000.0,823400000.0,1.0,339348400.0,337496000,338966000.0,10.653,42183300000.0,0.0,753500000.0,7291000000.0,124.989,1085900000.0
5,CME,MRY,2015-12-31,2015-12-31,2015-12-31,2021-08-05,-80800000.0,67359400000.0,74775125000.0,37904500000.0,29454900000.0,0.044,61.125,-114200000.0,1692600000.0,1692600000.0,0.0,1247000000.0,1.029,2.278,37782300000.0,35553000000.0,2229300000.0,37782300000.0,0.0,228600000.0,0.0,0.054,4.9,2074200000.0,2302800000.0,0.692,2302800000.0,2074200000.0,1956800000.0,3.71,3.69,3.71,20551800000.0,21070725000.0,20551800000.0,80772149324.0,39.0,35.076,1418300000.0,4.218,1.0,3326800000.0,1.0,27282200000.0,117400000.0,39342400000.0,47819650000.0,0.0,35625500000.0,35625500000.0,0.0,46807600000.0,36824500000.0,9983100000.0,30644049324.0,326500000.0,122100000.0,64000000.0,70700000.0,-1343400000.0,-1223900000.0,17900000.0,3000000.0,1532500000.0,0.0,1247000000.0,1247000000.0,1247000000.0,0.0,0.0,0.375,1338100000.0,1988700000.0,28700000.0,1.321,1.491,24.574,24.42,491700000.0,0.0,90.6,9.211,9.157,357800000.0,2907600000.0,3326800000.0,3326800000.0,0.0,0.017,0.059,0.043,0.623,60800000.0,828100000.0,1.0,338234540.0,336224000,337894000.0,9.895,40077200000.0,0.0,709800000.0,7358300000.0,119.198,1080000000.0
6,CME,MRY,2014-12-31,2014-12-31,2014-12-31,2021-08-05,6200000.0,72241500000.0,60247550000.0,42545300000.0,29696200000.0,0.052,62.569,-132800000.0,1366100000.0,1366100000.0,0.0,1126900000.0,1.024,2.453,42674700000.0,40566800000.0,2107900000.0,42674700000.0,0.0,233200000.0,0.0,0.044,3.88,1891000000.0,2124200000.0,0.682,2124200000.0,1891000000.0,1771600000.0,3.37,3.35,3.37,20923500000.0,21307650000.0,20923500000.0,63265927349.0,33.0,29.783,1158600000.0,3.465,1.0,3112500000.0,1.0,27381700000.0,119400000.0,44637200000.0,33331700000.0,0.0,40641500000.0,40641500000.0,0.0,51318000000.0,41531200000.0,9786800000.0,29860827349.0,-1103600000.0,-65500000.0,53300000.0,-750000000.0,-1496800000.0,-2195900000.0,-199100000.0,-800000.0,1291400000.0,0.0,1127100000.0,1127100000.0,1127100000.0,0.0,-200000.0,0.362,1344100000.0,1768400000.0,36900000.0,1.151,1.427,26.494,26.306,508900000.0,0.0,88.65,9.594,9.525,341200000.0,3317300000.0,3112500000.0,3112500000.0,0.0,0.019,0.053,0.057,0.608,54800000.0,827300000.0,1.0,336839564.0,334409000,336063000.0,9.307,44859800000.0,0.0,644500000.0,7302700000.0,134.147,1014100000.0
7,CME,MRY,2013-12-31,2013-12-31,2013-12-31,2021-08-05,152000000.0,54277800000.0,48140550000.0,24405600000.0,29872200000.0,0.061,63.589,66800000.0,2469700000.0,2469700000.0,0.0,978100000.0,1.047,1.565,24212200000.0,22105000000.0,2107200000.0,24212200000.0,0.0,238100000.0,0.0,0.056,4.4,1751100000.0,1989200000.0,0.677,1989200000.0,1751100000.0,1599700000.0,2.94,2.92,2.94,21154800000.0,21631375000.0,21154800000.0,43296354597.0,25.0,21.766,1347300000.0,4.05,1.0,2936300000.0,1.0,27485500000.0,151400000.0,25223800000.0,19688025000.0,0.0,21423500000.0,21423500000.0,0.0,33117300000.0,23311000000.0,9806300000.0,26311854597.0,865000000.0,-4000000.0,73700000.0,-1300000.0,-599100000.0,-606000000.0,190500000.0,-100000.0,1280500000.0,0.0,976800000.0,976800000.0,976800000.0,0.0,1300000.0,0.333,1299300000.0,1637000000.0,36200000.0,1.497,1.244,26.937,26.687,513400000.0,0.0,78.46,8.961,8.889,302700000.0,3494600000.0,2936300000.0,2936300000.0,0.0,0.02,0.045,0.089,0.596,54400000.0,782400000.0,1.0,335353742.0,332678000,334398000.0,8.826,26792300000.0,0.0,622900000.0,7249700000.0,80.535,1094600000.0
8,CME,MRY,2012-12-31,2012-12-31,2012-12-31,2021-08-05,209300000.0,38863200000.0,38989050000.0,8717900000.0,30145300000.0,0.075,64.661,6800000.0,1604700000.0,1604700000.0,0.0,906700000.0,1.145,0.81,9441300000.0,7334500000.0,2106800000.0,9441300000.0,0.0,253100000.0,0.0,0.073,3.692,1815200000.0,2068300000.0,0.71,2068300000.0,1815200000.0,1683000000.0,2.71,2.7,2.71,21419100000.0,21574250000.0,21419100000.0,25127056257.0,14.0,12.149,1226500000.0,3.703,1.0,2914600000.0,1.0,27595900000.0,132200000.0,11487000000.0,11611825000.0,0.0,6641400000.0,6641400000.0,0.0,17357500000.0,7616900000.0,9740600000.0,16892656257.0,562400000.0,-188300000.0,22100000.0,747700000.0,-1224300000.0,-448400000.0,-208900000.0,-3000000.0,1219700000.0,0.0,896300000.0,896300000.0,896300000.0,0.0,10400000.0,0.308,1222600000.0,1692000000.0,41700000.0,1.362,0.789,18.847,18.697,724000000.0,0.0,50.67,5.796,5.759,267500000.0,3993400000.0,2914600000.0,2914600000.0,0.0,0.023,0.042,0.156,0.623,61400000.0,746200000.0,1.0,333385756.0,331252000,332319000.0,8.799,11267300000.0,0.0,786700000.0,7413300000.0,34.014,1101000000.0
9,CME,MRY,2011-12-31,2011-12-31,2011-12-31,2021-08-05,111600000.0,40758700000.0,37486125000.0,10945800000.0,29812900000.0,0.088,64.772,-172200000.0,1042300000.0,1042300000.0,0.0,1814400000.0,1.138,0.888,11440700000.0,9333900000.0,2106800000.0,11440700000.0,0.0,260500000.0,0.0,0.023,1.12,2051300000.0,2311800000.0,0.705,2311800000.0,2051300000.0,1934400000.0,5.45,5.43,5.45,21552000000.0,21026575000.0,21552000000.0,25131567816.0,12.0,10.871,1174100000.0,3.529,1.0,3280600000.0,1.0,28337300000.0,116900000.0,13204600000.0,10088125000.0,0.0,9381500000.0,9381500000.0,0.0,19136400000.0,9615200000.0,9521200000.0,16177067816.0,187100000.0,18000000.0,-214600000.0,-420500000.0,-372800000.0,-1005600000.0,-153600000.0,1100000.0,1346300000.0,0.0,1812300000.0,1812300000.0,1812300000.0,0.0,2100000.0,0.552,1259500000.0,2021100000.0,31100000.0,0.206,0.751,8.926,8.942,821900000.0,0.0,48.734,4.931,4.943,289400000.0,4324600000.0,3280600000.0,3280600000.0,0.0,0.048,0.086,0.203,0.625,51300000.0,729000000.0,1.0,331946235.0,332737000,333811000.0,9.859,12421400000.0,0.0,122100000.0,7226800000.0,37.331,1330600000.0
10,CME,MRY,2010-12-31,2010-12-31,2010-12-31,2021-08-05,-104100000.0,35046100000.0,34548475000.0,5387500000.0,29658600000.0,0.087,60.514,-160000000.0,855200000.0,855200000.0,0.0,952100000.0,1.127,0.744,6563800000.0,4459000000.0,2104800000.0,6563800000.0,0.0,258000000.0,0.0,0.014,0.92,1861500000.0,2119500000.0,0.706,2119500000.0,1861500000.0,1721200000.0,2.87,2.86,2.87,20060100000.0,19633525000.0,20060100000.0,26514504436.0,14.0,12.51,1199600000.0,3.619,1.0,3003700000.0,1.0,28477400000.0,140300000.0,7496100000.0,7579475000.0,0.0,4088700000.0,4088700000.0,0.0,14917900000.0,4781200000.0,10136700000.0,21561404436.0,594600000.0,-37000000.0,44400000.0,208100000.0,-305300000.0,-653400000.0,-111600000.0,48900000.0,1359600000.0,0.0,951400000.0,951400000.0,951400000.0,0.0,700000.0,0.317,1172600000.0,1831100000.0,51800000.0,0.321,1.075,22.663,22.422,786800000.0,0.0,64.35,7.178,7.102,297500000.0,2885800000.0,3003700000.0,3003700000.0,0.0,0.028,0.048,0.246,0.62,40900000.0,672800000.0,1.0,335064560.0,331493000,332475000.0,9.061,6568700000.0,0.0,769800000.0,7840400000.0,19.816,606300000.0
11,CME,MRY,2009-12-31,2009-12-31,2009-12-31,2021-08-05,-126200000.0,35651000000.0,37654325000.0,6699000000.0,28952000000.0,0.069,58.165,-157900000.0,260600000.0,260600000.0,0.0,825800000.0,1.027,0.847,8296400000.0,6281700000.0,2014700000.0,8296400000.0,0.0,251400000.0,0.0,0.014,0.92,1571400000.0,1822800000.0,0.698,1822800000.0,1571400000.0,1437500000.0,2.488,2.482,2.488,19301000000.0,19052925000.0,19301000000.0,31507881825.0,20.0,17.285,925200000.0,2.788,1.0,2612800000.0,1.0,27777700000.0,133900000.0,9385500000.0,11714600000.0,0.0,6024500000.0,6024500000.0,0.0,16350000000.0,6523600000.0,9826400000.0,22348181825.0,-37300000.0,-3100000.0,-6600000.0,-900100000.0,-305600000.0,-1665200000.0,544800000.0,705800000.0,1083100000.0,0.0,825800000.0,825800000.0,825800000.0,0.0,0.0,0.316,1023700000.0,1589100000.0,46700000.0,0.37,1.158,27.062,27.006,738500000.0,0.0,67.192,8.553,8.533,248300000.0,2239900000.0,2612800000.0,2612800000.0,0.0,0.022,0.043,0.134,0.601,33400000.0,572300000.0,1.0,332601825.0,331830000,332740000.0,7.874,7873300000.0,0.0,611700000.0,7645900000.0,23.727,175400000.0
12,CME,MRY,2008-12-31,2008-12-31,2008-12-31,2021-08-05,-160300000.0,48158700000.0,31303571750.0,19111500000.0,29047200000.0,0.082,63.634,-200100000.0,297900000.0,297900000.0,0.0,715500000.0,1.025,1.577,20869500000.0,17903400000.0,2966100000.0,20869500000.0,0.0,236000000.0,0.0,0.046,1.92,1304500000.0,1540500000.0,0.602,1540500000.0,1304500000.0,1248000000.0,2.436,2.426,2.436,18688600000.0,16055639750.0,18688600000.0,23780126263.0,18.0,15.437,997100000.0,3.395,1.0,2561000000.0,1.0,27870600000.0,56500000.0,22216700000.0,9695144750.0,0.0,17963600000.0,17963600000.0,0.0,29470100000.0,18643000000.0,10827100000.0,13939630263.0,-547400000.0,-2874200000.0,-203500000.0,2929300000.0,-615200000.0,2004500000.0,-3749100000.0,-11900000.0,1197200000.0,0.0,715500000.0,715500000.0,715500000.0,0.0,0.0,0.279,978800000.0,1582200000.0,527800000.0,0.788,0.746,19.482,17.086,707200000.0,0.0,41.622,5.443,4.773,234000000.0,1719700000.0,2561000000.0,2561000000.0,0.0,0.023,0.045,0.135,0.509,37600000.0,512100000.0,1.0,334910150.0,293690000,294835000.0,8.72,20288100000.0,0.0,532500000.0,7728300000.0,69.08,468500000.0
13,CME,MRY,2007-12-31,2007-12-31,2007-12-31,2021-08-05,-3102000.0,20306197000.0,12535735750.0,4987055000.0,15319142000.0,0.14,56.249,-163700000.0,845312000.0,845312000.0,0.0,658500000.0,1.223,0.65,997457000.0,997457000.0,0.0,997457000.0,0.0,139600000.0,0.0,0.005,0.688,1099400000.0,1239000000.0,0.706,1239000000.0,1099400000.0,1095800000.0,3.01,2.986,3.01,12305637000.0,6945895000.0,12305637000.0,36706070796.0,33.0,29.626,650700000.0,2.974,1.0,1756100000.0,1.0,14833000000.0,3600000.0,1549279000.0,1495401000.0,0.0,1036330000.0,1036330000.0,0.0,8000560000.0,4076063000.0,3924497000.0,36524619796.0,-124200000.0,94000000.0,-908900000.0,162900000.0,-151600000.0,-859900000.0,-78700000.0,74700000.0,814400000.0,0.0,658500000.0,658500000.0,658500000.0,0.0,0.0,0.375,704200000.0,1051900000.0,2920991000.0,0.229,2.968,55.466,45.581,377452000.0,0.0,137.2,20.799,17.092,187487000.0,1619440000.0,1756100000.0,1756100000.0,0.0,0.053,0.095,0.735,0.626,24700000.0,395500000.0,1.0,266214430.0,218770000,220535000.0,8.027,5473197000.0,0.0,437300000.0,3848240000.0,25.018,910992000.0
14,CME,MRY,2006-12-31,2006-12-31,2006-12-31,2021-08-05,-2979000.0,4306505000.0,3911329000.0,4049050000.0,257455000.0,0.279,8.757,-87810000.0,969504000.0,969504000.0,0.0,407348000.0,1.47,1.835,521180000.0,521180000.0,0.0,521180000.0,0.0,74050000.0,0.0,0.005,0.504,671880000.0,745930000.0,0.684,745930000.0,671880000.0,671657000.0,2.348,2.32,2.348,1519092000.0,1364299500.0,1519092000.0,17468081261.0,26.0,23.418,383886000.0,2.213,1.0,1089947000.0,1.0,24272000.0,223000.0,1078555000.0,1110061500.0,0.0,790696000.0,790696000.0,0.0,2787413000.0,2755354000.0,32059000.0,17746659261.0,358613000.0,-35322000.0,16432000.0,0.0,-87537000.0,-27223000.0,-85860000.0,43987000.0,471696000.0,0.0,407348000.0,407348000.0,407348000.0,0.0,0.0,0.374,468484000.0,621463000.0,2155708000.0,0.215,11.682,43.566,43.42,168755000.0,0.0,101.95,16.282,16.227,121128000.0,1116209000.0,1089947000.0,1089947000.0,0.0,0.104,0.299,0.605,0.616,17357000.0,293458000.0,1.0,174072185.0,173480000,175620000.0,6.283,4282233000.0,0.0,264309000.0,0.0,24.684,1293696000.0
15,CME,MRY,2005-12-31,2005-12-31,2005-12-31,2021-08-05,-2907000.0,3969394000.0,3400454000.0,3783422000.0,185972000.0,0.262,6.52,-85627000.0,610891000.0,610891000.0,0.0,306857000.0,1.337,2.548,592127000.0,592127000.0,0.0,592127000.0,0.0,65649000.0,0.0,0.005,0.368,508698000.0,574347000.0,0.646,574347000.0,508698000.0,508379000.0,1.788,1.762,1.788,1118684000.0,999024000.0,1118684000.0,12620442671.0,25.0,21.974,262605000.0,1.531,1.0,889766000.0,1.0,0.0,319000.0,1120703000.0,1019861000.0,0.0,884989000.0,884989000.0,0.0,2850710000.0,2829927000.0,20783000.0,12669539671.0,253329000.0,-1874000.0,7329000.0,0.0,-63260000.0,-12570000.0,-82333000.0,5168000.0,348232000.0,0.0,306857000.0,306857000.0,306857000.0,0.0,0.0,0.345,411820000.0,477946000.0,2184446000.0,0.206,11.325,41.288,41.106,153329000.0,0.0,73.498,14.239,14.173,84974000.0,796398000.0,889766000.0,889766000.0,0.0,0.09,0.307,0.499,0.572,12954000.0,254792000.0,1.0,172379380.0,171575000,174195000.0,5.186,3969394000.0,0.0,201522000.0,0.0,23.135,953495000.0
16,CME,MRY,2004-12-31,2004-12-31,2004-12-31,2021-08-05,-1595000.0,2857466000.0,3967436000.0,2698200000.0,159266000.0,0.182,4.845,-67496000.0,357562000.0,357562000.0,0.0,219555000.0,1.332,2.516,269919000.0,269919000.0,0.0,269919000.0,0.0,53769000.0,0.0,0.005,0.208,367656000.0,421425000.0,0.584,421425000.0,367656000.0,367656000.0,1.31,1.276,1.31,812597000.0,714481500.0,812597000.0,9105286765.0,25.0,21.606,208328000.0,1.242,1.0,721554000.0,1.0,0.0,0.0,744200000.0,2147203500.0,0.0,659869000.0,659869000.0,0.0,2044869000.0,2025623000.0,19246000.0,7793169765.0,172438000.0,-6487000.0,6049000.0,-1515000.0,-35066000.0,22450000.0,-125836000.0,-51853000.0,275824000.0,0.0,219555000.0,219555000.0,219555000.0,0.0,0.0,0.304,366133000.0,355421000.0,1693551000.0,0.159,9.59,35.495,34.916,131361000.0,0.0,45.74,10.801,10.632,78825000.0,552801000.0,721554000.0,721554000.0,0.0,0.055,0.307,0.171,0.51,7750000.0,267215000.0,1.0,170379750.0,167725000,172055000.0,4.302,2857466000.0,0.0,148101000.0,0.0,17.037,672577000.0
17,CME,MRY,2003-12-31,2003-12-31,2003-12-31,2021-08-05,73000.0,4872636000.0,3673794500.0,4723379000.0,149257000.0,0.146,3.444,-63016000.0,185124000.0,185124000.0,0.0,122132000.0,1.102,7.655,2832252000.0,2832252000.0,0.0,2832252000.0,0.0,53016000.0,0.0,0.009,0.126,206125000.0,259141000.0,0.483,259141000.0,206125000.0,206125000.0,0.748,0.72,0.748,562995000.0,518361250.0,562995000.0,4014850452.0,19.0,15.493,128133000.0,0.784,1.0,536041000.0,1.0,0.0,0.0,3231789000.0,2367889750.0,0.0,3459294000.0,3459294000.0,0.0,4309641000.0,4287975000.0,21666000.0,2378509452.0,-154136000.0,-7619000.0,7878000.0,-5482000.0,-20630000.0,-18234000.0,-327051000.0,-256416000.0,191149000.0,0.0,122132000.0,122132000.0,122132000.0,0.0,0.0,0.228,329916000.0,206125000.0,1399594000.0,0.168,4.225,19.475,19.348,118203000.0,0.0,14.472,4.437,4.413,52972000.0,368312000.0,536041000.0,536041000.0,0.0,0.033,0.236,0.087,0.385,7403000.0,255217000.0,1.0,164352505.0,163455000,169675000.0,3.279,4872636000.0,0.0,83993000.0,0.0,29.81,435404000.0
18,CME,MRY,2002-12-31,2002-12-31,2002-12-31,2021-08-05,0.0,3355016000.0,2849411750.0,3215131000.0,139885000.0,0.159,3.07,-56341000.0,339260000.0,339260000.0,0.0,94067000.0,1.113,6.52,1830319000.0,1827991000.0,2328000.0,1830319000.0,0.0,48509000.0,0.0,0.0,0.0,154229000.0,202738000.0,0.447,202738000.0,154229000.0,154229000.0,0.648,0.626,0.648,446139000.0,321989250.0,446139000.0,2987278255.0,19.0,14.735,84797000.0,0.583,1.0,453177000.0,1.0,0.0,0.0,1956581000.0,1843884500.0,0.0,1827991000.0,1827991000.0,0.0,2908877000.0,2889494000.0,19383000.0,1261177255.0,270159000.0,-3071000.0,117462000.0,-5506000.0,-17290000.0,94666000.0,34355000.0,93767000.0,141138000.0,0.0,94067000.0,94067000.0,94067000.0,0.0,0.0,0.208,298948000.0,154229000.0,1013107000.0,0.0,2.827,13.407,13.475,109563000.0,0.0,8.732,2.783,2.8,50865000.0,266810000.0,453177000.0,453177000.0,0.0,0.033,0.292,0.084,0.34,3811000.0,226742000.0,1.0,144431660.0,145331210,150302685.0,3.118,3355016000.0,0.0,60162000.0,0.0,23.085,325637000.0
19,CME,MRY,2001-12-31,2001-12-31,2001-12-31,2021-08-05,277000.0,2066878000.0,1224161000.0,1946110000.0,120768000.0,0.316,1.726,-30367000.0,69101000.0,69101000.0,0.0,75108000.0,1.08,7.322,861877000.0,855227000.0,6650000.0,861877000.0,0.0,37639000.0,0.0,,0.0,125766000.0,163405000.0,0.422,163405000.0,125766000.0,125766000.0,0.522,0.514,0.522,248366000.0,206018500.0,248366000.0,,,,90202000.0,0.627,1.0,387153000.0,1.0,0.0,0.0,1057809000.0,686207500.0,0.0,946797000.0,946797000.0,0.0,1818512000.0,1801845000.0,16667000.0,,38446000.0,-1316000.0,0.0,-3902000.0,0.0,-3902000.0,-78221000.0,-46538000.0,120569000.0,0.0,75108000.0,75108000.0,75108000.0,0.0,0.0,0.194,261387000.0,125766000.0,906389000.0,0.0,,,,100991000.0,0.0,,,,40986000.0,190033000.0,387153000.0,387153000.0,0.0,0.061,0.365,0.183,0.325,6238000.0,209098000.0,1.0,144437810.0,143873500,146202160.0,2.691,2066878000.0,0.0,50658000.0,0.0,14.366,144265000.0
20,CME,MRY,2000-12-31,2000-12-31,2000-12-31,2021-08-05,-11000.0,381444000.0,,267432000.0,114012000.0,,1.138,-25171000.0,30655000.0,30655000.0,0.0,-10496000.0,1.349,1.331,162111000.0,156048000.0,6063000.0,162111000.0,0.0,33489000.0,0.0,,0.0,-16427000.0,17062000.0,0.075,17062000.0,-16427000.0,-16427000.0,-0.072,0.0,-0.072,163671000.0,,163671000.0,,,,7798000.0,0.054,1.0,226552000.0,1.0,0.0,0.0,314606000.0,,0.0,200374000.0,200374000.0,0.0,217773000.0,198294000.0,19479000.0,,16406000.0,-4183000.0,0.0,-3611000.0,0.0,-3611000.0,-12952000.0,16402000.0,32969000.0,0.0,-10496000.0,-10496000.0,-10496000.0,0.0,0.0,-0.046,241814000.0,-15262000.0,11897000.0,0.0,,,,102626000.0,0.0,,,,28526000.0,119512000.0,226552000.0,226552000.0,0.0,,,,-0.073,8211000.0,183966000.0,1.0,,143873500,,1.575,381444000.0,0.0,-5931000.0,0.0,2.651,69138000.0
21,CME,MRY,1999-12-31,1999-12-31,1999-12-31,2021-08-05,,,,,,,,-55295000.0,,,0.0,2663000.0,,,,,,,,25274000.0,,,0.0,4518000.0,29792000.0,0.141,29792000.0,4518000.0,4518000.0,0.018,0.018,0.018,,,,,,,-24134000.0,-0.168,1.0,210602000.0,1.0,,0.0,,,,,,,,,,,-592000.0,0.0,0.0,-2664000.0,0.0,-2664000.0,-29089000.0,26206000.0,31161000.0,0.0,2663000.0,2663000.0,2663000.0,0.0,0.0,0.013,203958000.0,6644000.0,,0.0,,,,,0.0,,,,,,210602000.0,210602000.0,0.0,,,,0.021,0.0,163194000.0,1.0,,143873500,143873500.0,1.464,,,1855000.0,,,
0,CME,MRQ,2021-06-30,2021-06-30,2021-06-30,2021-08-05,106000000.0,178699100000.0,,144849000000.0,33850100000.0,,74.703,-39700000.0,1081000000.0,1081000000.0,0.0,510600000.0,1.02,5.676,144744400000.0,141299800000.0,3444600000.0,144744400000.0,0.0,96500000.0,0.0,0.028,0.9,767500000.0,864000000.0,0.733,864000000.0,767500000.0,725800000.0,1.42,1.42,1.42,26763200000.0,,26763200000.0,202293594572.0,75.0,64.253,460100000.0,1.284,1.0,1179200000.0,1.0,31377600000.0,41700000.0,148972100000.0,,0.0,141410700000.0,141410700000.0,0.0,151911700000.0,142012800000.0,9898900000.0,76372394572.0,144700000.0,0.0,0.0,0.0,-322500000.0,-321100000.0,-34000000.0,5700000.0,499800000.0,0.0,510300000.0,510300000.0,510300000.0,0.0,300000.0,0.433,504500000.0,674700000.0,47200000.0,0.634,2.854,39.769,39.753,527600000.0,0.0,212.68,16.561,16.522,509600000.0,5434500000.0,1179200000.0,1179200000.0,0.0,,,,,19400000.0,302700000.0,1.0,359095329.0,358261000,358888000.0,3.291,147321500000.0,0.0,215500000.0,5399400000.0,411.213,2836200000.0
1,CME,MRQ,2021-03-31,2021-03-31,2021-03-31,2021-08-05,83500000.0,160652100000.0,,126745500000.0,33906600000.0,,74.07,-28500000.0,936400000.0,936400000.0,0.0,574800000.0,1.02,5.055,126857600000.0,123414000000.0,3443600000.0,126857600000.0,0.0,98200000.0,0.0,0.029,0.9,793400000.0,891600000.0,0.711,891600000.0,793400000.0,751900000.0,1.6,1.6,1.6,26527900000.0,,26527900000.0,161911934783.0,61.0,52.214,574200000.0,1.603,1.0,1253300000.0,1.0,31426400000.0,41500000.0,130924400000.0,,0.0,123519200000.0,123519200000.0,0.0,134096200000.0,124222500000.0,9873700000.0,73319534783.0,-664500000.0,0.0,0.0,0.0,-1217500000.0,-1233200000.0,-34000000.0,-5500000.0,602700000.0,0.0,574400000.0,574400000.0,574400000.0,0.0,400000.0,0.458,528200000.0,725100000.0,51600000.0,0.562,2.764,38.319,38.245,528600000.0,0.0,204.23,15.888,15.85,547000000.0,5247300000.0,1253300000.0,1253300000.0,0.0,,,,,21600000.0,327100000.0,1.0,359004724.0,358147000,358817000.0,3.499,129225700000.0,0.0,177500000.0,5371900000.0,360.817,2523000000.0
2,CME,MRQ,2020-12-31,2020-12-31,2020-12-31,2021-08-05,134900000.0,124659600000.0,,89283900000.0,35375700000.0,,73.509,-70000000.0,1633200000.0,1633200000.0,0.0,424800000.0,1.012,3.735,90225600000.0,86781800000.0,3443800000.0,90225600000.0,0.0,120500000.0,0.0,0.032,3.35,575900000.0,696400000.0,0.634,696400000.0,575900000.0,534200000.0,1.18,1.18,1.18,26319900000.0,,26319900000.0,155547401209.0,54.0,46.411,590300000.0,1.649,1.0,1098500000.0,1.0,32839400000.0,41700000.0,92214700000.0,,0.0,86882700000.0,86882700000.0,0.0,98308100000.0,88197900000.0,10110200000.0,65353901209.0,301200000.0,20800000.0,0.0,0.0,-304300000.0,-307000000.0,-52100000.0,-2900000.0,660300000.0,0.0,424000000.0,424000000.0,424000000.0,0.0,800000.0,0.386,583500000.0,515000000.0,69300000.0,2.839,2.483,31.044,30.961,579200000.0,0.0,182.05,13.382,13.337,461300000.0,4995900000.0,1098500000.0,1098500000.0,0.0,,,,,26700000.0,323500000.0,1.0,358988746.0,358049000,358620000.0,3.068,91820200000.0,0.0,110200000.0,5607000000.0,256.446,1086000000.0
3,CME,MRQ,2020-09-30,2020-09-30,2020-09-30,2021-08-05,43700000.0,125758800000.0,,90349300000.0,35409500000.0,,75.406,-48300000.0,1332100000.0,1332100000.0,0.0,411500000.0,1.019,3.66,91525600000.0,88083400000.0,3442200000.0,91525600000.0,0.0,118000000.0,0.0,0.035,0.85,578400000.0,696400000.0,0.644,696400000.0,578400000.0,536700000.0,1.15,1.15,1.15,26979600000.0,,26979600000.0,141477957283.0,48.0,41.154,263100000.0,0.735,1.0,1080700000.0,1.0,32824900000.0,41700000.0,94496500000.0,,0.0,88176200000.0,88176200000.0,0.0,98748400000.0,88630900000.0,10117500000.0,60001557283.0,-73200000.0,0.0,0.0,0.0,-304100000.0,-340700000.0,-43900000.0,4400000.0,311400000.0,0.0,411700000.0,411700000.0,411700000.0,0.0,-200000.0,0.381,555700000.0,525000000.0,99500000.0,0.739,2.224,27.899,27.792,547200000.0,0.0,167.31,12.187,12.158,490900000.0,5775100000.0,1080700000.0,1080700000.0,0.0,,,,,23800000.0,322500000.0,1.0,358625051.0,357791000,358590000.0,3.02,92933900000.0,0.0,125000000.0,5620800000.0,259.744,1718400000.0
4,CME,MRQ,2020-06-30,2020-06-30,2020-06-30,2021-08-05,-13100000.0,117214800000.0,,81786200000.0,35428600000.0,,74.947,-36400000.0,1405400000.0,1405400000.0,0.0,503300000.0,1.02,3.371,82881800000.0,79440900000.0,3440900000.0,82881800000.0,0.0,113300000.0,0.0,0.035,0.85,703200000.0,816500000.0,0.691,816500000.0,703200000.0,661300000.0,1.41,1.4,1.41,26807900000.0,,26807900000.0,161344243371.0,51.0,44.465,950400000.0,2.657,1.0,1182300000.0,1.0,32849500000.0,41900000.0,85640300000.0,,0.0,79529500000.0,79529500000.0,0.0,90375900000.0,80201400000.0,10174500000.0,58284643371.0,553700000.0,0.0,0.0,-100000000.0,-304000000.0,-396600000.0,-36500000.0,-100000.0,986800000.0,0.0,503300000.0,503300000.0,503300000.0,0.0,0.0,0.426,544800000.0,637500000.0,88000000.0,0.603,2.174,24.538,24.442,538600000.0,0.0,162.54,11.383,11.355,532100000.0,5668500000.0,1182300000.0,1182300000.0,0.0,,,,,22400000.0,323600000.0,1.0,358586461.0,357691000,358457000.0,3.305,84365300000.0,0.0,158000000.0,5607300000.0,235.861,1584800000.0
5,CME,MRQ,2020-03-31,2020-03-31,2020-03-31,2021-08-05,-26200000.0,137932300000.0,,102416600000.0,35515700000.0,,74.31,-42800000.0,851700000.0,851700000.0,0.0,766800000.0,1.013,4.191,103911300000.0,100371500000.0,3539800000.0,103911300000.0,0.0,112600000.0,0.0,0.032,0.85,1029600000.0,1142200000.0,0.75,1142200000.0,1029600000.0,988700000.0,2.14,2.14,2.14,26567700000.0,,26567700000.0,101239151433.0,32.0,27.504,714300000.0,1.998,1.0,1522100000.0,1.0,32915700000.0,40900000.0,107022500000.0,,0.0,100449300000.0,100449300000.0,0.0,111333600000.0,101053700000.0,10279900000.0,61971551433.0,-699800000.0,0.0,0.0,-204600000.0,-1197600000.0,-1413900000.0,-43000000.0,-200000.0,757100000.0,0.0,766200000.0,766200000.0,766200000.0,0.0,600000.0,0.503,562200000.0,959900000.0,74300000.0,0.397,2.333,25.975,25.885,538400000.0,0.0,172.91,11.894,11.864,799700000.0,5469900000.0,1522100000.0,1522100000.0,0.0,,,,,23100000.0,323100000.0,1.0,358403513.0,357524000,358455000.0,4.257,105016600000.0,0.0,222500000.0,5622100000.0,293.733,1362900000.0
6,CME,MRQ,2019-12-31,2019-12-31,2019-12-31,2021-08-05,3400000.0,75215300000.0,,39567800000.0,35647500000.0,,73.096,-66400000.0,1551400000.0,1551400000.0,0.0,469000000.0,1.027,1.877,40819000000.0,37075800000.0,3743200000.0,40819000000.0,0.0,116100000.0,0.0,0.027,3.25,666600000.0,782700000.0,0.688,782700000.0,666600000.0,624600000.0,1.32,1.31,1.32,26128900000.0,,26128900000.0,115753987521.0,40.0,34.64,653300000.0,1.828,1.0,1138400000.0,1.0,33035500000.0,42000000.0,42924900000.0,,0.0,37160200000.0,37160200000.0,0.0,49056000000.0,38522500000.0,10533500000.0,71930387521.0,340500000.0,89600000.0,0.0,-131400000.0,-268100000.0,-363300000.0,-15900000.0,-39100000.0,719700000.0,0.0,469500000.0,469500000.0,469500000.0,0.0,-500000.0,0.412,565400000.0,573000000.0,61900000.0,2.462,2.753,33.986,33.848,544000000.0,0.0,200.72,14.776,14.726,491800000.0,5008700000.0,1138400000.0,1138400000.0,0.0,,,,,2300000.0,308700000.0,1.0,358361835.0,357458000,358353000.0,3.185,42179800000.0,0.0,155100000.0,5635200000.0,117.999,1045300000.0
7,CME,MRQ,2019-09-30,2019-09-30,2019-09-30,2021-08-05,-32200000.0,79417600000.0,,43692300000.0,35725300000.0,,74.979,-57600000.0,1210100000.0,1210100000.0,0.0,636300000.0,1.042,1.964,45033700000.0,41160400000.0,3873300000.0,45033700000.0,0.0,121200000.0,0.0,0.022,0.75,766000000.0,887200000.0,0.695,887200000.0,766000000.0,723200000.0,1.78,1.78,1.78,26783200000.0,,26783200000.0,111304233970.0,38.0,33.035,752600000.0,2.107,1.0,1277300000.0,1.0,33110900000.0,42800000.0,48216800000.0,,0.0,41241400000.0,41241400000.0,0.0,52604300000.0,41913500000.0,10690800000.0,75679533970.0,273200000.0,0.0,0.0,-200600000.0,-267900000.0,-490200000.0,-46800000.0,10800000.0,810200000.0,0.0,636300000.0,636300000.0,636300000.0,0.0,0.0,0.498,592100000.0,685200000.0,61500000.0,0.421,2.826,37.235,37.077,517300000.0,0.0,211.34,15.239,15.201,545700000.0,5704200000.0,1277300000.0,1277300000.0,0.0,,,,,14400000.0,312300000.0,1.0,358093754.0,357211000,358369000.0,3.576,46306700000.0,0.0,86900000.0,5614400000.0,129.634,1778800000.0
8,CME,MRQ,2019-06-30,2019-06-30,2019-06-30,2021-08-05,5600000.0,70349500000.0,,34462400000.0,35887100000.0,,74.092,-72500000.0,937700000.0,937700000.0,0.0,514600000.0,1.046,1.658,36562400000.0,32489500000.0,4072900000.0,36562400000.0,0.0,122400000.0,0.0,0.024,0.75,746400000.0,868800000.0,0.683,868800000.0,746400000.0,701300000.0,1.44,1.43,1.44,26455200000.0,,26455200000.0,106395378046.0,39.0,33.854,401200000.0,1.124,1.0,1272700000.0,1.0,33279300000.0,45100000.0,39760200000.0,,0.0,32571300000.0,32571300000.0,0.0,43864600000.0,32934700000.0,10929900000.0,69486178046.0,-57200000.0,0.0,0.0,-222800000.0,-267800000.0,-489600000.0,-41300000.0,31200000.0,473700000.0,0.0,513800000.0,513800000.0,513800000.0,0.0,800000.0,0.404,574100000.0,698600000.0,51600000.0,0.521,2.627,38.433,37.838,500400000.0,0.0,194.11,15.128,15.09,593700000.0,5336800000.0,1272700000.0,1272700000.0,0.0,,,,,38100000.0,313800000.0,1.0,357973201.0,357060000,358155000.0,3.564,37070200000.0,0.0,187500000.0,5645100000.0,103.821,1527700000.0
9,CME,MRQ,2019-03-31,2019-03-31,2019-03-31,2021-08-05,800000.0,71614500000.0,,35605200000.0,36009300000.0,,73.294,-49100000.0,997400000.0,997400000.0,0.0,495900000.0,1.039,1.737,37906600000.0,33614600000.0,4292000000.0,37906600000.0,0.0,113600000.0,0.0,0.028,0.75,689300000.0,802900000.0,0.681,802900000.0,689300000.0,641200000.0,1.39,1.39,1.39,26157600000.0,,26157600000.0,101367762853.0,36.0,32.542,620100000.0,1.738,1.0,1179600000.0,1.0,33406200000.0,48100000.0,40845100000.0,,0.0,33702600000.0,33702600000.0,0.0,45428000000.0,34272400000.0,11155600000.0,58885762853.0,-377100000.0,0.0,0.0,-106900000.0,-892100000.0,-997700000.0,-48600000.0,500000.0,669200000.0,0.0,496900000.0,496900000.0,496900000.0,0.0,-1000000.0,0.421,548600000.0,631000000.0,65300000.0,0.54,2.251,31.654,30.705,467700000.0,0.0,164.58,13.444,13.41,559500000.0,5091100000.0,1179600000.0,1179600000.0,0.0,,,,,18300000.0,310200000.0,1.0,357794160.0,356886000,358047000.0,3.305,38208300000.0,0.0,144300000.0,5662700000.0,107.06,1332800000.0
10,CME,MRQ,2018-12-31,2018-12-31,2018-12-31,2021-08-05,5300000.0,77475700000.0,,41886700000.0,35589000000.0,,73.838,-55800000.0,1374500000.0,1374500000.0,0.0,387000000.0,1.015,1.987,43856500000.0,40029700000.0,3826800000.0,43856500000.0,0.0,91900000.0,0.0,0.024,2.45,718500000.0,810400000.0,0.655,810400000.0,718500000.0,669000000.0,1.09,1.09,1.09,25918500000.0,,25918500000.0,103973986658.0,35.0,32.668,454600000.0,1.295,1.0,1236600000.0,1.0,33480700000.0,49500000.0,45204400000.0,,0.0,39528400000.0,39528400000.0,0.0,51510400000.0,41272600000.0,10237800000.0,64116786658.0,-1652500000.0,-1774700000.0,0.0,-65900000.0,-249800000.0,-312200000.0,-1850700000.0,-20200000.0,510400000.0,0.0,385500000.0,385500000.0,385500000.0,0.0,1500000.0,0.312,586700000.0,649900000.0,116000000.0,2.248,2.474,32.676,32.831,448700000.0,0.0,188.12,14.878,14.944,553300000.0,4855300000.0,1236600000.0,1236600000.0,0.0,,,,,46000000.0,331900000.0,1.0,340829187.0,351017000,352227000.0,3.523,43995000000.0,0.0,283500000.0,5665900000.0,125.336,614100000.0
11,CME,MRQ,2018-09-30,2018-09-30,2018-09-30,2021-08-05,18700000.0,70364100000.0,,41514800000.0,28849300000.0,,68.6,-31300000.0,1406300000.0,1406300000.0,0.0,411800000.0,1.088,2.02,41263500000.0,37843900000.0,3419600000.0,41263500000.0,0.0,53900000.0,0.0,0.037,0.7,606800000.0,660700000.0,0.731,660700000.0,606800000.0,561800000.0,1.21,1.21,1.21,23295700000.0,,23295700000.0,97175166825.0,34.0,32.095,551300000.0,1.623,1.0,904200000.0,1.0,27012700000.0,45000000.0,45054500000.0,,0.0,37926700000.0,37926700000.0,0.0,47068400000.0,38154100000.0,8914300000.0,57969866825.0,293900000.0,0.0,0.0,-1900000.0,-237600000.0,-257500000.0,-31200000.0,100000.0,582600000.0,0.0,411800000.0,411800000.0,411800000.0,0.0,0.0,0.455,354300000.0,549900000.0,53900000.0,0.579,2.488,12.837,12.779,362700000.0,0.0,170.21,14.592,14.549,386300000.0,5346400000.0,904200000.0,904200000.0,0.0,,,,,16600000.0,209600000.0,1.0,340578502.0,339586000,341035000.0,2.663,43351400000.0,0.0,150000000.0,4882700000.0,127.66,3360700000.0
12,CME,MRQ,2018-06-30,2018-06-30,2018-06-30,2021-08-05,18600000.0,69199300000.0,,40300500000.0,28898800000.0,,68.118,-11400000.0,1098900000.0,1098900000.0,0.0,566100000.0,1.084,1.993,40304200000.0,36885200000.0,3419000000.0,40304200000.0,0.0,51100000.0,0.0,0.038,0.7,789900000.0,841000000.0,0.794,841000000.0,789900000.0,756800000.0,1.67,1.66,1.67,23123600000.0,,23123600000.0,96425855166.0,34.0,31.573,511400000.0,1.506,1.0,1059600000.0,1.0,27043300000.0,33100000.0,44181700000.0,,0.0,36966100000.0,36966100000.0,0.0,46075700000.0,37179600000.0,8896100000.0,55888055166.0,1457500000.0,0.0,0.0,1187200000.0,-237700000.0,925000000.0,9700000.0,21100000.0,522800000.0,0.0,566100000.0,566100000.0,566100000.0,0.0,0.0,0.534,392700000.0,666900000.0,27800000.0,0.419,2.417,12.665,12.606,380000000.0,0.0,164.13,14.115,14.072,433900000.0,5173300000.0,1059600000.0,1059600000.0,0.0,,,,,16200000.0,222600000.0,1.0,340510907.0,339465000,340872000.0,3.121,42156000000.0,0.0,190700000.0,4863100000.0,124.184,3120900000.0
13,CME,MRQ,2018-03-31,2018-03-31,2018-03-31,2021-08-05,19900000.0,69919300000.0,,41054800000.0,28864500000.0,,67.116,-18200000.0,784600000.0,784600000.0,0.0,598800000.0,1.041,2.07,41322400000.0,39088900000.0,2233500000.0,41322400000.0,0.0,51800000.0,0.0,0.038,0.7,818800000.0,870600000.0,0.785,870600000.0,818800000.0,788700000.0,1.76,1.76,1.76,22772800000.0,,22772800000.0,99568416615.0,37.0,33.957,806800000.0,2.378,1.0,1109000000.0,1.0,27066900000.0,30100000.0,43944900000.0,,0.0,39179300000.0,39179300000.0,0.0,47146500000.0,39445300000.0,7701200000.0,55053616615.0,-627700000.0,0.0,0.0,0.0,-1424800000.0,-1435300000.0,-17400000.0,800000.0,825000000.0,0.0,598800000.0,598800000.0,598800000.0,0.0,0.0,0.54,368100000.0,740900000.0,25000000.0,0.398,2.418,12.916,12.857,387200000.0,0.0,161.74,14.395,14.35,444100000.0,4845400000.0,1109000000.0,1109000000.0,0.0,,,,,17700000.0,244800000.0,1.0,340383434.0,339305000,340747000.0,3.268,42852400000.0,0.0,189900000.0,4846600000.0,126.295,1609500000.0
14,CME,MRQ,2017-12-31,2017-12-31,2017-12-31,2021-08-05,14300000.0,75791200000.0,,46906500000.0,28884700000.0,,66.081,-28900000.0,1903600000.0,1903600000.0,0.0,2939200000.0,1.027,2.382,46418400000.0,44185300000.0,2233100000.0,46418400000.0,0.0,51600000.0,0.0,0.042,4.16,603800000.0,655400000.0,0.728,655400000.0,603800000.0,574700000.0,8.68,8.63,8.68,22411800000.0,,22411800000.0,97243540802.0,37.0,34.099,431500000.0,1.272,1.0,900000000.0,1.0,27090600000.0,29100000.0,47542500000.0,,0.0,44275400000.0,44275400000.0,0.0,53379400000.0,45672900000.0,7706500000.0,49699740802.0,222700000.0,3200000.0,-30400000.0,0.0,-223900000.0,-216800000.0,-20900000.0,4800000.0,460400000.0,0.0,2939200000.0,2939200000.0,2939200000.0,0.0,0.0,3.266,363100000.0,536900000.0,31300000.0,0.479,2.218,12.231,12.171,399700000.0,0.0,146.05,13.636,13.573,359700000.0,4497200000.0,900000000.0,900000000.0,0.0,,,,,15200000.0,194200000.0,1.0,340292645.0,339157000,340562000.0,2.654,48700600000.0,0.0,-2364500000.0,4857700000.0,143.593,1233600000.0
15,CME,MRQ,2017-09-30,2017-09-30,2017-09-30,2021-08-05,12100000.0,78323000000.0,,49392500000.0,28930500000.0,,61.587,-15400000.0,1631100000.0,1631100000.0,0.0,308600000.0,1.046,2.754,49174900000.0,46942300000.0,2232600000.0,49174900000.0,0.0,50700000.0,0.0,0.043,0.66,636400000.0,687100000.0,0.771,687100000.0,636400000.0,607300000.0,0.91,0.91,0.91,20863900000.0,,20863900000.0,94393830318.0,35.0,32.776,491900000.0,1.452,1.0,890800000.0,1.0,27114300000.0,29100000.0,51529500000.0,,0.0,47030300000.0,47030300000.0,0.0,57459100000.0,47223000000.0,10236100000.0,46119030318.0,268900000.0,15100000.0,7500000.0,0.0,-223500000.0,-234400000.0,-4000000.0,-3700000.0,507300000.0,0.0,308600000.0,308600000.0,308600000.0,0.0,0.0,0.346,323200000.0,567600000.0,36100000.0,0.725,2.21,30.795,30.628,388900000.0,0.0,135.68,12.609,12.567,390300000.0,2973800000.0,890800000.0,890800000.0,0.0,,,,,15100000.0,215100000.0,1.0,339910306.0,338771000,340329000.0,2.63,51208700000.0,0.0,298700000.0,7437000000.0,151.16,2169500000.0
16,CME,MRQ,2017-06-30,2017-06-30,2017-06-30,2021-08-05,13300000.0,78543800000.0,,49496900000.0,29046900000.0,,61.369,-17600000.0,1362300000.0,1362300000.0,0.0,415800000.0,1.038,2.78,49637100000.0,47405000000.0,2232100000.0,49637100000.0,0.0,52800000.0,0.0,0.046,0.66,666300000.0,719100000.0,0.778,719100000.0,666300000.0,637300000.0,1.23,1.22,1.23,20776800000.0,,20776800000.0,87920220448.0,34.0,31.089,246400000.0,0.728,1.0,924600000.0,1.0,27138100000.0,29000000.0,52010900000.0,,0.0,47489300000.0,47489300000.0,0.0,57767000000.0,47669600000.0,10097400000.0,42555220448.0,34200000.0,300000.0,12400000.0,0.0,-223500000.0,-210400000.0,-19400000.0,-2100000.0,264000000.0,0.0,415800000.0,415800000.0,415800000.0,0.0,0.0,0.45,319400000.0,605200000.0,25500000.0,0.537,2.048,25.608,25.455,399500000.0,0.0,125.24,11.793,11.75,416400000.0,2889700000.0,924600000.0,924600000.0,0.0,,,,,12800000.0,207200000.0,1.0,339789368.0,338556000,340020000.0,2.731,51405700000.0,0.0,221500000.0,7318800000.0,151.838,1827300000.0
17,CME,MRQ,2017-03-31,2017-03-31,2017-03-31,2021-08-05,10800000.0,75476000000.0,,46368500000.0,29107500000.0,,60.75,-20000000.0,1287800000.0,1287800000.0,0.0,399800000.0,1.035,2.672,46652800000.0,44421200000.0,2231600000.0,46652800000.0,0.0,53400000.0,0.0,0.048,0.66,736800000.0,790200000.0,0.85,790200000.0,736800000.0,707000000.0,1.18,1.18,1.18,20554200000.0,,20554200000.0,78255623772.0,31.0,28.349,499400000.0,1.476,1.0,929300000.0,1.0,27162100000.0,29800000.0,48874100000.0,,0.0,44508300000.0,44508300000.0,0.0,54921800000.0,44804800000.0,10117000000.0,40350323772.0,-580100000.0,243700000.0,10500000.0,0.0,-1322600000.0,-1323700000.0,224200000.0,500000.0,519400000.0,0.0,399800000.0,399800000.0,399800000.0,0.0,0.0,0.43,328400000.0,600900000.0,38400000.0,0.559,1.963,25.765,25.603,411600000.0,0.0,118.8,11.239,11.195,426600000.0,2697900000.0,929300000.0,929300000.0,0.0,,,,,14900000.0,211300000.0,1.0,339649190.0,338339000,339946000.0,2.747,48313900000.0,0.0,307200000.0,7308400000.0,142.797,1563700000.0
18,CME,MRQ,2016-12-31,2016-12-31,2016-12-31,2021-08-05,-14100000.0,69369400000.0,,40031500000.0,29337900000.0,,60.164,-28900000.0,1868600000.0,1868600000.0,0.0,373400000.0,1.028,2.41,39773900000.0,37542700000.0,2231200000.0,39773900000.0,0.0,57800000.0,0.0,0.049,3.85,625800000.0,683600000.0,0.749,683600000.0,625800000.0,594200000.0,1.11,1.1,1.11,20340700000.0,,20340700000.0,71558937940.0,30.0,27.143,470700000.0,1.392,1.0,912900000.0,1.0,27186100000.0,31600000.0,41143000000.0,,0.0,37626800000.0,37626800000.0,0.0,49028700000.0,38945600000.0,10083100000.0,39143837940.0,437300000.0,145800000.0,22300000.0,0.0,-202900000.0,-179800000.0,117500000.0,600000.0,499600000.0,0.0,373400000.0,373400000.0,373400000.0,0.0,0.0,0.409,374900000.0,538000000.0,26200000.0,3.468,1.924,25.516,25.352,425200000.0,0.0,115.35,10.888,10.828,364400000.0,2524500000.0,912900000.0,912900000.0,0.0,,,,,23900000.0,201800000.0,1.0,339348400.0,338087000,339362000.0,2.7,42183300000.0,0.0,220800000.0,7291000000.0,124.771,1085900000.0
19,CME,MRQ,2016-09-30,2016-09-30,2016-09-30,2021-08-05,22900000.0,63251300000.0,,33776000000.0,29475300000.0,,62.99,-23300000.0,1420500000.0,1420500000.0,0.0,472800000.0,1.059,1.974,33835600000.0,31604900000.0,2230700000.0,33835600000.0,0.0,55200000.0,0.0,0.05,0.6,579900000.0,635100000.0,0.755,635100000.0,579900000.0,548800000.0,1.4,1.39,1.4,21264900000.0,,21264900000.0,72623443153.0,32.0,28.974,455400000.0,1.349,1.0,841700000.0,1.0,27210200000.0,31100000.0,36569800000.0,,0.0,31690400000.0,31690400000.0,0.0,41986400000.0,31886400000.0,10100000000.0,35416943153.0,259400000.0,7700000.0,9500000.0,0.0,-202600000.0,-202800000.0,-16500000.0,-900000.0,478700000.0,0.0,472800000.0,472800000.0,472800000.0,0.0,0.0,0.562,316400000.0,525300000.0,34500000.0,0.429,1.666,24.385,24.251,426700000.0,0.0,104.52,10.13,10.093,395700000.0,3458600000.0,841700000.0,841700000.0,0.0,,,,,12300000.0,202500000.0,1.0,338853264.0,337592000,339143000.0,2.493,36041100000.0,0.0,76000000.0,7317700000.0,106.759,1889600000.0
20,CME,MRQ,2016-06-30,2016-06-30,2016-06-30,2021-08-05,113300000.0,67625600000.0,,38027200000.0,29598400000.0,,62.48,-19400000.0,1161100000.0,1161100000.0,0.0,320100000.0,1.044,2.209,38367600000.0,36137400000.0,2230200000.0,38367600000.0,0.0,54400000.0,0.0,0.052,0.6,597100000.0,651500000.0,0.719,651500000.0,597100000.0,566100000.0,0.95,0.95,0.95,21073900000.0,,21073900000.0,71561743724.0,32.0,28.933,204300000.0,0.606,1.0,906400000.0,1.0,27234200000.0,31000000.0,41178100000.0,,0.0,36218400000.0,36218400000.0,0.0,46551700000.0,36419800000.0,10131900000.0,32983643724.0,15100000.0,-800000.0,13600000.0,0.0,-202400000.0,-188600000.0,-20000000.0,200000.0,223700000.0,0.0,320100000.0,320100000.0,320100000.0,0.0,0.0,0.353,343100000.0,563300000.0,35600000.0,0.632,1.565,24.624,24.472,437900000.0,0.0,97.4,9.411,9.374,427000000.0,3189300000.0,906400000.0,906400000.0,0.0,,,,,14000000.0,209800000.0,1.0,338641106.0,337289000,338706000.0,2.687,40391400000.0,0.0,246000000.0,7352700000.0,119.753,1607400000.0
21,CME,MRQ,2016-03-31,2016-03-31,2016-03-31,2021-08-05,28100000.0,68768200000.0,,39253300000.0,29514900000.0,,61.841,-20200000.0,1146000000.0,1146000000.0,0.0,367800000.0,1.037,2.3,39724100000.0,37494300000.0,2229800000.0,39724100000.0,0.0,57900000.0,0.0,0.052,0.6,608300000.0,666200000.0,0.713,666200000.0,608300000.0,578500000.0,1.09,1.09,1.09,20841400000.0,,20841400000.0,68606466237.0,32.0,29.109,509800000.0,1.513,1.0,934200000.0,1.0,27258200000.0,29800000.0,42240000000.0,,0.0,37576500000.0,37576500000.0,0.0,47926800000.0,37848100000.0,10078700000.0,32504666237.0,-546600000.0,-3000000.0,6400000.0,130000000.0,-1179300000.0,-1049300000.0,-27300000.0,-4100000.0,530000000.0,0.0,367800000.0,367800000.0,367800000.0,0.0,0.0,0.394,360300000.0,573900000.0,32200000.0,0.55,1.56,25.307,25.144,449800000.0,0.0,96.05,9.509,9.47,389300000.0,3072300000.0,934200000.0,934200000.0,0.0,,,,,16000000.0,209300000.0,1.0,338414016.0,337014000,338549000.0,2.772,41510000000.0,0.0,210700000.0,7330800000.0,123.17,1405200000.0
22,CME,MRQ,2015-12-31,2015-12-31,2015-12-31,2021-08-05,-80800000.0,67359400000.0,,37904500000.0,29454900000.0,,61.012,-23900000.0,1692600000.0,1692600000.0,0.0,291700000.0,1.029,2.278,37782300000.0,35553000000.0,2229300000.0,37782300000.0,0.0,56300000.0,0.0,0.054,3.4,497400000.0,553700000.0,0.68,553700000.0,497400000.0,468500000.0,0.87,0.86,0.87,20551800000.0,,20551800000.0,80772149324.0,39.0,35.076,367400000.0,1.091,1.0,813800000.0,1.0,27282200000.0,28900000.0,39342400000.0,,0.0,35625500000.0,35625500000.0,0.0,46807600000.0,36824500000.0,9983100000.0,30644049324.0,258300000.0,60100000.0,12200000.0,0.0,-168500000.0,-172200000.0,39200000.0,3000000.0,391300000.0,0.0,291700000.0,291700000.0,291700000.0,0.0,0.0,0.358,343900000.0,469900000.0,28700000.0,3.908,1.491,24.574,24.42,491700000.0,0.0,90.6,9.211,9.157,357800000.0,2907600000.0,813800000.0,813800000.0,0.0,,,,,15600000.0,204500000.0,1.0,338234540.0,336851000,338164000.0,2.416,40077200000.0,0.0,176800000.0,7358300000.0,118.976,1080000000.0
23,CME,MRQ,2015-09-30,2015-09-30,2015-09-30,2021-08-05,-94600000.0,80949600000.0,,51458800000.0,29490800000.0,,63.56,-29600000.0,1434300000.0,1434300000.0,0.0,359900000.0,1.038,2.787,51562400000.0,49321200000.0,2241200000.0,51562400000.0,0.0,57300000.0,0.0,0.043,0.5,544700000.0,602000000.0,0.708,602000000.0,544700000.0,516400000.0,1.07,1.06,1.07,21376800000.0,,21376800000.0,74581516361.0,36.0,32.314,433900000.0,1.29,1.0,850300000.0,1.0,27307000000.0,28300000.0,54171900000.0,,0.0,49393600000.0,49393600000.0,0.0,59572800000.0,49598800000.0,9974000000.0,31323616361.0,283300000.0,9300000.0,9700000.0,0.0,-168200000.0,-160000000.0,-20200000.0,100000.0,463500000.0,0.0,359900000.0,359900000.0,359900000.0,0.0,0.0,0.423,333900000.0,516400000.0,38100000.0,0.467,1.465,24.825,24.731,496100000.0,0.0,92.74,9.339,9.299,363800000.0,3771800000.0,850300000.0,850300000.0,0.0,,,,,11500000.0,210400000.0,1.0,337757347.0,336323000,338139000.0,2.528,53642600000.0,0.0,156500000.0,7341500000.0,159.497,1860000000.0
24,CME,MRQ,2015-06-30,2015-06-30,2015-06-30,2021-08-05,5100000.0,73663100000.0,,44055100000.0,29608000000.0,,63.263,-29300000.0,1151000000.0,1151000000.0,0.0,265000000.0,1.038,2.465,44408900000.0,42167900000.0,2241000000.0,44408900000.0,0.0,58300000.0,0.0,0.042,0.5,476700000.0,535000000.0,0.652,535000000.0,476700000.0,448100000.0,0.79,0.78,0.79,21258800000.0,,21258800000.0,77744273086.0,39.0,34.992,229500000.0,0.683,1.0,820000000.0,1.0,27331900000.0,28600000.0,47156500000.0,,0.0,42244200000.0,42244200000.0,0.0,52404300000.0,42432600000.0,9971700000.0,31412973086.0,-543800000.0,52700000.0,13500000.0,-673000000.0,-167900000.0,-825900000.0,23300000.0,-100000.0,258800000.0,0.0,265000000.0,265000000.0,265000000.0,0.0,0.0,0.323,324900000.0,495100000.0,22100000.0,0.633,1.478,26.355,26.214,499200000.0,0.0,93.06,9.618,9.574,399900000.0,3575500000.0,820000000.0,820000000.0,0.0,,,,,19000000.0,204600000.0,1.0,337556126.0,336036000,337796000.0,2.44,46331200000.0,0.0,183100000.0,7339800000.0,137.876,1622500000.0
25,CME,MRQ,2015-03-31,2015-03-31,2015-03-31,2021-08-05,-25800000.0,77128400000.0,,47486000000.0,29642400000.0,,62.844,-31400000.0,1694800000.0,1694800000.0,0.0,330400000.0,1.044,2.656,48026100000.0,45174200000.0,2851900000.0,48026100000.0,0.0,56700000.0,0.0,0.041,0.5,555400000.0,612100000.0,0.726,612100000.0,555400000.0,523800000.0,0.98,0.98,0.98,21095500000.0,,21095500000.0,73258254096.0,37.0,33.349,387500000.0,1.154,1.0,842700000.0,1.0,27356800000.0,31600000.0,50607800000.0,,0.0,45253000000.0,45253000000.0,0.0,56032900000.0,45495100000.0,10537800000.0,31949654096.0,328700000.0,0.0,28600000.0,743700000.0,-838800000.0,-65800000.0,-24400000.0,0.0,418900000.0,0.0,330400000.0,330400000.0,330400000.0,0.0,0.0,0.392,335400000.0,507300000.0,34000000.0,0.51,1.515,26.833,26.679,503300000.0,0.0,94.71,10.054,10.004,383400000.0,3479300000.0,842700000.0,842700000.0,0.0,,,,,14700000.0,208600000.0,1.0,337341929.0,335680000,337416000.0,2.51,49771600000.0,0.0,193400000.0,7299700000.0,148.271,1990900000.0
26,CME,MRQ,2014-12-31,2014-12-31,2014-12-31,2021-08-05,6200000.0,72241500000.0,,42545300000.0,29696200000.0,,62.42,-36500000.0,1366100000.0,1366100000.0,0.0,306500000.0,1.024,2.453,42674700000.0,40566800000.0,2107900000.0,42674700000.0,0.0,56400000.0,0.0,0.044,2.47,502500000.0,558900000.0,0.664,558900000.0,502500000.0,473800000.0,0.91,0.91,0.91,20923500000.0,,20923500000.0,63265927349.0,33.0,29.783,466000000.0,1.39,1.0,841100000.0,1.0,27381700000.0,28700000.0,44637200000.0,,0.0,40641500000.0,40641500000.0,0.0,51318000000.0,41531200000.0,9786800000.0,29860827349.0,278200000.0,-55000000.0,26700000.0,0.0,-157600000.0,-132800000.0,-91500000.0,0.0,502500000.0,0.0,306500000.0,306500000.0,306500000.0,0.0,0.0,0.364,369600000.0,471500000.0,36900000.0,2.714,1.427,26.494,26.306,508900000.0,0.0,88.65,9.594,9.525,341200000.0,3317300000.0,841100000.0,841100000.0,0.0,,,,,13900000.0,216200000.0,1.0,336839564.0,335204000,336792000.0,2.509,44859800000.0,0.0,167300000.0,7302700000.0,133.828,1014100000.0
27,CME,MRQ,2014-09-30,2014-09-30,2014-09-30,2021-08-05,130500000.0,63970300000.0,,34166400000.0,29803900000.0,,64.401,-26800000.0,1087900000.0,1087900000.0,0.0,290000000.0,1.047,1.97,34493000000.0,32385300000.0,2107700000.0,34493000000.0,0.0,58000000.0,0.0,0.056,0.47,457800000.0,515800000.0,0.677,515800000.0,457800000.0,429100000.0,0.87,0.86,0.87,21537100000.0,,21537100000.0,48026628912.0,28.0,24.369,207400000.0,0.62,1.0,762400000.0,1.0,27406600000.0,28700000.0,37340900000.0,,0.0,32458100000.0,32458100000.0,0.0,42433200000.0,32627900000.0,9805300000.0,26866528912.0,50600000.0,-10500000.0,15100000.0,0.0,-157100000.0,-146300000.0,-37300000.0,0.0,234200000.0,0.0,290000000.0,290000000.0,290000000.0,0.0,0.0,0.38,332000000.0,430400000.0,35000000.0,0.54,1.247,26.503,26.301,498700000.0,0.0,79.955,9.081,9.038,344800000.0,3842000000.0,762400000.0,762400000.0,0.0,,,,,14500000.0,197600000.0,1.0,336020623.0,334424000,336172000.0,2.28,36563700000.0,0.0,139100000.0,7308400000.0,109.333,1538500000.0
28,CME,MRQ,2014-06-30,2014-06-30,2014-06-30,2021-08-05,206700000.0,51611300000.0,,21731200000.0,29880100000.0,,64.249,-40900000.0,1037300000.0,1037300000.0,0.0,263800000.0,1.066,1.404,22197400000.0,20089900000.0,2107500000.0,22197400000.0,0.0,59500000.0,0.0,0.063,0.47,450400000.0,509900000.0,0.697,509900000.0,450400000.0,422100000.0,0.79,0.79,0.79,21465400000.0,,21465400000.0,46536661769.0,27.0,23.871,130800000.0,0.392,1.0,731600000.0,1.0,27435200000.0,28300000.0,24959500000.0,,0.0,20162800000.0,20162800000.0,0.0,30145900000.0,20376700000.0,9769200000.0,23824461769.0,-16400000.0,0.0,7000000.0,0.0,-157100000.0,-147200000.0,-40900000.0,0.0,171700000.0,0.0,263800000.0,263800000.0,263800000.0,0.0,0.0,0.361,319600000.0,412000000.0,32100000.0,0.595,1.11,24.807,24.635,503400000.0,0.0,70.95,8.185,8.144,334900000.0,3709800000.0,731600000.0,731600000.0,0.0,,,,,13200000.0,211200000.0,1.0,335792273.0,334097000,335800000.0,2.19,24176100000.0,0.0,158300000.0,7271900000.0,72.363,1354500000.0
29,CME,MRQ,2014-03-31,2014-03-31,2014-03-31,2021-08-05,176300000.0,53167100000.0,,23309700000.0,29857400000.0,,63.804,-28600000.0,1053700000.0,1053700000.0,0.0,266600000.0,1.058,1.495,23765900000.0,21658500000.0,2107400000.0,23765900000.0,0.0,59300000.0,0.0,0.06,0.47,480300000.0,539600000.0,0.694,539600000.0,480300000.0,446600000.0,0.8,0.79,0.8,21304600000.0,,21304600000.0,46590718364.0,26.0,22.779,354400000.0,1.061,1.0,777400000.0,1.0,27460400000.0,33700000.0,26389200000.0,,0.0,21730700000.0,21730700000.0,0.0,31857000000.0,22029700000.0,9827300000.0,24848218364.0,-1416000000.0,0.0,4500000.0,-750000000.0,-1025000000.0,-1769600000.0,-29400000.0,-800000.0,383000000.0,0.0,266800000.0,266800000.0,266800000.0,0.0,-200000.0,0.343,322900000.0,454500000.0,43100000.0,0.588,1.166,24.656,24.429,508400000.0,0.0,74.02,8.296,8.252,344600000.0,3603900000.0,777400000.0,777400000.0,0.0,,,,,13200000.0,202300000.0,1.0,335696006.0,333905000,335644000.0,2.328,25706700000.0,0.0,179800000.0,7276100000.0,76.988,1280000000.0
30,CME,MRQ,2013-12-31,2013-12-31,2013-12-31,2021-08-05,152000000.0,54277800000.0,,24405600000.0,29872200000.0,,63.405,161500000.0,2469700000.0,2469700000.0,0.0,193100000.0,1.047,1.565,24212200000.0,22105000000.0,2107200000.0,24212200000.0,0.0,59900000.0,0.0,0.056,3.05,345600000.0,405500000.0,0.59,405500000.0,345600000.0,307000000.0,0.58,0.57,0.58,21154800000.0,,21154800000.0,43296354597.0,25.0,21.766,543400000.0,1.629,1.0,687000000.0,1.0,27485500000.0,38600000.0,25223800000.0,,0.0,21423500000.0,21423500000.0,0.0,33117300000.0,23311000000.0,9806300000.0,26311854597.0,404700000.0,-4000000.0,20100000.0,0.0,-149500000.0,-134700000.0,157500000.0,0.0,381900000.0,0.0,193100000.0,193100000.0,193100000.0,0.0,0.0,0.281,363800000.0,323200000.0,36200000.0,5.259,1.244,26.937,26.687,513400000.0,0.0,78.46,8.961,8.889,302700000.0,3494600000.0,687000000.0,687000000.0,0.0,,,,,14000000.0,204200000.0,1.0,335353742.0,333647000,335427000.0,2.059,26792300000.0,0.0,113900000.0,7249700000.0,80.301,1094600000.0
31,CME,MRQ,2013-09-30,2013-09-30,2013-09-30,2021-08-05,177200000.0,48979900000.0,,19048100000.0,29931800000.0,,66.03,-38900000.0,2065000000.0,2065000000.0,0.0,236300000.0,1.107,1.229,19049500000.0,16942500000.0,2107000000.0,19049500000.0,0.0,60600000.0,0.0,0.042,0.45,433900000.0,494500000.0,0.692,494500000.0,433900000.0,399300000.0,0.71,0.71,0.71,21972300000.0,,21972300000.0,39863114083.0,22.0,19.544,90900000.0,0.273,1.0,714600000.0,1.0,27520500000.0,34600000.0,21230700000.0,,0.0,16257800000.0,16257800000.0,0.0,27002000000.0,17213200000.0,9788800000.0,24697714083.0,97000000.0,0.0,25500000.0,-1300000.0,-149800000.0,-122400000.0,89600000.0,700000.0,129800000.0,0.0,236700000.0,236700000.0,236700000.0,0.0,-400000.0,0.331,314100000.0,400500000.0,41000000.0,0.634,1.124,25.984,25.742,714200000.0,0.0,73.88,8.487,8.448,311900000.0,4326500000.0,714600000.0,714600000.0,0.0,,,,,14400000.0,204500000.0,1.0,334294993.0,332763000,334674000.0,2.147,21459400000.0,0.0,162600000.0,7306500000.0,64.489,1834900000.0
32,CME,MRQ,2013-06-30,2013-06-30,2013-06-30,2021-08-05,153200000.0,46882700000.0,,16924600000.0,29958100000.0,,65.742,-35600000.0,1968000000.0,1968000000.0,0.0,311300000.0,1.045,1.146,17133400000.0,15775200000.0,1358200000.0,17133400000.0,0.0,59100000.0,0.0,0.041,0.45,546600000.0,605700000.0,0.742,605700000.0,546600000.0,507400000.0,0.94,0.93,0.94,21848600000.0,,21848600000.0,36284368536.0,20.0,17.865,337200000.0,1.015,1.0,816100000.0,1.0,27546200000.0,39200000.0,18309000000.0,,0.0,14337100000.0,14337100000.0,0.0,25028100000.0,16192900000.0,8835200000.0,25358768536.0,124600000.0,0.0,15300000.0,0.0,-150400000.0,-212600000.0,-35600000.0,0.0,372800000.0,0.0,311200000.0,311200000.0,311200000.0,0.0,100000.0,0.381,308300000.0,507800000.0,37000000.0,0.479,1.161,27.215,26.933,713200000.0,0.0,75.95,8.809,8.768,359100000.0,4239200000.0,816100000.0,816100000.0,0.0,,,,,13600000.0,192300000.0,1.0,333887670.0,332341000,334073000.0,2.456,19336500000.0,0.0,196200000.0,7248200000.0,58.183,731700000.0
33,CME,MRQ,2013-03-31,2013-03-31,2013-03-31,2021-08-05,230000000.0,42421800000.0,,12297800000.0,30124000000.0,,64.918,-20200000.0,1843400000.0,1843400000.0,0.0,237400000.0,1.043,0.964,12769000000.0,11411000000.0,1358000000.0,12769000000.0,0.0,58500000.0,0.0,0.05,0.45,425000000.0,483500000.0,0.673,483500000.0,425000000.0,386000000.0,0.71,0.71,0.71,21549800000.0,,21549800000.0,28321674784.0,16.0,14.012,375800000.0,1.132,1.0,718600000.0,1.0,27572100000.0,39000000.0,13988600000.0,,0.0,9972700000.0,9972700000.0,0.0,20783800000.0,11786700000.0,8997100000.0,20485074784.0,238700000.0,0.0,12800000.0,0.0,-149400000.0,-136300000.0,-21000000.0,-800000.0,396000000.0,0.0,235800000.0,235800000.0,235800000.0,0.0,1600000.0,0.328,313100000.0,405500000.0,31300000.0,0.634,0.951,23.668,23.439,709900000.0,0.0,61.41,7.166,7.131,309200000.0,4079000000.0,718600000.0,718600000.0,0.0,,,,,12400000.0,181400000.0,1.0,333578811.0,331953000,333372000.0,2.165,14849700000.0,0.0,150200000.0,7412100000.0,44.734,511100000.0
34,CME,MRQ,2012-12-31,2012-12-31,2012-12-31,2021-08-05,209300000.0,38863200000.0,,8717900000.0,30145300000.0,,64.567,-40800000.0,1604700000.0,1604700000.0,0.0,168100000.0,1.145,0.81,9441300000.0,7334500000.0,2106800000.0,9441300000.0,0.0,59800000.0,0.0,0.073,1.75,396200000.0,456000000.0,0.69,456000000.0,396200000.0,352200000.0,0.51,0.5,0.51,21419100000.0,,21419100000.0,25127056257.0,14.0,12.149,281700000.0,0.849,1.0,660900000.0,1.0,27595900000.0,44000000.0,11487000000.0,,0.0,6641400000.0,6641400000.0,0.0,17357500000.0,7616900000.0,9740600000.0,16892656257.0,-412200000.0,-123600000.0,2900000.0,0.0,-580000000.0,-575400000.0,-159300000.0,5100000.0,322500000.0,0.0,166800000.0,166800000.0,166800000.0,0.0,1300000.0,0.252,285300000.0,375600000.0,41700000.0,3.431,0.789,18.847,18.697,724000000.0,0.0,50.67,5.796,5.759,267500000.0,3993400000.0,660900000.0,660900000.0,0.0,,,,,12600000.0,169300000.0,1.0,333385756.0,331735000,332835000.0,1.992,11267300000.0,0.0,185400000.0,7413300000.0,33.965,1101000000.0
35,CME,MRQ,2012-09-30,2012-09-30,2012-09-30,2021-08-05,119700000.0,39858000000.0,,10016800000.0,29841200000.0,,65.511,-40300000.0,2016900000.0,2016900000.0,0.0,218900000.0,1.194,0.832,10251300000.0,8144900000.0,2106400000.0,10251300000.0,0.0,60700000.0,0.0,0.039,0.45,425100000.0,485800000.0,0.711,485800000.0,425100000.0,394900000.0,0.66,0.66,0.66,21708800000.0,,21708800000.0,26271744792.0,14.0,12.652,199100000.0,0.601,1.0,683200000.0,1.0,27458300000.0,30200000.0,12244600000.0,,0.0,7457300000.0,7457300000.0,0.0,18069800000.0,8389500000.0,9680300000.0,19049644792.0,723700000.0,-39300000.0,7700000.0,747700000.0,-150100000.0,605700000.0,-121400000.0,-17400000.0,239400000.0,0.0,218000000.0,218000000.0,218000000.0,0.0,900000.0,0.319,287200000.0,396000000.0,44500000.0,0.682,0.878,12.912,12.845,705400000.0,0.0,57.29,6.371,6.349,296900000.0,4408600000.0,683200000.0,683200000.0,0.0,,,,,13800000.0,173200000.0,1.0,332512564.0,331377000,332458000.0,2.062,12399700000.0,0.0,176900000.0,7319800000.0,37.419,1627300000.0
36,CME,MRQ,2012-06-30,2012-06-30,2012-06-30,2021-08-05,114300000.0,37945900000.0,,8240900000.0,29705000000.0,,65.302,114600000.0,1293200000.0,1293200000.0,0.0,253400000.0,1.237,0.752,8515300000.0,6407600000.0,2107700000.0,8515300000.0,0.0,64900000.0,0.0,0.038,0.446,531100000.0,596000000.0,0.749,596000000.0,531100000.0,502200000.0,0.74,0.74,0.74,21620000000.0,,21620000000.0,26602889578.0,14.0,11.918,376800000.0,1.138,1.0,795900000.0,1.0,27449800000.0,28900000.0,11058700000.0,,0.0,6450300000.0,6450300000.0,0.0,16247500000.0,6659500000.0,9588000000.0,17819589578.0,231500000.0,-2600000.0,3600000.0,0.0,-147700000.0,-142900000.0,112200000.0,200000.0,262200000.0,0.0,244900000.0,244900000.0,244900000.0,0.0,8500000.0,0.308,326700000.0,469200000.0,38700000.0,0.603,0.824,11.325,11.289,703700000.0,0.0,53.622,5.602,5.581,336900000.0,4340300000.0,795900000.0,795900000.0,0.0,,,,,20700000.0,205400000.0,1.0,332318630.0,331078000,332162000.0,2.404,10496100000.0,0.0,257300000.0,7262200000.0,31.703,1581400000.0
37,CME,MRQ,2012-03-31,2012-03-31,2012-03-31,2021-08-05,164800000.0,39289100000.0,,9354600000.0,29934500000.0,,65.14,-26700000.0,1061700000.0,1061700000.0,0.0,266300000.0,1.153,0.82,9845000000.0,7737800000.0,2107200000.0,9845000000.0,0.0,67700000.0,0.0,0.033,1.046,462800000.0,530500000.0,0.685,530500000.0,462800000.0,433700000.0,0.81,0.8,0.81,21549100000.0,,21549100000.0,29621841076.0,15.0,13.242,368900000.0,1.115,1.0,774600000.0,1.0,28305500000.0,29100000.0,11657000000.0,,0.0,7783200000.0,7783200000.0,0.0,17670000000.0,8109900000.0,9560100000.0,19223441076.0,19400000.0,-22800000.0,7900000.0,0.0,-346500000.0,-335800000.0,-40400000.0,9100000.0,395600000.0,0.0,266600000.0,266600000.0,266600000.0,0.0,-300000.0,0.344,323400000.0,451200000.0,29000000.0,1.291,0.892,11.849,11.834,816500000.0,0.0,57.866,5.963,5.938,360000000.0,4243600000.0,774600000.0,774600000.0,0.0,,,,,14300000.0,198300000.0,1.0,332206150.0,330814000,331851000.0,2.341,10983600000.0,0.0,167100000.0,7256500000.0,33.202,1244700000.0
38,CME,MRQ,2011-12-31,2011-12-31,2011-12-31,2021-08-05,111600000.0,40758700000.0,,10945800000.0,29812900000.0,,65.19,-42800000.0,1042300000.0,1042300000.0,0.0,746700000.0,1.138,0.888,11440700000.0,9333900000.0,2106800000.0,11440700000.0,0.0,66200000.0,0.0,0.023,0.28,398000000.0,464200000.0,0.63,464200000.0,398000000.0,368900000.0,2.25,2.24,2.25,21552000000.0,,21552000000.0,25131567816.0,12.0,10.871,303700000.0,0.919,1.0,736500000.0,1.0,28337300000.0,29100000.0,13204600000.0,,0.0,9381500000.0,9381500000.0,0.0,19136400000.0,9615200000.0,9521200000.0,16177067816.0,213000000.0,0.0,600000.0,0.0,-92200000.0,-90900000.0,-42600000.0,200000.0,346500000.0,0.0,745900000.0,745900000.0,745900000.0,0.0,800000.0,1.013,346100000.0,390400000.0,31100000.0,0.124,0.751,8.926,8.942,821900000.0,0.0,48.734,4.931,4.943,289400000.0,4324600000.0,736500000.0,736500000.0,0.0,,,,,13800000.0,182500000.0,1.0,331946235.0,330601000,331723000.0,2.228,12421400000.0,0.0,-377000000.0,7226800000.0,37.572,1330600000.0
39,CME,MRQ,2011-09-30,2011-09-30,2011-09-30,2021-08-05,91900000.0,38887600000.0,,9091300000.0,29796300000.0,,62.79,-41000000.0,829300000.0,829300000.0,0.0,315000000.0,1.148,0.861,9783800000.0,7677500000.0,2106300000.0,9783800000.0,0.0,65400000.0,0.0,0.022,0.28,576000000.0,641400000.0,0.734,641400000.0,576000000.0,547000000.0,0.95,0.95,0.95,20864300000.0,,20864300000.0,22129310298.0,10.0,9.321,382700000.0,1.152,1.0,874200000.0,1.0,28370700000.0,29000000.0,11549100000.0,,0.0,7724100000.0,7724100000.0,0.0,17953800000.0,7922300000.0,10031500000.0,16475310298.0,135700000.0,0.0,-154400000.0,0.0,-93100000.0,-247200000.0,-40800000.0,200000.0,423700000.0,0.0,316100000.0,316100000.0,316100000.0,0.0,-1100000.0,0.362,302100000.0,572100000.0,40700000.0,0.295,0.79,13.049,13.03,813800000.0,0.0,49.28,4.981,4.951,369500000.0,3671600000.0,874200000.0,874200000.0,0.0,,,,,12800000.0,182500000.0,1.0,334320420.0,332289000,333337000.0,2.631,10516900000.0,0.0,230900000.0,7735200000.0,31.65,1169000000.0
40,CME,MRQ,2011-06-30,2011-06-30,2011-06-30,2021-08-05,208300000.0,35589200000.0,,5555100000.0,30034100000.0,,62.621,-47000000.0,693600000.0,693600000.0,0.0,295600000.0,1.228,0.699,6347600000.0,4241800000.0,2105800000.0,6347600000.0,0.0,64700000.0,0.0,0.017,0.28,536100000.0,600800000.0,0.717,600800000.0,536100000.0,507400000.0,0.88,0.88,0.88,20902500000.0,,20902500000.0,24318703270.0,12.0,10.809,167000000.0,0.5,1.0,838300000.0,1.0,28405000000.0,28700000.0,8315500000.0,,0.0,4296800000.0,4296800000.0,0.0,14616100000.0,4522700000.0,10093400000.0,19554203270.0,28900000.0,18000000.0,-64000000.0,0.0,-93900000.0,-156500000.0,-28600000.0,300000.0,214000000.0,0.0,293700000.0,293700000.0,293700000.0,0.0,1900000.0,0.35,303800000.0,534500000.0,39700000.0,0.318,0.935,16.421,16.354,812800000.0,0.0,58.318,6.175,6.148,385800000.0,3448600000.0,838300000.0,838300000.0,0.0,,,,,12700000.0,177600000.0,1.0,335303050.0,333794000,334871000.0,2.511,7184200000.0,0.0,213700000.0,7786500000.0,21.523,1032400000.0
41,CME,MRQ,2011-03-31,2011-03-31,2011-03-31,2021-08-05,244900000.0,34709000000.0,,4587600000.0,30121400000.0,,62.185,-41400000.0,664700000.0,664700000.0,0.0,457100000.0,1.225,0.666,5429200000.0,3323900000.0,2105300000.0,5429200000.0,0.0,64200000.0,0.0,0.016,0.28,541200000.0,605400000.0,0.728,605400000.0,541200000.0,511100000.0,1.366,1.362,1.366,20787500000.0,,20787500000.0,25927734966.0,13.0,11.618,320700000.0,0.959,1.0,831600000.0,1.0,28446100000.0,30100000.0,7283300000.0,,0.0,3378500000.0,3378500000.0,0.0,13852900000.0,3744100000.0,10108800000.0,20219134966.0,-190500000.0,0.0,3200000.0,-420500000.0,-93600000.0,-511000000.0,-41600000.0,400000.0,362100000.0,0.0,456600000.0,456600000.0,456600000.0,0.0,500000.0,0.549,307500000.0,524100000.0,58400000.0,0.205,0.973,17.314,17.173,797000000.0,0.0,60.31,6.435,6.416,394000000.0,3248800000.0,831600000.0,831600000.0,0.0,,,,,12000000.0,186400000.0,1.0,335253440.0,334285000,335310000.0,2.488,6262900000.0,0.0,54500000.0,7811100000.0,18.735,843500000.0
42,CME,MRQ,2010-12-31,2010-12-31,2010-12-31,2021-08-05,-104100000.0,35046100000.0,,5387500000.0,29658600000.0,,60.043,-62300000.0,855200000.0,855200000.0,0.0,196400000.0,1.127,0.744,6563800000.0,4459000000.0,2104800000.0,6563800000.0,0.0,64400000.0,0.0,0.014,0.23,462100000.0,526500000.0,0.69,526500000.0,462100000.0,427000000.0,0.586,0.582,0.586,20060100000.0,,20060100000.0,26514504436.0,14.0,12.51,334300000.0,1.001,1.0,763200000.0,1.0,28477400000.0,35100000.0,7496100000.0,,0.0,4088700000.0,4088700000.0,0.0,14917900000.0,4781200000.0,10136700000.0,21561404436.0,287000000.0,-25000000.0,6000000.0,0.0,-77000000.0,-66700000.0,-42900000.0,47600000.0,396600000.0,0.0,196200000.0,196200000.0,196200000.0,0.0,200000.0,0.257,304800000.0,458400000.0,51800000.0,0.392,1.075,22.663,22.422,786800000.0,0.0,64.35,7.178,7.102,297500000.0,2885800000.0,763200000.0,763200000.0,0.0,,,,,13000000.0,184400000.0,1.0,335064560.0,334097000,335100000.0,2.284,6568700000.0,0.0,230800000.0,7840400000.0,19.661,606300000.0
43,CME,MRQ,2010-09-30,2010-09-30,2010-09-30,2021-08-05,-124800000.0,33686500000.0,,4049200000.0,29637300000.0,,59.802,-43900000.0,568200000.0,568200000.0,0.0,244300000.0,1.104,0.689,5521300000.0,3416900000.0,2104400000.0,5521300000.0,0.0,65500000.0,0.0,0.018,0.23,451600000.0,517100000.0,0.705,517100000.0,451600000.0,415700000.0,0.734,0.732,0.734,19900800000.0,,19900800000.0,23726012409.0,13.0,11.61,270000000.0,0.811,1.0,733400000.0,1.0,28469500000.0,35900000.0,6503900000.0,,0.0,3040700000.0,3040700000.0,0.0,13717900000.0,3666200000.0,10051700000.0,17506412409.0,204600000.0,-17400000.0,329700000.0,-300000000.0,-76800000.0,-48300000.0,-61000000.0,300000.0,313900000.0,0.0,244300000.0,244300000.0,244300000.0,0.0,0.0,0.333,290500000.0,442900000.0,43800000.0,0.313,0.88,18.278,17.987,740600000.0,0.0,52.09,6.02,5.961,333400000.0,2766800000.0,733400000.0,733400000.0,0.0,,,,,9000000.0,166800000.0,1.0,336080100.0,332780000,333720000.0,2.204,5217000000.0,0.0,171400000.0,7769900000.0,15.677,383000000.0
44,CME,MRQ,2010-06-30,2010-06-30,2010-06-30,2021-08-05,-136800000.0,34258900000.0,,4602000000.0,29656900000.0,,59.112,-27500000.0,363600000.0,363600000.0,0.0,271200000.0,1.062,0.764,6583200000.0,4058800000.0,2524400000.0,6583200000.0,0.0,65100000.0,0.0,0.016,0.23,517500000.0,582600000.0,0.716,582600000.0,517500000.0,479600000.0,0.826,0.822,0.826,19383500000.0,,19383500000.0,25683734025.0,15.0,12.989,265900000.0,0.811,1.0,813900000.0,1.0,28502800000.0,37900000.0,7641400000.0,,0.0,3803800000.0,3803800000.0,0.0,14807500000.0,4334300000.0,10473200000.0,18494134025.0,-80600000.0,-700000.0,-11600000.0,-300300000.0,-75600000.0,-386100000.0,12100000.0,600000.0,293400000.0,0.0,270700000.0,270700000.0,270700000.0,0.0,500000.0,0.333,298800000.0,515100000.0,37600000.0,0.278,0.954,20.195,20.314,729500000.0,0.0,56.31,6.547,6.536,330800000.0,2599300000.0,813900000.0,813900000.0,0.0,,,,,9600000.0,160400000.0,1.0,328434275.0,327910000,328920000.0,2.482,5756100000.0,0.0,208900000.0,7775900000.0,17.554,267700000.0
45,CME,MRQ,2010-03-31,2010-03-31,2010-03-31,2021-08-05,-133800000.0,35202400000.0,,5483000000.0,29719400000.0,,57.945,-26300000.0,444200000.0,444200000.0,0.0,240200000.0,1.062,0.831,7633800000.0,4810000000.0,2823800000.0,7633800000.0,0.0,63000000.0,0.0,0.015,0.23,430300000.0,493300000.0,0.712,493300000.0,430300000.0,398900000.0,0.726,0.724,0.726,19189700000.0,,19189700000.0,29102909856.0,18.0,15.623,329400000.0,0.995,1.0,693200000.0,1.0,28551600000.0,31400000.0,8676500000.0,,0.0,4556400000.0,4556400000.0,0.0,15945400000.0,5163900000.0,10781500000.0,21067109856.0,183600000.0,6100000.0,-279700000.0,808400000.0,-75900000.0,-152300000.0,-19800000.0,400000.0,355700000.0,0.0,240200000.0,240200000.0,240200000.0,0.0,0.0,0.347,278500000.0,414700000.0,36300000.0,0.317,1.098,24.302,24.186,734700000.0,0.0,63.222,7.923,7.874,316900000.0,2404200000.0,693200000.0,693200000.0,0.0,,,,,9300000.0,161200000.0,1.0,333224350.0,331170000,332140000.0,2.093,6650800000.0,0.0,158700000.0,7787400000.0,20.083,319100000.0
46,CME,MRQ,2009-12-31,2009-12-31,2009-12-31,2021-08-05,-126200000.0,35651000000.0,,6699000000.0,28952000000.0,,58.094,-45000000.0,260600000.0,260600000.0,0.0,202600000.0,1.027,0.847,8296400000.0,6281700000.0,2014700000.0,8296400000.0,0.0,63500000.0,0.0,0.014,0.23,387000000.0,450500000.0,0.675,450500000.0,387000000.0,356300000.0,0.61,0.608,0.61,19301000000.0,,19301000000.0,31507881825.0,20.0,17.285,300300000.0,0.904,1.0,667500000.0,1.0,27777700000.0,30700000.0,9385500000.0,,0.0,6024500000.0,6024500000.0,0.0,16350000000.0,6523600000.0,9826400000.0,22348181825.0,56500000.0,-300000.0,3600000.0,-224800000.0,-76600000.0,-294200000.0,5400000.0,50700000.0,345300000.0,0.0,202600000.0,202600000.0,202600000.0,0.0,0.0,0.304,265000000.0,402500000.0,46700000.0,0.377,1.158,27.062,27.006,738500000.0,0.0,67.192,8.553,8.533,248300000.0,2239900000.0,667500000.0,667500000.0,0.0,,,,,8600000.0,145400000.0,1.0,332601825.0,332235000,333250000.0,2.009,7873300000.0,0.0,153700000.0,7645900000.0,23.698,175400000.0
47,CME,MRQ,2009-09-30,2009-09-30,2009-09-30,2021-08-05,-128700000.0,36519600000.0,,7506200000.0,29013400000.0,,57.635,-33900000.0,204100000.0,204100000.0,0.0,202300000.0,1.026,0.909,9363800000.0,7124500000.0,2239300000.0,9363800000.0,0.0,63000000.0,0.0,0.015,0.23,387900000.0,450900000.0,0.693,450900000.0,387900000.0,355800000.0,0.61,0.608,0.61,19130300000.0,,19130300000.0,31550451114.0,24.0,19.864,265500000.0,0.8,1.0,650400000.0,1.0,27808400000.0,32100000.0,10552500000.0,,0.0,6918500000.0,6918500000.0,0.0,17389300000.0,7318400000.0,10070900000.0,20471651114.0,-244600000.0,100000.0,2400000.0,-450200000.0,-76400000.0,-525500000.0,-18500000.0,15300000.0,299400000.0,0.0,202300000.0,202300000.0,202300000.0,0.0,0.0,0.311,249000000.0,401400000.0,36100000.0,0.377,1.07,29.873,31.099,726900000.0,0.0,61.638,7.763,7.758,264000000.0,2113900000.0,650400000.0,650400000.0,0.0,,,,,7900000.0,137900000.0,1.0,332127115.0,331920000,332865000.0,1.96,8711200000.0,0.0,153500000.0,7669900000.0,26.245,187800000.0
48,CME,MRQ,2009-06-30,2009-06-30,2009-06-30,2021-08-05,-143900000.0,38531200000.0,,9512400000.0,29018800000.0,,57.234,-43700000.0,448700000.0,448700000.0,0.0,221800000.0,1.056,1.03,11527500000.0,8788900000.0,2738600000.0,11527500000.0,0.0,60600000.0,0.0,0.031,0.23,407500000.0,468100000.0,0.723,468100000.0,407500000.0,374900000.0,0.668,0.666,0.668,18981300000.0,,18981300000.0,33170304041.0,24.0,20.545,140000000.0,0.422,1.0,647800000.0,1.0,27814000000.0,32600000.0,12789300000.0,,0.0,8644300000.0,8644300000.0,0.0,19549900000.0,9006700000.0,10543200000.0,20645804041.0,109500000.0,-900000.0,12000000.0,-111000000.0,-76300000.0,-331100000.0,256900000.0,301500000.0,183700000.0,0.0,221800000.0,221800000.0,221800000.0,0.0,0.0,0.342,249000000.0,398800000.0,38500000.0,0.344,1.088,31.68,32.14,725300000.0,0.0,62.224,7.739,7.736,282400000.0,1988000000.0,647800000.0,647800000.0,0.0,,,,,8300000.0,143700000.0,1.0,331798085.0,331645000,332630000.0,1.953,10717200000.0,0.0,153100000.0,7662300000.0,32.315,505700000.0
49,CME,MRQ,2009-03-31,2009-03-31,2009-03-31,2021-08-05,-157000000.0,39915500000.0,,10900900000.0,29014600000.0,,56.707,-35300000.0,339200000.0,339200000.0,0.0,199100000.0,1.041,1.123,12863700000.0,10015500000.0,2848200000.0,12863700000.0,0.0,64300000.0,0.0,0.039,0.23,389000000.0,453300000.0,0.701,453300000.0,389000000.0,350500000.0,0.6,0.6,0.6,18799100000.0,,18799100000.0,36917827105.0,29.0,24.07,219400000.0,0.662,1.0,647100000.0,1.0,27834300000.0,38500000.0,14131100000.0,,0.0,10014100000.0,10014100000.0,0.0,21116400000.0,10474600000.0,10641800000.0,16346280105.0,41300000.0,-2000000.0,-24600000.0,-114100000.0,-76300000.0,-514400000.0,301000000.0,338300000.0,254700000.0,0.0,199100000.0,199100000.0,199100000.0,0.0,0.0,0.308,260700000.0,386400000.0,203600000.0,0.383,0.87,25.901,24.565,711400000.0,0.0,49.278,6.328,6.324,279500000.0,1842500000.0,647100000.0,647100000.0,0.0,,,,,8600000.0,146000000.0,1.0,331715575.0,331510000,332195000.0,1.952,12081200000.0,0.0,151400000.0,7660500000.0,36.443,426300000.0
50,CME,MRQ,2008-12-31,2008-12-31,2008-12-31,2021-08-05,-160300000.0,48158700000.0,,19111500000.0,29047200000.0,,55.962,-80700000.0,297900000.0,297900000.0,0.0,62100000.0,1.025,1.577,20869500000.0,17903400000.0,2966100000.0,20869500000.0,0.0,69900000.0,0.0,0.046,0.23,146100000.0,216000000.0,0.312,216000000.0,146100000.0,111200000.0,0.104,0.104,0.104,18688600000.0,,18688600000.0,23780126263.0,18.0,15.437,253800000.0,0.76,1.0,691800000.0,1.0,27870600000.0,34900000.0,22216700000.0,,0.0,17963600000.0,17963600000.0,0.0,29470100000.0,18643000000.0,10827100000.0,13939630263.0,-284500000.0,-2900000.0,-201400000.0,293300000.0,-412500000.0,-315300000.0,-303700000.0,-186700000.0,334500000.0,0.0,62100000.0,62100000.0,62100000.0,0.0,0.0,0.09,273900000.0,417900000.0,527800000.0,2.212,0.746,19.482,17.086,707200000.0,0.0,41.622,5.443,4.773,234000000.0,1719700000.0,691800000.0,691800000.0,0.0,,,,,9600000.0,149000000.0,1.0,334910150.0,333950000,334810000.0,2.072,20288100000.0,0.0,49100000.0,7728300000.0,60.752,468500000.0
51,CME,MRQ,2008-09-30,2008-09-30,2008-09-30,2021-08-05,-20486000.0,39255052000.0,,9558334000.0,29696718000.0,,63.567,-42100000.0,582421000.0,582421000.0,0.0,168700000.0,0.995,1.063,10422917000.0,8010100000.0,2412817000.0,10422917000.0,0.0,63200000.0,0.0,0.025,1.23,413900000.0,477100000.0,0.701,477100000.0,413900000.0,396000000.0,0.564,0.562,0.564,19028760000.0,,19028760000.0,20335854262.0,14.0,11.867,315900000.0,1.055,1.0,680900000.0,1.0,28167380000.0,17900000.0,11319544000.0,,0.0,7633719000.0,7633719000.0,0.0,20226292000.0,9608624000.0,10617668000.0,20267000262.0,-485200000.0,-2773000000.0,-7200000.0,2634700000.0,-77400000.0,2433500000.0,-3276700000.0,154300000.0,358000000.0,0.0,168700000.0,168700000.0,168700000.0,0.0,0.0,0.248,260200000.0,420700000.0,1000203000.0,2.181,1.065,23.72,23.876,660795000.0,0.0,74.302,8.449,9.273,339941000.0,1734404000.0,680900000.0,680900000.0,0.0,,,,,14200000.0,132300000.0,1.0,272765205.0,299350000,300430000.0,2.275,11087672000.0,0.0,227300000.0,8090348000.0,37.039,-50290000.0
52,CME,MRQ,2008-06-30,2008-06-30,2008-06-30,2021-08-05,-2349000.0,18562632000.0,,2500892000.0,16061740000.0,,48.911,-43900000.0,1067644000.0,1067644000.0,0.0,201200000.0,1.857,0.393,1136498000.0,1136498000.0,0.0,1136498000.0,0.0,52400000.0,0.0,0.01,0.23,335000000.0,387400000.0,0.688,387400000.0,335000000.0,333600000.0,0.738,0.734,0.738,13328369000.0,,13328369000.0,21598051414.0,15.0,13.323,83900000.0,0.308,1.0,563200000.0,1.0,14899501000.0,1400000.0,2385215000.0,,0.0,1110044000.0,1110044000.0,0.0,5234263000.0,1346770000.0,3887493000.0,20889430414.0,1200000.0,-27100000.0,2300000.0,0.0,-62700000.0,-58500000.0,-68100000.0,16500000.0,127800000.0,0.0,201200000.0,201200000.0,201200000.0,0.0,0.0,0.357,219500000.0,343700000.0,63198000.0,0.312,1.567,23.543,23.028,389828000.0,0.0,76.638,9.15,9.147,237346000.0,1978779000.0,563200000.0,563200000.0,0.0,,,,,6900000.0,114400000.0,1.0,272572750.0,272500000,273760000.0,2.067,3663131000.0,0.0,132400000.0,3809926000.0,13.443,1154122000.0
53,CME,MRQ,2008-03-31,2008-03-31,2008-03-31,2021-08-05,-2468000.0,19237903000.0,,3182129000.0,16055774000.0,,49.029,-33400000.0,1066356000.0,1066356000.0,0.0,283500000.0,1.456,0.46,1774977000.0,1774977000.0,0.0,1774977000.0,0.0,50500000.0,0.0,0.008,0.23,409500000.0,460000000.0,0.736,460000000.0,409500000.0,407200000.0,1.056,1.05,1.056,13176830000.0,,13176830000.0,25163136565.0,19.0,17.192,343500000.0,1.278,1.0,625100000.0,1.0,14902176000.0,2300000.0,2859120000.0,,0.0,1765398000.0,1765398000.0,0.0,6061073000.0,2185228000.0,3875845000.0,25010991565.0,221100000.0,-71200000.0,2800000.0,1300000.0,-62600000.0,-55200000.0,-100600000.0,4000000.0,376900000.0,0.0,283500000.0,283500000.0,283500000.0,0.0,0.0,0.454,225200000.0,399900000.0,51804000.0,0.218,1.898,30.803,28.327,379269000.0,0.0,93.82,12.207,12.307,251981000.0,1840301000.0,625100000.0,625100000.0,0.0,,,,,6900000.0,116400000.0,1.0,266584860.0,268755000,270140000.0,2.326,4335727000.0,0.0,123700000.0,3805598000.0,16.133,996901000.0
54,CME,MRQ,2007-12-31,2007-12-31,2007-12-31,2021-08-05,-3102000.0,20306197000.0,,4987055000.0,15319142000.0,,56.249,-73707000.0,845312000.0,845312000.0,0.0,201025000.0,1.223,0.65,997457000.0,997457000.0,0.0,997457000.0,0.0,50347000.0,0.0,0.005,0.172,338846000.0,389193000.0,0.735,389193000.0,338846000.0,336690000.0,0.754,0.75,0.754,12305637000.0,,12305637000.0,36706070796.0,33.0,29.626,169131000.0,0.773,1.0,529538000.0,1.0,14833000000.0,2156000.0,1549279000.0,,0.0,1036330000.0,1036330000.0,0.0,8000560000.0,4076063000.0,3924497000.0,36524619796.0,168270000.0,-4676000.0,14586000.0,-1247000.0,-45851000.0,-11382000.0,-63186000.0,18521000.0,242838000.0,0.0,201025000.0,201025000.0,201025000.0,0.0,0.0,0.38,216199000.0,313339000.0,2920991000.0,0.228,2.968,55.466,45.581,377452000.0,0.0,137.2,20.799,17.092,187487000.0,1619440000.0,529538000.0,529538000.0,0.0,,,,,7320000.0,112308000.0,1.0,266214430.0,218770000,220535000.0,2.421,5473197000.0,0.0,135665000.0,3848240000.0,25.018,910992000.0
55,CME,MRQ,2007-09-30,2007-09-30,2007-09-30,2021-08-05,-2203000.0,19646494000.0,,4402136000.0,15244358000.0,,46.809,-39922000.0,677034000.0,677034000.0,0.0,201572000.0,1.207,0.622,858485000.0,858485000.0,0.0,858485000.0,0.0,48836000.0,0.0,0.005,0.172,335740000.0,384576000.0,0.68,384576000.0,335740000.0,334320000.0,0.78,0.774,0.78,12111395000.0,,12111395000.0,31966174774.0,34.0,30.729,270848000.0,1.047,1.0,565222000.0,1.0,14790397000.0,1420000.0,1390079000.0,,0.0,914326000.0,914326000.0,0.0,7535099000.0,3647469000.0,3887630000.0,32166518774.0,-497913000.0,114729000.0,-930394000.0,164147000.0,-45732000.0,-807223000.0,-1460000.0,-14968000.0,310770000.0,0.0,201572000.0,201572000.0,201572000.0,0.0,0.0,0.357,219847000.0,345375000.0,2596471000.0,0.221,2.656,57.432,41.392,347910000.0,0.0,117.47,21.332,20.157,198853000.0,1464215000.0,565222000.0,565222000.0,0.0,,,,,7189000.0,117023000.0,1.0,273827520.0,258740000,260515000.0,2.185,4856097000.0,0.0,132748000.0,3796699000.0,18.768,754667000.0
56,CME,MRQ,2007-06-30,2007-06-30,2007-06-30,2021-08-05,-3216000.0,5303733000.0,,4989925000.0,313808000.0,,9.981,-33804000.0,1174947000.0,1174947000.0,0.0,125875000.0,1.421,2.047,974603000.0,974603000.0,0.0,974603000.0,0.0,20428000.0,0.0,0.006,0.172,209457000.0,229885000.0,0.699,229885000.0,209457000.0,209433000.0,0.722,0.714,0.722,1740756000.0,,1740756000.0,18428282209.0,24.0,21.803,49231000.0,0.282,1.0,329009000.0,1.0,0.0,24000.0,1590632000.0,,0.0,1177762000.0,1177762000.0,0.0,3562977000.0,3512757000.0,50220000.0,18641500209.0,35154000.0,-2844000.0,5007000.0,0.0,-30022000.0,-17984000.0,-29897000.0,18429000.0,83035000.0,0.0,125875000.0,125875000.0,125875000.0,0.0,0.0,0.383,136765000.0,192244000.0,2461675000.0,0.238,10.709,40.323,40.238,179453000.0,0.0,106.872,15.313,15.311,158301000.0,1308375000.0,329009000.0,329009000.0,0.0,,,,,5289000.0,84483000.0,1.0,174428290.0,174410000,176210000.0,1.886,5303733000.0,0.0,83558000.0,0.0,30.41,1477168000.0
57,CME,MRQ,2007-03-31,2007-03-31,2007-03-31,2021-08-05,-3793000.0,4886519000.0,,4602066000.0,284453000.0,,9.33,-16267000.0,1139793000.0,1139793000.0,0.0,130028000.0,1.428,2.006,926575000.0,926575000.0,0.0,926575000.0,0.0,19989000.0,0.0,0.005,0.172,215357000.0,235346000.0,0.708,235346000.0,215357000.0,215357000.0,0.746,0.738,0.746,1625792000.0,,1625792000.0,18106311750.0,25.0,22.269,161490000.0,0.927,1.0,332331000.0,1.0,0.0,0.0,1451614000.0,,0.0,1145857000.0,1145857000.0,0.0,3260727000.0,3221687000.0,39040000.0,18554635750.0,170289000.0,-13209000.0,1901000.0,0.0,-29995000.0,-23311000.0,15843000.0,52718000.0,177757000.0,0.0,130028000.0,130028000.0,130028000.0,0.0,0.0,0.391,131724000.0,200607000.0,2143406000.0,0.231,11.413,41.606,41.501,165506000.0,0.0,106.492,15.851,15.853,162081000.0,1212522000.0,332331000.0,332331000.0,0.0,,,,,4902000.0,81686000.0,1.0,174235020.0,174255000,176145000.0,1.907,4886519000.0,0.0,85329000.0,0.0,28.042,1380379000.0
58,CME,MRQ,2006-12-31,2006-12-31,2006-12-31,2021-08-05,-2979000.0,4306505000.0,,4049050000.0,257455000.0,,8.727,-29688000.0,969504000.0,969504000.0,0.0,102602000.0,1.47,1.835,521180000.0,521180000.0,0.0,521180000.0,0.0,19660000.0,0.0,0.005,0.126,170804000.0,190464000.0,0.677,190464000.0,170804000.0,170748000.0,0.59,0.584,0.59,1519092000.0,,1519092000.0,17468081261.0,26.0,23.418,98250000.0,0.564,1.0,281316000.0,1.0,24272000.0,56000.0,1078555000.0,,0.0,790696000.0,790696000.0,0.0,2787413000.0,2755354000.0,32059000.0,17746659261.0,100880000.0,-1117000.0,3975000.0,0.0,-21958000.0,-8466000.0,-18592000.0,18928000.0,127938000.0,0.0,102602000.0,102602000.0,102602000.0,0.0,0.0,0.365,122620000.0,158696000.0,2155708000.0,0.214,11.682,43.566,43.42,168755000.0,0.0,101.95,16.282,16.227,121128000.0,1116209000.0,281316000.0,281316000.0,0.0,,,,,5203000.0,77211000.0,1.0,174072185.0,174065000,176010000.0,1.616,4282233000.0,0.0,68146000.0,0.0,24.601,1293696000.0
59,CME,MRQ,2006-09-30,2006-09-30,2006-09-30,2021-08-05,-2087000.0,3495621000.0,,3248346000.0,247275000.0,,8.179,-18644000.0,868624000.0,868624000.0,0.0,103800000.0,1.587,1.46,590046000.0,590046000.0,0.0,590046000.0,0.0,18933000.0,0.0,0.005,0.126,170589000.0,189522000.0,0.69,189522000.0,170589000.0,170514000.0,0.598,0.59,0.598,1421085000.0,,1421085000.0,16379006619.0,26.0,23.451,130086000.0,0.749,1.0,274705000.0,1.0,0.0,75000.0,1170353000.0,,0.0,858976000.0,858976000.0,0.0,2074536000.0,2046690000.0,27846000.0,16623538619.0,86479000.0,-32024000.0,5394000.0,0.0,-21920000.0,-841000.0,-61410000.0,-10742000.0,148730000.0,0.0,103800000.0,103800000.0,103800000.0,0.0,0.0,0.378,117668000.0,157037000.0,1382756000.0,0.211,11.698,43.628,43.477,158068000.0,0.0,95.65,16.121,16.116,125995000.0,1035565000.0,274705000.0,274705000.0,0.0,,,,,4971000.0,72422000.0,1.0,173795490.0,173745000,175765000.0,1.581,3495621000.0,0.0,66714000.0,0.0,20.119,1201656000.0
60,CME,MRQ,2006-06-30,2006-06-30,2006-06-30,2021-08-05,-3184000.0,3452164000.0,,3240130000.0,212034000.0,,7.574,-22858000.0,782145000.0,782145000.0,0.0,109533000.0,1.533,1.632,537613000.0,537613000.0,0.0,537613000.0,0.0,17861000.0,0.0,0.004,0.126,179894000.0,197755000.0,0.701,197755000.0,179894000.0,179894000.0,0.632,0.624,0.632,1311842000.0,,1311842000.0,16885625564.0,29.0,25.793,56351000.0,0.325,1.0,282209000.0,1.0,0.0,0.0,1093463000.0,,0.0,793850000.0,793850000.0,0.0,2140322000.0,2114169000.0,26153000.0,17015735564.0,66463000.0,-622000.0,5287000.0,0.0,-21845000.0,-7320000.0,-5426000.0,18054000.0,79209000.0,0.0,109533000.0,109533000.0,109533000.0,0.0,0.0,0.388,115413000.0,166796000.0,1510637000.0,0.199,12.971,47.973,47.87,157824000.0,0.0,98.23,17.325,17.322,128687000.0,953685000.0,282209000.0,282209000.0,0.0,,,,,3737000.0,83761000.0,1.0,173223410.0,173195000,175480000.0,1.629,3452164000.0,0.0,70361000.0,0.0,19.932,1125961000.0
61,CME,MRQ,2006-03-31,2006-03-31,2006-03-31,2021-08-05,-3202000.0,4391026000.0,,4188184000.0,202842000.0,,6.97,-16620000.0,715682000.0,715682000.0,0.0,91413000.0,1.324,2.643,585572000.0,585572000.0,0.0,585572000.0,0.0,17596000.0,0.0,0.004,0.126,150501000.0,168097000.0,0.668,168097000.0,150501000.0,150501000.0,0.528,0.522,0.528,1205179000.0,,1205179000.0,15463093228.0,29.0,25.377,99199000.0,0.574,1.0,251717000.0,1.0,0.0,0.0,1097875000.0,,0.0,859958000.0,859958000.0,0.0,3185847000.0,3163041000.0,22806000.0,15481857228.0,104791000.0,-1559000.0,1776000.0,0.0,-21814000.0,-10596000.0,-432000.0,17747000.0,115819000.0,0.0,91413000.0,91413000.0,91413000.0,0.0,0.0,0.363,112875000.0,138842000.0,2479446000.0,0.239,12.846,47.289,47.105,152560000.0,0.0,89.5,16.486,16.479,115984000.0,865997000.0,251717000.0,251717000.0,0.0,,,,,3446000.0,82092000.0,1.0,172981645.0,172905000,175220000.0,1.456,4391026000.0,0.0,59088000.0,0.0,25.396,1025143000.0
62,CME,MRQ,2005-12-31,2005-12-31,2005-12-31,2021-08-05,-2907000.0,3969394000.0,,3783422000.0,185972000.0,,6.49,-23317000.0,610891000.0,610891000.0,0.0,76280000.0,1.337,2.548,592127000.0,592127000.0,0.0,592127000.0,0.0,17001000.0,0.0,0.005,0.092,126061000.0,143062000.0,0.643,143062000.0,126061000.0,125742000.0,0.442,0.436,0.442,1118684000.0,,1118684000.0,12620442671.0,25.0,21.974,77280000.0,0.448,1.0,222541000.0,1.0,0.0,319000.0,1120703000.0,,0.0,884989000.0,884989000.0,0.0,2850710000.0,2829927000.0,20783000.0,12669539671.0,25226000.0,-387000.0,-2026000.0,0.0,-15882000.0,-463000.0,-74908000.0,-51204000.0,100597000.0,0.0,76280000.0,76280000.0,76280000.0,0.0,0.0,0.343,106835000.0,115706000.0,2184446000.0,0.208,11.325,41.288,41.106,153329000.0,0.0,73.498,14.239,14.173,84974000.0,796398000.0,222541000.0,222541000.0,0.0,,,,,4160000.0,35501000.0,1.0,172379380.0,172370000,174885000.0,1.291,3969394000.0,0.0,49462000.0,0.0,23.028,953495000.0
63,CME,MRQ,2005-09-30,2005-09-30,2005-09-30,2021-08-05,-2861000.0,2949941000.0,,2774759000.0,175182000.0,,6.046,-19196000.0,585665000.0,585665000.0,0.0,77466000.0,1.467,1.839,536568000.0,536568000.0,0.0,536568000.0,0.0,17442000.0,0.0,0.005,0.092,128291000.0,145733000.0,0.646,145733000.0,128291000.0,128291000.0,0.45,0.444,0.45,1039071000.0,,1039071000.0,11537593477.0,24.0,21.386,69955000.0,0.407,1.0,225706000.0,1.0,0.0,0.0,1009313000.0,,0.0,838194000.0,838194000.0,0.0,1910870000.0,1891531000.0,19339000.0,11591227477.0,86697000.0,-372000.0,3697000.0,0.0,-15842000.0,-1795000.0,-659000.0,18909000.0,89151000.0,0.0,77466000.0,77466000.0,77466000.0,0.0,0.0,0.343,106020000.0,119686000.0,1299723000.0,0.204,11.155,40.337,40.203,144865000.0,0.0,67.46,13.56,13.562,107188000.0,736000000.0,225706000.0,225706000.0,0.0,,,,,3680000.0,76338000.0,1.0,171823710.0,171850000,174455000.0,1.313,2949941000.0,0.0,50825000.0,0.0,17.166,883228000.0
64,CME,MRQ,2005-06-30,2005-06-30,2005-06-30,2021-08-05,-2151000.0,3397555000.0,,3226245000.0,171310000.0,,5.608,-27302000.0,498968000.0,498968000.0,0.0,82226000.0,1.335,2.538,445334000.0,445334000.0,0.0,445334000.0,0.0,16247000.0,0.0,0.005,0.092,136204000.0,152451000.0,0.638,152451000.0,136204000.0,136204000.0,0.48,0.472,0.48,960430000.0,,960430000.0,10247115782.0,23.0,20.199,54639000.0,0.319,1.0,239121000.0,1.0,0.0,0.0,926549000.0,,0.0,801729000.0,801729000.0,0.0,2437125000.0,2417372000.0,19753000.0,10122563782.0,68349000.0,-1058000.0,4166000.0,0.0,-15783000.0,-4003000.0,-9589000.0,18771000.0,81941000.0,0.0,82226000.0,82226000.0,82226000.0,0.0,0.0,0.344,102917000.0,136204000.0,1926530000.0,0.192,10.54,37.585,37.452,143247000.0,0.0,59.1,12.322,12.32,96875000.0,674376000.0,239121000.0,239121000.0,0.0,,,,,2741000.0,80618000.0,1.0,171278575.0,171255000,173860000.0,1.396,3397555000.0,0.0,53978000.0,0.0,19.839,808873000.0
65,CME,MRQ,2005-03-31,2005-03-31,2005-03-31,2021-08-05,-3230000.0,3284926000.0,,3125427000.0,159499000.0,,5.139,-15812000.0,430619000.0,430619000.0,0.0,70885000.0,1.31,2.742,555171000.0,555171000.0,0.0,555171000.0,0.0,14959000.0,0.0,0.006,0.092,118142000.0,133101000.0,0.621,133101000.0,118142000.0,118142000.0,0.414,0.408,0.414,877911000.0,,877911000.0,6550816569.0,16.0,14.11,60731000.0,0.356,1.0,214190000.0,1.0,0.0,0.0,1022879000.0,,0.0,935822000.0,935822000.0,0.0,2407015000.0,2386599000.0,20416000.0,6638459569.0,73057000.0,-57000.0,1492000.0,0.0,-15753000.0,-6309000.0,2823000.0,18692000.0,76543000.0,0.0,70885000.0,70885000.0,70885000.0,0.0,0.0,0.331,96048000.0,118142000.0,1759019000.0,0.222,7.562,27.164,26.911,132220000.0,0.0,38.806,8.628,8.616,98971000.0,607933000.0,214190000.0,214190000.0,0.0,,,,,2373000.0,75614000.0,1.0,171067865.0,170830000,173590000.0,1.254,3284926000.0,0.0,47257000.0,0.0,19.229,738828000.0
66,CME,MRQ,2004-12-31,2004-12-31,2004-12-31,2021-08-05,-1595000.0,2857466000.0,,2698200000.0,159266000.0,,4.772,-18528000.0,357562000.0,357562000.0,0.0,56784000.0,1.332,2.516,269919000.0,269919000.0,0.0,269919000.0,0.0,14108000.0,0.0,0.005,0.052,94091000.0,108199000.0,0.615,108199000.0,94091000.0,94091000.0,0.334,0.328,0.334,812597000.0,,812597000.0,9105286765.0,25.0,21.606,29901000.0,0.176,1.0,175792000.0,1.0,0.0,0.0,744200000.0,,0.0,659869000.0,659869000.0,0.0,2044869000.0,2025623000.0,19246000.0,7793169765.0,74783000.0,-5587000.0,3804000.0,-166000.0,-8861000.0,47759000.0,-21405000.0,-2108000.0,48429000.0,0.0,56784000.0,56784000.0,56784000.0,0.0,0.0,0.323,93936000.0,81856000.0,1693551000.0,0.156,9.59,35.495,34.916,131361000.0,0.0,45.74,10.801,10.632,78825000.0,552801000.0,175792000.0,175792000.0,0.0,,,,,-40826000.0,52772000.0,1.0,170379750.0,170290000,173270000.0,1.032,2857466000.0,0.0,37307000.0,0.0,16.78,672577000.0
67,CME,MRQ,2004-09-30,2004-09-30,2004-09-30,2021-08-05,-660000.0,4295720000.0,,4138305000.0,157415000.0,,4.418,-17195000.0,282779000.0,282779000.0,0.0,59428000.0,1.173,4.73,1594896000.0,1594896000.0,0.0,1594896000.0,0.0,13675000.0,0.0,0.006,0.052,99879000.0,113554000.0,0.59,113554000.0,99879000.0,99879000.0,0.35,0.344,0.35,749649000.0,,749649000.0,7286592285.0,23.0,19.354,102333000.0,0.603,1.0,192389000.0,1.0,0.0,0.0,2080202000.0,,0.0,2027083000.0,2027083000.0,0.0,3546071000.0,3527635000.0,18436000.0,5480880285.0,60435000.0,0.0,1099000.0,-401000.0,-8826000.0,-8128000.0,-50965000.0,-33717000.0,119528000.0,0.0,59428000.0,59428000.0,59428000.0,0.0,0.0,0.309,92510000.0,99879000.0,1875304000.0,0.149,7.311,28.491,27.955,127354000.0,0.0,32.26,8.079,8.069,83884000.0,504878000.0,192389000.0,192389000.0,0.0,,,,,3604000.0,72878000.0,1.0,169897095.0,169675000,172480000.0,1.134,4295720000.0,0.0,40451000.0,0.0,25.317,610670000.0
68,CME,MRQ,2004-06-30,2004-06-30,2004-06-30,2021-08-05,-2365000.0,3733367000.0,,3576058000.0,157309000.0,,4.166,-22755000.0,222344000.0,222344000.0,0.0,57283000.0,1.184,4.39,2028056000.0,2028056000.0,0.0,2028056000.0,0.0,13154000.0,0.0,0.006,0.052,96274000.0,109428000.0,0.585,109428000.0,96274000.0,96274000.0,0.344,0.332,0.344,692639000.0,,692639000.0,7390129181.0,27.0,22.452,44771000.0,0.269,1.0,187001000.0,1.0,0.0,0.0,2518625000.0,,0.0,2480718000.0,2480718000.0,0.0,3040728000.0,3020454000.0,20274000.0,4768535181.0,34358000.0,-900000.0,939000.0,-461000.0,-8801000.0,-8323000.0,-24845000.0,-1190000.0,67526000.0,0.0,57283000.0,57283000.0,57283000.0,0.0,0.0,0.306,90727000.0,96274000.0,942797000.0,0.151,6.885,29.016,28.99,123892000.0,0.0,28.874,7.679,7.731,81648000.0,454276000.0,187001000.0,187001000.0,0.0,,,,,43639000.0,71433000.0,1.0,165149795.0,166268780,172241285.0,1.125,3733367000.0,0.0,38991000.0,0.0,22.454,555604000.0
69,CME,MRQ,2004-03-31,2004-03-31,2004-03-31,2021-08-05,1097000.0,4983191000.0,,4833971000.0,149220000.0,,3.662,-9018000.0,187986000.0,187986000.0,0.0,46060000.0,1.109,7.263,2809580000.0,2809580000.0,0.0,2809580000.0,0.0,12832000.0,0.0,0.008,0.052,77412000.0,90244000.0,0.542,90244000.0,77412000.0,77412000.0,0.28,0.27,0.28,603041000.0,,603041000.0,5838693979.0,24.0,19.967,31323000.0,0.19,1.0,166372000.0,1.0,0.0,0.0,3245787000.0,,0.0,3255846000.0,3255846000.0,0.0,4380150000.0,4358998000.0,21152000.0,3191565979.0,2862000.0,0.0,207000.0,-487000.0,-8578000.0,-8858000.0,-28621000.0,-14838000.0,40341000.0,0.0,46060000.0,46060000.0,46060000.0,0.0,0.0,0.277,88960000.0,77412000.0,1483203000.0,0.186,5.292,22.465,22.342,114428000.0,0.0,19.348,5.537,5.527,78336000.0,405794000.0,166372000.0,166372000.0,0.0,,,,,1333000.0,70131000.0,1.0,164955860.0,164661770,170233920.0,1.01,4983191000.0,0.0,31352000.0,0.0,30.263,474973000.0
70,CME,MRQ,2003-12-31,2003-12-31,2003-12-31,2021-08-05,73000.0,4872636000.0,,4723379000.0,149257000.0,,3.426,-24909000.0,185124000.0,185124000.0,0.0,29601000.0,1.102,7.655,2832252000.0,2832252000.0,0.0,2832252000.0,0.0,13153000.0,0.0,0.009,0.042,50120000.0,63273000.0,0.477,63273000.0,50120000.0,50120000.0,0.18,0.174,0.18,562995000.0,,562995000.0,4014850452.0,19.0,15.493,27606000.0,0.168,1.0,132624000.0,1.0,0.0,0.0,3231789000.0,,0.0,3459294000.0,3459294000.0,0.0,4309641000.0,4287975000.0,21666000.0,2378509452.0,-206410000.0,-2128000.0,2450000.0,-641000.0,-6914000.0,-5105000.0,-253820000.0,-226783000.0,52515000.0,0.0,29601000.0,29601000.0,29601000.0,0.0,0.0,0.223,82504000.0,50120000.0,1399594000.0,0.233,4.225,19.475,19.348,118203000.0,0.0,14.472,4.437,4.413,52972000.0,368312000.0,132624000.0,132624000.0,0.0,,,,,719000.0,62605000.0,1.0,164352505.0,164334135,170335465.0,0.807,4872636000.0,0.0,20519000.0,0.0,29.651,435404000.0
71,CME,MRQ,2003-09-30,2003-09-30,2003-09-30,2021-08-05,0.0,3795607000.0,,3654617000.0,140990000.0,,3.281,-13114000.0,391534000.0,391534000.0,0.0,31397000.0,1.128,6.067,2027875000.0,2027710000.0,165000.0,2027875000.0,0.0,13331000.0,0.0,0.006,0.028,52881000.0,66212000.0,0.49,66212000.0,52881000.0,52881000.0,0.192,0.186,0.192,537066000.0,,537066000.0,3830962275.0,19.0,14.773,35033000.0,0.214,1.0,135010000.0,1.0,0.0,0.0,2191646000.0,,0.0,2396990000.0,2396990000.0,0.0,3258541000.0,3240302000.0,18239000.0,2254832275.0,-1301000.0,-2078000.0,2204000.0,-2233000.0,-4594000.0,-4623000.0,-44825000.0,-29633000.0,48147000.0,0.0,31397000.0,31397000.0,31397000.0,0.0,0.0,0.233,82129000.0,52881000.0,1157468000.0,0.146,4.198,18.177,17.644,106909000.0,0.0,13.762,4.313,4.309,58195000.0,345625000.0,135010000.0,135010000.0,0.0,,,,,3026000.0,63449000.0,1.0,163844810.0,163693370,169711575.0,0.825,3795607000.0,0.0,21484000.0,0.0,23.187,414315000.0
72,CME,MRQ,2003-06-30,2003-06-30,2003-06-30,2021-08-05,0.0,3640250000.0,,3496794000.0,143456000.0,,3.096,-14172000.0,392835000.0,392835000.0,0.0,35013000.0,1.123,6.208,1968965000.0,1968317000.0,648000.0,1968965000.0,0.0,13321000.0,0.0,0.004,0.028,59370000.0,72691000.0,0.511,72691000.0,59370000.0,59370000.0,0.214,0.206,0.214,505033000.0,,505033000.0,3728619108.0,19.0,15.307,38385000.0,0.235,1.0,142391000.0,1.0,0.0,0.0,2101222000.0,,0.0,1968317000.0,1968317000.0,0.0,3135217000.0,3115158000.0,20059000.0,2269942108.0,35881000.0,0.0,3198000.0,-1143000.0,-4559000.0,-2504000.0,-14172000.0,0.0,52557000.0,0.0,35013000.0,35013000.0,35013000.0,0.0,0.0,0.246,83021000.0,59370000.0,1087149000.0,0.131,4.495,19.645,18.668,107096000.0,0.0,13.926,4.425,4.428,69316000.0,318822000.0,142391000.0,142391000.0,0.0,,,,,3030000.0,64541000.0,1.0,163000295.0,163120075,169335000.0,0.873,3640250000.0,0.0,24357000.0,0.0,22.316,381636000.0
73,CME,MRQ,2003-03-31,2003-03-31,2003-03-31,2021-08-05,0.0,2386685000.0,,2246056000.0,140629000.0,,2.879,-10821000.0,356954000.0,356954000.0,0.0,26121000.0,1.183,4.096,1815631000.0,1814162000.0,1469000.0,1815631000.0,0.0,13211000.0,0.0,0.003,0.028,43754000.0,56965000.0,0.452,56965000.0,43754000.0,43754000.0,0.16,0.154,0.16,468351000.0,,468351000.0,3060751841.0,18.0,14.058,27109000.0,0.167,1.0,126016000.0,1.0,0.0,0.0,1946902000.0,,0.0,1814162000.0,1814162000.0,0.0,1918334000.0,1898460000.0,19874000.0,1569692841.0,17694000.0,-3413000.0,26000.0,-1465000.0,-4563000.0,-6002000.0,-14234000.0,0.0,37930000.0,0.0,26121000.0,26121000.0,26121000.0,0.0,0.0,0.207,82262000.0,43754000.0,27222000.0,0.175,3.352,15.461,14.204,107438000.0,0.0,9.63,3.283,3.277,63708000.0,288368000.0,126016000.0,126016000.0,0.0,,,,,628000.0,64622000.0,1.0,163000295.0,162672415,169317955.0,0.775,2386685000.0,0.0,17633000.0,0.0,14.672,347596000.0
74,CME,MRQ,2002-12-31,2002-12-31,2002-12-31,2021-08-05,0.0,3355016000.0,,3215131000.0,139885000.0,,2.987,-13812000.0,339260000.0,339260000.0,0.0,31519000.0,1.113,6.52,1830319000.0,1827991000.0,2328000.0,1830319000.0,0.0,13005000.0,0.0,0.0,0.0,50444000.0,63449000.0,0.531,63449000.0,50444000.0,50444000.0,0.214,0.204,0.214,446139000.0,,446139000.0,2987278255.0,19.0,14.735,25760000.0,0.172,1.0,119388000.0,1.0,0.0,0.0,1956581000.0,,0.0,1827991000.0,1827991000.0,0.0,2908877000.0,2889494000.0,19383000.0,1261177255.0,142096000.0,0.0,117460000.0,-1224000.0,0.0,116236000.0,-13712000.0,100000.0,39572000.0,0.0,31519000.0,31519000.0,31519000.0,0.0,0.0,0.264,68944000.0,50444000.0,1013107000.0,0.0,2.827,13.407,13.475,109563000.0,0.0,8.732,2.783,2.8,50865000.0,266810000.0,119388000.0,119388000.0,0.0,,,,,600000.0,58378000.0,1.0,144431660.0,149350325,155259285.0,0.799,3355016000.0,0.0,18925000.0,0.0,22.464,325637000.0
75,CME,MRQ,2002-09-30,2002-09-30,2002-09-30,2021-08-05,0.0,2863830000.0,,2723747000.0,140083000.0,,2.079,-9862000.0,197164000.0,197164000.0,0.0,22898000.0,1.071,8.56,1923265000.0,1920033000.0,3232000.0,1923265000.0,0.0,12353000.0,0.0,,0.0,38133000.0,50486000.0,0.403,50486000.0,38133000.0,38133000.0,0.158,0.154,0.158,299570000.0,,299570000.0,,,,44804000.0,0.311,1.0,125165000.0,1.0,0.0,0.0,2045938000.0,,0.0,1920133000.0,1920133000.0,0.0,2564260000.0,2543993000.0,20267000.0,,149058000.0,0.0,2000.0,-1288000.0,43000.0,-1243000.0,95635000.0,105497000.0,54666000.0,0.0,22898000.0,22898000.0,22898000.0,0.0,0.0,0.183,87032000.0,38133000.0,571088000.0,0.0,,,,108839000.0,0.0,,,,46691000.0,231542000.0,125165000.0,125165000.0,0.0,,,,,679000.0,56979000.0,1.0,144430310.0,144098895,148888245.0,0.869,2863830000.0,0.0,15235000.0,0.0,19.874,179754000.0
76,CME,MRQ,2002-06-30,2002-06-30,2002-06-30,2021-08-05,1116000.0,3092474000.0,,2955219000.0,137255000.0,,1.908,-20680000.0,48106000.0,48106000.0,0.0,20991000.0,1.055,10.256,1901196000.0,1896638000.0,4558000.0,1901196000.0,0.0,12337000.0,0.0,,0.0,34489000.0,46826000.0,0.435,46826000.0,34489000.0,34489000.0,0.146,0.142,0.146,274731000.0,,274731000.0,,,,7236000.0,0.05,1.0,107532000.0,1.0,0.0,0.0,2143728000.0,,0.0,2001605000.0,2001605000.0,0.0,2817743000.0,2801836000.0,15907000.0,,-17796000.0,0.0,0.0,-1657000.0,-17333000.0,-18990000.0,-26722000.0,-6042000.0,27916000.0,0.0,20991000.0,20991000.0,20991000.0,0.0,0.0,0.195,73043000.0,34489000.0,864680000.0,0.0,,,,111330000.0,0.0,,,,48601000.0,212145000.0,107532000.0,107532000.0,0.0,,,,,986000.0,55699000.0,1.0,144437810.0,144002115,148282145.0,0.747,3092474000.0,0.0,13498000.0,0.0,21.475,153383000.0
77,CME,MRQ,2002-03-31,2002-03-31,2002-03-31,2021-08-05,-106000.0,2086327000.0,,1958394000.0,127933000.0,,1.859,-11987000.0,65902000.0,65902000.0,0.0,18659000.0,1.087,6.799,1011200000.0,1005459000.0,5741000.0,1011200000.0,0.0,10814000.0,0.0,,0.0,31163000.0,41977000.0,0.415,41977000.0,31163000.0,31163000.0,0.13,0.126,0.13,267517000.0,,267517000.0,,,,6997000.0,0.049,1.0,101092000.0,1.0,0.0,0.0,1229291000.0,,0.0,1102226000.0,1102226000.0,0.0,1818810000.0,1802334000.0,16476000.0,,-3199000.0,-3071000.0,0.0,-1337000.0,0.0,-1337000.0,-20846000.0,-5788000.0,18984000.0,0.0,18659000.0,18659000.0,18659000.0,0.0,0.0,0.185,69929000.0,31163000.0,756334000.0,0.0,,,,102987000.0,0.0,,,,43395000.0,210536000.0,101092000.0,101092000.0,0.0,,,,,1546000.0,55686000.0,1.0,144437810.0,143873500,148781060.0,0.703,2086327000.0,0.0,12504000.0,0.0,14.501,156060000.0
78,CME,MRQ,2001-12-31,2001-12-31,2001-12-31,2021-08-05,277000.0,2066878000.0,,1946110000.0,120768000.0,,1.726,-8201000.0,69101000.0,69101000.0,0.0,20627000.0,1.08,7.322,861877000.0,855227000.0,6650000.0,861877000.0,0.0,10360000.0,0.0,,0.0,34791000.0,45151000.0,0.43,45151000.0,34791000.0,34791000.0,0.144,0.142,0.144,248366000.0,,248366000.0,,,,34941000.0,0.243,1.0,104956000.0,1.0,0.0,0.0,1057809000.0,,0.0,946797000.0,946797000.0,0.0,1818512000.0,1801845000.0,16667000.0,,12106000.0,-1316000.0,0.0,-1089000.0,0.0,-1089000.0,-29947000.0,-20430000.0,43142000.0,0.0,20627000.0,20627000.0,20627000.0,0.0,0.0,0.197,70165000.0,34791000.0,906389000.0,0.0,,,,100991000.0,0.0,,,,40986000.0,190033000.0,104956000.0,104956000.0,0.0,,,,,-405000.0,62454000.0,1.0,144437810.0,143873500,145997365.0,0.73,2066878000.0,0.0,14164000.0,0.0,14.366,144265000.0
79,CME,MRQ,2001-09-30,2001-09-30,2001-09-30,2021-08-05,,,,,,,,-7327000.0,,,0.0,17776000.0,,,,,,,,9245000.0,,,0.0,29942000.0,39187000.0,0.411,39187000.0,29942000.0,29942000.0,0.124,0.12,0.124,,,,,,,28529000.0,0.198,1.0,95329000.0,1.0,,0.0,,,,,,,,,,,19133000.0,0.0,0.0,-979000.0,0.0,-979000.0,-15744000.0,-8417000.0,35856000.0,0.0,17776000.0,17776000.0,17776000.0,0.0,0.0,0.186,65387000.0,29942000.0,,0.0,,,,,0.0,,,,,,95329000.0,95329000.0,0.0,,,,,-1224000.0,53331000.0,1.0,,143873500,146996245.0,0.663,,,12166000.0,,,
80,CME,MRQ,2001-06-30,2001-06-30,2001-06-30,2021-08-05,,,,,,,,-4356000.0,,,0.0,18764000.0,,,,,,,,9146000.0,,,0.0,31117000.0,40263000.0,0.425,40263000.0,31117000.0,31117000.0,0.13,0.128,0.13,,,,,,,13115000.0,0.091,1.0,94698000.0,1.0,,0.0,,,,,,,,,,,5238000.0,0.0,0.0,-873000.0,0.0,-873000.0,-11360000.0,-7004000.0,17471000.0,0.0,18764000.0,18764000.0,18764000.0,0.0,0.0,0.198,63581000.0,31117000.0,,0.0,,,,,0.0,,,,,,94698000.0,94698000.0,0.0,,,,,4394000.0,46410000.0,1.0,,143873500,147510250.0,0.658,,,12353000.0,,,
81,CME,MRQ,2001-03-31,2001-03-31,2001-03-31,2021-08-05,,,,,,,,-10483000.0,,,0.0,17941000.0,,,,,,,,8888000.0,,,0.0,29916000.0,38804000.0,0.421,38804000.0,29916000.0,29916000.0,0.124,0.124,0.124,,,,,,,13617000.0,0.095,1.0,92170000.0,1.0,,0.0,,,,,,,,,,,1969000.0,0.0,0.0,-961000.0,0.0,-961000.0,-21170000.0,-10687000.0,24100000.0,0.0,17941000.0,17941000.0,17941000.0,0.0,0.0,0.195,62254000.0,29916000.0,,0.0,,,,,0.0,,,,,,92170000.0,92170000.0,0.0,,,,,3473000.0,46903000.0,1.0,,143873500,144304775.0,0.641,,,11975000.0,,,
82,CME,MRQ,2000-12-31,2000-12-31,2000-12-31,2021-08-05,-11000.0,381444000.0,,267432000.0,114012000.0,,1.138,,30655000.0,30655000.0,,,1.349,1.331,162111000.0,156048000.0,6063000.0,162111000.0,0.0,,0.0,,0.0,,,,,,,,,,163671000.0,,163671000.0,,,,,,1.0,,,0.0,,314606000.0,,0.0,200374000.0,200374000.0,0.0,217773000.0,198294000.0,19479000.0,,,,,,,,,,,,,,,,,,,,11897000.0,,,,,102626000.0,,,,,28526000.0,119512000.0,,,,,,,,,,1.0,,143873500,,,381444000.0,0.0,,0.0,2.651,69138000.0
0,CME,MRT,2021-06-30,2021-06-30,2021-06-30,2021-08-05,106000000.0,178699100000.0,147442400000.0,144849000000.0,33850100000.0,0.031,74.703,-186500000.0,1081000000.0,1081000000.0,0.0,1921700000.0,1.02,5.676,144744400000.0,141299800000.0,3444600000.0,144744400000.0,0.0,433200000.0,0.0,0.028,6.0,2715200000.0,3148400000.0,0.683,3148400000.0,2715200000.0,2548600000.0,5.35,5.35,5.35,26763200000.0,26647650000.0,26763200000.0,202293594572.0,75.0,64.253,1887700000.0,5.269,1.0,4611700000.0,1.0,31377600000.0,166600000.0,148972100000.0,116651925000.0,0.0,141410700000.0,141410700000.0,0.0,151911700000.0,142012800000.0,9898900000.0,76372394572.0,-291800000.0,20800000.0,0.0,0.0,-2148400000.0,-2202000000.0,-164000000.0,1700000.0,2074200000.0,0.0,1920400000.0,1920400000.0,1920400000.0,0.0,1300000.0,0.416,2171900000.0,2439800000.0,47200000.0,1.121,2.854,39.769,39.753,527600000.0,0.0,212.68,16.561,16.522,509600000.0,5434500000.0,4611700000.0,4611700000.0,0.0,0.013,0.072,0.023,0.589,91500000.0,1275800000.0,1.0,359095329.0,358261000,358888000.0,12.872,147321500000.0,0.0,628200000.0,5399400000.0,411.213,2836200000.0
1,CME,MRT,2021-03-31,2021-03-31,2021-03-31,2021-08-05,83500000.0,160652100000.0,132071325000.0,126745500000.0,33906600000.0,0.035,74.07,-183200000.0,936400000.0,936400000.0,0.0,1914400000.0,1.02,5.055,126857600000.0,123414000000.0,3443600000.0,126857600000.0,0.0,450000000.0,0.0,0.029,5.95,2650900000.0,3100900000.0,0.672,3100900000.0,2650900000.0,2484100000.0,5.34,5.33,5.34,26527900000.0,26658825000.0,26527900000.0,161911934783.0,61.0,52.214,2378000000.0,6.64,1.0,4614800000.0,1.0,31426400000.0,166800000.0,130924400000.0,100818975000.0,0.0,123519200000.0,123519200000.0,0.0,134096200000.0,124222500000.0,9873700000.0,73319534783.0,117200000.0,20800000.0,0.0,-100000000.0,-2129900000.0,-2277500000.0,-166500000.0,-4100000.0,2561200000.0,0.0,1913400000.0,1913400000.0,1913400000.0,0.0,1000000.0,0.415,2212200000.0,2402600000.0,51600000.0,1.114,2.764,38.319,38.245,528600000.0,0.0,204.23,15.888,15.85,547000000.0,5247300000.0,4614800000.0,4614800000.0,0.0,0.014,0.072,0.026,0.574,94500000.0,1296700000.0,1.0,359004724.0,358147000,358817000.0,12.885,129225700000.0,0.0,570700000.0,5371900000.0,360.817,2523000000.0
2,CME,MRT,2020-12-31,2020-12-31,2020-12-31,2021-08-05,134900000.0,124659600000.0,126391375000.0,89283900000.0,35375700000.0,0.039,73.568,-197500000.0,1633200000.0,1633200000.0,0.0,2106400000.0,1.012,3.735,90225600000.0,86781800000.0,3443800000.0,90225600000.0,0.0,464400000.0,0.0,0.032,5.9,2887100000.0,3351500000.0,0.686,3351500000.0,2887100000.0,2720900000.0,5.88,5.87,5.88,26319900000.0,26668775000.0,26319900000.0,155547401209.0,54.0,46.411,2518100000.0,7.038,1.0,4883600000.0,1.0,32839400000.0,166200000.0,92214700000.0,94843500000.0,0.0,86882700000.0,86882700000.0,0.0,98308100000.0,88197900000.0,10110200000.0,65353901209.0,81900000.0,20800000.0,0.0,-304600000.0,-2110000000.0,-2458200000.0,-175500000.0,1200000.0,2715600000.0,0.0,2105200000.0,2105200000.0,2105200000.0,0.0,1200000.0,0.431,2246200000.0,2637400000.0,69300000.0,1.003,2.483,31.044,30.961,579200000.0,0.0,182.05,13.382,13.337,461300000.0,4995900000.0,4883600000.0,4883600000.0,0.0,0.017,0.079,0.03,0.591,96000000.0,1292700000.0,1.0,358988746.0,357764000,358524000.0,13.65,91820200000.0,0.0,615700000.0,5607000000.0,256.65,1086000000.0
3,CME,MRT,2020-09-30,2020-09-30,2020-09-30,2021-08-05,43700000.0,125758800000.0,114030300000.0,90349300000.0,35409500000.0,0.043,75.406,-193900000.0,1332100000.0,1332100000.0,0.0,2150600000.0,1.019,3.66,91525600000.0,88083400000.0,3442200000.0,91525600000.0,0.0,460000000.0,0.0,0.035,5.8,2977800000.0,3437800000.0,0.698,3437800000.0,2977800000.0,2811300000.0,6.02,6.0,6.02,26979600000.0,26621025000.0,26979600000.0,141477957283.0,48.0,41.154,2581100000.0,7.214,1.0,4923500000.0,1.0,32824900000.0,166500000.0,94496500000.0,82521050000.0,0.0,88176200000.0,88176200000.0,0.0,98748400000.0,88630900000.0,10117500000.0,60001557283.0,121200000.0,89600000.0,0.0,-436000000.0,-2073800000.0,-2514500000.0,-139300000.0,-35000000.0,2775000000.0,0.0,2150700000.0,2150700000.0,2150700000.0,0.0,-100000.0,0.437,2228100000.0,2695400000.0,99500000.0,0.963,2.224,27.899,27.792,547200000.0,0.0,167.31,12.187,12.158,490900000.0,5775100000.0,4923500000.0,4923500000.0,0.0,0.019,0.081,0.036,0.605,71600000.0,1277900000.0,1.0,358625051.0,357791000,358590000.0,13.761,92933900000.0,0.0,660600000.0,5620800000.0,259.744,1718400000.0
4,CME,MRT,2020-06-30,2020-06-30,2020-06-30,2021-08-05,-13100000.0,117214800000.0,102445000000.0,81786200000.0,35428600000.0,0.05,74.947,-203200000.0,1405400000.0,1405400000.0,0.0,2375400000.0,1.02,3.371,82881800000.0,79440900000.0,3440900000.0,82881800000.0,0.0,463200000.0,0.0,0.035,5.7,3165400000.0,3628600000.0,0.709,3628600000.0,3165400000.0,2997800000.0,6.65,6.63,6.65,26807900000.0,26571925000.0,26807900000.0,161344243371.0,51.0,44.465,3070600000.0,8.585,1.0,5120100000.0,1.0,32849500000.0,167600000.0,85640300000.0,70951125000.0,0.0,79529500000.0,79529500000.0,0.0,90375900000.0,80201400000.0,10174500000.0,58284643371.0,467600000.0,89600000.0,0.0,-636600000.0,-2037600000.0,-2664000000.0,-142200000.0,-28600000.0,3273800000.0,0.0,2375300000.0,2375300000.0,2375300000.0,0.0,100000.0,0.464,2264500000.0,2855600000.0,88000000.0,0.857,2.174,24.538,24.442,538600000.0,0.0,162.54,11.383,11.355,532100000.0,5668500000.0,5120100000.0,5120100000.0,0.0,0.023,0.089,0.045,0.618,62200000.0,1267700000.0,1.0,358586461.0,357691000,358457000.0,14.314,84365300000.0,0.0,622500000.0,5607300000.0,235.861,1584800000.0
5,CME,MRT,2020-03-31,2020-03-31,2020-03-31,2021-08-05,-26200000.0,137932300000.0,90728675000.0,102416600000.0,35515700000.0,0.057,74.31,-239300000.0,851700000.0,851700000.0,0.0,2386700000.0,1.013,4.191,103911300000.0,100371500000.0,3539800000.0,103911300000.0,0.0,472300000.0,0.0,0.032,5.6,3208600000.0,3680900000.0,0.706,3680900000.0,3208600000.0,3037800000.0,6.68,6.66,6.68,26567700000.0,26483750000.0,26567700000.0,101239151433.0,32.0,27.504,2521400000.0,7.052,1.0,5210500000.0,1.0,32915700000.0,170800000.0,107022500000.0,59481100000.0,0.0,100449300000.0,100449300000.0,0.0,111333600000.0,101053700000.0,10279900000.0,61971551433.0,-143300000.0,89600000.0,0.0,-759400000.0,-2001400000.0,-2757000000.0,-147000000.0,2700000.0,2760700000.0,0.0,2385800000.0,2385800000.0,2385800000.0,0.0,900000.0,0.458,2293800000.0,2916700000.0,74300000.0,0.838,2.333,25.975,25.885,538400000.0,0.0,172.91,11.894,11.864,799700000.0,5469900000.0,5210500000.0,5210500000.0,0.0,0.026,0.09,0.054,0.616,77900000.0,1257900000.0,1.0,358403513.0,357524000,358455000.0,14.574,105016600000.0,0.0,652000000.0,5622100000.0,293.733,1362900000.0
6,CME,MRT,2019-12-31,2019-12-31,2019-12-31,2021-08-05,3400000.0,75215300000.0,74149225000.0,39567800000.0,35647500000.0,0.066,73.158,-245600000.0,1551400000.0,1551400000.0,0.0,2115800000.0,1.027,1.877,40819000000.0,37075800000.0,3743200000.0,40819000000.0,0.0,473300000.0,0.0,0.027,5.5,2868300000.0,3341600000.0,0.686,3341600000.0,2868300000.0,2690300000.0,5.93,5.91,5.93,26128900000.0,26381225000.0,26128900000.0,115753987521.0,40.0,34.64,2427200000.0,6.796,1.0,4868000000.0,1.0,33035500000.0,178000000.0,42924900000.0,42936750000.0,0.0,37160200000.0,37160200000.0,0.0,49056000000.0,38522500000.0,10533500000.0,71930387521.0,179400000.0,89600000.0,0.0,-661700000.0,-1695900000.0,-2340800000.0,-152600000.0,3400000.0,2672800000.0,0.0,2116500000.0,2116500000.0,2116500000.0,0.0,-700000.0,0.435,2280200000.0,2587800000.0,61900000.0,0.927,2.753,33.986,33.848,544000000.0,0.0,200.72,14.776,14.726,491800000.0,5008700000.0,4868000000.0,4868000000.0,0.0,0.029,0.08,0.067,0.589,73100000.0,1245000000.0,1.0,358361835.0,357155000,358239000.0,13.63,42179800000.0,0.0,573800000.0,5635200000.0,118.099,1045300000.0
7,CME,MRT,2019-09-30,2019-09-30,2019-09-30,2021-08-05,-32200000.0,79417600000.0,74714325000.0,43692300000.0,35725300000.0,0.066,74.979,-235000000.0,1210100000.0,1210100000.0,0.0,2033800000.0,1.042,1.964,45033700000.0,41160400000.0,3873300000.0,45033700000.0,0.0,449100000.0,0.0,0.022,4.7,2920200000.0,3369300000.0,0.678,3369300000.0,2920200000.0,2734700000.0,5.7,5.69,5.7,26783200000.0,26328625000.0,26783200000.0,111304233970.0,38.0,33.035,2228500000.0,6.239,1.0,4966200000.0,1.0,33110900000.0,185500000.0,48216800000.0,43506625000.0,0.0,41241400000.0,41241400000.0,0.0,52604300000.0,41913500000.0,10690800000.0,75679533970.0,-1813600000.0,-1774700000.0,0.0,-596200000.0,-1677600000.0,-2289700000.0,-1987400000.0,22300000.0,2463500000.0,0.0,2032500000.0,2032500000.0,2032500000.0,0.0,1300000.0,0.409,2301500000.0,2664700000.0,61500000.0,0.825,2.826,37.235,37.077,517300000.0,0.0,211.34,15.239,15.201,545700000.0,5704200000.0,4966200000.0,4966200000.0,0.0,0.027,0.077,0.067,0.588,116800000.0,1268200000.0,1.0,358093754.0,357211000,358369000.0,13.903,46306700000.0,0.0,702200000.0,5614400000.0,129.634,1778800000.0
8,CME,MRT,2019-06-30,2019-06-30,2019-06-30,2021-08-05,5600000.0,70349500000.0,72450950000.0,34462400000.0,35887100000.0,0.063,74.092,-208700000.0,937700000.0,937700000.0,0.0,1809300000.0,1.046,1.658,36562400000.0,32489500000.0,4072900000.0,36562400000.0,0.0,381800000.0,0.0,0.024,4.65,2761000000.0,3142800000.0,0.684,3142800000.0,2761000000.0,2573300000.0,5.13,5.12,5.13,26455200000.0,25456750000.0,26455200000.0,106395378046.0,39.0,33.854,2027200000.0,5.677,1.0,4593100000.0,1.0,33279300000.0,187700000.0,39760200000.0,42716050000.0,0.0,32571300000.0,32571300000.0,0.0,43864600000.0,32934700000.0,10929900000.0,69486178046.0,-1792900000.0,-1774700000.0,0.0,-397500000.0,-1647300000.0,-2057000000.0,-1971800000.0,11600000.0,2235900000.0,0.0,1808000000.0,1808000000.0,1808000000.0,0.0,1300000.0,0.394,2063700000.0,2529400000.0,51600000.0,0.906,2.627,38.433,37.838,500400000.0,0.0,194.11,15.128,15.09,593700000.0,5336800000.0,4593100000.0,4593100000.0,0.0,0.025,0.071,0.065,0.601,119000000.0,1165500000.0,1.0,357973201.0,357060000,358155000.0,12.864,37070200000.0,0.0,765300000.0,5645100000.0,103.821,1527700000.0
9,CME,MRT,2019-03-31,2019-03-31,2019-03-31,2021-08-05,800000.0,71614500000.0,72163400000.0,35605200000.0,36009300000.0,0.061,73.294,-147600000.0,997400000.0,997400000.0,0.0,1860800000.0,1.039,1.737,37906600000.0,33614600000.0,4292000000.0,37906600000.0,0.0,310500000.0,0.0,0.028,4.6,2804500000.0,3115000000.0,0.711,3115000000.0,2804500000.0,2628800000.0,5.36,5.35,5.36,26157600000.0,24623850000.0,26157600000.0,101367762853.0,36.0,32.542,2137400000.0,5.989,1.0,4380000000.0,1.0,33406200000.0,175700000.0,40845100000.0,43821425000.0,0.0,33702600000.0,33702600000.0,0.0,45428000000.0,34272400000.0,11155600000.0,58885762853.0,-278200000.0,-1774700000.0,0.0,1012500000.0,-1617200000.0,-642400000.0,-1920800000.0,1500000.0,2285000000.0,0.0,1860300000.0,1860300000.0,1860300000.0,0.0,500000.0,0.425,1882300000.0,2497700000.0,65300000.0,0.858,2.251,31.654,30.705,467700000.0,0.0,164.58,13.444,13.41,559500000.0,5091100000.0,4380000000.0,4380000000.0,0.0,0.026,0.076,0.064,0.64,97100000.0,1074300000.0,1.0,357794160.0,356886000,358047000.0,12.273,38208300000.0,0.0,768500000.0,5662700000.0,107.06,1332800000.0
10,CME,MRT,2018-12-31,2018-12-31,2018-12-31,2021-08-05,5300000.0,77475700000.0,71739600000.0,41886700000.0,35589000000.0,0.06,75.709,-116700000.0,1374500000.0,1374500000.0,0.0,1963700000.0,1.015,1.987,43856500000.0,40029700000.0,3826800000.0,43856500000.0,0.0,248700000.0,0.0,0.024,4.55,2934000000.0,3182700000.0,0.739,3182700000.0,2934000000.0,2776300000.0,5.73,5.71,5.73,25918500000.0,23777650000.0,25918500000.0,103973986658.0,35.0,32.668,2324100000.0,6.789,1.0,4309400000.0,1.0,33480700000.0,157700000.0,45204400000.0,44596375000.0,0.0,39528400000.0,39528400000.0,0.0,51510400000.0,41272600000.0,10237800000.0,64116786658.0,-528800000.0,-1774700000.0,0.0,1119400000.0,-2149900000.0,-1080000000.0,-1889600000.0,1800000.0,2440800000.0,0.0,1962200000.0,1962200000.0,1962200000.0,0.0,1500000.0,0.455,1701800000.0,2607600000.0,116000000.0,0.794,2.474,32.676,32.831,448700000.0,0.0,188.12,14.878,14.944,553300000.0,4855300000.0,4309400000.0,4309400000.0,0.0,0.027,0.083,0.066,0.681,96500000.0,1008900000.0,1.0,340829187.0,342344000,343737000.0,12.588,43995000000.0,0.0,814100000.0,5665900000.0,128.511,614100000.0
11,CME,MRT,2018-09-30,2018-09-30,2018-09-30,2021-08-05,18700000.0,70364100000.0,71318475000.0,41514800000.0,28849300000.0,0.056,68.6,-89800000.0,1406300000.0,1406300000.0,0.0,4515900000.0,1.088,2.02,41263500000.0,37843900000.0,3419600000.0,41263500000.0,0.0,208400000.0,0.0,0.037,6.26,2819300000.0,3027700000.0,0.762,3027700000.0,2819300000.0,2682000000.0,13.32,13.26,13.32,23295700000.0,22900975000.0,23295700000.0,97175166825.0,34.0,32.095,2301000000.0,6.776,1.0,3972800000.0,1.0,27012700000.0,137300000.0,45054500000.0,45180900000.0,0.0,37926700000.0,37926700000.0,0.0,47068400000.0,38154100000.0,8914300000.0,57969866825.0,1346400000.0,3200000.0,-30400000.0,1185300000.0,-2124000000.0,-984600000.0,-59800000.0,26800000.0,2390800000.0,0.0,4515900000.0,4515900000.0,4515900000.0,0.0,0.0,1.137,1478200000.0,2494600000.0,53900000.0,0.47,2.488,12.837,12.779,362700000.0,0.0,170.21,14.592,14.549,386300000.0,5346400000.0,3972800000.0,3972800000.0,0.0,0.063,0.197,0.062,0.71,65700000.0,871200000.0,1.0,340578502.0,339586000,341035000.0,11.699,43351400000.0,0.0,-1833900000.0,4882700000.0,127.66,3360700000.0
12,CME,MRT,2018-06-30,2018-06-30,2018-06-30,2021-08-05,18600000.0,69199300000.0,73308200000.0,40300500000.0,28898800000.0,0.054,68.118,-73900000.0,1098900000.0,1098900000.0,0.0,4412700000.0,1.084,1.993,40304200000.0,36885200000.0,3419000000.0,40304200000.0,0.0,205200000.0,0.0,0.038,6.22,2848900000.0,3054100000.0,0.771,3054100000.0,2848900000.0,2727500000.0,13.02,12.96,13.02,23123600000.0,22293025000.0,23123600000.0,96425855166.0,34.0,31.573,2241600000.0,6.603,1.0,3959400000.0,1.0,27043300000.0,121400000.0,44181700000.0,46799650000.0,0.0,36966100000.0,36966100000.0,0.0,46075700000.0,37179600000.0,8896100000.0,55888055166.0,1321400000.0,18300000.0,-22900000.0,1187200000.0,-2109900000.0,-961500000.0,-32600000.0,23000000.0,2315500000.0,0.0,4412700000.0,4412700000.0,4412700000.0,0.0,0.0,1.114,1447100000.0,2512300000.0,27800000.0,0.478,2.417,12.665,12.606,380000000.0,0.0,164.13,14.115,14.072,433900000.0,5173300000.0,3959400000.0,3959400000.0,0.0,0.06,0.198,0.061,0.72,64200000.0,876700000.0,1.0,340510907.0,339465000,340872000.0,11.664,42156000000.0,0.0,-1685200000.0,4863100000.0,124.184,3120900000.0
13,CME,MRT,2018-03-31,2018-03-31,2018-03-31,2021-08-05,19900000.0,69919300000.0,75644325000.0,41054800000.0,28864500000.0,0.051,67.116,-80100000.0,784600000.0,784600000.0,0.0,4262400000.0,1.041,2.07,41322400000.0,39088900000.0,2233500000.0,41322400000.0,0.0,206900000.0,0.0,0.038,6.18,2725300000.0,2932200000.0,0.767,2932200000.0,2725300000.0,2608000000.0,12.58,12.52,12.58,22772800000.0,21706325000.0,22772800000.0,99568416615.0,37.0,33.957,1976600000.0,5.825,1.0,3824400000.0,1.0,27066900000.0,117300000.0,43944900000.0,48756950000.0,0.0,39179300000.0,39179300000.0,0.0,47146500000.0,39445300000.0,7701200000.0,55053616615.0,-101900000.0,18600000.0,-10500000.0,0.0,-2095700000.0,-2096900000.0,-61700000.0,-200000.0,2056700000.0,0.0,4262400000.0,4262400000.0,4262400000.0,0.0,0.0,1.115,1373800000.0,2450600000.0,25000000.0,0.491,2.418,12.916,12.857,387200000.0,0.0,161.74,14.395,14.35,444100000.0,4845400000.0,3824400000.0,3824400000.0,0.0,0.056,0.196,0.056,0.713,60800000.0,861300000.0,1.0,340383434.0,339305000,340747000.0,11.271,42852400000.0,0.0,-1654400000.0,4846600000.0,126.295,1609500000.0
14,CME,MRT,2017-12-31,2017-12-31,2017-12-31,2021-08-05,14300000.0,75791200000.0,77033500000.0,46906500000.0,28884700000.0,0.047,66.169,-81900000.0,1903600000.0,1903600000.0,0.0,4063400000.0,1.027,2.382,46418400000.0,44185300000.0,2233100000.0,46418400000.0,0.0,208500000.0,0.0,0.042,6.14,2643300000.0,2851800000.0,0.782,2851800000.0,2643300000.0,2526300000.0,12.0,11.94,12.0,22411800000.0,21151675000.0,22411800000.0,97243540802.0,37.0,34.099,1669200000.0,4.928,1.0,3644700000.0,1.0,27090600000.0,117000000.0,47542500000.0,49989250000.0,0.0,44275400000.0,44275400000.0,0.0,53379400000.0,45672900000.0,7706500000.0,49699740802.0,-54300000.0,262300000.0,0.0,0.0,-1993500000.0,-1985300000.0,179900000.0,-500000.0,1751100000.0,0.0,4063400000.0,4063400000.0,4063400000.0,0.0,0.0,1.115,1334100000.0,2310600000.0,31300000.0,0.512,2.218,12.231,12.171,399700000.0,0.0,146.05,13.636,13.573,359700000.0,4497200000.0,3644700000.0,3644700000.0,0.0,0.053,0.192,0.053,0.725,58000000.0,827800000.0,1.0,340292645.0,338707000,340226000.0,10.761,48700600000.0,0.0,-1537100000.0,4857700000.0,143.784,1233600000.0
15,CME,MRT,2017-09-30,2017-09-30,2017-09-30,2021-08-05,12100000.0,78323000000.0,75428050000.0,49392500000.0,28930500000.0,0.048,61.587,-81900000.0,1631100000.0,1631100000.0,0.0,1497600000.0,1.046,2.754,49174900000.0,46942300000.0,2232600000.0,49174900000.0,0.0,214700000.0,0.0,0.043,5.83,2665300000.0,2880000000.0,0.787,2880000000.0,2665300000.0,2545800000.0,4.43,4.41,4.43,20863900000.0,20633900000.0,20863900000.0,94393830318.0,35.0,32.776,1708400000.0,5.043,1.0,3657600000.0,1.0,27114300000.0,119500000.0,51529500000.0,48389375000.0,0.0,47030300000.0,47030300000.0,0.0,57459100000.0,47223000000.0,10236100000.0,46119030318.0,160300000.0,404900000.0,52700000.0,0.0,-1972500000.0,-1948300000.0,318300000.0,-4700000.0,1790300000.0,0.0,1497600000.0,1497600000.0,1497600000.0,0.0,0.0,0.409,1345900000.0,2311700000.0,36100000.0,1.316,2.21,30.795,30.628,388900000.0,0.0,135.68,12.609,12.567,390300000.0,2973800000.0,3657600000.0,3657600000.0,0.0,0.02,0.073,0.055,0.729,66700000.0,835400000.0,1.0,339910306.0,338771000,340329000.0,10.797,51208700000.0,0.0,1048200000.0,7437000000.0,151.16,2169500000.0
16,CME,MRT,2017-06-30,2017-06-30,2017-06-30,2021-08-05,13300000.0,78543800000.0,71660125000.0,49496900000.0,29046900000.0,0.05,61.369,-89800000.0,1362300000.0,1362300000.0,0.0,1661800000.0,1.038,2.78,49637100000.0,47405000000.0,2232100000.0,49637100000.0,0.0,219200000.0,0.0,0.046,5.77,2608800000.0,2828000000.0,0.784,2828000000.0,2608800000.0,2487300000.0,4.92,4.89,4.92,20776800000.0,20734150000.0,20776800000.0,87920220448.0,34.0,31.089,1671900000.0,4.938,1.0,3608500000.0,1.0,27138100000.0,121500000.0,52010900000.0,44649450000.0,0.0,47489300000.0,47489300000.0,0.0,57767000000.0,47669600000.0,10097400000.0,42555220448.0,150800000.0,397500000.0,54700000.0,0.0,-1951600000.0,-1916700000.0,305800000.0,-1900000.0,1761700000.0,0.0,1661800000.0,1661800000.0,1661800000.0,0.0,0.0,0.461,1339100000.0,2269400000.0,25500000.0,1.173,2.048,25.608,25.455,399500000.0,0.0,125.24,11.793,11.75,416400000.0,2889700000.0,3608500000.0,3608500000.0,0.0,0.023,0.08,0.058,0.723,63900000.0,822800000.0,1.0,339789368.0,338556000,340020000.0,10.659,51405700000.0,0.0,825500000.0,7318800000.0,151.838,1827300000.0
17,CME,MRT,2017-03-31,2017-03-31,2017-03-31,2021-08-05,10800000.0,75476000000.0,68930575000.0,46368500000.0,29107500000.0,0.052,60.75,-91600000.0,1287800000.0,1287800000.0,0.0,1566100000.0,1.035,2.672,46652800000.0,44421200000.0,2231600000.0,46652800000.0,0.0,220800000.0,0.0,0.048,5.71,2539600000.0,2760400000.0,0.769,2760400000.0,2539600000.0,2416100000.0,4.64,4.62,4.64,20554200000.0,20808425000.0,20554200000.0,78255623772.0,31.0,28.349,1629800000.0,4.817,1.0,3590300000.0,1.0,27162100000.0,123500000.0,48874100000.0,41941250000.0,0.0,44508300000.0,44508300000.0,0.0,54921800000.0,44804800000.0,10117000000.0,40350323772.0,131700000.0,396400000.0,55900000.0,0.0,-1930500000.0,-1894900000.0,305200000.0,400000.0,1721400000.0,0.0,1566100000.0,1566100000.0,1566100000.0,0.0,0.0,0.436,1362800000.0,2227500000.0,38400000.0,1.231,1.963,25.765,25.603,411600000.0,0.0,118.8,11.239,11.195,426600000.0,2697900000.0,3590300000.0,3590300000.0,0.0,0.023,0.075,0.061,0.707,65100000.0,825400000.0,1.0,339649190.0,338339000,339946000.0,10.612,48313900000.0,0.0,850000000.0,7308400000.0,142.797,1563700000.0
18,CME,MRT,2016-12-31,2016-12-31,2016-12-31,2021-08-05,-14100000.0,69369400000.0,67253625000.0,40031500000.0,29337900000.0,0.053,60.269,-91800000.0,1868600000.0,1868600000.0,0.0,1534100000.0,1.028,2.41,39773900000.0,37542700000.0,2231200000.0,39773900000.0,0.0,225300000.0,0.0,0.049,5.65,2411100000.0,2636400000.0,0.733,2636400000.0,2411100000.0,2287600000.0,4.55,4.53,4.55,20340700000.0,20880225000.0,20340700000.0,71558937940.0,30.0,27.143,1640200000.0,4.86,1.0,3595200000.0,1.0,27186100000.0,123500000.0,41143000000.0,40282725000.0,0.0,37626800000.0,37626800000.0,0.0,49028700000.0,38945600000.0,10083100000.0,39143837940.0,165200000.0,149700000.0,51800000.0,130000000.0,-1787200000.0,-1620500000.0,53700000.0,-4200000.0,1732000000.0,0.0,1534100000.0,1534100000.0,1534100000.0,0.0,0.0,0.427,1394700000.0,2200500000.0,26200000.0,1.242,1.924,25.516,25.352,425200000.0,0.0,115.35,10.888,10.828,364400000.0,2524500000.0,3595200000.0,3595200000.0,0.0,0.023,0.073,0.06,0.671,66200000.0,823400000.0,1.0,339348400.0,337496000,338966000.0,10.653,42183300000.0,0.0,753500000.0,7291000000.0,124.989,1085900000.0
19,CME,MRT,2016-09-30,2016-09-30,2016-09-30,2021-08-05,22900000.0,63251300000.0,66751125000.0,33776000000.0,29475300000.0,0.052,62.99,-86800000.0,1420500000.0,1420500000.0,0.0,1452400000.0,1.059,1.974,33835600000.0,31604900000.0,2230700000.0,33835600000.0,0.0,223800000.0,0.0,0.05,5.2,2282700000.0,2506500000.0,0.717,2506500000.0,2282700000.0,2161900000.0,4.31,4.29,4.31,21264900000.0,20933000000.0,21264900000.0,72623443153.0,32.0,28.974,1536900000.0,4.553,1.0,3496100000.0,1.0,27210200000.0,120800000.0,36569800000.0,39832575000.0,0.0,31690400000.0,31690400000.0,0.0,41986400000.0,31886400000.0,10100000000.0,35416943153.0,-13800000.0,64000000.0,41700000.0,130000000.0,-1752800000.0,-1612900000.0,-24600000.0,-1800000.0,1623700000.0,0.0,1452400000.0,1452400000.0,1452400000.0,0.0,0.0,0.415,1363700000.0,2132400000.0,34500000.0,1.206,1.666,24.385,24.251,426700000.0,0.0,104.52,10.13,10.093,395700000.0,3458600000.0,3496100000.0,3496100000.0,0.0,0.022,0.069,0.057,0.653,57900000.0,826100000.0,1.0,338853264.0,337592000,339143000.0,10.356,36041100000.0,0.0,709500000.0,7317700000.0,106.759,1889600000.0
20,CME,MRT,2016-06-30,2016-06-30,2016-06-30,2021-08-05,113300000.0,67625600000.0,71175700000.0,38027200000.0,29598400000.0,0.049,62.48,-93100000.0,1161100000.0,1161100000.0,0.0,1339500000.0,1.044,2.209,38367600000.0,36137400000.0,2230200000.0,38367600000.0,0.0,225900000.0,0.0,0.052,5.1,2247500000.0,2473400000.0,0.706,2473400000.0,2247500000.0,2129500000.0,3.98,3.96,3.98,21073900000.0,20960975000.0,21073900000.0,71561743724.0,32.0,28.933,1515400000.0,4.493,1.0,3504700000.0,1.0,27234200000.0,118000000.0,41178100000.0,44233100000.0,0.0,36218400000.0,36218400000.0,0.0,46551700000.0,36419800000.0,10131900000.0,32983643724.0,10100000.0,65600000.0,41900000.0,130000000.0,-1718400000.0,-1570100000.0,-28300000.0,-800000.0,1608500000.0,0.0,1339500000.0,1339500000.0,1339500000.0,0.0,0.0,0.382,1381200000.0,2123500000.0,35600000.0,1.281,1.565,24.624,24.472,437900000.0,0.0,97.4,9.411,9.374,427000000.0,3189300000.0,3504700000.0,3504700000.0,0.0,0.019,0.064,0.051,0.641,57100000.0,834000000.0,1.0,338641106.0,337289000,338706000.0,10.391,40391400000.0,0.0,790000000.0,7352700000.0,119.753,1607400000.0
21,CME,MRT,2016-03-31,2016-03-31,2016-03-31,2021-08-05,28100000.0,68768200000.0,72685075000.0,39253300000.0,29514900000.0,0.047,61.841,-103000000.0,1146000000.0,1146000000.0,0.0,1284400000.0,1.037,2.3,39724100000.0,37494300000.0,2229800000.0,39724100000.0,0.0,229800000.0,0.0,0.052,5.0,2127100000.0,2356900000.0,0.689,2356900000.0,2127100000.0,2011500000.0,3.82,3.79,3.82,20841400000.0,21007200000.0,20841400000.0,68606466237.0,32.0,29.109,1540600000.0,4.571,1.0,3418300000.0,1.0,27258200000.0,115600000.0,42240000000.0,45727700000.0,0.0,37576500000.0,37576500000.0,0.0,47926800000.0,37848100000.0,10078700000.0,32504666237.0,-548800000.0,119100000.0,41800000.0,-543000000.0,-1683900000.0,-2207400000.0,15000000.0,-1100000.0,1643600000.0,0.0,1284400000.0,1284400000.0,1284400000.0,0.0,0.0,0.376,1363000000.0,2055300000.0,32200000.0,1.309,1.56,25.307,25.144,449800000.0,0.0,96.05,9.509,9.47,389300000.0,3072300000.0,3418300000.0,3418300000.0,0.0,0.018,0.061,0.047,0.622,62100000.0,828800000.0,1.0,338414016.0,337014000,338549000.0,10.143,41510000000.0,0.0,727100000.0,7330800000.0,123.17,1405200000.0
22,CME,MRT,2015-12-31,2015-12-31,2015-12-31,2021-08-05,-80800000.0,67359400000.0,74775125000.0,37904500000.0,29454900000.0,0.044,61.125,-114200000.0,1692600000.0,1692600000.0,0.0,1247000000.0,1.029,2.278,37782300000.0,35553000000.0,2229300000.0,37782300000.0,0.0,228600000.0,0.0,0.054,4.9,2074200000.0,2302800000.0,0.692,2302800000.0,2074200000.0,1956800000.0,3.71,3.69,3.71,20551800000.0,21070725000.0,20551800000.0,80772149324.0,39.0,35.076,1418300000.0,4.218,1.0,3326800000.0,1.0,27282200000.0,117400000.0,39342400000.0,47819650000.0,0.0,35625500000.0,35625500000.0,0.0,46807600000.0,36824500000.0,9983100000.0,30644049324.0,326500000.0,122100000.0,64000000.0,70700000.0,-1343400000.0,-1223900000.0,17900000.0,3000000.0,1532500000.0,0.0,1247000000.0,1247000000.0,1247000000.0,0.0,0.0,0.375,1338100000.0,1988700000.0,28700000.0,1.321,1.491,24.574,24.42,491700000.0,0.0,90.6,9.211,9.157,357800000.0,2907600000.0,3326800000.0,3326800000.0,0.0,0.017,0.059,0.043,0.623,60800000.0,828100000.0,1.0,338234540.0,336224000,337894000.0,9.895,40077200000.0,0.0,709800000.0,7358300000.0,119.198,1080000000.0
23,CME,MRT,2015-09-30,2015-09-30,2015-09-30,2021-08-05,-94600000.0,80949600000.0,75995650000.0,51458800000.0,29490800000.0,0.044,63.56,-126800000.0,1434300000.0,1434300000.0,0.0,1261800000.0,1.038,2.787,51562400000.0,49321200000.0,2241200000.0,51562400000.0,0.0,228700000.0,0.0,0.043,3.97,2079300000.0,2308000000.0,0.688,2308000000.0,2079300000.0,1962100000.0,3.75,3.73,3.75,21376800000.0,21163650000.0,21376800000.0,74581516361.0,36.0,32.314,1516900000.0,4.51,1.0,3354100000.0,1.0,27307000000.0,117200000.0,54171900000.0,49143350000.0,0.0,49393600000.0,49393600000.0,0.0,59572800000.0,49598800000.0,9974000000.0,31323616361.0,346400000.0,7000000.0,78500000.0,70700000.0,-1332500000.0,-1184500000.0,-112800000.0,0.0,1643700000.0,0.0,1261800000.0,1261800000.0,1261800000.0,0.0,0.0,0.376,1363800000.0,1990300000.0,38100000.0,1.059,1.465,24.825,24.731,496100000.0,0.0,92.74,9.339,9.299,363800000.0,3771800000.0,3354100000.0,3354100000.0,0.0,0.017,0.06,0.042,0.62,59100000.0,839800000.0,1.0,337757347.0,336323000,338139000.0,9.973,53642600000.0,0.0,700300000.0,7341500000.0,159.497,1860000000.0
24,CME,MRT,2015-06-30,2015-06-30,2015-06-30,2021-08-05,5100000.0,73663100000.0,71750825000.0,44055100000.0,29608000000.0,0.046,63.263,-124000000.0,1151000000.0,1151000000.0,0.0,1191900000.0,1.038,2.465,44408900000.0,42167900000.0,2241000000.0,44408900000.0,0.0,229400000.0,0.0,0.042,3.94,1992400000.0,2221800000.0,0.68,2221800000.0,1992400000.0,1874800000.0,3.55,3.53,3.55,21258800000.0,21203725000.0,21258800000.0,77744273086.0,39.0,34.992,1290400000.0,3.84,1.0,3266200000.0,1.0,27331900000.0,117600000.0,47156500000.0,44935600000.0,0.0,42244200000.0,42244200000.0,0.0,52404300000.0,42432600000.0,9971700000.0,31412973086.0,113700000.0,-12800000.0,83900000.0,70700000.0,-1321400000.0,-1170800000.0,-129900000.0,-100000.0,1414400000.0,0.0,1191900000.0,1191900000.0,1191900000.0,0.0,0.0,0.365,1361900000.0,1904300000.0,22100000.0,1.11,1.478,26.355,26.214,499200000.0,0.0,93.06,9.618,9.574,399900000.0,3575500000.0,3266200000.0,3266200000.0,0.0,0.017,0.056,0.044,0.61,62100000.0,827000000.0,1.0,337556126.0,336036000,337796000.0,9.72,46331200000.0,0.0,682900000.0,7339800000.0,137.876,1622500000.0
25,CME,MRT,2015-03-31,2015-03-31,2015-03-31,2021-08-05,-25800000.0,77128400000.0,66237875000.0,47486000000.0,29642400000.0,0.048,62.844,-135600000.0,1694800000.0,1694800000.0,0.0,1190700000.0,1.044,2.656,48026100000.0,45174200000.0,2851900000.0,48026100000.0,0.0,230600000.0,0.0,0.041,3.91,1966100000.0,2196700000.0,0.691,2196700000.0,1966100000.0,1848800000.0,3.55,3.54,3.55,21095500000.0,21255375000.0,21095500000.0,73258254096.0,37.0,33.349,1191700000.0,3.55,1.0,3177800000.0,1.0,27356800000.0,117300000.0,50607800000.0,39386350000.0,0.0,45253000000.0,45253000000.0,0.0,56032900000.0,45495100000.0,10537800000.0,31949654096.0,641100000.0,-65500000.0,77400000.0,743700000.0,-1310600000.0,-492100000.0,-194100000.0,0.0,1327300000.0,0.0,1190700000.0,1190700000.0,1190700000.0,0.0,0.0,0.375,1356600000.0,1821200000.0,34000000.0,1.101,1.515,26.833,26.679,503300000.0,0.0,94.71,10.054,10.004,383400000.0,3479300000.0,3177800000.0,3177800000.0,0.0,0.018,0.056,0.05,0.619,56300000.0,833600000.0,1.0,337341929.0,335680000,337416000.0,9.467,49771600000.0,0.0,658100000.0,7299700000.0,148.271,1990900000.0
26,CME,MRT,2014-12-31,2014-12-31,2014-12-31,2021-08-05,6200000.0,72241500000.0,60247550000.0,42545300000.0,29696200000.0,0.052,62.569,-132800000.0,1366100000.0,1366100000.0,0.0,1126900000.0,1.024,2.453,42674700000.0,40566800000.0,2107900000.0,42674700000.0,0.0,233200000.0,0.0,0.044,3.88,1891000000.0,2124200000.0,0.682,2124200000.0,1891000000.0,1771600000.0,3.37,3.35,3.37,20923500000.0,21307650000.0,20923500000.0,63265927349.0,33.0,29.783,1158600000.0,3.465,1.0,3112500000.0,1.0,27381700000.0,119400000.0,44637200000.0,33331700000.0,0.0,40641500000.0,40641500000.0,0.0,51318000000.0,41531200000.0,9786800000.0,29860827349.0,-1103600000.0,-65500000.0,53300000.0,-750000000.0,-1496800000.0,-2195900000.0,-199100000.0,-800000.0,1291400000.0,0.0,1127100000.0,1127100000.0,1127100000.0,0.0,-200000.0,0.362,1344100000.0,1768400000.0,36900000.0,1.151,1.427,26.494,26.306,508900000.0,0.0,88.65,9.594,9.525,341200000.0,3317300000.0,3112500000.0,3112500000.0,0.0,0.019,0.053,0.057,0.608,54800000.0,827300000.0,1.0,336839564.0,334409000,336063000.0,9.307,44859800000.0,0.0,644500000.0,7302700000.0,134.147,1014100000.0
27,CME,MRT,2014-09-30,2014-09-30,2014-09-30,2021-08-05,130500000.0,63970300000.0,55756625000.0,34166400000.0,29803900000.0,0.053,64.401,65200000.0,1087900000.0,1087900000.0,0.0,1013500000.0,1.047,1.97,34493000000.0,32385300000.0,2107700000.0,34493000000.0,0.0,236700000.0,0.0,0.056,4.46,1734100000.0,1970800000.0,0.666,1970800000.0,1734100000.0,1604800000.0,3.04,3.01,3.04,21537100000.0,21365475000.0,21537100000.0,48026628912.0,28.0,24.369,1236000000.0,3.696,1.0,2958400000.0,1.0,27406600000.0,129300000.0,37340900000.0,28478350000.0,0.0,32458100000.0,32458100000.0,0.0,42433200000.0,32627900000.0,9805300000.0,26866528912.0,-977100000.0,-14500000.0,46700000.0,-750000000.0,-1488700000.0,-2197800000.0,49900000.0,-800000.0,1170800000.0,0.0,1013700000.0,1013700000.0,1013700000.0,0.0,-200000.0,0.343,1338300000.0,1620100000.0,35000000.0,1.467,1.247,26.503,26.301,498700000.0,0.0,79.955,9.081,9.038,344800000.0,3842000000.0,2958400000.0,2958400000.0,0.0,0.018,0.047,0.061,0.586,54900000.0,815300000.0,1.0,336020623.0,334424000,336172000.0,8.846,36563700000.0,0.0,591100000.0,7308400000.0,109.333,1538500000.0
28,CME,MRT,2014-06-30,2014-06-30,2014-06-30,2021-08-05,206700000.0,51611300000.0,52009025000.0,21731200000.0,29880100000.0,0.056,64.249,53100000.0,1037300000.0,1037300000.0,0.0,959800000.0,1.066,1.404,22197400000.0,20089900000.0,2107500000.0,22197400000.0,0.0,239300000.0,0.0,0.063,4.44,1710200000.0,1949500000.0,0.67,1949500000.0,1710200000.0,1575000000.0,2.88,2.86,2.88,21465400000.0,21474275000.0,21465400000.0,46536661769.0,27.0,23.871,1119500000.0,3.351,1.0,2910600000.0,1.0,27435200000.0,135200000.0,24959500000.0,24450800000.0,0.0,20162800000.0,20162800000.0,0.0,30145900000.0,20376700000.0,9769200000.0,23824461769.0,-930700000.0,-4000000.0,57100000.0,-751300000.0,-1481400000.0,-2173900000.0,176800000.0,-100000.0,1066400000.0,0.0,960400000.0,960400000.0,960400000.0,0.0,-600000.0,0.33,1320400000.0,1590200000.0,32100000.0,1.542,1.11,24.807,24.635,503400000.0,0.0,70.95,8.185,8.144,334900000.0,3709800000.0,2910600000.0,2910600000.0,0.0,0.018,0.045,0.07,0.588,54800000.0,822200000.0,1.0,335792273.0,334097000,335800000.0,8.712,24176100000.0,0.0,614600000.0,7271900000.0,72.363,1354500000.0
29,CME,MRT,2014-03-31,2014-03-31,2014-03-31,2021-08-05,176300000.0,53167100000.0,50826875000.0,23309700000.0,29857400000.0,0.059,63.804,58400000.0,1053700000.0,1053700000.0,0.0,1007300000.0,1.058,1.495,23765900000.0,21658500000.0,2107400000.0,23765900000.0,0.0,238900000.0,0.0,0.06,4.42,1806400000.0,2045300000.0,0.683,2045300000.0,1806400000.0,1660300000.0,3.03,3.0,3.03,21304600000.0,21570075000.0,21304600000.0,46590718364.0,26.0,22.779,1325900000.0,3.971,1.0,2995100000.0,1.0,27460400000.0,146100000.0,26389200000.0,22788175000.0,0.0,21730700000.0,21730700000.0,0.0,31857000000.0,22029700000.0,9827300000.0,24848218364.0,-789700000.0,-4000000.0,65400000.0,-751300000.0,-1474700000.0,-2239300000.0,182100000.0,-100000.0,1267500000.0,0.0,1007800000.0,1007800000.0,1007800000.0,0.0,-500000.0,0.336,1309100000.0,1686000000.0,43100000.0,1.459,1.166,24.656,24.429,508400000.0,0.0,74.02,8.296,8.252,344600000.0,3603900000.0,2995100000.0,2995100000.0,0.0,0.02,0.047,0.079,0.603,55200000.0,803300000.0,1.0,335696006.0,333905000,335644000.0,8.97,25706700000.0,0.0,652500000.0,7276100000.0,76.988,1280000000.0
30,CME,MRT,2013-12-31,2013-12-31,2013-12-31,2021-08-05,152000000.0,54277800000.0,48140550000.0,24405600000.0,29872200000.0,0.061,63.589,66800000.0,2469700000.0,2469700000.0,0.0,978100000.0,1.047,1.565,24212200000.0,22105000000.0,2107200000.0,24212200000.0,0.0,238100000.0,0.0,0.056,4.4,1751100000.0,1989200000.0,0.677,1989200000.0,1751100000.0,1599700000.0,2.94,2.92,2.94,21154800000.0,21631375000.0,21154800000.0,43296354597.0,25.0,21.766,1347300000.0,4.05,1.0,2936300000.0,1.0,27485500000.0,151400000.0,25223800000.0,19688025000.0,0.0,21423500000.0,21423500000.0,0.0,33117300000.0,23311000000.0,9806300000.0,26311854597.0,865000000.0,-4000000.0,73700000.0,-1300000.0,-599100000.0,-606000000.0,190500000.0,-100000.0,1280500000.0,0.0,976800000.0,976800000.0,976800000.0,0.0,1300000.0,0.333,1299300000.0,1637000000.0,36200000.0,1.497,1.244,26.937,26.687,513400000.0,0.0,78.46,8.961,8.889,302700000.0,3494600000.0,2936300000.0,2936300000.0,0.0,0.02,0.045,0.089,0.596,54400000.0,782400000.0,1.0,335353742.0,332678000,334398000.0,8.826,26792300000.0,0.0,622900000.0,7249700000.0,80.535,1094600000.0
31,CME,MRT,2013-09-30,2013-09-30,2013-09-30,2021-08-05,177200000.0,48979900000.0,44286900000.0,19048100000.0,29931800000.0,0.066,66.03,-135500000.0,2065000000.0,2065000000.0,0.0,953100000.0,1.107,1.229,19049500000.0,16942500000.0,2107000000.0,19049500000.0,0.0,238000000.0,0.0,0.042,3.1,1801700000.0,2039700000.0,0.701,2039700000.0,1801700000.0,1644900000.0,2.87,2.85,2.87,21972300000.0,21697450000.0,21972300000.0,39863114083.0,22.0,19.544,1085600000.0,3.262,1.0,2910200000.0,1.0,27520500000.0,156800000.0,21230700000.0,16253825000.0,0.0,16257800000.0,16257800000.0,0.0,27002000000.0,17213200000.0,9788800000.0,24697714083.0,48100000.0,-123600000.0,56500000.0,-1300000.0,-1029600000.0,-1046700000.0,-126300000.0,5000000.0,1221100000.0,0.0,950500000.0,950500000.0,950500000.0,0.0,2600000.0,0.327,1220800000.0,1689400000.0,41000000.0,1.08,1.124,25.984,25.742,714200000.0,0.0,73.88,8.487,8.448,311900000.0,4326500000.0,2910200000.0,2910200000.0,0.0,0.021,0.044,0.111,0.619,53000000.0,747500000.0,1.0,334294993.0,332763000,334674000.0,8.746,21459400000.0,0.0,694400000.0,7306500000.0,64.489,1834900000.0
32,CME,MRT,2013-06-30,2013-06-30,2013-06-30,2021-08-05,153200000.0,46882700000.0,42006425000.0,16924600000.0,29958100000.0,0.069,65.742,-136900000.0,1968000000.0,1968000000.0,0.0,935700000.0,1.045,1.146,17133400000.0,15775200000.0,1358200000.0,17133400000.0,0.0,238100000.0,0.0,0.041,3.1,1792900000.0,2031000000.0,0.706,2031000000.0,1792900000.0,1640500000.0,2.82,2.8,2.82,21848600000.0,21631575000.0,21848600000.0,36284368536.0,20.0,17.865,1193800000.0,3.592,1.0,2878800000.0,1.0,27546200000.0,152400000.0,18309000000.0,14007300000.0,0.0,14337100000.0,14337100000.0,0.0,25028100000.0,16192900000.0,8835200000.0,25358768536.0,674800000.0,-162900000.0,38700000.0,747700000.0,-1029900000.0,-318600000.0,-337300000.0,-13100000.0,1330700000.0,0.0,931800000.0,931800000.0,931800000.0,0.0,3900000.0,0.324,1193900000.0,1684900000.0,37000000.0,1.099,1.161,27.215,26.933,713200000.0,0.0,75.95,8.809,8.768,359100000.0,4239200000.0,2878800000.0,2878800000.0,0.0,0.022,0.043,0.128,0.623,52400000.0,716200000.0,1.0,333887670.0,332341000,334073000.0,8.662,19336500000.0,0.0,708700000.0,7248200000.0,58.183,731700000.0
33,CME,MRT,2013-03-31,2013-03-31,2013-03-31,2021-08-05,230000000.0,42421800000.0,39772225000.0,12297800000.0,30124000000.0,0.072,64.918,13300000.0,1843400000.0,1843400000.0,0.0,877800000.0,1.043,0.964,12769000000.0,11411000000.0,1358000000.0,12769000000.0,0.0,243900000.0,0.0,0.05,3.096,1777400000.0,2021300000.0,0.707,2021300000.0,1777400000.0,1635300000.0,2.62,2.61,2.62,21549800000.0,21574425000.0,21549800000.0,28321674784.0,16.0,14.012,1233400000.0,3.716,1.0,2858600000.0,1.0,27572100000.0,142100000.0,13988600000.0,12194725000.0,0.0,9972700000.0,9972700000.0,0.0,20783800000.0,11786700000.0,8997100000.0,20485074784.0,781700000.0,-165500000.0,27000000.0,747700000.0,-1027200000.0,-248900000.0,-189500000.0,-12900000.0,1220100000.0,0.0,865500000.0,865500000.0,865500000.0,0.0,12300000.0,0.303,1212300000.0,1646300000.0,31300000.0,1.182,0.951,23.668,23.439,709900000.0,0.0,61.41,7.166,7.131,309200000.0,4079000000.0,2858600000.0,2858600000.0,0.0,0.022,0.04,0.146,0.622,59500000.0,729300000.0,1.0,333578811.0,331953000,333372000.0,8.611,14849700000.0,0.0,769800000.0,7412100000.0,44.734,511100000.0
34,CME,MRT,2012-12-31,2012-12-31,2012-12-31,2021-08-05,209300000.0,38863200000.0,38989050000.0,8717900000.0,30145300000.0,0.075,64.661,6800000.0,1604700000.0,1604700000.0,0.0,906700000.0,1.145,0.81,9441300000.0,7334500000.0,2106800000.0,9441300000.0,0.0,253100000.0,0.0,0.073,3.692,1815200000.0,2068300000.0,0.71,2068300000.0,1815200000.0,1683000000.0,2.71,2.7,2.71,21419100000.0,21574250000.0,21419100000.0,25127056257.0,14.0,12.149,1226500000.0,3.703,1.0,2914600000.0,1.0,27595900000.0,132200000.0,11487000000.0,11611825000.0,0.0,6641400000.0,6641400000.0,0.0,17357500000.0,7616900000.0,9740600000.0,16892656257.0,562400000.0,-188300000.0,22100000.0,747700000.0,-1224300000.0,-448400000.0,-208900000.0,-3000000.0,1219700000.0,0.0,896300000.0,896300000.0,896300000.0,0.0,10400000.0,0.308,1222600000.0,1692000000.0,41700000.0,1.362,0.789,18.847,18.697,724000000.0,0.0,50.67,5.796,5.759,267500000.0,3993400000.0,2914600000.0,2914600000.0,0.0,0.023,0.042,0.156,0.623,61400000.0,746200000.0,1.0,333385756.0,331252000,332319000.0,8.799,11267300000.0,0.0,786700000.0,7413300000.0,34.014,1101000000.0
35,CME,MRT,2012-09-30,2012-09-30,2012-09-30,2021-08-05,119700000.0,39858000000.0,39462925000.0,10016800000.0,29841200000.0,0.076,65.511,4800000.0,2016900000.0,2016900000.0,0.0,1485300000.0,1.194,0.832,10251300000.0,8144900000.0,2106400000.0,10251300000.0,0.0,259500000.0,0.0,0.039,2.222,1817000000.0,2076500000.0,0.694,2076500000.0,1817000000.0,1699700000.0,4.46,4.44,4.46,21708800000.0,21607475000.0,21708800000.0,26271744792.0,14.0,12.652,1248500000.0,3.768,1.0,2990200000.0,1.0,27458300000.0,117300000.0,12244600000.0,12041225000.0,0.0,7457300000.0,7457300000.0,0.0,18069800000.0,8389500000.0,9680300000.0,19049644792.0,1187600000.0,-64700000.0,19800000.0,747700000.0,-736500000.0,36100000.0,-92200000.0,-7900000.0,1243700000.0,0.0,1475400000.0,1475400000.0,1475400000.0,0.0,9900000.0,0.493,1283400000.0,1706800000.0,44500000.0,0.498,0.878,12.912,12.845,705400000.0,0.0,57.29,6.371,6.349,296900000.0,4408600000.0,2990200000.0,2990200000.0,0.0,0.037,0.068,0.151,0.608,62600000.0,759400000.0,1.0,332512564.0,331377000,332458000.0,9.024,12399700000.0,0.0,224300000.0,7319800000.0,37.419,1627300000.0
36,CME,MRT,2012-06-30,2012-06-30,2012-06-30,2021-08-05,114300000.0,37945900000.0,39220325000.0,8240900000.0,29705000000.0,0.081,65.302,4100000.0,1293200000.0,1293200000.0,0.0,1581400000.0,1.237,0.752,8515300000.0,6407600000.0,2107700000.0,8515300000.0,0.0,264200000.0,0.0,0.038,2.052,1967900000.0,2232100000.0,0.702,2232100000.0,1967900000.0,1851800000.0,4.75,4.73,4.75,21620000000.0,21396350000.0,21620000000.0,26602889578.0,14.0,11.918,1432100000.0,4.326,1.0,3181200000.0,1.0,27449800000.0,116100000.0,11058700000.0,11867350000.0,0.0,6450300000.0,6450300000.0,0.0,16247500000.0,6659500000.0,9588000000.0,17819589578.0,599600000.0,-25400000.0,-142300000.0,0.0,-679500000.0,-816800000.0,-11600000.0,9700000.0,1428000000.0,0.0,1573500000.0,1573500000.0,1573500000.0,0.0,7900000.0,0.495,1298300000.0,1882900000.0,38700000.0,0.432,0.824,11.325,11.289,703700000.0,0.0,53.622,5.602,5.581,336900000.0,4340300000.0,3181200000.0,3181200000.0,0.0,0.04,0.074,0.166,0.619,61600000.0,768700000.0,1.0,332318630.0,331078000,332162000.0,9.609,10496100000.0,0.0,278300000.0,7262200000.0,31.703,1581400000.0
37,CME,MRT,2012-03-31,2012-03-31,2012-03-31,2021-08-05,164800000.0,39289100000.0,38631150000.0,9354600000.0,29934500000.0,0.083,65.14,-157500000.0,1061700000.0,1061700000.0,0.0,1623600000.0,1.153,0.82,9845000000.0,7737800000.0,2107200000.0,9845000000.0,0.0,264000000.0,0.0,0.033,1.886,1972900000.0,2236900000.0,0.694,2236900000.0,1972900000.0,1857000000.0,4.89,4.87,4.89,21549100000.0,21216975000.0,21549100000.0,29621841076.0,15.0,13.242,1222300000.0,3.695,1.0,3223600000.0,1.0,28305500000.0,115900000.0,11657000000.0,11181550000.0,0.0,7783200000.0,7783200000.0,0.0,17670000000.0,8109900000.0,9560100000.0,19223441076.0,397000000.0,-4800000.0,-209900000.0,0.0,-625700000.0,-830400000.0,-152400000.0,9800000.0,1379800000.0,0.0,1622300000.0,1622300000.0,1622300000.0,0.0,1300000.0,0.503,1275400000.0,1948200000.0,29000000.0,0.386,0.892,11.849,11.834,816500000.0,0.0,57.866,5.963,5.938,360000000.0,4243600000.0,3223600000.0,3223600000.0,0.0,0.042,0.076,0.176,0.612,53600000.0,740900000.0,1.0,332206150.0,330814000,331851000.0,9.744,10983600000.0,0.0,234700000.0,7256500000.0,33.202,1244700000.0
38,CME,MRT,2011-12-31,2011-12-31,2011-12-31,2021-08-05,111600000.0,40758700000.0,37486125000.0,10945800000.0,29812900000.0,0.088,64.772,-172200000.0,1042300000.0,1042300000.0,0.0,1814400000.0,1.138,0.888,11440700000.0,9333900000.0,2106800000.0,11440700000.0,0.0,260500000.0,0.0,0.023,1.12,2051300000.0,2311800000.0,0.705,2311800000.0,2051300000.0,1934400000.0,5.45,5.43,5.45,21552000000.0,21026575000.0,21552000000.0,25131567816.0,12.0,10.871,1174100000.0,3.529,1.0,3280600000.0,1.0,28337300000.0,116900000.0,13204600000.0,10088125000.0,0.0,9381500000.0,9381500000.0,0.0,19136400000.0,9615200000.0,9521200000.0,16177067816.0,187100000.0,18000000.0,-214600000.0,-420500000.0,-372800000.0,-1005600000.0,-153600000.0,1100000.0,1346300000.0,0.0,1812300000.0,1812300000.0,1812300000.0,0.0,2100000.0,0.552,1259500000.0,2021100000.0,31100000.0,0.206,0.751,8.926,8.942,821900000.0,0.0,48.734,4.931,4.943,289400000.0,4324600000.0,3280600000.0,3280600000.0,0.0,0.048,0.086,0.203,0.625,51300000.0,729000000.0,1.0,331946235.0,332737000,333811000.0,9.859,12421400000.0,0.0,122100000.0,7226800000.0,37.331,1330600000.0
39,CME,MRT,2011-09-30,2011-09-30,2011-09-30,2021-08-05,91900000.0,38887600000.0,36057975000.0,9091300000.0,29796300000.0,0.092,62.79,-191700000.0,829300000.0,829300000.0,0.0,1264100000.0,1.148,0.861,9783800000.0,7677500000.0,2106300000.0,9783800000.0,0.0,258700000.0,0.0,0.022,1.07,2115400000.0,2374100000.0,0.718,2374100000.0,2115400000.0,1992500000.0,3.782,3.774,3.782,20864300000.0,20653600000.0,20864300000.0,22129310298.0,10.0,9.321,1204700000.0,3.625,1.0,3307300000.0,1.0,28370700000.0,122900000.0,11549100000.0,8661000000.0,0.0,7724100000.0,7724100000.0,0.0,17953800000.0,7922300000.0,10031500000.0,16475310298.0,261100000.0,-7000000.0,-209200000.0,-420500000.0,-357600000.0,-981400000.0,-153900000.0,48500000.0,1396400000.0,0.0,1262600000.0,1262600000.0,1262600000.0,0.0,1500000.0,0.382,1218200000.0,2089100000.0,40700000.0,0.283,0.79,13.049,13.03,813800000.0,0.0,49.28,4.981,4.951,369500000.0,3671600000.0,3307300000.0,3307300000.0,0.0,0.035,0.061,0.244,0.64,50500000.0,730900000.0,1.0,334320420.0,332289000,333337000.0,9.953,10516900000.0,0.0,729900000.0,7735200000.0,31.65,1169000000.0
40,CME,MRT,2011-06-30,2011-06-30,2011-06-30,2021-08-05,208300000.0,35589200000.0,34757700000.0,5555100000.0,30034100000.0,0.091,62.621,-194600000.0,693600000.0,693600000.0,0.0,1193400000.0,1.228,0.699,6347600000.0,4241800000.0,2105800000.0,6347600000.0,0.0,258800000.0,0.0,0.017,1.02,1991000000.0,2249800000.0,0.711,2249800000.0,1991000000.0,1861200000.0,3.566,3.556,3.566,20902500000.0,20412725000.0,20902500000.0,24318703270.0,12.0,10.809,1092000000.0,3.271,1.0,3166500000.0,1.0,28405000000.0,129800000.0,8315500000.0,7399700000.0,0.0,4296800000.0,4296800000.0,0.0,14616100000.0,4522700000.0,10093400000.0,19554203270.0,330000000.0,-24400000.0,274900000.0,-720500000.0,-341300000.0,-782500000.0,-174100000.0,48600000.0,1286600000.0,0.0,1190800000.0,1190800000.0,1190800000.0,0.0,2600000.0,0.376,1206600000.0,1959900000.0,39700000.0,0.286,0.935,16.421,16.354,812800000.0,0.0,58.318,6.175,6.148,385800000.0,3448600000.0,3166500000.0,3166500000.0,0.0,0.034,0.058,0.269,0.629,46700000.0,715200000.0,1.0,335303050.0,333794000,334871000.0,9.486,7184200000.0,0.0,670400000.0,7786500000.0,21.523,1032400000.0
41,CME,MRT,2011-03-31,2011-03-31,2011-03-31,2021-08-05,244900000.0,34709000000.0,34425125000.0,4587600000.0,30121400000.0,0.091,62.185,-175100000.0,664700000.0,664700000.0,0.0,1169000000.0,1.225,0.666,5429200000.0,3323900000.0,2105300000.0,5429200000.0,0.0,259200000.0,0.0,0.016,0.97,1972400000.0,2231600000.0,0.71,2231600000.0,1972400000.0,1833400000.0,3.512,3.498,3.512,20787500000.0,20032975000.0,20787500000.0,25927734966.0,13.0,11.618,1190900000.0,3.563,1.0,3142100000.0,1.0,28446100000.0,139000000.0,7283300000.0,7231175000.0,0.0,3378500000.0,3378500000.0,0.0,13852900000.0,3744100000.0,10108800000.0,20219134966.0,220500000.0,-43100000.0,327300000.0,-1020800000.0,-323000000.0,-1012100000.0,-133400000.0,48900000.0,1366000000.0,0.0,1167800000.0,1167800000.0,1167800000.0,0.0,1200000.0,0.372,1201600000.0,1940500000.0,58400000.0,0.276,0.973,17.314,17.173,797000000.0,0.0,60.31,6.435,6.416,394000000.0,3248800000.0,3142100000.0,3142100000.0,0.0,0.034,0.058,0.273,0.628,43600000.0,698000000.0,1.0,335253440.0,334285000,335310000.0,9.399,6262900000.0,0.0,665600000.0,7811100000.0,18.735,843500000.0
42,CME,MRT,2010-12-31,2010-12-31,2010-12-31,2021-08-05,-104100000.0,35046100000.0,34548475000.0,5387500000.0,29658600000.0,0.087,60.514,-160000000.0,855200000.0,855200000.0,0.0,952100000.0,1.127,0.744,6563800000.0,4459000000.0,2104800000.0,6563800000.0,0.0,258000000.0,0.0,0.014,0.92,1861500000.0,2119500000.0,0.706,2119500000.0,1861500000.0,1721200000.0,2.87,2.86,2.87,20060100000.0,19633525000.0,20060100000.0,26514504436.0,14.0,12.51,1199600000.0,3.619,1.0,3003700000.0,1.0,28477400000.0,140300000.0,7496100000.0,7579475000.0,0.0,4088700000.0,4088700000.0,0.0,14917900000.0,4781200000.0,10136700000.0,21561404436.0,594600000.0,-37000000.0,44400000.0,208100000.0,-305300000.0,-653400000.0,-111600000.0,48900000.0,1359600000.0,0.0,951400000.0,951400000.0,951400000.0,0.0,700000.0,0.317,1172600000.0,1831100000.0,51800000.0,0.321,1.075,22.663,22.422,786800000.0,0.0,64.35,7.178,7.102,297500000.0,2885800000.0,3003700000.0,3003700000.0,0.0,0.028,0.048,0.246,0.62,40900000.0,672800000.0,1.0,335064560.0,331493000,332475000.0,9.061,6568700000.0,0.0,769800000.0,7840400000.0,19.816,606300000.0
43,CME,MRT,2010-09-30,2010-09-30,2010-09-30,2021-08-05,-124800000.0,33686500000.0,34699700000.0,4049200000.0,29637300000.0,0.084,59.802,-142700000.0,568200000.0,568200000.0,0.0,958300000.0,1.104,0.689,5521300000.0,3416900000.0,2104400000.0,5521300000.0,0.0,257100000.0,0.0,0.018,0.92,1786400000.0,2043500000.0,0.703,2043500000.0,1786400000.0,1650500000.0,2.896,2.886,2.896,19900800000.0,19443750000.0,19900800000.0,23726012409.0,13.0,11.61,1165600000.0,3.503,1.0,2908000000.0,1.0,28469500000.0,135900000.0,6503900000.0,8051825000.0,0.0,3040700000.0,3040700000.0,0.0,13717900000.0,3666200000.0,10051700000.0,17506412409.0,364100000.0,-12300000.0,42000000.0,-16700000.0,-304900000.0,-880900000.0,-63300000.0,52000000.0,1308300000.0,0.0,957800000.0,957800000.0,957800000.0,0.0,500000.0,0.329,1132800000.0,1775200000.0,43800000.0,0.318,0.88,18.278,17.987,740600000.0,0.0,52.09,6.02,5.961,333400000.0,2766800000.0,2908000000.0,2908000000.0,0.0,0.028,0.049,0.222,0.614,36500000.0,633800000.0,1.0,336080100.0,332780000,333720000.0,8.739,5217000000.0,0.0,692700000.0,7769900000.0,15.677,383000000.0
44,CME,MRT,2010-06-30,2010-06-30,2010-06-30,2021-08-05,-136800000.0,34258900000.0,35407975000.0,4602000000.0,29656900000.0,0.08,59.112,-132700000.0,363600000.0,363600000.0,0.0,916300000.0,1.062,0.764,6583200000.0,4058800000.0,2524400000.0,6583200000.0,0.0,254600000.0,0.0,0.016,0.92,1722700000.0,1977300000.0,0.7,1977300000.0,1722700000.0,1590600000.0,2.772,2.762,2.772,19383500000.0,19251125000.0,19383500000.0,25683734025.0,15.0,12.989,1161100000.0,3.541,1.0,2825000000.0,1.0,28502800000.0,132100000.0,7641400000.0,9063975000.0,0.0,3803800000.0,3803800000.0,0.0,14807500000.0,4334300000.0,10473200000.0,18494134025.0,-85100000.0,5200000.0,-285300000.0,-166900000.0,-304500000.0,-1358100000.0,-20800000.0,67000000.0,1293800000.0,0.0,915800000.0,915800000.0,915800000.0,0.0,500000.0,0.324,1091300000.0,1733700000.0,37600000.0,0.332,0.954,20.195,20.314,729500000.0,0.0,56.31,6.547,6.536,330800000.0,2599300000.0,2825000000.0,2825000000.0,0.0,0.026,0.048,0.19,0.61,35400000.0,604900000.0,1.0,328434275.0,327910000,328920000.0,8.615,5756100000.0,0.0,674800000.0,7775900000.0,17.554,267700000.0
45,CME,MRT,2010-03-31,2010-03-31,2010-03-31,2021-08-05,-133800000.0,35202400000.0,36476050000.0,5483000000.0,29719400000.0,0.073,57.945,-148900000.0,444200000.0,444200000.0,0.0,866900000.0,1.062,0.831,7633800000.0,4810000000.0,2823800000.0,7633800000.0,0.0,250100000.0,0.0,0.015,0.92,1612700000.0,1862800000.0,0.701,1862800000.0,1612700000.0,1485900000.0,2.614,2.606,2.614,19189700000.0,19150575000.0,19189700000.0,29102909856.0,18.0,15.623,1035200000.0,3.126,1.0,2658900000.0,1.0,28551600000.0,126800000.0,8676500000.0,10350950000.0,0.0,4556400000.0,4556400000.0,0.0,15945400000.0,5163900000.0,10781500000.0,21067109856.0,105000000.0,5000000.0,-261700000.0,22400000.0,-305200000.0,-1303100000.0,224000000.0,367900000.0,1184100000.0,0.0,866900000.0,866900000.0,866900000.0,0.0,0.0,0.326,1041500000.0,1617400000.0,36300000.0,0.352,1.098,24.302,24.186,734700000.0,0.0,63.222,7.923,7.874,316900000.0,2404200000.0,2658900000.0,2658900000.0,0.0,0.024,0.045,0.156,0.607,34100000.0,588200000.0,1.0,333224350.0,331170000,332140000.0,8.029,6650800000.0,0.0,619000000.0,7787400000.0,20.083,319100000.0
46,CME,MRT,2009-12-31,2009-12-31,2009-12-31,2021-08-05,-126200000.0,35651000000.0,37654325000.0,6699000000.0,28952000000.0,0.069,58.165,-157900000.0,260600000.0,260600000.0,0.0,825800000.0,1.027,0.847,8296400000.0,6281700000.0,2014700000.0,8296400000.0,0.0,251400000.0,0.0,0.014,0.92,1571400000.0,1822800000.0,0.698,1822800000.0,1571400000.0,1437500000.0,2.488,2.482,2.488,19301000000.0,19052925000.0,19301000000.0,31507881825.0,20.0,17.285,925200000.0,2.788,1.0,2612800000.0,1.0,27777700000.0,133900000.0,9385500000.0,11714600000.0,0.0,6024500000.0,6024500000.0,0.0,16350000000.0,6523600000.0,9826400000.0,22348181825.0,-37300000.0,-3100000.0,-6600000.0,-900100000.0,-305600000.0,-1665200000.0,544800000.0,705800000.0,1083100000.0,0.0,825800000.0,825800000.0,825800000.0,0.0,0.0,0.316,1023700000.0,1589100000.0,46700000.0,0.37,1.158,27.062,27.006,738500000.0,0.0,67.192,8.553,8.533,248300000.0,2239900000.0,2612800000.0,2612800000.0,0.0,0.022,0.043,0.134,0.601,33400000.0,572300000.0,1.0,332601825.0,331830000,332740000.0,7.874,7873300000.0,0.0,611700000.0,7645900000.0,23.727,175400000.0
47,CME,MRT,2009-09-30,2009-09-30,2009-09-30,2021-08-05,-128700000.0,36519600000.0,40781250000.0,7506200000.0,29013400000.0,0.065,57.635,-193600000.0,204100000.0,204100000.0,0.0,685300000.0,1.026,0.909,9363800000.0,7124500000.0,2239300000.0,9363800000.0,0.0,257800000.0,0.0,0.015,0.92,1330500000.0,1588300000.0,0.602,1588300000.0,1330500000.0,1192400000.0,1.982,1.978,1.982,19130300000.0,18899825000.0,19130300000.0,31550451114.0,24.0,19.864,878700000.0,2.647,1.0,2637100000.0,1.0,27808400000.0,138100000.0,10552500000.0,14922400000.0,0.0,6918500000.0,6918500000.0,0.0,17389300000.0,7318400000.0,10070900000.0,20471651114.0,-378300000.0,-5700000.0,-211600000.0,-382000000.0,-641500000.0,-1686300000.0,235700000.0,468400000.0,1072300000.0,0.0,685300000.0,685300000.0,685300000.0,0.0,0.0,0.26,1032600000.0,1604500000.0,36100000.0,0.464,1.07,29.873,31.099,726900000.0,0.0,61.638,7.763,7.758,264000000.0,2113900000.0,2637100000.0,2637100000.0,0.0,0.017,0.036,0.089,0.505,34400000.0,576600000.0,1.0,332127115.0,331920000,332865000.0,7.945,8711200000.0,0.0,507100000.0,7669900000.0,26.245,187800000.0
48,CME,MRT,2009-06-30,2009-06-30,2009-06-30,2021-08-05,-143900000.0,38531200000.0,41465113000.0,9512400000.0,29018800000.0,0.064,57.234,-201800000.0,448700000.0,448700000.0,0.0,651700000.0,1.056,1.03,11527500000.0,8788900000.0,2738600000.0,11527500000.0,0.0,258000000.0,0.0,0.031,1.92,1356500000.0,1614500000.0,0.605,1614500000.0,1356500000.0,1232600000.0,1.936,1.932,1.936,18981300000.0,18874440000.0,18981300000.0,33170304041.0,24.0,20.545,929100000.0,2.801,1.0,2667600000.0,1.0,27814000000.0,123900000.0,12789300000.0,15114161000.0,0.0,8644300000.0,8644300000.0,0.0,19549900000.0,9006700000.0,10543200000.0,20645804041.0,-618900000.0,-2778800000.0,-221200000.0,2702900000.0,-642500000.0,1272700000.0,-3022500000.0,607400000.0,1130900000.0,0.0,651700000.0,651700000.0,651700000.0,0.0,0.0,0.244,1043800000.0,1623800000.0,38500000.0,0.992,1.088,31.68,32.14,725300000.0,0.0,62.224,7.739,7.736,282400000.0,1988000000.0,2667600000.0,2667600000.0,0.0,0.016,0.035,0.09,0.509,40700000.0,571000000.0,1.0,331798085.0,331645000,332630000.0,8.044,10717200000.0,0.0,580900000.0,7662300000.0,32.315,505700000.0
49,CME,MRT,2009-03-31,2009-03-31,2009-03-31,2021-08-05,-157000000.0,39915500000.0,36472971000.0,10900900000.0,29014600000.0,0.071,56.707,-202000000.0,339200000.0,339200000.0,0.0,631100000.0,1.041,1.123,12863700000.0,10015500000.0,2848200000.0,12863700000.0,0.0,249800000.0,0.0,0.039,1.92,1284000000.0,1533800000.0,0.594,1533800000.0,1284000000.0,1191300000.0,2.006,2.0,2.006,18799100000.0,17461207250.0,18799100000.0,36917827105.0,29.0,24.07,873000000.0,2.633,1.0,2583000000.0,1.0,27834300000.0,92700000.0,14131100000.0,12513139750.0,0.0,10014100000.0,10014100000.0,0.0,21116400000.0,10474600000.0,10641800000.0,16346280105.0,-727200000.0,-2805000000.0,-230900000.0,2813900000.0,-628900000.0,1545300000.0,-3347500000.0,322400000.0,1075000000.0,0.0,631100000.0,631100000.0,631100000.0,0.0,0.0,0.244,1014300000.0,1568700000.0,203600000.0,0.957,0.87,25.901,24.565,711400000.0,0.0,49.278,6.328,6.324,279500000.0,1842500000.0,2583000000.0,2583000000.0,0.0,0.017,0.036,0.103,0.497,39300000.0,541700000.0,1.0,331715575.0,331510000,332195000.0,7.792,12081200000.0,0.0,560200000.0,7660500000.0,36.443,426300000.0
50,CME,MRT,2008-12-31,2008-12-31,2008-12-31,2021-08-05,-160300000.0,48158700000.0,31303571750.0,19111500000.0,29047200000.0,0.082,63.634,-200100000.0,297900000.0,297900000.0,0.0,715500000.0,1.025,1.577,20869500000.0,17903400000.0,2966100000.0,20869500000.0,0.0,236000000.0,0.0,0.046,1.92,1304500000.0,1540500000.0,0.602,1540500000.0,1304500000.0,1248000000.0,2.436,2.426,2.436,18688600000.0,16055639750.0,18688600000.0,23780126263.0,18.0,15.437,997100000.0,3.395,1.0,2561000000.0,1.0,27870600000.0,56500000.0,22216700000.0,9695144750.0,0.0,17963600000.0,17963600000.0,0.0,29470100000.0,18643000000.0,10827100000.0,13939630263.0,-547400000.0,-2874200000.0,-203500000.0,2929300000.0,-615200000.0,2004500000.0,-3749100000.0,-11900000.0,1197200000.0,0.0,715500000.0,715500000.0,715500000.0,0.0,0.0,0.279,978800000.0,1582200000.0,527800000.0,0.788,0.746,19.482,17.086,707200000.0,0.0,41.622,5.443,4.773,234000000.0,1719700000.0,2561000000.0,2561000000.0,0.0,0.023,0.045,0.135,0.509,37600000.0,512100000.0,1.0,334910150.0,293690000,294835000.0,8.72,20288100000.0,0.0,532500000.0,7728300000.0,69.08,468500000.0
51,CME,MRT,2008-09-30,2008-09-30,2008-09-30,2021-08-05,-20486000.0,39255052000.0,24340446000.0,9558334000.0,29696718000.0,0.099,63.567,-193107000.0,582421000.0,582421000.0,0.0,854425000.0,0.995,1.063,10422917000.0,8010100000.0,2412817000.0,10422917000.0,0.0,216447000.0,0.0,0.025,1.862,1497246000.0,1713693000.0,0.714,1713693000.0,1497246000.0,1473490000.0,3.112,3.096,3.112,19028760000.0,14459899000.0,19028760000.0,20335854262.0,14.0,11.867,912431000.0,3.048,1.0,2398738000.0,1.0,28167380000.0,23756000.0,11319544000.0,4528289500.0,0.0,7633719000.0,7633719000.0,0.0,20226292000.0,9608624000.0,10617668000.0,20267000262.0,-94630000.0,-2875976000.0,12486000.0,2634753000.0,-248551000.0,2308418000.0,-3508586000.0,193321000.0,1105538000.0,0.0,854425000.0,854425000.0,854425000.0,0.0,0.0,0.356,921099000.0,1477639000.0,1000203000.0,0.598,1.065,23.72,23.876,660795000.0,0.0,74.302,8.449,9.273,339941000.0,1734404000.0,2398738000.0,2398738000.0,0.0,0.035,0.059,0.331,0.624,35320000.0,475408000.0,1.0,272765205.0,299350000,300430000.0,8.013,11087672000.0,0.0,619065000.0,8090348000.0,37.039,-50290000.0
52,CME,MRT,2008-06-30,2008-06-30,2008-06-30,2021-08-05,-2349000.0,18562632000.0,19438306500.0,2500892000.0,16061740000.0,0.117,48.911,-190929000.0,1067644000.0,1067644000.0,0.0,887297000.0,1.857,0.393,1136498000.0,1136498000.0,0.0,1136498000.0,0.0,202083000.0,0.0,0.01,0.804,1419086000.0,1621169000.0,0.71,1621169000.0,1419086000.0,1411810000.0,3.328,3.308,3.328,13328369000.0,12730557750.0,13328369000.0,21598051414.0,15.0,13.323,867379000.0,3.183,1.0,2283060000.0,1.0,14899501000.0,7276000.0,2385215000.0,2045923250.0,0.0,1110044000.0,1110044000.0,0.0,5234263000.0,1346770000.0,3887493000.0,20889430414.0,-107343000.0,11753000.0,-910708000.0,164200000.0,-216883000.0,-932305000.0,-233346000.0,24053000.0,1058308000.0,0.0,887297000.0,887297000.0,887297000.0,0.0,0.0,0.389,880746000.0,1402314000.0,63198000.0,0.242,1.567,23.543,23.028,389828000.0,0.0,76.638,9.15,9.147,237346000.0,1978779000.0,2283060000.0,2283060000.0,0.0,0.046,0.07,0.694,0.622,28309000.0,460131000.0,1.0,272572750.0,272500000,273760000.0,8.378,3663131000.0,0.0,524513000.0,3809926000.0,13.443,1154122000.0
53,CME,MRT,2008-03-31,2008-03-31,2008-03-31,2021-08-05,-2468000.0,19237903000.0,16123581750.0,3182129000.0,16055774000.0,0.127,49.029,-180833000.0,1066356000.0,1066356000.0,0.0,811972000.0,1.456,0.46,1774977000.0,1774977000.0,0.0,1774977000.0,0.0,170111000.0,0.0,0.008,0.746,1293543000.0,1463654000.0,0.714,1463654000.0,1293543000.0,1287643000.0,3.312,3.288,3.312,13176830000.0,9833654500.0,13176830000.0,25163136565.0,19.0,17.192,832710000.0,3.098,1.0,2048869000.0,1.0,14902176000.0,5900000.0,2859120000.0,1847277500.0,0.0,1765398000.0,1765398000.0,0.0,6061073000.0,2185228000.0,3875845000.0,25010991565.0,-73389000.0,36009000.0,-908001000.0,164200000.0,-184205000.0,-891789000.0,-195143000.0,25982000.0,1013543000.0,0.0,811972000.0,811972000.0,811972000.0,0.0,0.0,0.396,798011000.0,1250858000.0,51804000.0,0.225,1.898,30.803,28.327,379269000.0,0.0,93.82,12.207,12.307,251981000.0,1840301000.0,2048869000.0,2048869000.0,0.0,0.05,0.083,0.7,0.631,26698000.0,430214000.0,1.0,266584860.0,268755000,270140000.0,7.624,4335727000.0,0.0,475671000.0,3805598000.0,16.133,996901000.0
54,CME,MRT,2007-12-31,2007-12-31,2007-12-31,2021-08-05,-3102000.0,20306197000.0,12535735750.0,4987055000.0,15319142000.0,0.14,56.249,-163700000.0,845312000.0,845312000.0,0.0,658500000.0,1.223,0.65,997457000.0,997457000.0,0.0,997457000.0,0.0,139600000.0,0.0,0.005,0.688,1099400000.0,1239000000.0,0.706,1239000000.0,1099400000.0,1095800000.0,3.01,2.986,3.01,12305637000.0,6945895000.0,12305637000.0,36706070796.0,33.0,29.626,650700000.0,2.974,1.0,1756100000.0,1.0,14833000000.0,3600000.0,1549279000.0,1495401000.0,0.0,1036330000.0,1036330000.0,0.0,8000560000.0,4076063000.0,3924497000.0,36524619796.0,-124200000.0,94000000.0,-908900000.0,162900000.0,-151600000.0,-859900000.0,-78700000.0,74700000.0,814400000.0,0.0,658500000.0,658500000.0,658500000.0,0.0,0.0,0.375,704200000.0,1051900000.0,2920991000.0,0.229,2.968,55.466,45.581,377452000.0,0.0,137.2,20.799,17.092,187487000.0,1619440000.0,1756100000.0,1756100000.0,0.0,0.053,0.095,0.735,0.626,24700000.0,395500000.0,1.0,266214430.0,218770000,220535000.0,8.027,5473197000.0,0.0,437300000.0,3848240000.0,25.018,910992000.0
55,CME,MRT,2007-09-30,2007-09-30,2007-09-30,2021-08-05,-2203000.0,19646494000.0,8535812750.0,4402136000.0,15244358000.0,0.177,46.809,-119681000.0,677034000.0,677034000.0,0.0,560077000.0,1.207,0.622,858485000.0,858485000.0,0.0,858485000.0,0.0,108913000.0,0.0,0.005,0.642,931358000.0,1040271000.0,0.69,1040271000.0,931358000.0,929858000.0,2.838,2.81,2.838,12111395000.0,4249258750.0,12111395000.0,31966174774.0,34.0,30.729,579819000.0,2.241,1.0,1507878000.0,1.0,14790397000.0,1500000.0,1390079000.0,1377720000.0,0.0,914326000.0,914326000.0,0.0,7535099000.0,3647469000.0,3887630000.0,32166518774.0,-191590000.0,97559000.0,-919511000.0,164147000.0,-127707000.0,-856984000.0,-34106000.0,75107000.0,699500000.0,0.0,560077000.0,560077000.0,560077000.0,0.0,0.0,0.371,610956000.0,896922000.0,2596471000.0,0.226,2.656,57.432,41.392,347910000.0,0.0,117.47,21.332,20.157,198853000.0,1464215000.0,1507878000.0,1507878000.0,0.0,0.066,0.132,0.676,0.618,22583000.0,360403000.0,1.0,273827520.0,258740000,260515000.0,5.828,4856097000.0,0.0,369781000.0,3796699000.0,18.768,754667000.0
56,CME,MRT,2007-06-30,2007-06-30,2007-06-30,2021-08-05,-3216000.0,5303733000.0,4498094500.0,4989925000.0,313808000.0,0.271,9.981,-98403000.0,1174947000.0,1174947000.0,0.0,462305000.0,1.421,2.047,974603000.0,974603000.0,0.0,974603000.0,0.0,79010000.0,0.0,0.006,0.596,766207000.0,845217000.0,0.694,845217000.0,766207000.0,766052000.0,2.656,2.626,2.656,1740756000.0,1576681250.0,1740756000.0,18428282209.0,24.0,21.803,439057000.0,2.517,1.0,1217361000.0,1.0,0.0,155000.0,1590632000.0,1322788500.0,0.0,1177762000.0,1177762000.0,0.0,3562977000.0,3512757000.0,50220000.0,18641500209.0,392802000.0,-49194000.0,16277000.0,0.0,-103895000.0,-50602000.0,-94056000.0,79333000.0,537460000.0,0.0,462305000.0,462305000.0,462305000.0,0.0,0.0,0.38,508777000.0,708584000.0,2461675000.0,0.224,10.709,40.323,40.238,179453000.0,0.0,106.872,15.313,15.311,158301000.0,1308375000.0,1217361000.0,1217361000.0,0.0,0.103,0.293,0.579,0.629,20365000.0,315802000.0,1.0,174428290.0,174410000,176210000.0,6.98,5303733000.0,0.0,303747000.0,0.0,30.41,1477168000.0
57,CME,MRT,2007-03-31,2007-03-31,2007-03-31,2021-08-05,-3793000.0,4886519000.0,4035202250.0,4602066000.0,284453000.0,0.29,9.33,-87457000.0,1139793000.0,1139793000.0,0.0,445963000.0,1.428,2.006,926575000.0,926575000.0,0.0,926575000.0,0.0,76443000.0,0.0,0.005,0.55,736644000.0,813087000.0,0.695,813087000.0,736644000.0,736513000.0,2.566,2.536,2.566,1625792000.0,1469452750.0,1625792000.0,18106311750.0,25.0,22.269,446177000.0,2.56,1.0,1170561000.0,1.0,0.0,131000.0,1451614000.0,1198496250.0,0.0,1145857000.0,1145857000.0,0.0,3260727000.0,3221687000.0,39040000.0,18554635750.0,424111000.0,-46972000.0,16557000.0,0.0,-95718000.0,-39938000.0,-69585000.0,78958000.0,533634000.0,0.0,445963000.0,445963000.0,445963000.0,0.0,0.0,0.381,487425000.0,683136000.0,2143406000.0,0.214,11.413,41.606,41.501,165506000.0,0.0,106.492,15.851,15.853,162081000.0,1212522000.0,1170561000.0,1170561000.0,0.0,0.111,0.303,0.615,0.629,18813000.0,315080000.0,1.0,174235020.0,174255000,176145000.0,6.718,4886519000.0,0.0,290550000.0,0.0,28.042,1380379000.0
58,CME,MRT,2006-12-31,2006-12-31,2006-12-31,2021-08-05,-2979000.0,4306505000.0,3911329000.0,4049050000.0,257455000.0,0.279,8.757,-87810000.0,969504000.0,969504000.0,0.0,407348000.0,1.47,1.835,521180000.0,521180000.0,0.0,521180000.0,0.0,74050000.0,0.0,0.005,0.504,671880000.0,745930000.0,0.684,745930000.0,671880000.0,671657000.0,2.348,2.32,2.348,1519092000.0,1364299500.0,1519092000.0,17468081261.0,26.0,23.418,383886000.0,2.213,1.0,1089947000.0,1.0,24272000.0,223000.0,1078555000.0,1110061500.0,0.0,790696000.0,790696000.0,0.0,2787413000.0,2755354000.0,32059000.0,17746659261.0,358613000.0,-35322000.0,16432000.0,0.0,-87537000.0,-27223000.0,-85860000.0,43987000.0,471696000.0,0.0,407348000.0,407348000.0,407348000.0,0.0,0.0,0.374,468484000.0,621463000.0,2155708000.0,0.215,11.682,43.566,43.42,168755000.0,0.0,101.95,16.282,16.227,121128000.0,1116209000.0,1089947000.0,1089947000.0,0.0,0.104,0.299,0.605,0.616,17357000.0,293458000.0,1.0,174072185.0,173480000,175620000.0,6.283,4282233000.0,0.0,264309000.0,0.0,24.684,1293696000.0
59,CME,MRT,2006-09-30,2006-09-30,2006-09-30,2021-08-05,-2087000.0,3495621000.0,3827051250.0,3248346000.0,247275000.0,0.269,8.179,-81439000.0,868624000.0,868624000.0,0.0,381026000.0,1.587,1.46,590046000.0,590046000.0,0.0,590046000.0,0.0,71391000.0,0.0,0.005,0.47,627045000.0,698436000.0,0.677,698436000.0,627045000.0,626651000.0,2.2,2.172,2.2,1421085000.0,1264197500.0,1421085000.0,16379006619.0,26.0,23.451,362916000.0,2.089,1.0,1031172000.0,1.0,0.0,394000.0,1170353000.0,1120598500.0,0.0,858976000.0,858976000.0,0.0,2074536000.0,2046690000.0,27846000.0,16623538619.0,282959000.0,-34592000.0,10431000.0,0.0,-81461000.0,-19220000.0,-142176000.0,-26145000.0,444355000.0,0.0,381026000.0,381026000.0,381026000.0,0.0,0.0,0.37,452791000.0,578381000.0,1382756000.0,0.214,11.698,43.628,43.477,158068000.0,0.0,95.65,16.121,16.116,125995000.0,1035565000.0,1031172000.0,1031172000.0,0.0,0.1,0.301,0.56,0.608,16314000.0,273776000.0,1.0,173795490.0,173745000,175765000.0,5.935,3495621000.0,0.0,245625000.0,0.0,20.119,1201656000.0
60,CME,MRT,2006-06-30,2006-06-30,2006-06-30,2021-08-05,-3184000.0,3452164000.0,3690631250.0,3240130000.0,212034000.0,0.266,7.574,-81991000.0,782145000.0,782145000.0,0.0,354692000.0,1.533,1.632,537613000.0,537613000.0,0.0,537613000.0,0.0,69900000.0,0.0,0.004,0.436,584747000.0,654647000.0,0.667,654647000.0,584747000.0,584428000.0,2.052,2.026,2.052,1311842000.0,1168694000.0,1311842000.0,16885625564.0,29.0,25.793,302785000.0,1.748,1.0,982173000.0,1.0,0.0,319000.0,1093463000.0,1080338500.0,0.0,793850000.0,793850000.0,0.0,2140322000.0,2114169000.0,26153000.0,17015735564.0,283177000.0,-2940000.0,8734000.0,0.0,-75383000.0,-20174000.0,-81425000.0,3506000.0,384776000.0,0.0,354692000.0,354692000.0,354692000.0,0.0,0.0,0.361,441143000.0,541030000.0,1510637000.0,0.212,12.971,47.973,47.87,157824000.0,0.0,98.23,17.325,17.322,128687000.0,953685000.0,982173000.0,982173000.0,0.0,0.096,0.303,0.541,0.595,15023000.0,277692000.0,1.0,173223410.0,173195000,175480000.0,5.671,3452164000.0,0.0,229736000.0,0.0,19.932,1125961000.0
61,CME,MRT,2006-03-31,2006-03-31,2006-03-31,2021-08-05,-3202000.0,4391026000.0,3676979000.0,4188184000.0,202842000.0,0.255,6.97,-86435000.0,715682000.0,715682000.0,0.0,327385000.0,1.324,2.643,585572000.0,585572000.0,0.0,585572000.0,0.0,68286000.0,0.0,0.004,0.402,541057000.0,609343000.0,0.649,609343000.0,541057000.0,540738000.0,1.9,1.874,1.9,1205179000.0,1080841000.0,1205179000.0,15463093228.0,29.0,25.377,301073000.0,1.741,1.0,939085000.0,1.0,0.0,319000.0,1097875000.0,1038610000.0,0.0,859958000.0,859958000.0,0.0,3185847000.0,3163041000.0,22806000.0,15481857228.0,285063000.0,-3376000.0,7613000.0,0.0,-69321000.0,-16857000.0,-85588000.0,4223000.0,387508000.0,0.0,327385000.0,327385000.0,327385000.0,0.0,0.0,0.349,428647000.0,510438000.0,2479446000.0,0.212,12.846,47.289,47.105,152560000.0,0.0,89.5,16.486,16.479,115984000.0,865997000.0,939085000.0,939085000.0,0.0,0.089,0.303,0.521,0.576,14027000.0,274549000.0,1.0,172981645.0,172905000,175220000.0,5.431,4391026000.0,0.0,213353000.0,0.0,25.396,1025143000.0
62,CME,MRT,2005-12-31,2005-12-31,2005-12-31,2021-08-05,-2907000.0,3969394000.0,3400454000.0,3783422000.0,185972000.0,0.262,6.52,-85627000.0,610891000.0,610891000.0,0.0,306857000.0,1.337,2.548,592127000.0,592127000.0,0.0,592127000.0,0.0,65649000.0,0.0,0.005,0.368,508698000.0,574347000.0,0.646,574347000.0,508698000.0,508379000.0,1.788,1.762,1.788,1118684000.0,999024000.0,1118684000.0,12620442671.0,25.0,21.974,262605000.0,1.531,1.0,889766000.0,1.0,0.0,319000.0,1120703000.0,1019861000.0,0.0,884989000.0,884989000.0,0.0,2850710000.0,2829927000.0,20783000.0,12669539671.0,253329000.0,-1874000.0,7329000.0,0.0,-63260000.0,-12570000.0,-82333000.0,5168000.0,348232000.0,0.0,306857000.0,306857000.0,306857000.0,0.0,0.0,0.345,411820000.0,477946000.0,2184446000.0,0.206,11.325,41.288,41.106,153329000.0,0.0,73.498,14.239,14.173,84974000.0,796398000.0,889766000.0,889766000.0,0.0,0.09,0.307,0.499,0.572,12954000.0,254792000.0,1.0,172379380.0,171575000,174195000.0,5.186,3969394000.0,0.0,201522000.0,0.0,23.135,953495000.0
63,CME,MRT,2005-09-30,2005-09-30,2005-09-30,2021-08-05,-2861000.0,2949941000.0,3122472000.0,2774759000.0,175182000.0,0.274,6.046,-80838000.0,585665000.0,585665000.0,0.0,287361000.0,1.467,1.839,536568000.0,536568000.0,0.0,536568000.0,0.0,62756000.0,0.0,0.005,0.328,476728000.0,539484000.0,0.631,539484000.0,476728000.0,476728000.0,1.678,1.652,1.678,1039071000.0,922502250.0,1039071000.0,11537593477.0,24.0,21.386,215226000.0,1.252,1.0,854809000.0,1.0,0.0,0.0,1009313000.0,925735250.0,0.0,838194000.0,838194000.0,0.0,1910870000.0,1891531000.0,19339000.0,11591227477.0,302886000.0,-7074000.0,13159000.0,-166000.0,-56239000.0,35652000.0,-28830000.0,54264000.0,296064000.0,0.0,287361000.0,287361000.0,287361000.0,0.0,0.0,0.336,398921000.0,455888000.0,1299723000.0,0.195,11.155,40.337,40.203,144865000.0,0.0,67.46,13.56,13.562,107188000.0,736000000.0,854809000.0,854809000.0,0.0,0.092,0.312,0.515,0.558,-32032000.0,285342000.0,1.0,171823710.0,171850000,174455000.0,4.974,2949941000.0,0.0,189367000.0,0.0,17.166,883228000.0
64,CME,MRT,2005-06-30,2005-06-30,2005-06-30,2021-08-05,-2151000.0,3397555000.0,3458916750.0,3226245000.0,171310000.0,0.237,5.608,-78837000.0,498968000.0,498968000.0,0.0,269323000.0,1.335,2.538,445334000.0,445334000.0,0.0,445334000.0,0.0,58989000.0,0.0,0.005,0.288,448316000.0,507305000.0,0.618,507305000.0,448316000.0,448316000.0,1.578,1.552,1.578,960430000.0,850146750.0,960430000.0,10247115782.0,23.0,20.199,247604000.0,1.446,1.0,821492000.0,1.0,0.0,0.0,926549000.0,1193457500.0,0.0,801729000.0,801729000.0,0.0,2437125000.0,2417372000.0,19753000.0,10122563782.0,276624000.0,-6702000.0,10561000.0,-567000.0,-49223000.0,29319000.0,-79136000.0,1638000.0,326441000.0,0.0,269323000.0,269323000.0,269323000.0,0.0,0.0,0.328,385411000.0,436081000.0,1926530000.0,0.183,10.54,37.585,37.452,143247000.0,0.0,59.1,12.322,12.32,96875000.0,674376000.0,821492000.0,821492000.0,0.0,0.078,0.317,0.376,0.546,-32108000.0,281882000.0,1.0,171278575.0,171255000,173860000.0,4.797,3397555000.0,0.0,178993000.0,0.0,19.839,808873000.0
65,CME,MRT,2005-03-31,2005-03-31,2005-03-31,2021-08-05,-3230000.0,3284926000.0,3542869750.0,3125427000.0,159499000.0,0.217,5.139,-74290000.0,430619000.0,430619000.0,0.0,244380000.0,1.31,2.742,555171000.0,555171000.0,0.0,555171000.0,0.0,55896000.0,0.0,0.006,0.248,408386000.0,464282000.0,0.603,464282000.0,408386000.0,408386000.0,1.442,1.412,1.442,877911000.0,783199000.0,877911000.0,6550816569.0,16.0,14.11,237736000.0,1.392,1.0,769372000.0,1.0,0.0,0.0,1022879000.0,1591476500.0,0.0,935822000.0,935822000.0,0.0,2407015000.0,2386599000.0,20416000.0,6638459569.0,242633000.0,-6544000.0,7334000.0,-1028000.0,-42241000.0,24999000.0,-94392000.0,-18323000.0,312026000.0,0.0,244380000.0,244380000.0,244380000.0,0.0,0.0,0.318,373221000.0,396151000.0,1759019000.0,0.172,7.562,27.164,26.911,132220000.0,0.0,38.806,8.628,8.616,98971000.0,607933000.0,769372000.0,769372000.0,0.0,0.069,0.312,0.257,0.531,8790000.0,272697000.0,1.0,171067865.0,170830000,173590000.0,4.504,3284926000.0,0.0,164006000.0,0.0,19.229,738828000.0
66,CME,MRT,2004-12-31,2004-12-31,2004-12-31,2021-08-05,-1595000.0,2857466000.0,3967436000.0,2698200000.0,159266000.0,0.182,4.845,-67496000.0,357562000.0,357562000.0,0.0,219555000.0,1.332,2.516,269919000.0,269919000.0,0.0,269919000.0,0.0,53769000.0,0.0,0.005,0.208,367656000.0,421425000.0,0.584,421425000.0,367656000.0,367656000.0,1.31,1.276,1.31,812597000.0,714481500.0,812597000.0,9105286765.0,25.0,21.606,208328000.0,1.242,1.0,721554000.0,1.0,0.0,0.0,744200000.0,2147203500.0,0.0,659869000.0,659869000.0,0.0,2044869000.0,2025623000.0,19246000.0,7793169765.0,172438000.0,-6487000.0,6049000.0,-1515000.0,-35066000.0,22450000.0,-125836000.0,-51853000.0,275824000.0,0.0,219555000.0,219555000.0,219555000.0,0.0,0.0,0.304,366133000.0,355421000.0,1693551000.0,0.159,9.59,35.495,34.916,131361000.0,0.0,45.74,10.801,10.632,78825000.0,552801000.0,721554000.0,721554000.0,0.0,0.055,0.307,0.171,0.51,7750000.0,267215000.0,1.0,170379750.0,167725000,172055000.0,4.302,2857466000.0,0.0,148101000.0,0.0,17.037,672577000.0
67,CME,MRT,2004-09-30,2004-09-30,2004-09-30,2021-08-05,-660000.0,4295720000.0,4471228500.0,4138305000.0,157415000.0,0.152,4.418,-73877000.0,282779000.0,282779000.0,0.0,192372000.0,1.173,4.73,1594896000.0,1594896000.0,0.0,1594896000.0,0.0,52814000.0,0.0,0.006,0.198,323685000.0,376499000.0,0.555,376499000.0,323685000.0,323685000.0,1.154,1.12,1.154,749649000.0,652081000.0,749649000.0,7286592285.0,23.0,19.354,206033000.0,1.214,1.0,678386000.0,1.0,0.0,0.0,2080202000.0,2769100750.0,0.0,2027083000.0,2027083000.0,0.0,3546071000.0,3527635000.0,18436000.0,5480880285.0,-108755000.0,-3028000.0,4695000.0,-1990000.0,-33119000.0,-30414000.0,-358251000.0,-276528000.0,279910000.0,0.0,192372000.0,192372000.0,192372000.0,0.0,0.0,0.284,354701000.0,323685000.0,1875304000.0,0.172,7.311,28.491,27.955,127354000.0,0.0,32.26,8.079,8.069,83884000.0,504878000.0,678386000.0,678386000.0,0.0,0.043,0.295,0.117,0.477,49295000.0,277047000.0,1.0,169897095.0,169675000,172480000.0,3.998,4295720000.0,0.0,131313000.0,0.0,25.317,610670000.0
68,CME,MRT,2004-06-30,2004-06-30,2004-06-30,2021-08-05,-2365000.0,3733367000.0,4346200250.0,3576058000.0,157309000.0,0.143,4.166,-69796000.0,222344000.0,222344000.0,0.0,164341000.0,1.184,4.39,2028056000.0,2028056000.0,0.0,2028056000.0,0.0,52470000.0,0.0,0.006,0.174,276687000.0,329157000.0,0.53,329157000.0,276687000.0,276687000.0,0.996,0.962,0.996,692639000.0,598935250.0,692639000.0,7390129181.0,27.0,22.452,138733000.0,0.834,1.0,621007000.0,1.0,0.0,0.0,2518625000.0,2796961750.0,0.0,2480718000.0,2480718000.0,0.0,3040728000.0,3020454000.0,20274000.0,4768535181.0,-170491000.0,-5106000.0,5800000.0,-3822000.0,-28887000.0,-26909000.0,-352111000.0,-272444000.0,208529000.0,0.0,164341000.0,164341000.0,164341000.0,0.0,0.0,0.265,344320000.0,276687000.0,942797000.0,0.175,6.885,29.016,28.99,123892000.0,0.0,28.874,7.679,7.731,81648000.0,454276000.0,621007000.0,621007000.0,0.0,0.038,0.274,0.099,0.446,48717000.0,267618000.0,1.0,165149795.0,166268780,172241285.0,3.735,3733367000.0,0.0,112346000.0,0.0,22.454,555604000.0
69,CME,MRT,2004-03-31,2004-03-31,2004-03-31,2021-08-05,1097000.0,4983191000.0,4322921000.0,4833971000.0,149220000.0,0.133,3.662,-61213000.0,187986000.0,187986000.0,0.0,142071000.0,1.109,7.263,2809580000.0,2809580000.0,0.0,2809580000.0,0.0,52637000.0,0.0,0.008,0.15,239783000.0,292420000.0,0.507,292420000.0,239783000.0,239783000.0,0.866,0.836,0.866,603041000.0,552033750.0,603041000.0,5838693979.0,24.0,19.967,132347000.0,0.804,1.0,576397000.0,1.0,0.0,0.0,3245787000.0,2692611000.0,0.0,3255846000.0,3255846000.0,0.0,4380150000.0,4358998000.0,21152000.0,3191565979.0,-168968000.0,-4206000.0,8059000.0,-4504000.0,-24645000.0,-21090000.0,-341438000.0,-271254000.0,193560000.0,0.0,142071000.0,142071000.0,142071000.0,0.0,0.0,0.246,336614000.0,239783000.0,1483203000.0,0.173,5.292,22.465,22.342,114428000.0,0.0,19.348,5.537,5.527,78336000.0,405794000.0,576397000.0,576397000.0,0.0,0.033,0.257,0.089,0.416,8108000.0,260726000.0,1.0,164955860.0,164661770,170233920.0,3.5,4983191000.0,0.0,97712000.0,0.0,30.263,474973000.0
70,CME,MRT,2003-12-31,2003-12-31,2003-12-31,2021-08-05,73000.0,4872636000.0,3673794500.0,4723379000.0,149257000.0,0.146,3.444,-63016000.0,185124000.0,185124000.0,0.0,122132000.0,1.102,7.655,2832252000.0,2832252000.0,0.0,2832252000.0,0.0,53016000.0,0.0,0.009,0.126,206125000.0,259141000.0,0.483,259141000.0,206125000.0,206125000.0,0.748,0.72,0.748,562995000.0,518361250.0,562995000.0,4014850452.0,19.0,15.493,128133000.0,0.784,1.0,536041000.0,1.0,0.0,0.0,3231789000.0,2367889750.0,0.0,3459294000.0,3459294000.0,0.0,4309641000.0,4287975000.0,21666000.0,2378509452.0,-154136000.0,-7619000.0,7878000.0,-5482000.0,-20630000.0,-18234000.0,-327051000.0,-256416000.0,191149000.0,0.0,122132000.0,122132000.0,122132000.0,0.0,0.0,0.228,329916000.0,206125000.0,1399594000.0,0.168,4.225,19.475,19.348,118203000.0,0.0,14.472,4.437,4.413,52972000.0,368312000.0,536041000.0,536041000.0,0.0,0.033,0.236,0.087,0.385,7403000.0,255217000.0,1.0,164352505.0,163455000,169675000.0,3.279,4872636000.0,0.0,83993000.0,0.0,29.81,435404000.0
71,CME,MRT,2003-09-30,2003-09-30,2003-09-30,2021-08-05,0.0,3795607000.0,3294389500.0,3654617000.0,140990000.0,0.159,3.281,-51919000.0,391534000.0,391534000.0,0.0,124050000.0,1.128,6.067,2027875000.0,2027710000.0,165000.0,2027875000.0,0.0,52868000.0,0.0,0.006,0.084,206449000.0,259317000.0,0.496,259317000.0,206449000.0,206449000.0,0.78,0.75,0.78,537066000.0,489147250.0,537066000.0,3830962275.0,19.0,14.773,126287000.0,0.771,1.0,522805000.0,1.0,0.0,0.0,2191646000.0,2049087750.0,0.0,2396990000.0,2396990000.0,0.0,3258541000.0,3240302000.0,18239000.0,2254832275.0,194370000.0,-5491000.0,122888000.0,-6065000.0,-13716000.0,103107000.0,-86943000.0,-29533000.0,178206000.0,0.0,124050000.0,124050000.0,124050000.0,0.0,0.0,0.237,316356000.0,206449000.0,1157468000.0,0.108,4.198,18.177,17.644,106909000.0,0.0,13.762,4.313,4.309,58195000.0,345625000.0,522805000.0,522805000.0,0.0,0.038,0.254,0.101,0.395,7284000.0,250990000.0,1.0,163844810.0,163693370,169711575.0,3.194,3795607000.0,0.0,82399000.0,0.0,23.187,414315000.0
72,CME,MRT,2003-06-30,2003-06-30,2003-06-30,2021-08-05,0.0,3640250000.0,3061445250.0,3496794000.0,143456000.0,0.168,3.096,-48667000.0,392835000.0,392835000.0,0.0,115551000.0,1.123,6.208,1968965000.0,1968317000.0,648000.0,1968965000.0,0.0,51890000.0,0.0,0.004,0.056,191701000.0,243591000.0,0.475,243591000.0,191701000.0,191701000.0,0.746,0.718,0.746,505033000.0,429773250.0,505033000.0,3728619108.0,19.0,15.307,136058000.0,0.834,1.0,512960000.0,1.0,0.0,0.0,2101222000.0,2012660750.0,0.0,1968317000.0,1968317000.0,0.0,3135217000.0,3115158000.0,20059000.0,2269942108.0,344729000.0,-3413000.0,120686000.0,-5120000.0,-9079000.0,106487000.0,53517000.0,105597000.0,184725000.0,0.0,115551000.0,115551000.0,115551000.0,0.0,0.0,0.225,321259000.0,191701000.0,1087149000.0,0.075,4.495,19.645,18.668,107096000.0,0.0,13.926,4.425,4.428,69316000.0,318822000.0,512960000.0,512960000.0,0.0,0.038,0.269,0.095,0.374,4937000.0,244520000.0,1.0,163000295.0,163120075,169335000.0,3.145,3640250000.0,0.0,76150000.0,0.0,22.316,381636000.0
73,CME,MRT,2003-03-31,2003-03-31,2003-03-31,2021-08-05,0.0,2386685000.0,2924501250.0,2246056000.0,140629000.0,0.163,2.879,-55175000.0,356954000.0,356954000.0,0.0,101529000.0,1.183,4.096,1815631000.0,1814162000.0,1469000.0,1815631000.0,0.0,50906000.0,0.0,0.003,0.028,166820000.0,217726000.0,0.455,217726000.0,166820000.0,166820000.0,0.678,0.654,0.678,468351000.0,372197750.0,468351000.0,3060751841.0,18.0,14.058,104909000.0,0.645,1.0,478101000.0,1.0,0.0,0.0,1946902000.0,2023287250.0,0.0,1814162000.0,1814162000.0,0.0,1918334000.0,1898460000.0,19874000.0,1569692841.0,291052000.0,-3413000.0,117488000.0,-5634000.0,-21853000.0,90001000.0,40967000.0,99555000.0,160084000.0,0.0,101529000.0,101529000.0,101529000.0,0.0,0.0,0.212,311281000.0,166820000.0,27222000.0,0.041,3.352,15.461,14.204,107438000.0,0.0,9.63,3.283,3.277,63708000.0,288368000.0,478101000.0,478101000.0,0.0,0.035,0.273,0.082,0.349,2893000.0,235678000.0,1.0,163000295.0,162672415,169317955.0,2.939,2386685000.0,0.0,65291000.0,0.0,14.672,347596000.0
74,CME,MRT,2002-12-31,2002-12-31,2002-12-31,2021-08-05,0.0,3355016000.0,2849411750.0,3215131000.0,139885000.0,0.159,3.07,-56341000.0,339260000.0,339260000.0,0.0,94067000.0,1.113,6.52,1830319000.0,1827991000.0,2328000.0,1830319000.0,0.0,48509000.0,0.0,0.0,0.0,154229000.0,202738000.0,0.447,202738000.0,154229000.0,154229000.0,0.648,0.626,0.648,446139000.0,321989250.0,446139000.0,2987278255.0,19.0,14.735,84797000.0,0.583,1.0,453177000.0,1.0,0.0,0.0,1956581000.0,1843884500.0,0.0,1827991000.0,1827991000.0,0.0,2908877000.0,2889494000.0,19383000.0,1261177255.0,270159000.0,-3071000.0,117462000.0,-5506000.0,-17290000.0,94666000.0,34355000.0,93767000.0,141138000.0,0.0,94067000.0,94067000.0,94067000.0,0.0,0.0,0.208,298948000.0,154229000.0,1013107000.0,0.0,2.827,13.407,13.475,109563000.0,0.0,8.732,2.783,2.8,50865000.0,266810000.0,453177000.0,453177000.0,0.0,0.033,0.292,0.084,0.34,3811000.0,226742000.0,1.0,144431660.0,145331210,150302685.0,3.118,3355016000.0,0.0,60162000.0,0.0,23.085,325637000.0
75,CME,MRT,2002-09-30,2002-09-30,2002-09-30,2021-08-05,0.0,2863830000.0,2527377250.0,2723747000.0,140083000.0,0.174,2.079,-50730000.0,197164000.0,197164000.0,0.0,83175000.0,1.071,8.56,1923265000.0,1920033000.0,3232000.0,1923265000.0,0.0,45864000.0,0.0,,0.0,138576000.0,184440000.0,0.42,184440000.0,138576000.0,138576000.0,0.578,0.564,0.578,299570000.0,272546000.0,299570000.0,,,,93978000.0,0.652,1.0,438745000.0,1.0,0.0,0.0,2045938000.0,1619191500.0,0.0,1920133000.0,1920133000.0,0.0,2564260000.0,2543993000.0,20267000.0,,140169000.0,-4387000.0,2000.0,-5371000.0,-17290000.0,-22659000.0,18120000.0,73237000.0,144708000.0,0.0,83175000.0,83175000.0,83175000.0,0.0,0.0,0.19,300169000.0,138576000.0,571088000.0,0.0,,,,108839000.0,0.0,,,,46691000.0,231542000.0,438745000.0,438745000.0,0.0,0.033,0.305,0.086,0.316,2806000.0,230818000.0,1.0,144430310.0,144098895,148888245.0,3.045,2863830000.0,0.0,55401000.0,0.0,19.874,179754000.0
76,CME,MRT,2002-06-30,2002-06-30,2002-06-30,2021-08-05,1116000.0,3092474000.0,,2955219000.0,137255000.0,,1.908,-48195000.0,48106000.0,48106000.0,0.0,78053000.0,1.055,10.256,1901196000.0,1896638000.0,4558000.0,1901196000.0,0.0,42756000.0,0.0,,0.0,130385000.0,173141000.0,0.423,173141000.0,130385000.0,130385000.0,0.544,0.53,0.544,274731000.0,,274731000.0,,,,77703000.0,0.54,1.0,408909000.0,1.0,0.0,0.0,2143728000.0,,0.0,2001605000.0,2001605000.0,0.0,2817743000.0,2801836000.0,15907000.0,,10244000.0,-4387000.0,0.0,-5062000.0,-17333000.0,-22395000.0,-93259000.0,-40677000.0,125898000.0,0.0,78053000.0,78053000.0,78053000.0,0.0,0.0,0.191,278524000.0,130385000.0,864680000.0,0.0,,,,111330000.0,0.0,,,,48601000.0,212145000.0,408909000.0,408909000.0,0.0,,,,0.319,903000.0,227170000.0,1.0,144437810.0,144002115,148282145.0,2.84,3092474000.0,0.0,52332000.0,0.0,21.475,153383000.0
77,CME,MRT,2002-03-31,2002-03-31,2002-03-31,2021-08-05,-106000.0,2086327000.0,,1958394000.0,127933000.0,,1.859,-31871000.0,65902000.0,65902000.0,0.0,75826000.0,1.087,6.799,1011200000.0,1005459000.0,5741000.0,1011200000.0,0.0,39565000.0,0.0,,0.0,127013000.0,166578000.0,0.421,166578000.0,127013000.0,127013000.0,0.528,0.516,0.528,267517000.0,,267517000.0,,,,83582000.0,0.581,1.0,396075000.0,1.0,0.0,0.0,1229291000.0,,0.0,1102226000.0,1102226000.0,0.0,1818810000.0,1802334000.0,16476000.0,,33278000.0,-4387000.0,0.0,-4278000.0,0.0,-4278000.0,-77897000.0,-41639000.0,115453000.0,0.0,75826000.0,75826000.0,75826000.0,0.0,0.0,0.191,269062000.0,127013000.0,756334000.0,0.0,,,,102987000.0,0.0,,,,43395000.0,210536000.0,396075000.0,396075000.0,0.0,,,,0.321,4311000.0,217881000.0,1.0,144437810.0,143873500,148781060.0,2.753,2086327000.0,0.0,51187000.0,0.0,14.501,156060000.0
78,CME,MRT,2001-12-31,2001-12-31,2001-12-31,2021-08-05,277000.0,2066878000.0,1224161000.0,1946110000.0,120768000.0,0.316,1.726,-30367000.0,69101000.0,69101000.0,0.0,75108000.0,1.08,7.322,861877000.0,855227000.0,6650000.0,861877000.0,0.0,37639000.0,0.0,,0.0,125766000.0,163405000.0,0.422,163405000.0,125766000.0,125766000.0,0.522,0.514,0.522,248366000.0,206018500.0,248366000.0,,,,90202000.0,0.627,1.0,387153000.0,1.0,0.0,0.0,1057809000.0,686207500.0,0.0,946797000.0,946797000.0,0.0,1818512000.0,1801845000.0,16667000.0,,38446000.0,-1316000.0,0.0,-3902000.0,0.0,-3902000.0,-78221000.0,-46538000.0,120569000.0,0.0,75108000.0,75108000.0,75108000.0,0.0,0.0,0.194,261387000.0,125766000.0,906389000.0,0.0,,,,100991000.0,0.0,,,,40986000.0,190033000.0,387153000.0,387153000.0,0.0,0.061,0.365,0.183,0.325,6238000.0,209098000.0,1.0,144437810.0,143873500,146202160.0,2.691,2066878000.0,0.0,50658000.0,0.0,14.366,144265000.0
79,CME,MRT,2001-09-30,2001-09-30,2001-09-30,2021-08-05,,,,,,,,,,,,,,,,,,,,,,,0.0,,,,,,,,,,,,,,,,,,1.0,,,,,,,,,,,,,,,,,,,,,,,,,,,,,,,,,,,,,,,,,,,,,,,,,,,,,,1.0,,143873500,,,,,,,,
80,CME,MRT,2001-06-30,2001-06-30,2001-06-30,2021-08-05,,,,,,,,,,,,,,,,,,,,,,,0.0,,,,,,,,,,,,,,,,,,1.0,,,,,,,,,,,,,,,,,,,,,,,,,,,,,,,,,,,,,,,,,,,,,,,,,,,,,,1.0,,143873500,,,,,,,,
81,CME,MRT,2001-03-31,2001-03-31,2001-03-31,2021-08-05,,,,,,,,,,,,,,,,,,,,,,,0.0,,,,,,,,,,,,,,,,,,1.0,,,,,,,,,,,,,,,,,,,,,,,,,,,,,,,,,,,,,,,,,,,,,,,,,,,,,,1.0,,143873500,,,,,,,,
82,CME,MRT,2000-12-31,2000-12-31,2000-12-31,2021-08-05,-11000.0,381444000.0,,267432000.0,114012000.0,,1.138,-25171000.0,30655000.0,30655000.0,0.0,-10496000.0,1.349,1.331,162111000.0,156048000.0,6063000.0,162111000.0,0.0,33489000.0,0.0,,0.0,-16427000.0,17062000.0,0.075,17062000.0,-16427000.0,-16427000.0,-0.072,0.0,-0.072,163671000.0,,163671000.0,,,,7798000.0,0.054,1.0,226552000.0,1.0,0.0,0.0,314606000.0,,0.0,200374000.0,200374000.0,0.0,217773000.0,198294000.0,19479000.0,,16406000.0,-4183000.0,0.0,-3611000.0,0.0,-3611000.0,-12952000.0,16402000.0,32969000.0,0.0,-10496000.0,-10496000.0,-10496000.0,0.0,0.0,-0.046,241814000.0,-15262000.0,11897000.0,0.0,,,,102626000.0,0.0,,,,28526000.0,119512000.0,226552000.0,226552000.0,0.0,,,,-0.073,8211000.0,183966000.0,1.0,,143873500,,1.575,381444000.0,0.0,-5931000.0,0.0,2.651,69138000.0
83,CME,MRT,1999-12-31,1999-12-31,1999-12-31,2021-08-05,,,,,,,,-55295000.0,,,0.0,2663000.0,,,,,,,,25274000.0,,,0.0,4518000.0,29792000.0,0.141,29792000.0,4518000.0,4518000.0,0.018,0.018,0.018,,,,,,,-24134000.0,-0.168,1.0,210602000.0,1.0,,0.0,,,,,,,,,,,-592000.0,0.0,0.0,-2664000.0,0.0,-2664000.0,-29089000.0,26206000.0,31161000.0,0.0,2663000.0,2663000.0,2663000.0,0.0,0.0,0.013,203958000.0,6644000.0,,0.0,,,,,0.0,,,,,,210602000.0,210602000.0,0.0,,,,0.021,0.0,163194000.0,1.0,,143873500,143873500.0,1.464,,,1855000.0,,,
