None,ticker,dimension,calendardate,datekey,reportperiod,lastupdated,accoci,assets,assetsavg,assetsc,assetsnc,assetturnover,bvps,capex,cashneq,cashnequsd,cor,consolinc,currentratio,de,debt,debtc,debtnc,debtusd,deferredrev,depamor,deposits,divyield,dps,ebit,ebitda,ebitdamargin,ebitdausd,ebitusd,ebt,eps,epsdil,epsusd,equity,equityavg,equityusd,ev,evebit,evebitda,fcf,fcfps,fxusd,gp,grossmargin,intangibles,intexp,invcap,invcapavg,inventory,investments,investmentsc,investmentsnc,liabilities,liabilitiesc,liabilitiesnc,marketcap,ncf,ncfbus,ncfcommon,ncfdebt,ncfdiv,ncff,ncfi,ncfinv,ncfo,ncfx,netinc,netinccmn,netinccmnusd,netincdis,netincnci,netmargin,opex,opinc,payables,payoutratio,pb,pe,pe1,ppnenet,prefdivis,price,ps,ps1,receivables,retearn,revenue,revenueusd,rnd,roa,roe,roic,ros,sbcomp,sgna,sharefactor,sharesbas,shareswa,shareswadil,sps,tangibles,taxassets,taxexp,taxliabilities,tbvps,workingcapital
0,CPB,MRY,2021-12-31,2021-08-01,2021-08-01,2021-09-23,5000000.0,11734000000.0,12094750000.0,1695000000.0,10039000000.0,0.701,10.403,-275000000.0,69000000.0,69000000.0,5665000000.0,1002000000.0,0.934,2.722,5058000000.0,48000000.0,5010000000.0,5058000000.0,0.0,317000000.0,0.0,0.033,1.46,1540000000.0,1857000000.0,0.219,1857000000.0,1540000000.0,1330000000.0,3.31,3.29,3.31,3152000000.0,2959000000.0,3152000000.0,18241411055.0,12.0,9.823,760000000.0,2.508,1.0,2811000000.0,0.332,7220000000.0,210000000.0,7689000000.0,7549500000.0,933000000.0,0.0,0.0,0.0,8580000000.0,1814000000.0,6766000000.0,13249411055.0,-790000000.0,109000000.0,-34000000.0,-1181000000.0,-439000000.0,-1669000000.0,-158000000.0,0.0,1035000000.0,2000000.0,1002000000.0,1002000000.0,1002000000.0,6000000.0,0.0,0.118,1266000000.0,1545000000.0,1070000000.0,0.441,4.203,13.223,13.208,2370000000.0,0.0,43.72,1.563,1.563,595000000.0,3742000000.0,8476000000.0,8476000000.0,84000000.0,0.083,0.339,0.204,0.182,64000000.0,1415000000.0,1.0,303051488.0,303000000,305000000.0,27.974,4514000000.0,0.0,328000000.0,1056000000.0,14.898,-119000000.0
1,CPB,MRY,2020-12-31,2020-08-02,2020-08-02,2021-09-23,-10000000.0,12372000000.0,12463500000.0,2385000000.0,9987000000.0,0.697,8.487,-299000000.0,859000000.0,859000000.0,5692000000.0,1628000000.0,0.776,3.825,6196000000.0,1202000000.0,4994000000.0,6196000000.0,0.0,328000000.0,0.0,0.028,1.4,2147000000.0,2475000000.0,0.285,2475000000.0,2147000000.0,1802000000.0,5.39,5.36,5.39,2563000000.0,2217750000.0,2563000000.0,20431290597.0,10.0,8.255,1097000000.0,3.632,1.0,2999000000.0,0.345,7336000000.0,345000000.0,7298000000.0,8239250000.0,871000000.0,0.0,0.0,0.0,9803000000.0,3075000000.0,6728000000.0,14978290597.0,680000000.0,2537000000.0,23000000.0,-2572000000.0,-426000000.0,-2987000000.0,2272000000.0,30000000.0,1396000000.0,-1000000.0,1628000000.0,1628000000.0,1628000000.0,-1036000000.0,0.0,0.187,1892000000.0,1107000000.0,1049000000.0,0.26,5.844,9.2,9.197,2368000000.0,0.0,49.57,1.723,1.722,575000000.0,3190000000.0,8691000000.0,8691000000.0,93000000.0,0.131,0.734,0.261,0.247,61000000.0,1569000000.0,1.0,302164426.0,302000000,304000000.0,28.778,5036000000.0,0.0,174000000.0,938000000.0,16.675,-690000000.0
2,CPB,MRY,2019-12-31,2019-07-28,2019-07-28,2021-09-23,-198000000.0,13148000000.0,13881750000.0,1967000000.0,11181000000.0,0.584,3.664,-384000000.0,31000000.0,31000000.0,5414000000.0,211000000.0,0.581,10.912,8474000000.0,1371000000.0,7103000000.0,8474000000.0,0.0,446000000.0,0.0,0.034,1.4,718000000.0,1164000000.0,0.144,1164000000.0,718000000.0,362000000.0,0.7,0.7,0.7,1103000000.0,1251500000.0,1103000000.0,21413100027.0,30.0,18.396,1014000000.0,3.369,1.0,2693000000.0,0.332,7432000000.0,356000000.0,10774000000.0,11303000000.0,863000000.0,0.0,0.0,0.0,12036000000.0,3385000000.0,8651000000.0,12335100027.0,-47000000.0,523000000.0,0.0,-1160000000.0,-423000000.0,-1591000000.0,153000000.0,0.0,1398000000.0,-7000000.0,211000000.0,211000000.0,211000000.0,263000000.0,0.0,0.026,1714000000.0,979000000.0,814000000.0,2.0,11.183,58.46,58.514,2455000000.0,0.0,40.96,1.522,1.521,574000000.0,1993000000.0,8107000000.0,8107000000.0,91000000.0,0.015,0.169,0.064,0.089,58000000.0,1452000000.0,1.0,301149903.0,301000000,302000000.0,26.934,5716000000.0,0.0,151000000.0,939000000.0,18.99,-1418000000.0
3,CPB,MRY,2018-12-31,2018-07-29,2018-07-29,2021-09-23,-118000000.0,14529000000.0,11294250000.0,2296000000.0,12233000000.0,0.586,4.532,-407000000.0,49000000.0,49000000.0,4241000000.0,261000000.0,0.639,9.645,9516000000.0,1525000000.0,7991000000.0,9516000000.0,0.0,394000000.0,0.0,0.034,1.4,550000000.0,944000000.0,0.143,944000000.0,550000000.0,367000000.0,0.87,0.86,0.87,1364000000.0,1597750000.0,1364000000.0,21952432051.0,40.0,23.255,898000000.0,2.983,1.0,2374000000.0,0.359,7528000000.0,183000000.0,12874000000.0,8838250000.0,887000000.0,0.0,0.0,0.0,13156000000.0,3594000000.0,9562000000.0,12308432051.0,-93000000.0,-6771000000.0,-86000000.0,6389000000.0,-426000000.0,5807000000.0,-7197000000.0,0.0,1305000000.0,-8000000.0,261000000.0,261000000.0,261000000.0,463000000.0,0.0,0.039,1364000000.0,1010000000.0,705000000.0,1.609,9.024,47.159,47.057,2466000000.0,0.0,40.94,1.861,1.863,563000000.0,2224000000.0,6615000000.0,6615000000.0,91000000.0,0.023,0.163,0.062,0.083,61000000.0,1291000000.0,1.0,300645629.0,301000000,302000000.0,21.977,7001000000.0,0.0,106000000.0,970000000.0,23.259,-1298000000.0
4,CPB,MRY,2017-12-31,2017-07-30,2017-07-30,2021-09-23,-53000000.0,7726000000.0,7696500000.0,1900000000.0,5826000000.0,0.758,5.367,-338000000.0,319000000.0,319000000.0,3395000000.0,887000000.0,0.793,3.715,3536000000.0,1037000000.0,2499000000.0,3536000000.0,0.0,318000000.0,0.0,0.026,1.4,1394000000.0,1712000000.0,0.293,1712000000.0,1394000000.0,1279000000.0,2.91,2.89,2.91,1637000000.0,1544250000.0,1637000000.0,19096007817.0,14.0,11.154,950000000.0,3.115,1.0,2442000000.0,0.418,3233000000.0,115000000.0,5315000000.0,5155000000.0,902000000.0,0.0,0.0,0.0,6081000000.0,2395000000.0,3686000000.0,16017007817.0,23000000.0,0.0,-435000000.0,-34000000.0,-420000000.0,-908000000.0,-368000000.0,0.0,1288000000.0,11000000.0,887000000.0,887000000.0,887000000.0,37000000.0,0.0,0.152,1011000000.0,1431000000.0,666000000.0,0.481,9.784,18.058,18.162,2454000000.0,0.0,52.85,2.744,2.762,605000000.0,2385000000.0,5837000000.0,5837000000.0,93000000.0,0.115,0.574,0.27,0.239,60000000.0,1123000000.0,1.0,303065427.0,305000000,307000000.0,19.138,4493000000.0,0.0,392000000.0,510000000.0,14.731,-495000000.0
5,CPB,MRY,2016-12-31,2016-07-31,2016-07-31,2021-09-23,-104000000.0,7837000000.0,8075250000.0,1908000000.0,5929000000.0,0.986,4.935,-336000000.0,296000000.0,296000000.0,5033000000.0,563000000.0,0.747,4.134,3533000000.0,1219000000.0,2314000000.0,3533000000.0,0.0,308000000.0,0.0,0.02,1.248,964000000.0,1272000000.0,0.16,1272000000.0,964000000.0,849000000.0,1.82,1.81,1.82,1525000000.0,1535250000.0,1525000000.0,22522450620.0,23.0,17.706,1155000000.0,3.738,1.0,2928000000.0,0.368,3415000000.0,115000000.0,5104000000.0,5444750000.0,940000000.0,0.0,0.0,0.0,6304000000.0,2555000000.0,3749000000.0,19219450620.0,43000000.0,0.0,-141000000.0,-547000000.0,-390000000.0,-1099000000.0,-354000000.0,0.0,1491000000.0,5000000.0,563000000.0,563000000.0,563000000.0,0.0,0.0,0.071,1968000000.0,960000000.0,610000000.0,0.686,12.603,34.138,34.214,2407000000.0,0.0,62.27,2.414,2.417,626000000.0,1927000000.0,7961000000.0,7961000000.0,105000000.0,0.07,0.367,0.177,0.121,64000000.0,1427000000.0,1.0,308647031.0,309000000,311000000.0,25.764,4422000000.0,0.0,286000000.0,418000000.0,14.311,-647000000.0
6,CPB,MRY,2015-12-31,2015-08-02,2015-08-02,2021-09-23,-168000000.0,8077000000.0,8009000000.0,2093000000.0,5984000000.0,1.009,4.426,-365000000.0,253000000.0,253000000.0,5300000000.0,666000000.0,0.746,4.852,4082000000.0,1543000000.0,2539000000.0,4082000000.0,0.0,303000000.0,0.0,0.025,1.248,1057000000.0,1360000000.0,0.168,1360000000.0,1057000000.0,949000000.0,2.13,2.13,2.13,1381000000.0,1530500000.0,1381000000.0,18866774829.0,18.0,13.873,841000000.0,2.696,1.0,2782000000.0,0.344,3549000000.0,108000000.0,5551000000.0,5471500000.0,995000000.0,0.0,0.0,0.0,6700000000.0,2806000000.0,3894000000.0,15311774829.0,21000000.0,-232000000.0,-235000000.0,91000000.0,-394000000.0,-550000000.0,-603000000.0,0.0,1206000000.0,-32000000.0,666000000.0,666000000.0,666000000.0,0.0,0.0,0.082,1728000000.0,1054000000.0,544000000.0,0.586,11.087,22.991,23.15,2347000000.0,0.0,49.31,1.895,1.904,647000000.0,1754000000.0,8082000000.0,8082000000.0,117000000.0,0.083,0.435,0.193,0.131,57000000.0,1485000000.0,1.0,310520682.0,312000000,313000000.0,25.904,4528000000.0,0.0,283000000.0,534000000.0,14.513,-713000000.0
7,CPB,MRY,2014-12-31,2014-08-03,2014-08-03,2021-09-23,-569000000.0,8113000000.0,8312750000.0,2100000000.0,6013000000.0,0.995,5.143,-325000000.0,232000000.0,232000000.0,5297000000.0,855000000.0,0.703,4.031,4015000000.0,1771000000.0,2244000000.0,4015000000.0,0.0,305000000.0,0.0,0.03,1.248,1362000000.0,1667000000.0,0.202,1667000000.0,1362000000.0,1240000000.0,2.76,2.74,2.76,1615000000.0,1494000000.0,1615000000.0,16943605154.0,12.0,10.164,574000000.0,1.828,1.0,2971000000.0,0.359,3608000000.0,122000000.0,5299000000.0,5403250000.0,1016000000.0,0.0,0.0,0.0,6510000000.0,2989000000.0,3521000000.0,13256605154.0,-169000000.0,191000000.0,-58000000.0,-494000000.0,-391000000.0,-925000000.0,-134000000.0,0.0,899000000.0,-9000000.0,866000000.0,866000000.0,866000000.0,-81000000.0,-11000000.0,0.105,1704000000.0,1267000000.0,527000000.0,0.452,8.208,15.308,15.301,2318000000.0,0.0,42.23,1.603,1.604,670000000.0,2198000000.0,8268000000.0,8268000000.0,122000000.0,0.104,0.58,0.252,0.165,57000000.0,1505000000.0,1.0,313914401.0,314000000,316000000.0,26.331,4505000000.0,0.0,374000000.0,585000000.0,14.347,-889000000.0
8,CPB,MRY,2013-12-31,2013-07-28,2013-07-28,2021-09-23,-565000000.0,8323000000.0,8529000000.0,2221000000.0,6102000000.0,0.944,3.876,-331000000.0,333000000.0,333000000.0,5140000000.0,449000000.0,0.677,5.845,4453000000.0,1909000000.0,2544000000.0,4453000000.0,0.0,407000000.0,0.0,0.031,1.45,868000000.0,1275000000.0,0.158,1275000000.0,868000000.0,733000000.0,1.46,1.44,1.46,1217000000.0,1198250000.0,1217000000.0,18539726348.0,21.0,14.541,688000000.0,2.191,1.0,2912000000.0,0.362,3318000000.0,135000000.0,5843000000.0,5884750000.0,925000000.0,0.0,0.0,0.0,7113000000.0,3282000000.0,3831000000.0,14739726348.0,66000000.0,-1806000000.0,-70000000.0,1675000000.0,-367000000.0,1237000000.0,-2154000000.0,0.0,1019000000.0,-36000000.0,458000000.0,458000000.0,458000000.0,231000000.0,-9000000.0,0.057,1832000000.0,1080000000.0,523000000.0,0.993,12.112,32.183,32.24,2260000000.0,0.0,47.07,1.831,1.836,635000000.0,1772000000.0,8052000000.0,8052000000.0,128000000.0,0.054,0.382,0.147,0.108,113000000.0,1624000000.0,1.0,313144813.0,314000000,317000000.0,25.643,5005000000.0,0.0,275000000.0,508000000.0,15.939,-1061000000.0
9,CPB,MRY,2012-12-31,2012-07-29,2012-07-29,2021-09-23,-776000000.0,6530000000.0,6658750000.0,1771000000.0,4759000000.0,1.078,2.833,-322000000.0,335000000.0,335000000.0,4365000000.0,764000000.0,0.856,6.272,2790000000.0,786000000.0,2004000000.0,2790000000.0,0.0,262000000.0,0.0,0.035,1.16,1213000000.0,1475000000.0,0.206,1475000000.0,1213000000.0,1099000000.0,2.43,2.41,2.43,898000000.0,1131500000.0,898000000.0,12839931195.0,11.0,8.705,798000000.0,2.517,1.0,2810000000.0,0.392,2509000000.0,114000000.0,4406000000.0,4576500000.0,714000000.0,0.0,0.0,0.0,5632000000.0,2070000000.0,3562000000.0,10465931195.0,-149000000.0,0.0,-300000000.0,-257000000.0,-373000000.0,-920000000.0,-323000000.0,0.0,1120000000.0,-26000000.0,774000000.0,774000000.0,774000000.0,-40000000.0,-10000000.0,0.108,1655000000.0,1155000000.0,571000000.0,0.477,11.655,13.522,13.63,2127000000.0,0.0,33.12,1.459,1.463,553000000.0,9584000000.0,7175000000.0,7175000000.0,116000000.0,0.116,0.684,0.265,0.169,79000000.0,1521000000.0,1.0,316000338.0,317000000,319000000.0,22.634,4021000000.0,0.0,325000000.0,320000000.0,12.685,-299000000.0
10,CPB,MRY,2011-12-31,2011-07-31,2011-07-31,2021-09-23,-427000000.0,6862000000.0,6740000000.0,1963000000.0,4899000000.0,1.06,3.337,-263000000.0,484000000.0,484000000.0,4255000000.0,802000000.0,0.987,5.3,3084000000.0,657000000.0,2427000000.0,3084000000.0,0.0,268000000.0,0.0,0.035,1.145,1278000000.0,1546000000.0,0.216,1546000000.0,1278000000.0,1156000000.0,2.44,2.42,2.44,1088000000.0,1035000000.0,1088000000.0,13264918130.0,10.0,8.58,879000000.0,2.696,1.0,2888000000.0,0.404,2660000000.0,122000000.0,4813000000.0,4666000000.0,767000000.0,0.0,0.0,0.0,5766000000.0,1989000000.0,3777000000.0,10608918130.0,230000000.0,0.0,-632000000.0,295000000.0,-378000000.0,-700000000.0,-261000000.0,0.0,1142000000.0,49000000.0,805000000.0,805000000.0,805000000.0,-53000000.0,-3000000.0,0.113,1676000000.0,1212000000.0,585000000.0,0.469,9.751,13.179,13.545,2103000000.0,0.0,33.05,1.485,1.508,560000000.0,9185000000.0,7143000000.0,7143000000.0,120000000.0,0.119,0.778,0.274,0.179,87000000.0,1486000000.0,1.0,320996010.0,326000000,329000000.0,21.911,4202000000.0,0.0,351000000.0,400000000.0,12.89,-26000000.0
11,CPB,MRY,2010-12-31,2010-08-01,2010-08-01,2021-09-23,-736000000.0,6276000000.0,6211250000.0,1687000000.0,4589000000.0,1.236,2.724,-302000000.0,254000000.0,254000000.0,4526000000.0,844000000.0,0.817,5.774,2780000000.0,835000000.0,1945000000.0,2780000000.0,0.0,251000000.0,0.0,0.03,1.075,1354000000.0,1605000000.0,0.209,1605000000.0,1354000000.0,1242000000.0,2.44,2.42,2.44,926000000.0,998500000.0,926000000.0,14596192158.0,11.0,9.094,755000000.0,2.221,1.0,3150000000.0,0.41,2428000000.0,112000000.0,4309000000.0,4381750000.0,724000000.0,0.0,0.0,0.0,5347000000.0,2065000000.0,3282000000.0,12189192158.0,203000000.0,0.0,-333000000.0,135000000.0,-365000000.0,-556000000.0,-300000000.0,0.0,1057000000.0,2000000.0,844000000.0,844000000.0,844000000.0,0.0,0.0,0.11,1802000000.0,1348000000.0,545000000.0,0.441,13.163,14.442,14.713,2051000000.0,0.0,35.9,1.588,1.59,512000000.0,8760000000.0,7676000000.0,7676000000.0,123000000.0,0.136,0.845,0.309,0.176,88000000.0,1663000000.0,1.0,339531815.0,340000000,343000000.0,22.576,3848000000.0,0.0,398000000.0,288000000.0,11.318,-378000000.0
12,CPB,MRY,2009-12-31,2009-08-02,2009-08-02,2021-09-23,-718000000.0,6056000000.0,6001250000.0,1551000000.0,4505000000.0,1.264,2.068,-344000000.0,51000000.0,51000000.0,4558000000.0,736000000.0,0.953,7.315,2624000000.0,378000000.0,2246000000.0,2624000000.0,0.0,264000000.0,0.0,0.032,1.0,1193000000.0,1457000000.0,0.192,1457000000.0,1193000000.0,1083000000.0,2.06,2.05,2.06,728000000.0,991500000.0,728000000.0,13391331514.0,11.0,9.191,822000000.0,2.335,1.0,3028000000.0,0.399,2423000000.0,110000000.0,4578000000.0,4434250000.0,824000000.0,0.0,0.0,0.0,5325000000.0,1628000000.0,3697000000.0,10870331514.0,-30000000.0,-28000000.0,-455000000.0,-20000000.0,-350000000.0,-814000000.0,-378000000.0,0.0,1166000000.0,-4000000.0,736000000.0,736000000.0,736000000.0,-4000000.0,0.0,0.097,1843000000.0,1185000000.0,569000000.0,0.485,14.932,14.769,15.063,1977000000.0,0.0,31.03,1.433,1.44,528000000.0,8288000000.0,7586000000.0,7586000000.0,114000000.0,0.123,0.742,0.269,0.157,84000000.0,1668000000.0,1.0,350316839.0,352000000,354000000.0,21.551,3633000000.0,0.0,347000000.0,251000000.0,10.321,-77000000.0
13,CPB,MRY,2008-12-31,2008-08-03,2008-08-03,2021-09-23,-136000000.0,6474000000.0,6728750000.0,1693000000.0,4781000000.0,1.189,3.534,-295000000.0,81000000.0,81000000.0,4827000000.0,1165000000.0,0.705,3.912,2615000000.0,982000000.0,1633000000.0,2615000000.0,0.0,294000000.0,0.0,0.025,0.88,1600000000.0,1894000000.0,0.237,1894000000.0,1600000000.0,1433000000.0,3.06,3.03,3.06,1318000000.0,1578500000.0,1318000000.0,15384932955.0,10.0,8.123,471000000.0,1.263,1.0,3171000000.0,0.396,2603000000.0,167000000.0,4002000000.0,4371000000.0,829000000.0,0.0,0.0,0.0,5156000000.0,2403000000.0,2753000000.0,13318932955.0,10000000.0,819000000.0,-856000000.0,-123000000.0,-329000000.0,-1300000000.0,531000000.0,0.0,766000000.0,13000000.0,1165000000.0,1165000000.0,1165000000.0,-494000000.0,0.0,0.146,2073000000.0,1098000000.0,655000000.0,0.288,10.105,11.433,11.716,1939000000.0,0.0,35.85,1.665,1.672,570000000.0,7909000000.0,7998000000.0,7998000000.0,115000000.0,0.173,0.738,0.366,0.2,88000000.0,1770000000.0,1.0,371518353.0,373000000,377000000.0,21.442,3871000000.0,0.0,268000000.0,9000000.0,10.378,-710000000.0
14,CPB,MRY,2007-12-31,2007-07-29,2007-07-29,2021-09-23,-123000000.0,6445000000.0,6827000000.0,1578000000.0,4867000000.0,1.082,3.355,-311000000.0,71000000.0,71000000.0,4384000000.0,854000000.0,0.777,3.977,2669000000.0,595000000.0,2074000000.0,2669000000.0,0.0,283000000.0,0.0,0.021,0.8,1324000000.0,1607000000.0,0.218,1607000000.0,1324000000.0,1161000000.0,2.21,2.16,2.21,1295000000.0,1408750000.0,1295000000.0,16867273573.0,13.0,10.496,363000000.0,0.94,1.0,3001000000.0,0.406,2487000000.0,163000000.0,4526000000.0,4609250000.0,775000000.0,0.0,0.0,0.0,5150000000.0,2030000000.0,3120000000.0,14525273573.0,-586000000.0,906000000.0,-975000000.0,-605000000.0,-308000000.0,-1863000000.0,603000000.0,0.0,674000000.0,0.0,854000000.0,854000000.0,854000000.0,-62000000.0,0.0,0.116,1788000000.0,1213000000.0,694000000.0,0.362,11.216,17.009,16.964,2042000000.0,0.0,37.49,1.967,1.96,581000000.0,7082000000.0,7385000000.0,7385000000.0,111000000.0,0.125,0.606,0.287,0.179,83000000.0,1677000000.0,1.0,387443947.0,386000000,396000000.0,19.132,3958000000.0,0.0,307000000.0,42000000.0,10.254,-452000000.0
15,CPB,MRY,2006-12-31,2006-07-30,2006-07-30,2021-09-23,4000000.0,7745000000.0,7326750000.0,2112000000.0,5633000000.0,0.941,4.344,-307000000.0,657000000.0,657000000.0,4100000000.0,766000000.0,0.733,3.381,3213000000.0,1097000000.0,2116000000.0,3213000000.0,0.0,289000000.0,0.0,0.02,0.72,1158000000.0,1447000000.0,0.21,1447000000.0,1158000000.0,993000000.0,1.88,1.85,1.88,1768000000.0,1670500000.0,1768000000.0,17559227042.0,15.0,12.135,919000000.0,2.258,1.0,2794000000.0,0.405,2361000000.0,165000000.0,5059000000.0,4534750000.0,728000000.0,0.0,0.0,0.0,5977000000.0,2881000000.0,3096000000.0,15142227042.0,617000000.0,0.0,-270000000.0,233000000.0,-292000000.0,-318000000.0,-294000000.0,0.0,1226000000.0,3000000.0,766000000.0,766000000.0,766000000.0,-46000000.0,0.0,0.111,1688000000.0,1106000000.0,691000000.0,0.383,8.565,19.768,19.559,1954000000.0,0.0,36.77,2.196,2.171,494000000.0,6539000000.0,6894000000.0,6894000000.0,103000000.0,0.105,0.459,0.255,0.168,85000000.0,1585000000.0,1.0,411809275.0,407000000,414000000.0,16.939,5384000000.0,0.0,227000000.0,121000000.0,13.229,-769000000.0
16,CPB,MRY,2005-12-31,2005-07-31,2005-07-31,2021-09-23,-223000000.0,6776000000.0,6972750000.0,1483000000.0,5293000000.0,1.014,3.105,-321000000.0,40000000.0,40000000.0,4179000000.0,707000000.0,0.741,4.335,2993000000.0,451000000.0,2542000000.0,2993000000.0,0.0,279000000.0,0.0,0.022,0.68,1199000000.0,1478000000.0,0.209,1478000000.0,1199000000.0,1015000000.0,1.73,1.71,1.73,1270000000.0,1273500000.0,1270000000.0,15635507304.0,13.0,10.579,669000000.0,1.636,1.0,2893000000.0,0.409,3009000000.0,184000000.0,4718000000.0,4786500000.0,753000000.0,0.0,0.0,0.0,5506000000.0,2002000000.0,3504000000.0,12679507304.0,8000000.0,0.0,-39000000.0,-354000000.0,-275000000.0,-668000000.0,-314000000.0,0.0,990000000.0,0.0,707000000.0,707000000.0,707000000.0,-63000000.0,0.0,0.1,1766000000.0,1127000000.0,624000000.0,0.393,9.984,17.934,17.832,1987000000.0,0.0,30.85,1.793,1.784,509000000.0,6069000000.0,7072000000.0,7072000000.0,93000000.0,0.101,0.555,0.25,0.17,28000000.0,1673000000.0,1.0,411005099.0,409000000,413000000.0,17.291,3767000000.0,0.0,308000000.0,251000000.0,9.21,-519000000.0
17,CPB,MRY,2004-12-31,2004-08-01,2004-08-01,2021-09-23,-204000000.0,6662000000.0,6661000000.0,1468000000.0,5194000000.0,1.0,2.137,-266000000.0,32000000.0,32000000.0,3902000000.0,647000000.0,0.631,6.622,3353000000.0,810000000.0,2543000000.0,3353000000.0,0.0,260000000.0,0.0,0.025,0.63,1109000000.0,1369000000.0,0.206,1369000000.0,1109000000.0,935000000.0,1.58,1.57,1.58,874000000.0,808250000.0,874000000.0,13788381522.0,12.0,10.072,478000000.0,1.169,1.0,2758000000.0,0.414,2995000000.0,174000000.0,4662000000.0,4645000000.0,782000000.0,0.0,0.0,0.0,5788000000.0,2326000000.0,3462000000.0,10504381522.0,0.0,-9000000.0,-31000000.0,-185000000.0,-259000000.0,-475000000.0,-275000000.0,0.0,744000000.0,6000000.0,647000000.0,647000000.0,647000000.0,-65000000.0,0.0,0.097,1733000000.0,1025000000.0,607000000.0,0.399,12.019,16.236,16.196,1901000000.0,0.0,25.59,1.577,1.572,490000000.0,5642000000.0,6660000000.0,6660000000.0,88000000.0,0.097,0.8,0.239,0.167,18000000.0,1619000000.0,1.0,410487750.0,409000000,412000000.0,16.284,3667000000.0,0.0,288000000.0,250000000.0,8.966,-858000000.0
18,CPB,MRY,2003-12-31,2003-08-03,2003-08-03,2021-09-23,-316000000.0,6205000000.0,6214250000.0,1290000000.0,4915000000.0,1.075,0.942,-261000000.0,32000000.0,32000000.0,3805000000.0,595000000.0,0.464,15.034,3528000000.0,1279000000.0,2249000000.0,3528000000.0,0.0,243000000.0,0.0,0.026,0.63,1079000000.0,1322000000.0,0.198,1322000000.0,1079000000.0,893000000.0,1.45,1.45,1.45,387000000.0,245250000.0,387000000.0,13306154507.0,12.0,10.065,612000000.0,1.489,1.0,2873000000.0,0.43,2821000000.0,186000000.0,4097000000.0,4007750000.0,709000000.0,0.0,0.0,0.0,5818000000.0,2783000000.0,3035000000.0,9799154507.0,11000000.0,-167000000.0,-7000000.0,-166000000.0,-259000000.0,-432000000.0,-432000000.0,0.0,873000000.0,2000000.0,595000000.0,595000000.0,595000000.0,0.0,0.0,0.089,1740000000.0,1133000000.0,620000000.0,0.434,25.321,16.469,16.462,1843000000.0,0.0,23.87,1.467,1.469,413000000.0,5254000000.0,6678000000.0,6678000000.0,88000000.0,0.096,2.426,0.269,0.162,0.0,1652000000.0,1.0,410521764.0,411000000,411000000.0,16.248,3384000000.0,0.0,298000000.0,217000000.0,8.234,-1493000000.0
19,CPB,MRY,2002-12-31,2002-07-28,2002-07-28,2021-09-23,-481000000.0,5721000000.0,5950750000.0,1199000000.0,4522000000.0,1.031,-0.278,-264000000.0,21000000.0,21000000.0,3443000000.0,525000000.0,0.448,-51.184,3645000000.0,1196000000.0,2449000000.0,3645000000.0,0.0,319000000.0,0.0,0.028,0.63,988000000.0,1307000000.0,0.213,1307000000.0,988000000.0,798000000.0,1.28,1.28,1.28,-114000000.0,-46500000.0,-114000000.0,12796502902.0,13.0,9.791,753000000.0,1.837,1.0,2690000000.0,0.439,2534000000.0,190000000.0,4133000000.0,4522750000.0,638000000.0,0.0,0.0,0.0,5835000000.0,2678000000.0,3157000000.0,9229502902.0,-3000000.0,-12000000.0,9000000.0,-443000000.0,-286000000.0,-726000000.0,-288000000.0,-12000000.0,1017000000.0,-6000000.0,525000000.0,525000000.0,525000000.0,0.0,0.0,0.086,1607000000.0,1083000000.0,612000000.0,0.492,-80.961,17.58,17.578,1684000000.0,0.0,22.5,1.505,1.504,417000000.0,4918000000.0,6133000000.0,6133000000.0,79000000.0,0.088,-11.29,0.218,0.161,0.0,1527000000.0,1.0,410200129.0,410000000,411000000.0,14.959,3187000000.0,0.0,273000000.0,233000000.0,7.773,-1479000000.0
20,CPB,MRY,2001-12-31,2001-07-29,2001-07-29,2021-09-23,-324000000.0,5927000000.0,5271750000.0,1203000000.0,4724000000.0,1.095,-0.597,-192000000.0,24000000.0,24000000.0,3132000000.0,649000000.0,0.386,-24.996,4049000000.0,1806000000.0,2243000000.0,4049000000.0,0.0,266000000.0,0.0,0.033,0.9,1206000000.0,1472000000.0,0.255,1472000000.0,1206000000.0,987000000.0,1.57,1.55,1.57,-247000000.0,-132250000.0,-247000000.0,14166632444.0,12.0,9.624,914000000.0,2.208,1.0,2639000000.0,0.457,2451000000.0,219000000.0,4381000000.0,3959250000.0,597000000.0,0.0,0.0,0.0,6174000000.0,3120000000.0,3054000000.0,11056632444.0,-3000000.0,-911000000.0,-594000000.0,983000000.0,-374000000.0,15000000.0,-1122000000.0,-19000000.0,1106000000.0,-2000000.0,649000000.0,649000000.0,649000000.0,0.0,0.0,0.112,1445000000.0,1194000000.0,582000000.0,0.573,-44.764,17.036,17.204,1637000000.0,0.0,27.01,1.916,1.938,442000000.0,4651000000.0,5771000000.0,5771000000.0,64000000.0,0.123,-4.907,0.305,0.209,0.0,1293000000.0,1.0,409353293.0,414000000,418000000.0,13.94,3476000000.0,0.0,338000000.0,190000000.0,8.396,-1917000000.0
21,CPB,MRY,2000-12-31,2000-07-30,2000-07-30,2021-09-23,-227000000.0,5196000000.0,5424250000.0,1168000000.0,4028000000.0,1.037,0.322,-193000000.0,27000000.0,27000000.0,3088000000.0,714000000.0,0.385,36.927,3091000000.0,1873000000.0,1218000000.0,3091000000.0,0.0,251000000.0,0.0,0.034,0.9,1275000000.0,1526000000.0,0.271,1526000000.0,1275000000.0,1077000000.0,1.68,1.65,1.68,137000000.0,198250000.0,137000000.0,14257303021.0,11.0,9.343,972000000.0,2.287,1.0,2538000000.0,0.451,1767000000.0,198000000.0,3461000000.0,3629750000.0,571000000.0,0.0,0.0,0.0,5059000000.0,3032000000.0,2027000000.0,11134303021.0,21000000.0,11000000.0,-374000000.0,-185000000.0,-384000000.0,-943000000.0,-204000000.0,0.0,1165000000.0,3000000.0,714000000.0,714000000.0,714000000.0,0.0,0.0,0.127,1273000000.0,1265000000.0,509000000.0,0.536,81.272,15.594,15.738,1644000000.0,0.0,26.44,1.979,1.997,443000000.0,4373000000.0,5626000000.0,5626000000.0,64000000.0,0.132,3.602,0.351,0.227,0.0,1120000000.0,1.0,421115848.0,425000000,432000000.0,13.238,3429000000.0,0.0,363000000.0,195000000.0,8.068,-1864000000.0
22,CPB,MRY,1999-12-31,1999-08-01,1999-08-01,2021-09-23,-150000000.0,5522000000.0,5773500000.0,1294000000.0,4228000000.0,1.148,0.533,-288000000.0,6000000.0,6000000.0,3252000000.0,724000000.0,0.411,22.498,3317000000.0,1987000000.0,1330000000.0,3317000000.0,0.0,255000000.0,0.0,0.02,0.885,1281000000.0,1536000000.0,0.232,1536000000.0,1281000000.0,1097000000.0,1.64,1.63,1.64,235000000.0,569250000.0,235000000.0,22276493244.0,17.0,14.503,666000000.0,1.51,1.0,3374000000.0,0.509,1910000000.0,184000000.0,3777000000.0,3866000000.0,615000000.0,0.0,0.0,0.0,5287000000.0,3146000000.0,2141000000.0,19103493244.0,-10000000.0,-2000000.0,-991000000.0,741000000.0,-386000000.0,-636000000.0,-322000000.0,0.0,954000000.0,-6000000.0,724000000.0,724000000.0,724000000.0,0.0,0.0,0.109,2104000000.0,1270000000.0,511000000.0,0.54,81.291,26.386,26.829,1726000000.0,0.0,44.0,2.883,2.928,541000000.0,4041000000.0,6626000000.0,6626000000.0,66000000.0,0.125,1.272,0.331,0.193,0.0,1938000000.0,1.0,434170301.0,441000000,445000000.0,15.025,3612000000.0,0.0,373000000.0,136000000.0,8.19,-1852000000.0
23,CPB,MRY,1998-12-31,1998-08-02,1998-08-02,2021-09-23,-164000000.0,5633000000.0,6377750000.0,1440000000.0,4193000000.0,1.05,1.925,-108000000.0,16000000.0,16000000.0,3233000000.0,660000000.0,0.514,5.445,2570000000.0,1401000000.0,1169000000.0,2570000000.0,0.0,261000000.0,0.0,0.015,0.823,1233000000.0,1494000000.0,0.223,1494000000.0,1233000000.0,1044000000.0,1.46,1.44,1.46,874000000.0,1199750000.0,874000000.0,27075669678.0,22.0,18.123,832000000.0,1.833,1.0,3463000000.0,0.517,1904000000.0,189000000.0,3480000000.0,4147000000.0,564000000.0,0.0,0.0,0.0,4759000000.0,2803000000.0,1956000000.0,24249669678.0,-1000000.0,-278000000.0,-605000000.0,-71000000.0,-367000000.0,-1043000000.0,-391000000.0,0.0,940000000.0,-18000000.0,660000000.0,660000000.0,660000000.0,18000000.0,0.0,0.099,2215000000.0,1248000000.0,506000000.0,0.564,27.746,36.742,36.986,1723000000.0,0.0,54.0,3.622,3.661,656000000.0,3706000000.0,6696000000.0,6696000000.0,71000000.0,0.103,0.55,0.297,0.184,0.0,1818000000.0,1.0,449067957.0,454000000,460000000.0,14.749,3729000000.0,0.0,384000000.0,163000000.0,8.214,-1363000000.0
24,CPB,MRY,1997-12-31,1997-08-03,1997-08-03,2021-09-23,-50000000.0,6196000000.0,6414000000.0,1288000000.0,4908000000.0,1.031,3.008,-211000000.0,17000000.0,17000000.0,3412000000.0,713000000.0,0.465,3.363,2657000000.0,1506000000.0,1151000000.0,2657000000.0,0.0,283000000.0,0.0,0.015,0.75,1236000000.0,1519000000.0,0.23,1519000000.0,1236000000.0,1070000000.0,1.51,1.49,1.51,1420000000.0,2081000000.0,1420000000.0,26310246568.0,21.0,17.321,798000000.0,1.691,1.0,3202000000.0,0.484,1710000000.0,166000000.0,4357000000.0,4263500000.0,598000000.0,0.0,0.0,0.0,4776000000.0,2769000000.0,2007000000.0,23632246568.0,-11000000.0,-21000000.0,-1590000000.0,1030000000.0,-350000000.0,-910000000.0,-228000000.0,0.0,1009000000.0,13000000.0,713000000.0,713000000.0,713000000.0,-79000000.0,0.0,0.108,2053000000.0,1149000000.0,485000000.0,0.497,16.642,33.145,34.026,2044000000.0,0.0,51.38,3.573,3.667,523000000.0,3571000000.0,6614000000.0,6614000000.0,68000000.0,0.111,0.343,0.29,0.187,0.0,1641000000.0,1.0,459950303.0,472000000,478000000.0,14.013,4486000000.0,0.0,357000000.0,137000000.0,9.504,-1481000000.0
25,CPB,MRY,1996-12-31,1996-07-26,1996-07-26,2021-09-23,62000000.0,6632000000.0,,1618000000.0,5014000000.0,,5.506,-328000000.0,34000000.0,34000000.0,3455000000.0,802000000.0,0.726,1.419,1609000000.0,865000000.0,744000000.0,1609000000.0,0.0,280000000.0,0.0,0.02,0.672,1281000000.0,1561000000.0,0.247,1561000000.0,1281000000.0,1156000000.0,1.61,1.59,1.61,2742000000.0,,2742000000.0,,,,734000000.0,1.474,1.0,2869000000.0,0.454,1808000000.0,125000000.0,4170000000.0,,739000000.0,0.0,0.0,0.0,3890000000.0,2229000000.0,1661000000.0,,-23000000.0,-109000000.0,-180000000.0,-111000000.0,-338000000.0,-629000000.0,-557000000.0,0.0,1062000000.0,8000000.0,802000000.0,802000000.0,802000000.0,-84000000.0,0.0,0.127,1678000000.0,1191000000.0,568000000.0,0.417,,,20.769,2681000000.0,0.0,33.438,,2.633,618000000.0,3211000000.0,6324000000.0,6324000000.0,76000000.0,,,,0.203,0.0,1530000000.0,1.0,,498000000,503000000.0,12.699,4824000000.0,0.0,354000000.0,117000000.0,9.687,-611000000.0
26,CPB,MRY,1995-12-31,1995-08-03,1995-08-03,2021-09-23,,,,,,,,-370000000.0,,,4255000000.0,698000000.0,,,,,,,,294000000.0,,0.026,0.605,1157000000.0,1451000000.0,0.2,1451000000.0,1157000000.0,1042000000.0,1.4,,1.4,,,,,,,815000000.0,1.637,1.0,2995000000.0,0.413,,115000000.0,,,,,,,,,,,-43000000.0,-1243000000.0,13000000.0,708000000.0,-295000000.0,426000000.0,-1658000000.0,0.0,1185000000.0,4000000.0,698000000.0,698000000.0,698000000.0,0.0,0.0,0.096,1848000000.0,1147000000.0,,0.432,,,16.518,,0.0,23.125,,1.588,,,7250000000.0,7250000000.0,88000000.0,,,,0.16,0.0,1697000000.0,1.0,,498000000,,14.558,,,344000000.0,,,
0,CPB,MRQ,2021-06-30,2021-08-01,2021-08-01,2021-09-23,5000000.0,11734000000.0,,1695000000.0,10039000000.0,,10.403,-85000000.0,69000000.0,69000000.0,1286000000.0,288000000.0,0.934,2.722,5058000000.0,48000000.0,5010000000.0,5058000000.0,0.0,84000000.0,0.0,0.033,0.37,411000000.0,495000000.0,0.264,495000000.0,411000000.0,364000000.0,0.95,0.95,0.95,3152000000.0,,3152000000.0,18241411055.0,12.0,9.823,69000000.0,0.228,1.0,587000000.0,0.313,7220000000.0,47000000.0,7689000000.0,,933000000.0,0.0,0.0,0.0,8580000000.0,1814000000.0,6766000000.0,13249411055.0,-140000000.0,103000000.0,-36000000.0,-165000000.0,-112000000.0,-313000000.0,19000000.0,0.0,154000000.0,0.0,288000000.0,288000000.0,288000000.0,0.0,0.0,0.154,176000000.0,411000000.0,1070000000.0,0.389,4.203,13.223,13.208,2370000000.0,0.0,43.72,1.563,1.563,595000000.0,3742000000.0,1873000000.0,1873000000.0,23000000.0,,,,,13000000.0,321000000.0,1.0,303051488.0,303000000,305000000.0,6.182,4514000000.0,0.0,76000000.0,1056000000.0,14.898,-119000000.0
1,CPB,MRQ,2021-03-31,2021-05-02,2021-05-02,2021-09-23,2000000.0,11730000000.0,,1863000000.0,9867000000.0,,9.878,-58000000.0,209000000.0,209000000.0,1356000000.0,160000000.0,0.943,2.918,5201000000.0,204000000.0,4997000000.0,5201000000.0,0.0,79000000.0,0.0,0.03,0.37,266000000.0,345000000.0,0.174,345000000.0,266000000.0,213000000.0,0.53,0.52,0.53,2993000000.0,,2993000000.0,19543696462.0,15.0,12.086,212000000.0,0.7,1.0,628000000.0,0.317,7232000000.0,53000000.0,7515000000.0,,860000000.0,0.0,0.0,0.0,8735000000.0,1975000000.0,6760000000.0,14468696462.0,-737000000.0,1000000.0,2000000.0,-840000000.0,-112000000.0,-951000000.0,-57000000.0,0.0,270000000.0,1000000.0,160000000.0,160000000.0,160000000.0,6000000.0,0.0,0.081,356000000.0,272000000.0,1086000000.0,0.698,4.834,18.086,18.087,2313000000.0,0.0,47.75,1.661,1.661,580000000.0,3564000000.0,1984000000.0,1984000000.0,22000000.0,,,,,17000000.0,355000000.0,1.0,303009350.0,303000000,305000000.0,6.548,4498000000.0,0.0,53000000.0,1000000000.0,14.845,-112000000.0
2,CPB,MRQ,2020-12-31,2021-01-31,2021-01-31,2021-09-23,-5000000.0,12498000000.0,,2535000000.0,9963000000.0,,9.644,-58000000.0,946000000.0,946000000.0,1496000000.0,245000000.0,0.905,3.276,6021000000.0,1025000000.0,4996000000.0,6021000000.0,0.0,78000000.0,0.0,0.03,0.37,402000000.0,480000000.0,0.211,480000000.0,402000000.0,347000000.0,0.81,0.8,0.81,2922000000.0,,2922000000.0,19932683180.0,15.0,12.259,373000000.0,1.231,1.0,783000000.0,0.344,7320000000.0,55000000.0,7452000000.0,,815000000.0,0.0,0.0,0.0,9573000000.0,2801000000.0,6772000000.0,14574683180.0,224000000.0,3000000.0,0.0,-53000000.0,-107000000.0,-160000000.0,-48000000.0,0.0,431000000.0,1000000.0,245000000.0,245000000.0,245000000.0,0.0,0.0,0.108,382000000.0,401000000.0,1026000000.0,0.457,4.988,18.038,18.019,2329000000.0,0.0,48.11,1.626,1.626,702000000.0,3517000000.0,2279000000.0,2279000000.0,19000000.0,,,,,18000000.0,390000000.0,1.0,302944984.0,303000000,305000000.0,7.521,5178000000.0,0.0,102000000.0,999000000.0,17.089,-266000000.0
3,CPB,MRQ,2020-09-30,2020-11-01,2020-11-01,2021-09-23,-9000000.0,12417000000.0,,2463000000.0,9954000000.0,,9.169,-74000000.0,722000000.0,722000000.0,1527000000.0,309000000.0,0.848,3.483,6080000000.0,1084000000.0,4996000000.0,6080000000.0,0.0,76000000.0,0.0,0.03,0.35,461000000.0,537000000.0,0.229,537000000.0,461000000.0,406000000.0,1.02,1.02,1.02,2769000000.0,,2769000000.0,19443993497.0,8.0,7.43,106000000.0,0.351,1.0,813000000.0,0.347,7327000000.0,55000000.0,7542000000.0,,910000000.0,0.0,0.0,0.0,9644000000.0,2906000000.0,6738000000.0,14106993497.0,-137000000.0,2000000.0,0.0,-123000000.0,-108000000.0,-245000000.0,-72000000.0,0.0,180000000.0,0.0,309000000.0,309000000.0,309000000.0,0.0,0.0,0.132,352000000.0,461000000.0,1049000000.0,0.343,5.095,7.966,7.964,2352000000.0,0.0,46.67,1.594,1.593,765000000.0,3387000000.0,2340000000.0,2340000000.0,20000000.0,,,,,16000000.0,349000000.0,1.0,302271127.0,302000000,304000000.0,7.748,5090000000.0,0.0,97000000.0,1025000000.0,16.854,-443000000.0
4,CPB,MRQ,2020-06-30,2020-08-02,2020-08-02,2021-09-23,-10000000.0,12372000000.0,,2385000000.0,9987000000.0,,8.487,-79000000.0,859000000.0,859000000.0,1361000000.0,86000000.0,0.776,3.825,6196000000.0,1202000000.0,4994000000.0,6196000000.0,0.0,87000000.0,0.0,0.028,0.35,168000000.0,255000000.0,0.121,255000000.0,168000000.0,107000000.0,0.28,0.29,0.28,2563000000.0,,2563000000.0,20431290597.0,10.0,8.255,192000000.0,0.636,1.0,747000000.0,0.354,7336000000.0,61000000.0,7298000000.0,,871000000.0,0.0,0.0,0.0,9803000000.0,3075000000.0,6728000000.0,14978290597.0,-383000000.0,2000000.0,0.0,-501000000.0,-106000000.0,-609000000.0,-46000000.0,30000000.0,271000000.0,1000000.0,86000000.0,86000000.0,86000000.0,0.0,0.0,0.041,580000000.0,167000000.0,1049000000.0,1.25,5.844,9.2,9.197,2368000000.0,0.0,49.57,1.723,1.722,575000000.0,3190000000.0,2108000000.0,2108000000.0,24000000.0,,,,,14000000.0,451000000.0,1.0,302164426.0,302000000,304000000.0,6.98,5036000000.0,0.0,21000000.0,938000000.0,16.675,-690000000.0
5,CPB,MRQ,2020-03-31,2020-04-26,2020-04-26,2021-09-23,-7000000.0,12718000000.0,,2746000000.0,9972000000.0,,8.526,-53000000.0,1242000000.0,1242000000.0,1466000000.0,168000000.0,0.84,3.937,6695000000.0,1504000000.0,5191000000.0,6695000000.0,0.0,79000000.0,0.0,0.028,0.35,275000000.0,354000000.0,0.158,354000000.0,275000000.0,220000000.0,0.56,0.55,0.56,2575000000.0,,2575000000.0,21076539617.0,10.0,8.789,409000000.0,1.354,1.0,772000000.0,0.345,7343000000.0,55000000.0,7559000000.0,,731000000.0,0.0,0.0,0.0,10137000000.0,3269000000.0,6868000000.0,15313539617.0,1184000000.0,3000000.0,19000000.0,863000000.0,-107000000.0,774000000.0,-50000000.0,0.0,462000000.0,-2000000.0,168000000.0,168000000.0,168000000.0,-2000000.0,0.0,0.075,499000000.0,273000000.0,993000000.0,0.625,5.947,9.983,9.99,2340000000.0,0.0,50.75,1.831,1.833,662000000.0,3212000000.0,2238000000.0,2238000000.0,25000000.0,,,,,14000000.0,393000000.0,1.0,301744623.0,302000000,304000000.0,7.411,5375000000.0,0.0,52000000.0,1004000000.0,17.798,-523000000.0
6,CPB,MRQ,2019-12-31,2020-01-26,2020-01-26,2021-09-23,5000000.0,11654000000.0,,1556000000.0,10098000000.0,,8.258,-69000000.0,58000000.0,58000000.0,1420000000.0,1208000000.0,0.614,3.671,5821000000.0,902000000.0,4919000000.0,5821000000.0,0.0,81000000.0,0.0,0.029,0.35,1390000000.0,1471000000.0,0.68,1471000000.0,1390000000.0,1241000000.0,4.0,3.97,4.0,2494000000.0,,2494000000.0,22993764380.0,12.0,9.751,412000000.0,1.364,1.0,742000000.0,0.343,7361000000.0,149000000.0,7520000000.0,,779000000.0,0.0,0.0,0.0,9155000000.0,2536000000.0,6619000000.0,14717764380.0,-118000000.0,2165000000.0,3000000.0,-2596000000.0,-106000000.0,-2699000000.0,2099000000.0,0.0,481000000.0,1000000.0,1208000000.0,1208000000.0,1208000000.0,-1037000000.0,0.0,0.559,392000000.0,350000000.0,923000000.0,0.087,5.901,10.15,10.165,2336000000.0,0.0,48.79,1.822,1.824,660000000.0,3151000000.0,2162000000.0,2162000000.0,22000000.0,,,,,19000000.0,385000000.0,1.0,301655347.0,302000000,304000000.0,7.159,4293000000.0,0.0,33000000.0,959000000.0,14.215,-980000000.0
7,CPB,MRQ,2019-09-30,2019-10-27,2019-10-27,2021-09-23,-126000000.0,13110000000.0,,2053000000.0,11057000000.0,,4.116,-98000000.0,61000000.0,61000000.0,1445000000.0,166000000.0,0.598,9.573,8337000000.0,1631000000.0,6706000000.0,8337000000.0,0.0,81000000.0,0.0,0.03,0.35,314000000.0,395000000.0,0.181,395000000.0,314000000.0,234000000.0,0.55,0.55,0.55,1239000000.0,,1239000000.0,22436131201.0,32.0,20.471,84000000.0,0.279,1.0,738000000.0,0.338,7371000000.0,80000000.0,10580000000.0,,887000000.0,0.0,0.0,0.0,11861000000.0,3435000000.0,8426000000.0,13993131201.0,-3000000.0,367000000.0,1000000.0,-338000000.0,-107000000.0,-453000000.0,269000000.0,0.0,182000000.0,-1000000.0,166000000.0,166000000.0,166000000.0,3000000.0,0.0,0.076,421000000.0,317000000.0,890000000.0,0.636,11.294,76.465,77.433,2352000000.0,0.0,46.46,1.73,1.729,729000000.0,2050000000.0,2183000000.0,2183000000.0,22000000.0,,,,,14000000.0,340000000.0,1.0,301186638.0,301000000,303000000.0,7.252,5739000000.0,0.0,68000000.0,998000000.0,19.066,-1382000000.0
8,CPB,MRQ,2019-06-30,2019-07-28,2019-07-28,2021-09-23,-198000000.0,13148000000.0,,1967000000.0,11181000000.0,,3.664,-110000000.0,31000000.0,31000000.0,1174000000.0,-8000000.0,0.581,10.912,8474000000.0,1371000000.0,7103000000.0,8474000000.0,0.0,97000000.0,0.0,0.034,0.35,81000000.0,178000000.0,0.1,178000000.0,81000000.0,-4000000.0,-0.03,-0.03,-0.03,1103000000.0,,1103000000.0,21413100027.0,30.0,18.396,140000000.0,0.465,1.0,606000000.0,0.34,7432000000.0,85000000.0,10774000000.0,,863000000.0,0.0,0.0,0.0,12036000000.0,3385000000.0,8651000000.0,12335100027.0,-27000000.0,485000000.0,0.0,-545000000.0,-105000000.0,-650000000.0,375000000.0,0.0,250000000.0,-2000000.0,-8000000.0,-8000000.0,-8000000.0,3000000.0,0.0,-0.004,523000000.0,83000000.0,814000000.0,-11.667,11.183,58.46,58.514,2455000000.0,0.0,40.96,1.522,1.521,574000000.0,1993000000.0,1780000000.0,1780000000.0,25000000.0,,,,,13000000.0,361000000.0,1.0,301149903.0,301000000,302000000.0,5.914,5716000000.0,0.0,4000000.0,939000000.0,18.99,-1418000000.0
9,CPB,MRQ,2019-03-31,2019-04-28,2019-04-28,2021-09-23,-174000000.0,13768000000.0,,2161000000.0,11607000000.0,,4.08,-76000000.0,202000000.0,202000000.0,1298000000.0,84000000.0,0.615,10.204,9280000000.0,1773000000.0,7507000000.0,9280000000.0,0.0,108000000.0,0.0,0.036,0.35,206000000.0,314000000.0,0.161,314000000.0,206000000.0,117000000.0,0.28,0.28,0.28,1228000000.0,,1228000000.0,20889199597.0,26.0,16.269,226000000.0,0.751,1.0,655000000.0,0.335,8289000000.0,89000000.0,11046000000.0,,884000000.0,0.0,0.0,0.0,12531000000.0,3511000000.0,9020000000.0,11635199597.0,3000000.0,54000000.0,0.0,-171000000.0,-106000000.0,-278000000.0,-19000000.0,0.0,302000000.0,-2000000.0,84000000.0,84000000.0,84000000.0,39000000.0,0.0,0.043,410000000.0,245000000.0,841000000.0,1.25,9.475,37.173,37.154,2769000000.0,0.0,38.64,1.616,1.616,753000000.0,2107000000.0,1953000000.0,1953000000.0,23000000.0,,,,,14000000.0,365000000.0,1.0,301118002.0,301000000,302000000.0,6.488,5479000000.0,0.0,33000000.0,1008000000.0,18.203,-1350000000.0
10,CPB,MRQ,2018-12-31,2019-01-27,2019-01-27,2021-09-23,-143000000.0,14024000000.0,,2295000000.0,11729000000.0,,4.216,-87000000.0,203000000.0,203000000.0,1466000000.0,-59000000.0,0.696,10.044,9457000000.0,1454000000.0,8003000000.0,9457000000.0,0.0,119000000.0,0.0,0.041,0.35,90000000.0,209000000.0,0.096,209000000.0,90000000.0,-1000000.0,-0.2,-0.2,-0.2,1269000000.0,,1269000000.0,19948233782.0,68.0,25.94,528000000.0,1.754,1.0,706000000.0,0.325,8473000000.0,91000000.0,11506000000.0,,1076000000.0,0.0,0.0,0.0,12746000000.0,3299000000.0,9447000000.0,10307233782.0,-2000000.0,-17000000.0,0.0,-408000000.0,-105000000.0,-515000000.0,-103000000.0,0.0,615000000.0,1000000.0,-59000000.0,-59000000.0,-59000000.0,235000000.0,0.0,-0.027,381000000.0,325000000.0,930000000.0,-1.75,8.122,-62.849,-62.255,3036000000.0,0.0,34.24,1.447,1.447,927000000.0,2130000000.0,2172000000.0,2172000000.0,20000000.0,,,,,17000000.0,367000000.0,1.0,301029024.0,301000000,302000000.0,7.216,5551000000.0,0.0,58000000.0,928000000.0,18.442,-1004000000.0
11,CPB,MRQ,2018-09-30,2018-10-28,2018-10-28,2021-09-23,-156000000.0,14587000000.0,,2521000000.0,12066000000.0,,4.671,-111000000.0,205000000.0,205000000.0,1476000000.0,194000000.0,0.688,9.368,9846000000.0,1845000000.0,8001000000.0,9846000000.0,0.0,122000000.0,0.0,0.038,0.35,341000000.0,463000000.0,0.21,463000000.0,341000000.0,250000000.0,0.64,0.64,0.64,1406000000.0,,1406000000.0,20711099618.0,46.0,23.482,120000000.0,0.399,1.0,726000000.0,0.33,8680000000.0,91000000.0,11886000000.0,,1226000000.0,0.0,0.0,0.0,13172000000.0,3662000000.0,9510000000.0,11043099618.0,-21000000.0,1000000.0,0.0,-36000000.0,-107000000.0,-148000000.0,-100000000.0,0.0,231000000.0,-4000000.0,194000000.0,194000000.0,194000000.0,-14000000.0,0.0,0.088,400000000.0,326000000.0,951000000.0,0.547,7.854,61.351,61.217,3162000000.0,0.0,36.73,1.548,1.55,995000000.0,2295000000.0,2202000000.0,2202000000.0,23000000.0,,,,,14000000.0,359000000.0,1.0,300656129.0,301000000,302000000.0,7.316,5907000000.0,0.0,56000000.0,1015000000.0,19.625,-1141000000.0
12,CPB,MRQ,2018-06-30,2018-07-29,2018-07-29,2021-09-23,-118000000.0,14529000000.0,,2296000000.0,12233000000.0,,4.532,-184000000.0,49000000.0,49000000.0,617000000.0,94000000.0,0.639,9.645,9516000000.0,1525000000.0,7991000000.0,9516000000.0,0.0,128000000.0,0.0,0.034,0.35,170000000.0,298000000.0,0.342,298000000.0,170000000.0,94000000.0,0.32,0.31,0.32,1364000000.0,,1364000000.0,21952432051.0,40.0,23.255,97000000.0,0.322,1.0,255000000.0,0.292,7528000000.0,76000000.0,12874000000.0,,887000000.0,0.0,0.0,0.0,13156000000.0,3594000000.0,9562000000.0,12308432051.0,27000000.0,2000000.0,0.0,47000000.0,-105000000.0,-58000000.0,-189000000.0,0.0,281000000.0,-7000000.0,94000000.0,94000000.0,94000000.0,-60000000.0,0.0,0.108,145000000.0,110000000.0,705000000.0,1.094,9.024,47.159,47.057,2466000000.0,0.0,40.94,1.861,1.863,563000000.0,2224000000.0,872000000.0,872000000.0,12000000.0,,,,,13000000.0,202000000.0,1.0,300645629.0,301000000,302000000.0,2.897,7001000000.0,0.0,0.0,970000000.0,23.259,-1298000000.0
13,CPB,MRQ,2018-03-31,2018-04-29,2018-04-29,2021-09-23,-76000000.0,14566000000.0,,2329000000.0,12237000000.0,,4.664,-91000000.0,199000000.0,199000000.0,1263000000.0,-393000000.0,0.684,9.37,9843000000.0,1763000000.0,8080000000.0,9843000000.0,0.0,105000000.0,0.0,0.033,0.35,-306000000.0,-201000000.0,-0.107,-201000000.0,-306000000.0,-350000000.0,-1.31,-1.31,-1.31,1404000000.0,,1404000000.0,16360678215.0,21.0,14.466,273000000.0,0.907,1.0,615000000.0,0.327,8881000000.0,44000000.0,11926000000.0,,1076000000.0,0.0,0.0,0.0,13155000000.0,3403000000.0,9752000000.0,12650678215.0,3000000.0,-6091000000.0,0.0,5979000000.0,-105000000.0,5827000000.0,-6183000000.0,0.0,364000000.0,-5000000.0,-393000000.0,-393000000.0,-393000000.0,466000000.0,0.0,-0.209,457000000.0,158000000.0,848000000.0,-0.267,9.01,26.084,26.137,3174000000.0,0.0,42.08,2.17,2.173,873000000.0,2236000000.0,1878000000.0,1878000000.0,25000000.0,,,,,16000000.0,373000000.0,1.0,300633988.0,301000000,301000000.0,6.239,5685000000.0,0.0,43000000.0,950000000.0,18.887,-1074000000.0
14,CPB,MRQ,2017-12-31,2018-01-28,2018-01-28,2021-09-23,-21000000.0,8336000000.0,,1928000000.0,6408000000.0,,6.452,-74000000.0,196000000.0,196000000.0,1414000000.0,285000000.0,0.64,3.289,3906000000.0,1659000000.0,2247000000.0,3906000000.0,0.0,79000000.0,0.0,0.03,0.35,243000000.0,322000000.0,0.148,322000000.0,243000000.0,211000000.0,0.95,0.95,0.95,1942000000.0,,1942000000.0,17528735143.0,13.0,10.245,398000000.0,1.322,1.0,766000000.0,0.351,3744000000.0,32000000.0,5290000000.0,,869000000.0,0.0,0.0,0.0,6387000000.0,3012000000.0,3375000000.0,14230735143.0,33000000.0,-682000000.0,0.0,423000000.0,-105000000.0,317000000.0,-762000000.0,0.0,472000000.0,6000000.0,285000000.0,285000000.0,285000000.0,0.0,0.0,0.131,523000000.0,243000000.0,707000000.0,0.368,7.328,13.502,13.526,2518000000.0,0.0,47.34,2.451,2.455,738000000.0,2734000000.0,2180000000.0,2180000000.0,27000000.0,,,,,18000000.0,393000000.0,1.0,300606995.0,301000000,301000000.0,7.243,4592000000.0,0.0,-74000000.0,400000000.0,15.256,-1084000000.0
15,CPB,MRQ,2017-09-30,2017-10-29,2017-10-29,2021-09-23,-85000000.0,7746000000.0,,1996000000.0,5750000000.0,,5.585,-58000000.0,163000000.0,163000000.0,1378000000.0,275000000.0,0.773,3.603,3461000000.0,1192000000.0,2269000000.0,3461000000.0,0.0,82000000.0,0.0,0.029,0.35,413000000.0,495000000.0,0.229,495000000.0,413000000.0,382000000.0,0.91,0.91,0.91,1681000000.0,,1681000000.0,17681436753.0,13.0,10.575,130000000.0,0.432,1.0,783000000.0,0.362,3198000000.0,31000000.0,5263000000.0,,1001000000.0,0.0,0.0,0.0,6057000000.0,2583000000.0,3474000000.0,14464436753.0,-156000000.0,0.0,-86000000.0,-60000000.0,-111000000.0,-279000000.0,-63000000.0,0.0,188000000.0,-2000000.0,275000000.0,275000000.0,275000000.0,0.0,0.0,0.127,371000000.0,412000000.0,713000000.0,0.385,8.605,16.626,16.712,2417000000.0,0.0,48.13,2.496,2.5,766000000.0,2555000000.0,2161000000.0,2161000000.0,30000000.0,,,,,14000000.0,368000000.0,1.0,300528501.0,301000000,302000000.0,7.179,4548000000.0,0.0,107000000.0,584000000.0,15.11,-587000000.0
16,CPB,MRQ,2017-06-30,2017-07-30,2017-07-30,2021-09-23,-53000000.0,7726000000.0,,1900000000.0,5826000000.0,,5.421,-143000000.0,319000000.0,319000000.0,-504000000.0,318000000.0,0.793,3.715,3536000000.0,1037000000.0,2499000000.0,3536000000.0,0.0,84000000.0,0.0,0.026,0.35,431000000.0,515000000.0,-1.324,515000000.0,431000000.0,403000000.0,1.06,1.04,1.06,1637000000.0,,1637000000.0,19096007817.0,14.0,11.154,134000000.0,0.444,1.0,115000000.0,-0.296,3233000000.0,28000000.0,5315000000.0,,902000000.0,0.0,0.0,0.0,6081000000.0,2395000000.0,3686000000.0,16017007817.0,6000000.0,0.0,-132000000.0,108000000.0,-106000000.0,-128000000.0,-159000000.0,0.0,277000000.0,16000000.0,318000000.0,318000000.0,318000000.0,37000000.0,0.0,-0.817,-356000000.0,471000000.0,666000000.0,0.33,9.784,18.058,18.162,2454000000.0,0.0,52.85,2.744,2.762,605000000.0,2385000000.0,-389000000.0,-389000000.0,13000000.0,,,,,12000000.0,33000000.0,1.0,303065427.0,302000000,304000000.0,-1.288,4493000000.0,0.0,85000000.0,510000000.0,14.877,-495000000.0
17,CPB,MRQ,2017-03-31,2017-04-30,2017-04-30,2021-09-23,-118000000.0,7451000000.0,,1790000000.0,5661000000.0,,4.872,-76000000.0,313000000.0,313000000.0,1188000000.0,176000000.0,0.761,4.025,3392000000.0,1122000000.0,2270000000.0,3392000000.0,0.0,80000000.0,0.0,0.024,0.35,299000000.0,379000000.0,0.205,379000000.0,299000000.0,270000000.0,0.58,0.58,0.58,1481000000.0,,1481000000.0,20682977154.0,22.0,16.666,268000000.0,0.882,1.0,665000000.0,0.359,3170000000.0,29000000.0,5008000000.0,,791000000.0,0.0,0.0,0.0,5961000000.0,2352000000.0,3609000000.0,17513977154.0,4000000.0,0.0,-71000000.0,-83000000.0,-107000000.0,-262000000.0,-77000000.0,0.0,344000000.0,-1000000.0,176000000.0,176000000.0,176000000.0,0.0,0.0,0.095,367000000.0,298000000.0,568000000.0,0.603,11.826,35.889,35.962,2372000000.0,0.0,57.54,2.213,2.211,618000000.0,2173000000.0,1853000000.0,1853000000.0,28000000.0,,,,,16000000.0,354000000.0,1.0,304379165.0,304000000,306000000.0,6.095,4281000000.0,0.0,94000000.0,425000000.0,14.082,-562000000.0
18,CPB,MRQ,2016-12-31,2017-01-29,2017-01-29,2021-09-23,-113000000.0,7570000000.0,,1896000000.0,5674000000.0,,4.804,-71000000.0,309000000.0,309000000.0,1360000000.0,101000000.0,0.778,4.144,3478000000.0,1185000000.0,2293000000.0,3478000000.0,0.0,77000000.0,0.0,0.021,0.35,206000000.0,283000000.0,0.13,283000000.0,206000000.0,177000000.0,0.33,0.33,0.33,1470000000.0,,1470000000.0,22513306588.0,25.0,18.652,375000000.0,1.225,1.0,811000000.0,0.374,3179000000.0,29000000.0,5124000000.0,,820000000.0,0.0,0.0,0.0,6091000000.0,2436000000.0,3655000000.0,19215306588.0,19000000.0,0.0,-120000000.0,-118000000.0,-107000000.0,-345000000.0,-80000000.0,0.0,446000000.0,-2000000.0,101000000.0,101000000.0,101000000.0,0.0,0.0,0.047,606000000.0,205000000.0,564000000.0,1.061,13.072,38.663,38.63,2375000000.0,0.0,62.58,2.423,2.415,714000000.0,2102000000.0,2171000000.0,2171000000.0,25000000.0,,,,,18000000.0,381000000.0,1.0,307051879.0,306000000,309000000.0,7.095,4391000000.0,0.0,76000000.0,418000000.0,14.35,-540000000.0
19,CPB,MRQ,2016-09-30,2016-10-30,2016-10-30,2021-09-23,-107000000.0,8039000000.0,,2146000000.0,5893000000.0,,5.159,-48000000.0,290000000.0,290000000.0,1351000000.0,292000000.0,0.778,4.053,3588000000.0,1290000000.0,2298000000.0,3588000000.0,0.0,77000000.0,0.0,0.024,0.35,458000000.0,535000000.0,0.243,535000000.0,458000000.0,429000000.0,0.95,0.94,0.95,1589000000.0,,1589000000.0,19926906189.0,18.0,14.063,173000000.0,0.562,1.0,851000000.0,0.386,3404000000.0,29000000.0,5173000000.0,,964000000.0,0.0,0.0,0.0,6441000000.0,2760000000.0,3681000000.0,16689906189.0,-6000000.0,0.0,-112000000.0,59000000.0,-100000000.0,-173000000.0,-52000000.0,0.0,221000000.0,-2000000.0,292000000.0,292000000.0,292000000.0,0.0,0.0,0.133,394000000.0,457000000.0,653000000.0,0.368,10.503,25.249,25.332,2380000000.0,0.0,54.21,2.097,2.098,841000000.0,2112000000.0,2202000000.0,2202000000.0,27000000.0,,,,,14000000.0,355000000.0,1.0,307875045.0,308000000,310000000.0,7.149,4635000000.0,0.0,137000000.0,533000000.0,15.049,-614000000.0
20,CPB,MRQ,2016-06-30,2016-07-31,2016-07-31,2021-09-23,-104000000.0,7837000000.0,,1908000000.0,5929000000.0,,4.935,-116000000.0,296000000.0,296000000.0,993000000.0,-81000000.0,0.747,4.134,3533000000.0,1219000000.0,2314000000.0,3533000000.0,0.0,80000000.0,0.0,0.02,0.312,-36000000.0,44000000.0,0.026,44000000.0,-36000000.0,-65000000.0,-0.26,-0.26,-0.26,1525000000.0,,1525000000.0,22522450620.0,23.0,17.706,164000000.0,0.531,1.0,694000000.0,0.411,3415000000.0,29000000.0,5104000000.0,,940000000.0,0.0,0.0,0.0,6304000000.0,2555000000.0,3749000000.0,19219450620.0,-87000000.0,0.0,-25000000.0,-122000000.0,-96000000.0,-243000000.0,-120000000.0,0.0,280000000.0,-4000000.0,-81000000.0,-81000000.0,-81000000.0,0.0,0.0,-0.048,731000000.0,-37000000.0,610000000.0,-1.2,12.603,34.138,34.214,2407000000.0,0.0,62.27,2.414,2.417,626000000.0,1927000000.0,1687000000.0,1687000000.0,19000000.0,,,,,14000000.0,294000000.0,1.0,308647031.0,309000000,311000000.0,5.46,4422000000.0,0.0,16000000.0,418000000.0,14.311,-647000000.0
21,CPB,MRQ,2016-03-31,2016-05-01,2016-05-01,2021-09-23,-144000000.0,8081000000.0,,2042000000.0,6039000000.0,,5.424,-71000000.0,383000000.0,383000000.0,1210000000.0,185000000.0,0.859,3.823,3686000000.0,1134000000.0,2552000000.0,3686000000.0,0.0,76000000.0,0.0,0.02,0.312,269000000.0,345000000.0,0.184,345000000.0,269000000.0,240000000.0,0.6,0.59,0.6,1676000000.0,,1676000000.0,22615461864.0,22.0,16.74,386000000.0,1.249,1.0,660000000.0,0.353,3574000000.0,29000000.0,5433000000.0,,829000000.0,0.0,0.0,0.0,6407000000.0,2377000000.0,4030000000.0,19077461864.0,77000000.0,0.0,-32000000.0,-173000000.0,-97000000.0,-303000000.0,-95000000.0,0.0,457000000.0,18000000.0,185000000.0,185000000.0,185000000.0,0.0,0.0,0.099,392000000.0,268000000.0,487000000.0,0.52,11.383,28.862,28.836,2371000000.0,0.0,61.71,2.395,2.393,648000000.0,2105000000.0,1870000000.0,1870000000.0,31000000.0,,,,,16000000.0,382000000.0,1.0,309147008.0,309000000,311000000.0,6.052,4507000000.0,0.0,55000000.0,539000000.0,14.586,-335000000.0
22,CPB,MRQ,2015-12-31,2016-01-31,2016-01-31,2021-09-23,-223000000.0,8079000000.0,,2132000000.0,5947000000.0,,4.923,-80000000.0,306000000.0,306000000.0,1382000000.0,265000000.0,0.831,4.296,3844000000.0,1293000000.0,2551000000.0,3844000000.0,0.0,78000000.0,0.0,0.022,0.312,415000000.0,493000000.0,0.224,493000000.0,415000000.0,387000000.0,0.85,0.85,0.85,1526000000.0,,1526000000.0,21321822705.0,20.0,15.609,430000000.0,1.387,1.0,819000000.0,0.372,3511000000.0,28000000.0,5540000000.0,,855000000.0,0.0,0.0,0.0,6555000000.0,2566000000.0,3989000000.0,17488822705.0,43000000.0,0.0,-53000000.0,-241000000.0,-97000000.0,-391000000.0,-71000000.0,0.0,510000000.0,-5000000.0,265000000.0,265000000.0,265000000.0,0.0,0.0,0.12,405000000.0,414000000.0,502000000.0,0.367,11.461,26.7,26.608,2340000000.0,0.0,56.41,2.187,2.187,770000000.0,2017000000.0,2201000000.0,2201000000.0,23000000.0,,,,,21000000.0,369000000.0,1.0,310030539.0,310000000,312000000.0,7.1,4568000000.0,0.0,122000000.0,554000000.0,14.735,-434000000.0
23,CPB,MRQ,2015-09-30,2015-11-01,2015-11-01,2021-09-23,-200000000.0,8304000000.0,,2337000000.0,5967000000.0,,4.561,-69000000.0,263000000.0,263000000.0,1448000000.0,194000000.0,0.805,4.876,4096000000.0,1545000000.0,2551000000.0,4096000000.0,0.0,74000000.0,0.0,0.025,0.312,316000000.0,390000000.0,0.177,390000000.0,316000000.0,287000000.0,0.63,0.62,0.63,1414000000.0,,1414000000.0,19575606691.0,20.0,15.234,175000000.0,0.565,1.0,755000000.0,0.343,3531000000.0,29000000.0,5702000000.0,,1049000000.0,0.0,0.0,0.0,6894000000.0,2904000000.0,3990000000.0,15733606691.0,10000000.0,0.0,-31000000.0,-11000000.0,-100000000.0,-162000000.0,-68000000.0,0.0,244000000.0,-4000000.0,194000000.0,194000000.0,194000000.0,0.0,0.0,0.088,440000000.0,315000000.0,567000000.0,0.495,11.127,25.709,25.652,2340000000.0,0.0,50.79,1.959,1.961,829000000.0,1850000000.0,2203000000.0,2203000000.0,32000000.0,,,,,13000000.0,382000000.0,1.0,309777647.0,310000000,312000000.0,7.106,4773000000.0,0.0,93000000.0,585000000.0,15.397,-567000000.0
24,CPB,MRQ,2015-06-30,2015-08-02,2015-08-02,2021-09-23,-168000000.0,8077000000.0,,2093000000.0,5984000000.0,,4.469,-132000000.0,253000000.0,253000000.0,1131000000.0,17000000.0,0.746,4.852,4082000000.0,1543000000.0,2539000000.0,4082000000.0,0.0,80000000.0,0.0,0.025,0.312,43000000.0,123000000.0,0.073,123000000.0,43000000.0,16000000.0,0.06,0.06,0.06,1381000000.0,,1381000000.0,18866774829.0,18.0,13.873,103000000.0,0.333,1.0,562000000.0,0.332,3549000000.0,27000000.0,5551000000.0,,995000000.0,0.0,0.0,0.0,6700000000.0,2806000000.0,3894000000.0,15311774829.0,23000000.0,-232000000.0,-52000000.0,324000000.0,-97000000.0,161000000.0,-363000000.0,0.0,235000000.0,-10000000.0,17000000.0,17000000.0,17000000.0,0.0,0.0,0.01,519000000.0,43000000.0,544000000.0,5.2,11.087,22.991,23.15,2347000000.0,0.0,49.31,1.895,1.904,647000000.0,1754000000.0,1693000000.0,1693000000.0,34000000.0,,,,,11000000.0,382000000.0,1.0,310520682.0,309000000,310000000.0,5.479,4528000000.0,0.0,-1000000.0,534000000.0,14.654,-713000000.0
25,CPB,MRQ,2015-03-31,2015-05-03,2015-05-03,2021-09-23,-765000000.0,7759000000.0,,1902000000.0,5857000000.0,,5.135,-98000000.0,230000000.0,230000000.0,1218000000.0,179000000.0,0.819,3.866,3785000000.0,1232000000.0,2553000000.0,3785000000.0,0.0,74000000.0,0.0,0.027,0.312,286000000.0,360000000.0,0.189,360000000.0,286000000.0,257000000.0,0.58,0.57,0.58,1597000000.0,,1597000000.0,17894056774.0,13.0,10.964,289000000.0,0.929,1.0,682000000.0,0.359,3414000000.0,29000000.0,5577000000.0,,876000000.0,0.0,0.0,0.0,6174000000.0,2323000000.0,3851000000.0,14202056774.0,29000000.0,0.0,-58000000.0,-104000000.0,-98000000.0,-263000000.0,-97000000.0,0.0,387000000.0,2000000.0,179000000.0,179000000.0,179000000.0,0.0,0.0,0.094,397000000.0,285000000.0,462000000.0,0.538,8.893,17.029,17.06,2292000000.0,0.0,45.55,1.723,1.719,641000000.0,2526000000.0,1900000000.0,1900000000.0,30000000.0,,,,,15000000.0,355000000.0,1.0,311790489.0,311000000,312000000.0,6.109,4345000000.0,0.0,78000000.0,611000000.0,13.971,-421000000.0
26,CPB,MRQ,2014-12-31,2015-02-01,2015-02-01,2021-09-23,-795000000.0,7903000000.0,,2090000000.0,5813000000.0,,4.875,-79000000.0,201000000.0,201000000.0,1491000000.0,222000000.0,0.733,4.187,3893000000.0,1640000000.0,2253000000.0,3893000000.0,0.0,74000000.0,0.0,0.027,0.312,338000000.0,412000000.0,0.184,412000000.0,338000000.0,312000000.0,0.71,0.71,0.71,1526000000.0,,1526000000.0,18165294092.0,14.0,11.076,317000000.0,1.013,1.0,743000000.0,0.333,3410000000.0,26000000.0,5335000000.0,,916000000.0,0.0,0.0,0.0,6389000000.0,2850000000.0,3539000000.0,14332294092.0,-38000000.0,0.0,-58000000.0,-181000000.0,-98000000.0,-337000000.0,-79000000.0,0.0,396000000.0,-18000000.0,222000000.0,222000000.0,222000000.0,0.0,0.0,0.099,406000000.0,337000000.0,510000000.0,0.439,9.392,17.083,17.067,2257000000.0,0.0,45.74,1.724,1.723,794000000.0,2441000000.0,2234000000.0,2234000000.0,25000000.0,,,,,18000000.0,374000000.0,1.0,313342678.0,313000000,314000000.0,7.137,4493000000.0,0.0,90000000.0,606000000.0,14.355,-760000000.0
27,CPB,MRQ,2014-09-30,2014-11-02,2014-11-02,2021-09-23,-634000000.0,8297000000.0,,2358000000.0,5939000000.0,,5.153,-56000000.0,239000000.0,239000000.0,1460000000.0,248000000.0,0.744,4.135,4072000000.0,1828000000.0,2244000000.0,4072000000.0,0.0,75000000.0,0.0,0.028,0.312,390000000.0,465000000.0,0.206,465000000.0,390000000.0,364000000.0,0.79,0.78,0.79,1618000000.0,,1618000000.0,17662113345.0,12.0,10.035,132000000.0,0.42,1.0,795000000.0,0.353,3539000000.0,26000000.0,5423000000.0,,1105000000.0,0.0,0.0,0.0,6691000000.0,3168000000.0,3523000000.0,13879113345.0,7000000.0,0.0,-67000000.0,52000000.0,-101000000.0,-111000000.0,-64000000.0,0.0,188000000.0,-6000000.0,248000000.0,248000000.0,248000000.0,0.0,0.0,0.11,406000000.0,389000000.0,597000000.0,0.395,8.578,14.734,14.674,2286000000.0,0.0,44.17,1.661,1.659,840000000.0,2332000000.0,2255000000.0,2255000000.0,28000000.0,,,,,13000000.0,374000000.0,1.0,314220361.0,314000000,316000000.0,7.182,4758000000.0,0.0,116000000.0,678000000.0,15.153,-810000000.0
28,CPB,MRQ,2014-06-30,2014-08-03,2014-08-03,2021-09-23,-569000000.0,8113000000.0,,2100000000.0,6013000000.0,,5.143,-146000000.0,232000000.0,232000000.0,1148000000.0,183000000.0,0.703,4.031,4015000000.0,1771000000.0,2244000000.0,4015000000.0,0.0,83000000.0,0.0,0.03,0.312,312000000.0,395000000.0,0.213,395000000.0,312000000.0,281000000.0,0.59,0.58,0.59,1615000000.0,,1615000000.0,16943605154.0,12.0,10.164,-10000000.0,-0.032,1.0,704000000.0,0.38,3608000000.0,31000000.0,5299000000.0,,1016000000.0,0.0,0.0,0.0,6510000000.0,2989000000.0,3521000000.0,13256605154.0,10000000.0,0.0,4000000.0,109000000.0,-98000000.0,17000000.0,-145000000.0,0.0,136000000.0,2000000.0,185000000.0,185000000.0,185000000.0,0.0,-2000000.0,0.1,395000000.0,309000000.0,527000000.0,0.529,8.208,15.308,15.301,2318000000.0,0.0,42.23,1.603,1.604,670000000.0,2198000000.0,1852000000.0,1852000000.0,34000000.0,,,,,11000000.0,335000000.0,1.0,313914401.0,314000000,316000000.0,5.898,4505000000.0,0.0,96000000.0,585000000.0,14.347,-889000000.0
29,CPB,MRQ,2014-03-31,2014-04-27,2014-04-27,2021-09-23,-527000000.0,7964000000.0,,1947000000.0,6017000000.0,,5.102,-72000000.0,222000000.0,222000000.0,1294000000.0,183000000.0,0.691,3.978,3909000000.0,1662000000.0,2247000000.0,3909000000.0,0.0,74000000.0,0.0,0.027,0.312,294000000.0,368000000.0,0.187,368000000.0,294000000.0,263000000.0,0.59,0.58,0.59,1602000000.0,,1602000000.0,18011774451.0,19.0,14.194,328000000.0,1.045,1.0,676000000.0,0.343,3616000000.0,31000000.0,5218000000.0,,858000000.0,0.0,0.0,0.0,6373000000.0,2817000000.0,3556000000.0,14099774451.0,-71000000.0,-14000000.0,7000000.0,-299000000.0,-98000000.0,-389000000.0,-86000000.0,0.0,400000000.0,4000000.0,184000000.0,184000000.0,184000000.0,0.0,-1000000.0,0.093,384000000.0,292000000.0,501000000.0,0.529,8.801,26.959,26.75,2263000000.0,0.0,44.94,1.732,1.734,669000000.0,2159000000.0,1970000000.0,1970000000.0,30000000.0,,,,,9000000.0,351000000.0,1.0,313746650.0,314000000,316000000.0,6.274,4348000000.0,0.0,79000000.0,584000000.0,13.847,-870000000.0
30,CPB,MRQ,2013-12-31,2014-01-26,2014-01-26,2021-09-23,-616000000.0,8119000000.0,,2174000000.0,5945000000.0,,4.49,-55000000.0,293000000.0,293000000.0,1467000000.0,318000000.0,0.682,4.766,4205000000.0,1958000000.0,2247000000.0,4205000000.0,0.0,74000000.0,0.0,0.022,0.312,458000000.0,532000000.0,0.233,532000000.0,458000000.0,429000000.0,1.04,1.03,1.04,1410000000.0,,1410000000.0,17848888605.0,19.0,14.021,270000000.0,0.86,1.0,814000000.0,0.357,3569000000.0,29000000.0,5273000000.0,,891000000.0,0.0,0.0,0.0,6720000000.0,3189000000.0,3531000000.0,13321888605.0,-26000000.0,534000000.0,-71000000.0,-645000000.0,-98000000.0,-814000000.0,478000000.0,0.0,325000000.0,-15000000.0,325000000.0,325000000.0,325000000.0,-90000000.0,-7000000.0,0.142,453000000.0,361000000.0,528000000.0,0.3,9.448,25.619,25.323,2241000000.0,0.0,42.29,1.638,1.633,783000000.0,2073000000.0,2281000000.0,2281000000.0,27000000.0,,,,,16000000.0,410000000.0,1.0,315012736.0,314000000,316000000.0,7.264,4550000000.0,0.0,104000000.0,565000000.0,14.49,-1015000000.0
31,CPB,MRQ,2013-09-30,2013-10-27,2013-10-27,2021-09-23,-506000000.0,9055000000.0,,2587000000.0,6468000000.0,,4.296,-52000000.0,305000000.0,305000000.0,1388000000.0,171000000.0,0.63,5.715,4832000000.0,2585000000.0,2247000000.0,4832000000.0,0.0,74000000.0,0.0,0.035,0.312,298000000.0,372000000.0,0.172,372000000.0,298000000.0,267000000.0,0.55,0.54,0.55,1349000000.0,,1349000000.0,17462709939.0,22.0,15.015,-14000000.0,-0.045,1.0,777000000.0,0.359,3655000000.0,31000000.0,5823000000.0,,1079000000.0,0.0,0.0,0.0,7710000000.0,4104000000.0,3606000000.0,13342709939.0,-82000000.0,-329000000.0,2000000.0,341000000.0,-97000000.0,261000000.0,-381000000.0,0.0,38000000.0,0.0,172000000.0,172000000.0,172000000.0,9000000.0,-1000000.0,0.079,472000000.0,305000000.0,630000000.0,0.567,9.891,34.656,34.323,2283000000.0,0.0,42.56,1.665,1.668,804000000.0,1847000000.0,2165000000.0,2165000000.0,31000000.0,,,,,21000000.0,409000000.0,1.0,313503523.0,314000000,317000000.0,6.895,5400000000.0,0.0,95000000.0,633000000.0,17.197,-1517000000.0
32,CPB,MRQ,2013-06-30,2013-07-28,2013-07-28,2021-09-23,-565000000.0,8323000000.0,,2221000000.0,6102000000.0,,3.876,-130000000.0,333000000.0,333000000.0,1100000000.0,-160000000.0,0.677,5.845,4453000000.0,1909000000.0,2544000000.0,4453000000.0,0.0,89000000.0,0.0,0.031,0.29,-92000000.0,-3000000.0,-0.002,-3000000.0,-92000000.0,-125000000.0,-0.5,-0.5,-0.5,1217000000.0,,1217000000.0,18539726348.0,21.0,14.541,25000000.0,0.08,1.0,623000000.0,0.362,3318000000.0,33000000.0,5843000000.0,,925000000.0,0.0,0.0,0.0,7113000000.0,3282000000.0,3831000000.0,14739726348.0,-52000000.0,-248000000.0,-9000000.0,212000000.0,-1000000.0,206000000.0,-380000000.0,0.0,155000000.0,-33000000.0,-158000000.0,-158000000.0,-158000000.0,275000000.0,-2000000.0,-0.092,445000000.0,178000000.0,523000000.0,-0.58,12.112,32.183,32.24,2260000000.0,0.0,47.07,1.831,1.836,635000000.0,1772000000.0,1723000000.0,1723000000.0,34000000.0,,,,,31000000.0,386000000.0,1.0,313144813.0,314000000,317000000.0,5.487,5005000000.0,0.0,33000000.0,508000000.0,15.939,-1061000000.0
33,CPB,MRQ,2013-03-31,2013-04-28,2013-04-28,2021-09-23,-709000000.0,8453000000.0,,2177000000.0,6276000000.0,,4.194,-94000000.0,453000000.0,453000000.0,1256000000.0,179000000.0,0.836,5.421,4253000000.0,1309000000.0,2944000000.0,4253000000.0,0.0,99000000.0,0.0,0.031,0.0,273000000.0,372000000.0,0.19,372000000.0,273000000.0,240000000.0,0.58,0.57,0.58,1317000000.0,,1317000000.0,18533791722.0,16.0,12.027,271000000.0,0.863,1.0,706000000.0,0.36,3786000000.0,33000000.0,5863000000.0,,888000000.0,0.0,0.0,0.0,7140000000.0,2604000000.0,4536000000.0,14514791722.0,43000000.0,9000000.0,-48000000.0,-183000000.0,0.0,-226000000.0,-89000000.0,0.0,365000000.0,-7000000.0,181000000.0,181000000.0,181000000.0,-12000000.0,-2000000.0,0.092,449000000.0,257000000.0,590000000.0,0.0,11.021,19.535,19.494,2356000000.0,0.0,46.2,1.959,1.958,674000000.0,2022000000.0,1962000000.0,1962000000.0,35000000.0,,,,,31000000.0,409000000.0,1.0,314172981.0,314000000,317000000.0,6.248,4667000000.0,0.0,59000000.0,499000000.0,14.863,-427000000.0
34,CPB,MRQ,2012-12-31,2013-01-27,2013-01-27,2021-09-23,-700000000.0,8593000000.0,,2264000000.0,6329000000.0,,3.694,-69000000.0,410000000.0,410000000.0,1400000000.0,187000000.0,0.783,6.412,4429000000.0,1489000000.0,2940000000.0,4429000000.0,0.0,121000000.0,0.0,0.048,0.87,301000000.0,422000000.0,0.195,422000000.0,301000000.0,268000000.0,0.61,0.6,0.61,1160000000.0,,1160000000.0,15571665321.0,14.0,10.367,349000000.0,1.111,1.0,762000000.0,0.352,3827000000.0,33000000.0,5894000000.0,,886000000.0,0.0,0.0,0.0,7438000000.0,2891000000.0,4547000000.0,11485665321.0,49000000.0,0.0,-16000000.0,-15000000.0,-274000000.0,-301000000.0,-71000000.0,0.0,418000000.0,3000000.0,190000000.0,190000000.0,190000000.0,-19000000.0,-3000000.0,0.088,485000000.0,277000000.0,631000000.0,1.426,9.901,15.542,15.545,2361000000.0,0.0,36.53,1.58,1.578,799000000.0,1841000000.0,2162000000.0,2162000000.0,32000000.0,,,,,26000000.0,438000000.0,1.0,314417337.0,314000000,316000000.0,6.885,4766000000.0,0.0,78000000.0,511000000.0,15.178,-627000000.0
35,CPB,MRQ,2012-09-30,2012-10-28,2012-10-28,2021-09-23,-745000000.0,8747000000.0,,2401000000.0,6346000000.0,,3.5,-38000000.0,361000000.0,361000000.0,1384000000.0,243000000.0,0.777,6.961,4447000000.0,1507000000.0,2940000000.0,4447000000.0,0.0,98000000.0,0.0,0.033,0.29,386000000.0,484000000.0,0.22,484000000.0,386000000.0,350000000.0,0.78,0.78,0.78,1099000000.0,,1099000000.0,13341373366.0,11.0,9.039,43000000.0,0.137,1.0,821000000.0,0.372,3802000000.0,36000000.0,5939000000.0,,963000000.0,0.0,0.0,0.0,7650000000.0,3092000000.0,4558000000.0,10886373366.0,26000000.0,-1567000000.0,3000000.0,1661000000.0,-92000000.0,1558000000.0,-1614000000.0,0.0,81000000.0,1000000.0,245000000.0,245000000.0,245000000.0,-13000000.0,-2000000.0,0.111,453000000.0,368000000.0,702000000.0,0.372,9.906,14.438,14.588,2409000000.0,0.0,34.72,1.508,1.51,892000000.0,9736000000.0,2205000000.0,2205000000.0,27000000.0,,,,,25000000.0,391000000.0,1.0,313547620.0,314000000,316000000.0,7.022,4945000000.0,0.0,105000000.0,566000000.0,15.748,-691000000.0
36,CPB,MRQ,2012-06-30,2012-07-29,2012-07-29,2021-09-23,-776000000.0,6530000000.0,,1771000000.0,4759000000.0,,2.86,-150000000.0,335000000.0,335000000.0,642000000.0,125000000.0,0.856,6.272,2790000000.0,786000000.0,2004000000.0,2790000000.0,0.0,73000000.0,0.0,0.035,0.29,190000000.0,263000000.0,0.243,263000000.0,190000000.0,163000000.0,0.4,0.4,0.4,898000000.0,,898000000.0,12839931195.0,11.0,8.705,132000000.0,0.42,1.0,439000000.0,0.406,2509000000.0,27000000.0,4406000000.0,,714000000.0,0.0,0.0,0.0,5632000000.0,2070000000.0,3562000000.0,10465931195.0,-48000000.0,0.0,-122000000.0,45000000.0,-92000000.0,-165000000.0,-157000000.0,0.0,282000000.0,-8000000.0,127000000.0,127000000.0,127000000.0,-40000000.0,-2000000.0,0.117,293000000.0,146000000.0,571000000.0,0.725,11.655,13.522,13.63,2127000000.0,0.0,33.12,1.459,1.463,553000000.0,9584000000.0,1081000000.0,1081000000.0,25000000.0,,,,,17000000.0,266000000.0,1.0,316000338.0,314000000,316000000.0,3.443,4021000000.0,0.0,36000000.0,320000000.0,12.806,-299000000.0
37,CPB,MRQ,2012-03-31,2012-04-29,2012-04-29,2021-09-23,-485000000.0,6492000000.0,,1767000000.0,4725000000.0,,4.025,-76000000.0,383000000.0,383000000.0,1115000000.0,175000000.0,0.926,4.104,2757000000.0,751000000.0,2006000000.0,2757000000.0,0.0,65000000.0,0.0,0.034,0.29,268000000.0,333000000.0,0.183,333000000.0,268000000.0,239000000.0,0.56,0.55,0.56,1272000000.0,,1272000000.0,13268557499.0,11.0,9.182,284000000.0,0.899,1.0,706000000.0,0.388,2558000000.0,29000000.0,4400000000.0,,673000000.0,0.0,0.0,0.0,5220000000.0,1908000000.0,3312000000.0,10712557499.0,61000000.0,0.0,-28000000.0,-111000000.0,-93000000.0,-226000000.0,-71000000.0,0.0,360000000.0,-2000000.0,177000000.0,177000000.0,177000000.0,0.0,-2000000.0,0.097,442000000.0,264000000.0,507000000.0,0.518,8.422,14.341,14.528,2054000000.0,0.0,33.85,1.504,1.501,564000000.0,9550000000.0,1821000000.0,1821000000.0,32000000.0,,,,,17000000.0,400000000.0,1.0,316471418.0,316000000,318000000.0,5.763,3934000000.0,0.0,62000000.0,449000000.0,12.449,-141000000.0
38,CPB,MRQ,2011-12-31,2012-01-29,2012-01-29,2021-09-23,-485000000.0,6665000000.0,,1918000000.0,4747000000.0,,3.758,-61000000.0,322000000.0,322000000.0,1301000000.0,201000000.0,0.891,4.576,2878000000.0,870000000.0,2008000000.0,2878000000.0,0.0,61000000.0,0.0,0.037,0.29,335000000.0,396000000.0,0.188,396000000.0,335000000.0,307000000.0,0.64,0.64,0.64,1195000000.0,,1195000000.0,12724734405.0,10.0,8.552,344000000.0,1.082,1.0,811000000.0,0.384,2569000000.0,28000000.0,4500000000.0,,746000000.0,0.0,0.0,0.0,5468000000.0,2152000000.0,3316000000.0,10020734405.0,37000000.0,0.0,-81000000.0,-126000000.0,-93000000.0,-300000000.0,-61000000.0,0.0,405000000.0,-7000000.0,205000000.0,205000000.0,205000000.0,0.0,-4000000.0,0.097,482000000.0,329000000.0,551000000.0,0.453,8.386,13.237,13.379,2047000000.0,0.0,31.44,1.408,1.405,683000000.0,9466000000.0,2112000000.0,2112000000.0,29000000.0,,,,,23000000.0,449000000.0,1.0,318725649.0,318000000,320000000.0,6.642,4096000000.0,0.0,102000000.0,465000000.0,12.881,-234000000.0
39,CPB,MRQ,2011-09-30,2011-10-30,2011-10-30,2021-09-23,-466000000.0,6948000000.0,,2123000000.0,4825000000.0,,3.628,-35000000.0,285000000.0,285000000.0,1307000000.0,263000000.0,1.044,4.979,2989000000.0,567000000.0,2422000000.0,2989000000.0,0.0,63000000.0,0.0,0.035,0.29,420000000.0,483000000.0,0.224,483000000.0,420000000.0,390000000.0,0.82,0.82,0.82,1161000000.0,,1161000000.0,13317406878.0,11.0,8.773,38000000.0,0.119,1.0,854000000.0,0.395,2619000000.0,30000000.0,5000000000.0,,889000000.0,0.0,0.0,0.0,5781000000.0,2033000000.0,3748000000.0,10717406878.0,-199000000.0,0.0,-69000000.0,-65000000.0,-95000000.0,-229000000.0,-34000000.0,0.0,73000000.0,-9000000.0,265000000.0,265000000.0,265000000.0,0.0,-2000000.0,0.123,438000000.0,416000000.0,661000000.0,0.354,9.231,13.549,13.774,2057000000.0,0.0,33.47,1.503,1.502,788000000.0,9355000000.0,2161000000.0,2161000000.0,30000000.0,,,,,22000000.0,406000000.0,1.0,320209348.0,320000000,322000000.0,6.753,4329000000.0,0.0,125000000.0,507000000.0,13.528,90000000.0
40,CPB,MRQ,2011-06-30,2011-07-31,2011-07-31,2021-09-23,-427000000.0,6862000000.0,,1963000000.0,4899000000.0,,3.4,-139000000.0,484000000.0,484000000.0,607000000.0,98000000.0,0.987,5.3,3084000000.0,657000000.0,2427000000.0,3084000000.0,0.0,74000000.0,0.0,0.035,0.29,159000000.0,233000000.0,0.226,233000000.0,159000000.0,130000000.0,0.31,0.31,0.31,1088000000.0,,1088000000.0,13264918130.0,10.0,8.58,145000000.0,0.453,1.0,424000000.0,0.411,2660000000.0,29000000.0,4813000000.0,,767000000.0,0.0,0.0,0.0,5766000000.0,1989000000.0,3777000000.0,10608918130.0,35000000.0,0.0,10000000.0,-29000000.0,-94000000.0,-109000000.0,-138000000.0,0.0,284000000.0,-2000000.0,100000000.0,100000000.0,100000000.0,-53000000.0,-2000000.0,0.097,322000000.0,102000000.0,585000000.0,0.935,9.751,13.179,13.545,2103000000.0,0.0,33.05,1.485,1.508,560000000.0,9185000000.0,1031000000.0,1031000000.0,25000000.0,,,,,18000000.0,233000000.0,1.0,320996010.0,320000000,323000000.0,3.222,4202000000.0,0.0,30000000.0,400000000.0,13.131,-26000000.0
41,CPB,MRQ,2011-03-31,2011-05-01,2011-05-01,2021-09-23,-433000000.0,6700000000.0,,1842000000.0,4858000000.0,,3.308,-59000000.0,449000000.0,449000000.0,1081000000.0,186000000.0,1.003,5.3,3105000000.0,674000000.0,2431000000.0,3105000000.0,0.0,65000000.0,0.0,0.034,0.29,311000000.0,376000000.0,0.207,376000000.0,311000000.0,284000000.0,0.58,0.57,0.58,1062000000.0,,1062000000.0,13552506453.0,10.0,8.643,316000000.0,0.984,1.0,732000000.0,0.404,2684000000.0,27000000.0,4835000000.0,,639000000.0,0.0,0.0,0.0,5629000000.0,1837000000.0,3792000000.0,10756506453.0,124000000.0,0.0,-107000000.0,-27000000.0,-96000000.0,-225000000.0,-58000000.0,0.0,375000000.0,32000000.0,187000000.0,187000000.0,187000000.0,0.0,-1000000.0,0.103,425000000.0,307000000.0,431000000.0,0.5,10.129,13.15,13.71,2060000000.0,0.0,33.59,1.41,1.413,604000000.0,9180000000.0,1813000000.0,1813000000.0,33000000.0,,,,,23000000.0,391000000.0,1.0,320229427.0,321000000,323000000.0,5.648,4016000000.0,0.0,97000000.0,426000000.0,12.511,5000000.0
42,CPB,MRQ,2010-12-31,2011-01-30,2011-01-30,2021-09-23,-595000000.0,6580000000.0,,1914000000.0,4666000000.0,,2.694,-45000000.0,325000000.0,325000000.0,1289000000.0,239000000.0,0.793,6.398,3121000000.0,1184000000.0,1937000000.0,3121000000.0,0.0,64000000.0,0.0,0.032,0.29,362000000.0,426000000.0,0.2,426000000.0,362000000.0,328000000.0,0.72,0.71,0.72,889000000.0,,889000000.0,14279581636.0,11.0,9.219,467000000.0,1.415,1.0,838000000.0,0.394,2535000000.0,34000000.0,4426000000.0,,703000000.0,0.0,0.0,0.0,5688000000.0,2415000000.0,3273000000.0,11490581636.0,34000000.0,0.0,-401000000.0,57000000.0,-94000000.0,-435000000.0,-45000000.0,0.0,512000000.0,2000000.0,239000000.0,239000000.0,239000000.0,0.0,0.0,0.112,479000000.0,359000000.0,538000000.0,0.403,12.925,14.381,14.597,2018000000.0,0.0,34.45,1.508,1.492,712000000.0,9087000000.0,2127000000.0,2127000000.0,31000000.0,,,,,25000000.0,445000000.0,1.0,333543734.0,330000000,332000000.0,6.445,4045000000.0,0.0,89000000.0,370000000.0,12.258,-501000000.0
43,CPB,MRQ,2010-09-30,2010-10-31,2010-10-31,2021-09-23,-613000000.0,6818000000.0,,2124000000.0,4694000000.0,,3.287,-20000000.0,291000000.0,291000000.0,1278000000.0,279000000.0,0.857,5.19,3080000000.0,1134000000.0,1946000000.0,3080000000.0,0.0,65000000.0,0.0,0.03,0.275,446000000.0,511000000.0,0.235,511000000.0,446000000.0,414000000.0,0.82,0.82,0.82,1101000000.0,,1101000000.0,14705837274.0,11.0,9.325,-49000000.0,-0.146,1.0,894000000.0,0.412,2538000000.0,32000000.0,4590000000.0,,838000000.0,0.0,0.0,0.0,5714000000.0,2479000000.0,3235000000.0,12179837274.0,37000000.0,0.0,-134000000.0,294000000.0,-94000000.0,69000000.0,-20000000.0,0.0,-29000000.0,17000000.0,279000000.0,279000000.0,279000000.0,0.0,0.0,0.128,450000000.0,444000000.0,577000000.0,0.335,11.063,14.872,15.231,2042000000.0,0.0,36.25,1.593,1.588,805000000.0,8945000000.0,2172000000.0,2172000000.0,31000000.0,,,,,21000000.0,417000000.0,1.0,335995511.0,335000000,338000000.0,6.484,4280000000.0,0.0,135000000.0,401000000.0,12.776,-355000000.0
44,CPB,MRQ,2010-06-30,2010-08-01,2010-08-01,2021-09-23,-736000000.0,6276000000.0,,1687000000.0,4589000000.0,,2.748,-130000000.0,254000000.0,254000000.0,905000000.0,113000000.0,0.817,5.774,2780000000.0,835000000.0,1945000000.0,2780000000.0,0.0,66000000.0,0.0,0.03,0.275,189000000.0,255000000.0,0.168,255000000.0,189000000.0,161000000.0,0.33,0.33,0.33,926000000.0,,926000000.0,14596192158.0,11.0,9.094,68000000.0,0.202,1.0,613000000.0,0.404,2428000000.0,28000000.0,4309000000.0,,724000000.0,0.0,0.0,0.0,5347000000.0,2065000000.0,3282000000.0,12189192158.0,174000000.0,0.0,-93000000.0,296000000.0,-95000000.0,109000000.0,-131000000.0,0.0,198000000.0,-2000000.0,113000000.0,113000000.0,113000000.0,0.0,0.0,0.074,426000000.0,187000000.0,545000000.0,0.833,13.163,14.442,14.713,2051000000.0,0.0,35.9,1.588,1.59,512000000.0,8760000000.0,1518000000.0,1518000000.0,35000000.0,,,,,20000000.0,388000000.0,1.0,339531815.0,337000000,340000000.0,4.504,3848000000.0,0.0,48000000.0,288000000.0,11.418,-378000000.0
45,CPB,MRQ,2010-03-31,2010-05-02,2010-05-02,2021-09-23,-620000000.0,5986000000.0,,1431000000.0,4555000000.0,,3.224,-74000000.0,80000000.0,80000000.0,1059000000.0,168000000.0,0.677,4.474,2487000000.0,945000000.0,1542000000.0,2487000000.0,0.0,63000000.0,0.0,0.029,0.275,294000000.0,357000000.0,0.198,357000000.0,294000000.0,265000000.0,0.49,0.49,0.49,1093000000.0,,1093000000.0,14738967412.0,11.0,9.412,289000000.0,0.853,1.0,743000000.0,0.412,2457000000.0,29000000.0,3822000000.0,,639000000.0,0.0,0.0,0.0,4890000000.0,2114000000.0,2776000000.0,12201967412.0,-33000000.0,0.0,-63000000.0,-169000000.0,-95000000.0,-325000000.0,-73000000.0,0.0,363000000.0,2000000.0,168000000.0,168000000.0,168000000.0,0.0,0.0,0.093,451000000.0,292000000.0,430000000.0,0.561,11.164,15.252,15.524,1995000000.0,0.0,35.86,1.588,1.582,543000000.0,8742000000.0,1802000000.0,1802000000.0,31000000.0,,,,,23000000.0,408000000.0,1.0,340266799.0,339000000,342000000.0,5.316,3529000000.0,0.0,97000000.0,373000000.0,10.41,-683000000.0
46,CPB,MRQ,2009-12-31,2010-01-31,2010-01-31,2021-09-23,-655000000.0,6152000000.0,,1632000000.0,4520000000.0,,3.0,-54000000.0,113000000.0,113000000.0,1282000000.0,259000000.0,0.999,5.011,2650000000.0,400000000.0,2250000000.0,2650000000.0,0.0,62000000.0,0.0,0.031,0.275,392000000.0,454000000.0,0.211,454000000.0,392000000.0,365000000.0,0.74,0.74,0.74,1023000000.0,,1023000000.0,14183263504.0,11.0,9.109,478000000.0,1.402,1.0,871000000.0,0.405,2442000000.0,27000000.0,4614000000.0,,700000000.0,0.0,0.0,0.0,5126000000.0,1633000000.0,3493000000.0,11354263504.0,37000000.0,0.0,-96000000.0,-261000000.0,-87000000.0,-441000000.0,-53000000.0,0.0,532000000.0,-1000000.0,259000000.0,259000000.0,259000000.0,0.0,0.0,0.12,480000000.0,391000000.0,512000000.0,0.372,11.099,14.087,14.333,1969000000.0,0.0,33.11,1.5,1.491,679000000.0,8668000000.0,2153000000.0,2153000000.0,28000000.0,,,,,25000000.0,450000000.0,1.0,342925506.0,341000000,344000000.0,6.314,3710000000.0,0.0,106000000.0,338000000.0,10.88,-1000000.0
47,CPB,MRQ,2009-09-30,2009-11-01,2009-11-01,2021-09-23,-632000000.0,6431000000.0,,1852000000.0,4579000000.0,,2.776,-44000000.0,76000000.0,76000000.0,1280000000.0,304000000.0,0.933,5.752,2905000000.0,656000000.0,2249000000.0,2905000000.0,0.0,60000000.0,0.0,0.031,0.25,479000000.0,539000000.0,0.245,539000000.0,479000000.0,451000000.0,0.87,0.87,0.87,952000000.0,,952000000.0,13536559004.0,11.0,8.847,-80000000.0,-0.233,1.0,923000000.0,0.419,2494000000.0,28000000.0,4782000000.0,,839000000.0,0.0,0.0,0.0,5476000000.0,1984000000.0,3492000000.0,10963559004.0,25000000.0,0.0,-81000000.0,269000000.0,-88000000.0,101000000.0,-43000000.0,0.0,-36000000.0,3000000.0,304000000.0,304000000.0,304000000.0,0.0,0.0,0.138,445000000.0,478000000.0,594000000.0,0.287,11.516,14.056,14.302,1985000000.0,0.0,31.75,1.454,1.445,790000000.0,8505000000.0,2203000000.0,2203000000.0,29000000.0,,,,,20000000.0,417000000.0,1.0,345308945.0,343000000,346000000.0,6.423,3937000000.0,0.0,147000000.0,375000000.0,11.478,-132000000.0
48,CPB,MRQ,2009-06-30,2009-08-02,2009-08-02,2021-09-23,-718000000.0,6056000000.0,,1551000000.0,4505000000.0,,2.104,-169000000.0,51000000.0,51000000.0,893000000.0,69000000.0,0.953,7.315,2624000000.0,378000000.0,2246000000.0,2624000000.0,0.0,69000000.0,0.0,0.032,0.25,147000000.0,216000000.0,0.141,216000000.0,147000000.0,122000000.0,0.21,0.22,0.21,728000000.0,,728000000.0,13391331514.0,11.0,9.191,191000000.0,0.552,1.0,635000000.0,0.416,2423000000.0,25000000.0,4578000000.0,,824000000.0,0.0,0.0,0.0,5325000000.0,1628000000.0,3697000000.0,10870331514.0,-10000000.0,-66000000.0,-115000000.0,61000000.0,-89000000.0,-145000000.0,-235000000.0,0.0,360000000.0,10000000.0,69000000.0,69000000.0,69000000.0,0.0,0.0,0.045,490000000.0,145000000.0,569000000.0,1.19,14.932,14.769,15.063,1977000000.0,0.0,31.03,1.433,1.44,528000000.0,8288000000.0,1528000000.0,1528000000.0,31000000.0,,,,,21000000.0,393000000.0,1.0,350316839.0,346000000,345000000.0,4.416,3633000000.0,0.0,53000000.0,251000000.0,10.5,-77000000.0
49,CPB,MRQ,2009-03-31,2009-05-03,2009-05-03,2021-09-23,-434000000.0,5842000000.0,,1448000000.0,4394000000.0,,3.229,-77000000.0,61000000.0,61000000.0,1001000000.0,174000000.0,0.887,4.17,2582000000.0,628000000.0,1954000000.0,2582000000.0,0.0,62000000.0,0.0,0.038,0.25,286000000.0,348000000.0,0.206,348000000.0,286000000.0,260000000.0,0.49,0.49,0.49,1130000000.0,,1130000000.0,11749104523.0,9.0,7.714,311000000.0,0.889,1.0,685000000.0,0.406,2292000000.0,26000000.0,4438000000.0,,720000000.0,0.0,0.0,0.0,4712000000.0,1633000000.0,3079000000.0,9118104523.0,-19000000.0,0.0,-114000000.0,-128000000.0,-90000000.0,-332000000.0,-81000000.0,0.0,388000000.0,6000000.0,174000000.0,174000000.0,174000000.0,0.0,0.0,0.103,399000000.0,286000000.0,429000000.0,0.51,8.069,12.061,12.524,1812000000.0,0.0,25.8,1.173,1.162,518000000.0,8307000000.0,1686000000.0,1686000000.0,27000000.0,,,,,19000000.0,375000000.0,1.0,353414904.0,350000000,351000000.0,4.817,3550000000.0,0.0,86000000.0,14000000.0,10.143,-185000000.0
50,CPB,MRQ,2008-12-31,2009-02-01,2009-02-01,2021-09-23,-535000000.0,5911000000.0,,1638000000.0,4273000000.0,,2.921,-63000000.0,80000000.0,80000000.0,1285000000.0,233000000.0,0.878,4.7,2711000000.0,754000000.0,1957000000.0,2711000000.0,0.0,67000000.0,0.0,0.031,0.25,360000000.0,427000000.0,0.201,427000000.0,360000000.0,334000000.0,0.65,0.64,0.65,1037000000.0,,1037000000.0,13606083914.0,9.0,7.538,370000000.0,1.042,1.0,837000000.0,0.394,2189000000.0,26000000.0,4488000000.0,,751000000.0,0.0,0.0,0.0,4874000000.0,1865000000.0,3009000000.0,10913083914.0,17000000.0,6000000.0,-174000000.0,-89000000.0,-91000000.0,-356000000.0,-59000000.0,0.0,433000000.0,-1000000.0,233000000.0,233000000.0,233000000.0,-4000000.0,0.0,0.11,482000000.0,355000000.0,504000000.0,0.385,10.524,9.796,10.123,1760000000.0,0.0,30.37,1.37,1.353,658000000.0,8221000000.0,2122000000.0,2122000000.0,27000000.0,,,,,19000000.0,453000000.0,1.0,359337633.0,355000000,358000000.0,5.977,3722000000.0,0.0,101000000.0,18000000.0,10.485,-227000000.0
51,CPB,MRQ,2008-09-30,2008-11-02,2008-11-02,2021-09-23,-508000000.0,6196000000.0,,1916000000.0,4280000000.0,,3.0,-35000000.0,63000000.0,63000000.0,1379000000.0,260000000.0,0.786,4.785,2756000000.0,1121000000.0,1635000000.0,2756000000.0,0.0,66000000.0,0.0,0.024,0.25,400000000.0,466000000.0,0.207,466000000.0,400000000.0,367000000.0,0.71,0.7,0.71,1071000000.0,,1071000000.0,16219358415.0,10.0,8.711,-50000000.0,-0.14,1.0,871000000.0,0.387,2217000000.0,33000000.0,4233000000.0,,896000000.0,0.0,0.0,0.0,5125000000.0,2439000000.0,2686000000.0,13685358415.0,-18000000.0,32000000.0,-52000000.0,136000000.0,-80000000.0,19000000.0,-3000000.0,0.0,-15000000.0,-19000000.0,260000000.0,260000000.0,260000000.0,0.0,0.0,0.116,472000000.0,399000000.0,677000000.0,0.352,12.778,11.849,12.321,1776000000.0,0.0,37.95,1.697,1.68,784000000.0,8078000000.0,2250000000.0,2250000000.0,29000000.0,,,,,25000000.0,447000000.0,1.0,360615505.0,357000000,362000000.0,6.303,3979000000.0,0.0,107000000.0,39000000.0,11.146,-523000000.0
52,CPB,MRQ,2008-06-30,2008-08-03,2008-08-03,2021-09-23,-136000000.0,6474000000.0,,1693000000.0,4781000000.0,,3.651,-143000000.0,81000000.0,81000000.0,1051000000.0,89000000.0,0.705,3.912,2615000000.0,982000000.0,1633000000.0,2615000000.0,0.0,86000000.0,0.0,0.025,0.22,196000000.0,282000000.0,0.164,282000000.0,196000000.0,150000000.0,0.21,0.24,0.21,1318000000.0,,1318000000.0,15384932955.0,10.0,8.123,49000000.0,0.136,1.0,664000000.0,0.387,2603000000.0,46000000.0,4002000000.0,,829000000.0,0.0,0.0,0.0,5156000000.0,2403000000.0,2753000000.0,13318932955.0,17000000.0,-1000000.0,-451000000.0,501000000.0,-83000000.0,-31000000.0,-144000000.0,0.0,192000000.0,0.0,89000000.0,89000000.0,89000000.0,0.0,0.0,0.052,476000000.0,188000000.0,655000000.0,1.048,10.105,11.433,11.716,1939000000.0,0.0,35.85,1.665,1.672,570000000.0,7909000000.0,1715000000.0,1715000000.0,33000000.0,,,,,20000000.0,431000000.0,1.0,371518353.0,361000000,353000000.0,4.751,3871000000.0,0.0,61000000.0,9000000.0,10.723,-710000000.0
53,CPB,MRQ,2008-03-31,2008-04-27,2008-04-27,2021-09-23,19000000.0,6507000000.0,,1610000000.0,4897000000.0,,5.083,-64000000.0,50000000.0,50000000.0,1154000000.0,532000000.0,0.968,2.432,2116000000.0,349000000.0,1767000000.0,2116000000.0,0.0,70000000.0,0.0,0.025,0.22,560000000.0,630000000.0,0.335,630000000.0,560000000.0,523000000.0,1.43,1.4,1.43,1896000000.0,,1896000000.0,15817483028.0,10.0,8.522,68000000.0,0.182,1.0,726000000.0,0.386,2624000000.0,37000000.0,4286000000.0,,666000000.0,0.0,0.0,0.0,4611000000.0,1663000000.0,2948000000.0,13156483028.0,-49000000.0,820000000.0,-221000000.0,-644000000.0,-84000000.0,-947000000.0,761000000.0,0.0,132000000.0,5000000.0,532000000.0,532000000.0,532000000.0,-478000000.0,0.0,0.283,644000000.0,82000000.0,593000000.0,0.154,6.939,11.571,11.439,1892000000.0,0.0,34.66,1.686,1.657,655000000.0,7900000000.0,1880000000.0,1880000000.0,30000000.0,,,,,29000000.0,442000000.0,1.0,379586931.0,373000000,381000000.0,5.04,3883000000.0,0.0,-9000000.0,12000000.0,10.41,-53000000.0
54,CPB,MRQ,2007-12-31,2008-01-27,2008-01-27,2021-09-23,-41000000.0,6876000000.0,,1878000000.0,4998000000.0,,4.231,-48000000.0,95000000.0,95000000.0,1329000000.0,274000000.0,0.796,3.311,2756000000.0,976000000.0,1780000000.0,2756000000.0,0.0,70000000.0,0.0,0.027,0.22,414000000.0,484000000.0,0.218,484000000.0,414000000.0,372000000.0,0.73,0.71,0.73,1595000000.0,,1595000000.0,14709195169.0,11.0,9.363,320000000.0,0.849,1.0,889000000.0,0.401,2566000000.0,42000000.0,4611000000.0,,735000000.0,0.0,0.0,0.0,5281000000.0,2360000000.0,2921000000.0,11972195169.0,36000000.0,0.0,-114000000.0,-93000000.0,-85000000.0,-290000000.0,-45000000.0,0.0,368000000.0,3000000.0,274000000.0,274000000.0,274000000.0,-14000000.0,0.0,0.124,489000000.0,400000000.0,619000000.0,0.301,7.506,14.565,14.382,1930000000.0,0.0,31.21,1.56,1.533,813000000.0,7451000000.0,2218000000.0,2218000000.0,25000000.0,,,,,21000000.0,460000000.0,1.0,383601255.0,377000000,386000000.0,5.883,4310000000.0,0.0,98000000.0,4000000.0,11.432,-482000000.0
55,CPB,MRQ,2007-09-30,2007-10-28,2007-10-28,2021-09-23,-32000000.0,7058000000.0,,2018000000.0,5040000000.0,,3.971,-40000000.0,77000000.0,77000000.0,1293000000.0,270000000.0,0.773,3.69,2814000000.0,1041000000.0,1773000000.0,2814000000.0,0.0,68000000.0,0.0,0.022,0.22,430000000.0,498000000.0,0.228,498000000.0,430000000.0,388000000.0,0.71,0.7,0.71,1505000000.0,,1505000000.0,16606435281.0,13.0,10.497,34000000.0,0.09,1.0,892000000.0,0.408,2598000000.0,42000000.0,4585000000.0,,917000000.0,0.0,0.0,0.0,5553000000.0,2612000000.0,2941000000.0,14008435281.0,6000000.0,0.0,-70000000.0,113000000.0,-77000000.0,-32000000.0,-41000000.0,0.0,74000000.0,5000000.0,270000000.0,270000000.0,270000000.0,-2000000.0,0.0,0.124,464000000.0,428000000.0,805000000.0,0.31,9.308,16.817,16.729,2064000000.0,0.0,36.47,1.863,1.838,862000000.0,7261000000.0,2185000000.0,2185000000.0,27000000.0,,,,,18000000.0,437000000.0,1.0,384108453.0,379000000,388000000.0,5.765,4460000000.0,0.0,118000000.0,76000000.0,11.768,-594000000.0
56,CPB,MRQ,2007-06-30,2007-07-29,2007-07-29,2021-09-23,-123000000.0,6445000000.0,,1578000000.0,4867000000.0,,3.381,-146000000.0,71000000.0,71000000.0,926000000.0,61000000.0,0.777,3.977,2669000000.0,595000000.0,2074000000.0,2669000000.0,0.0,82000000.0,0.0,0.021,0.2,162000000.0,244000000.0,0.161,244000000.0,162000000.0,105000000.0,0.16,0.17,0.16,1295000000.0,,1295000000.0,16867273573.0,13.0,10.496,-95000000.0,-0.248,1.0,594000000.0,0.391,2487000000.0,57000000.0,4526000000.0,,775000000.0,0.0,0.0,0.0,5150000000.0,2030000000.0,3120000000.0,14525273573.0,-203000000.0,22000000.0,-150000000.0,95000000.0,-78000000.0,-133000000.0,-124000000.0,0.0,51000000.0,3000000.0,61000000.0,61000000.0,61000000.0,-3000000.0,0.0,0.04,484000000.0,110000000.0,694000000.0,1.25,11.216,17.009,16.964,2042000000.0,0.0,37.49,1.967,1.96,581000000.0,7082000000.0,1520000000.0,1520000000.0,35000000.0,,,,,18000000.0,431000000.0,1.0,387443947.0,383000000,390000000.0,3.969,3958000000.0,0.0,44000000.0,42000000.0,10.334,-452000000.0
57,CPB,MRQ,2007-03-31,2007-04-29,2007-04-29,2021-09-23,48000000.0,6754000000.0,,1694000000.0,5060000000.0,,4.211,-66000000.0,274000000.0,274000000.0,1052000000.0,217000000.0,0.863,3.177,2616000000.0,493000000.0,2123000000.0,2616000000.0,0.0,69000000.0,0.0,0.02,0.2,276000000.0,345000000.0,0.197,345000000.0,276000000.0,249000000.0,0.57,0.55,0.57,1617000000.0,,1617000000.0,17660955469.0,14.0,11.498,229000000.0,0.596,1.0,698000000.0,0.399,2466000000.0,27000000.0,4666000000.0,,680000000.0,0.0,0.0,0.0,5137000000.0,1964000000.0,3173000000.0,15287955469.0,-209000000.0,0.0,-64000000.0,-309000000.0,-77000000.0,-436000000.0,-66000000.0,0.0,295000000.0,-2000000.0,217000000.0,217000000.0,217000000.0,-7000000.0,0.0,0.124,429000000.0,269000000.0,592000000.0,0.351,9.455,18.265,18.148,1978000000.0,0.0,39.2,2.193,2.159,575000000.0,7099000000.0,1750000000.0,1750000000.0,26000000.0,,,,,24000000.0,405000000.0,1.0,389998864.0,384000000,395000000.0,4.557,4288000000.0,0.0,32000000.0,213000000.0,11.167,-270000000.0
58,CPB,MRQ,2006-12-31,2007-01-28,2007-01-28,2021-09-23,-9000000.0,7085000000.0,,2150000000.0,4935000000.0,,3.789,-53000000.0,483000000.0,483000000.0,1213000000.0,285000000.0,0.86,3.869,2856000000.0,745000000.0,2111000000.0,2856000000.0,0.0,68000000.0,0.0,0.02,0.2,427000000.0,495000000.0,0.24,495000000.0,427000000.0,389000000.0,0.74,0.72,0.74,1455000000.0,,1455000000.0,17481826205.0,14.0,11.396,363000000.0,0.945,1.0,851000000.0,0.412,2372000000.0,38000000.0,4587000000.0,,730000000.0,0.0,0.0,0.0,5630000000.0,2499000000.0,3131000000.0,14848826205.0,253000000.0,18000000.0,-47000000.0,-14000000.0,-79000000.0,-134000000.0,-27000000.0,0.0,416000000.0,-2000000.0,285000000.0,285000000.0,285000000.0,-28000000.0,0.0,0.138,452000000.0,399000000.0,651000000.0,0.27,10.205,18.892,19.09,1943000000.0,0.0,38.18,2.137,2.11,747000000.0,6960000000.0,2064000000.0,2064000000.0,25000000.0,,,,,24000000.0,445000000.0,1.0,388916349.0,384000000,395000000.0,5.375,4713000000.0,0.0,104000000.0,299000000.0,12.273,-349000000.0
59,CPB,MRQ,2006-09-30,2006-10-29,2006-10-29,2021-09-23,-10000000.0,7024000000.0,,2092000000.0,4932000000.0,,3.21,-46000000.0,230000000.0,230000000.0,1236000000.0,291000000.0,0.793,4.539,2863000000.0,747000000.0,2116000000.0,2863000000.0,0.0,64000000.0,0.0,0.02,0.2,460000000.0,524000000.0,0.243,524000000.0,460000000.0,419000000.0,0.74,0.72,0.74,1268000000.0,,1268000000.0,17276720047.0,14.0,11.48,-134000000.0,-0.339,1.0,917000000.0,0.426,2362000000.0,41000000.0,4658000000.0,,859000000.0,0.0,0.0,0.0,5756000000.0,2637000000.0,3119000000.0,14720720047.0,-427000000.0,866000000.0,-714000000.0,-377000000.0,-74000000.0,-1160000000.0,820000000.0,0.0,-88000000.0,1000000.0,291000000.0,291000000.0,291000000.0,-22000000.0,0.0,0.135,479000000.0,438000000.0,741000000.0,0.27,11.609,19.498,19.41,1939000000.0,0.0,36.49,2.09,2.046,802000000.0,6752000000.0,2153000000.0,2153000000.0,26000000.0,,,,,17000000.0,451000000.0,1.0,403417924.0,395000000,405000000.0,5.451,4662000000.0,0.0,128000000.0,377000000.0,11.803,-545000000.0
60,CPB,MRQ,2006-06-30,2006-07-30,2006-07-30,2021-09-23,4000000.0,7745000000.0,,2112000000.0,5633000000.0,,4.376,-162000000.0,657000000.0,657000000.0,672000000.0,44000000.0,0.733,3.381,3213000000.0,1097000000.0,2116000000.0,3213000000.0,0.0,77000000.0,0.0,0.02,0.18,95000000.0,172000000.0,0.171,172000000.0,95000000.0,39000000.0,0.11,0.11,0.11,1768000000.0,,1768000000.0,17559227042.0,15.0,12.135,87000000.0,0.215,1.0,333000000.0,0.331,2361000000.0,56000000.0,5059000000.0,,728000000.0,0.0,0.0,0.0,5977000000.0,2881000000.0,3096000000.0,15142227042.0,127000000.0,0.0,-187000000.0,288000000.0,-74000000.0,33000000.0,-156000000.0,0.0,249000000.0,1000000.0,44000000.0,44000000.0,44000000.0,5000000.0,0.0,0.044,239000000.0,94000000.0,691000000.0,1.636,8.565,19.768,19.559,1954000000.0,0.0,36.77,2.196,2.171,494000000.0,6539000000.0,1005000000.0,1005000000.0,29000000.0,,,,,20000000.0,211000000.0,1.0,411809275.0,404000000,414000000.0,2.488,5384000000.0,0.0,-5000000.0,121000000.0,13.327,-769000000.0
61,CPB,MRQ,2006-03-31,2006-04-30,2006-04-30,2021-09-23,-180000000.0,7252000000.0,,1922000000.0,5330000000.0,,4.384,-61000000.0,530000000.0,530000000.0,1021000000.0,166000000.0,0.732,3.074,2947000000.0,1043000000.0,1904000000.0,2947000000.0,0.0,75000000.0,0.0,0.022,0.18,268000000.0,343000000.0,0.198,343000000.0,268000000.0,228000000.0,0.41,0.4,0.41,1780000000.0,,1780000000.0,15801022746.0,13.0,10.416,267000000.0,0.658,1.0,707000000.0,0.409,3085000000.0,40000000.0,3958000000.0,,650000000.0,0.0,0.0,0.0,5472000000.0,2626000000.0,2846000000.0,13162022746.0,263000000.0,0.0,6000000.0,50000000.0,-74000000.0,-14000000.0,-54000000.0,0.0,328000000.0,3000000.0,166000000.0,166000000.0,166000000.0,-20000000.0,0.0,0.096,459000000.0,248000000.0,546000000.0,0.439,7.394,16.09,15.99,1944000000.0,0.0,32.14,1.905,1.888,579000000.0,6569000000.0,1728000000.0,1728000000.0,26000000.0,,,,,24000000.0,431000000.0,1.0,409521554.0,406000000,413000000.0,4.256,4167000000.0,0.0,62000000.0,250000000.0,10.264,-704000000.0
62,CPB,MRQ,2005-12-31,2006-01-29,2006-01-29,2021-09-23,-221000000.0,7146000000.0,,1914000000.0,5232000000.0,,3.973,-46000000.0,267000000.0,267000000.0,1251000000.0,254000000.0,0.831,3.408,2906000000.0,687000000.0,2219000000.0,2906000000.0,0.0,68000000.0,0.0,0.023,0.18,398000000.0,466000000.0,0.216,466000000.0,398000000.0,355000000.0,0.62,0.61,0.62,1621000000.0,,1621000000.0,15338772030.0,13.0,10.199,490000000.0,1.201,1.0,908000000.0,0.421,3011000000.0,43000000.0,4471000000.0,,755000000.0,0.0,0.0,0.0,5525000000.0,2303000000.0,3222000000.0,12407772030.0,222000000.0,0.0,-107000000.0,-87000000.0,-74000000.0,-268000000.0,-46000000.0,0.0,536000000.0,0.0,254000000.0,254000000.0,254000000.0,-15000000.0,0.0,0.118,525000000.0,383000000.0,679000000.0,0.29,7.654,15.549,15.306,1940000000.0,0.0,30.0,1.793,1.769,719000000.0,6477000000.0,2159000000.0,2159000000.0,24000000.0,,,,,27000000.0,500000000.0,1.0,413592401.0,408000000,414000000.0,5.292,4135000000.0,0.0,101000000.0,236000000.0,10.135,-389000000.0
63,CPB,MRQ,2005-09-30,2005-10-30,2005-10-30,2021-09-23,-232000000.0,7164000000.0,,1910000000.0,5254000000.0,,3.699,-38000000.0,45000000.0,45000000.0,1156000000.0,302000000.0,0.783,3.735,2976000000.0,751000000.0,2225000000.0,2976000000.0,0.0,69000000.0,0.0,0.024,0.18,397000000.0,466000000.0,0.233,466000000.0,397000000.0,371000000.0,0.74,0.73,0.74,1513000000.0,,1513000000.0,14898411800.0,12.0,9.965,75000000.0,0.183,1.0,846000000.0,0.423,3006000000.0,26000000.0,4651000000.0,,894000000.0,0.0,0.0,0.0,5651000000.0,2438000000.0,3213000000.0,11945411800.0,5000000.0,0.0,18000000.0,-18000000.0,-70000000.0,-69000000.0,-38000000.0,0.0,113000000.0,-1000000.0,302000000.0,302000000.0,302000000.0,-16000000.0,0.0,0.151,465000000.0,381000000.0,757000000.0,0.243,7.895,15.334,15.23,1957000000.0,0.0,29.09,1.711,1.704,788000000.0,6297000000.0,2002000000.0,2002000000.0,24000000.0,,,,,14000000.0,443000000.0,1.0,410636363.0,409000000,414000000.0,4.895,4158000000.0,0.0,69000000.0,288000000.0,10.166,-528000000.0
64,CPB,MRQ,2005-06-30,2005-07-31,2005-07-31,2021-09-23,-223000000.0,6776000000.0,,1483000000.0,5293000000.0,,3.105,-163000000.0,40000000.0,40000000.0,578000000.0,96000000.0,0.741,4.335,2993000000.0,451000000.0,2542000000.0,2993000000.0,0.0,72000000.0,0.0,0.022,0.17,170000000.0,242000000.0,0.237,242000000.0,170000000.0,120000000.0,0.24,0.23,0.24,1270000000.0,,1270000000.0,15635507304.0,13.0,10.579,55000000.0,0.134,1.0,444000000.0,0.434,3009000000.0,50000000.0,4718000000.0,,753000000.0,0.0,0.0,0.0,5506000000.0,2002000000.0,3504000000.0,12679507304.0,8000000.0,0.0,-14000000.0,39000000.0,-70000000.0,-45000000.0,-163000000.0,0.0,218000000.0,-2000000.0,96000000.0,96000000.0,96000000.0,-63000000.0,0.0,0.094,346000000.0,98000000.0,624000000.0,0.708,9.984,17.934,17.832,1987000000.0,0.0,30.85,1.793,1.784,509000000.0,6069000000.0,1022000000.0,1022000000.0,25000000.0,,,,,10000000.0,319000000.0,1.0,411005099.0,409000000,410000000.0,2.499,3767000000.0,0.0,24000000.0,251000000.0,9.21,-519000000.0
65,CPB,MRQ,2005-03-31,2005-05-01,2005-05-01,2021-09-23,-106000000.0,6813000000.0,,1419000000.0,5394000000.0,,3.345,-62000000.0,32000000.0,32000000.0,1035000000.0,146000000.0,0.747,3.98,2988000000.0,447000000.0,2541000000.0,2988000000.0,0.0,71000000.0,0.0,0.022,0.17,259000000.0,330000000.0,0.19,330000000.0,259000000.0,214000000.0,0.36,0.35,0.36,1368000000.0,,1368000000.0,15335062582.0,13.0,10.769,210000000.0,0.513,1.0,701000000.0,0.404,3153000000.0,45000000.0,4716000000.0,,706000000.0,0.0,0.0,0.0,5445000000.0,1900000000.0,3545000000.0,12258062582.0,-19000000.0,0.0,-47000000.0,-120000000.0,-70000000.0,-237000000.0,-55000000.0,0.0,272000000.0,1000000.0,146000000.0,146000000.0,146000000.0,0.0,0.0,0.084,442000000.0,259000000.0,518000000.0,0.472,8.961,18.296,18.134,1911000000.0,0.0,29.74,1.743,1.729,539000000.0,6043000000.0,1736000000.0,1736000000.0,24000000.0,,,,,6000000.0,420000000.0,1.0,412174263.0,409000000,414000000.0,4.244,3660000000.0,0.0,68000000.0,308000000.0,8.949,-481000000.0
66,CPB,MRQ,2004-12-31,2005-01-30,2005-01-30,2021-09-23,-98000000.0,7074000000.0,,1674000000.0,5400000000.0,,3.274,-52000000.0,51000000.0,51000000.0,1321000000.0,235000000.0,0.754,4.283,3128000000.0,576000000.0,2552000000.0,3128000000.0,0.0,68000000.0,0.0,0.023,0.17,389000000.0,457000000.0,0.206,457000000.0,389000000.0,344000000.0,0.57,0.57,0.57,1339000000.0,,1339000000.0,15382405464.0,14.0,10.948,384000000.0,0.939,1.0,902000000.0,0.406,3156000000.0,45000000.0,4776000000.0,,762000000.0,0.0,0.0,0.0,5735000000.0,2219000000.0,3516000000.0,11969405464.0,7000000.0,0.0,23000000.0,-329000000.0,-70000000.0,-376000000.0,-52000000.0,0.0,436000000.0,-1000000.0,235000000.0,235000000.0,235000000.0,0.0,0.0,0.106,513000000.0,389000000.0,651000000.0,0.298,8.939,17.972,17.847,1917000000.0,0.0,29.09,1.719,1.708,718000000.0,5967000000.0,2223000000.0,2223000000.0,24000000.0,,,,,7000000.0,491000000.0,1.0,411461171.0,409000000,414000000.0,5.435,3918000000.0,0.0,109000000.0,313000000.0,9.579,-545000000.0
67,CPB,MRQ,2004-09-30,2004-10-31,2004-10-31,2021-09-23,-124000000.0,7228000000.0,,1869000000.0,5359000000.0,,2.731,-44000000.0,44000000.0,44000000.0,1245000000.0,230000000.0,0.718,5.471,3457000000.0,892000000.0,2565000000.0,3457000000.0,0.0,68000000.0,0.0,0.024,0.17,381000000.0,449000000.0,0.215,449000000.0,381000000.0,337000000.0,0.56,0.56,0.56,1117000000.0,,1117000000.0,14331894636.0,13.0,10.23,20000000.0,0.049,1.0,846000000.0,0.405,3103000000.0,44000000.0,4936000000.0,,878000000.0,0.0,0.0,0.0,6111000000.0,2602000000.0,3509000000.0,11010894636.0,12000000.0,0.0,-1000000.0,56000000.0,-65000000.0,-10000000.0,-44000000.0,0.0,64000000.0,2000000.0,230000000.0,230000000.0,230000000.0,0.0,0.0,0.11,465000000.0,381000000.0,728000000.0,0.304,9.858,16.533,16.466,1916000000.0,0.0,26.84,1.609,1.604,773000000.0,5802000000.0,2091000000.0,2091000000.0,20000000.0,,,,,5000000.0,443000000.0,1.0,410241976.0,409000000,412000000.0,5.112,4125000000.0,0.0,107000000.0,329000000.0,10.086,-733000000.0
68,CPB,MRQ,2004-06-30,2004-08-01,2004-08-01,2021-09-23,-204000000.0,6662000000.0,,1468000000.0,5194000000.0,,2.169,-134000000.0,32000000.0,32000000.0,587000000.0,59000000.0,0.631,6.622,3353000000.0,810000000.0,2543000000.0,3353000000.0,0.0,65000000.0,0.0,0.025,0.158,123000000.0,188000000.0,0.191,188000000.0,123000000.0,74000000.0,0.15,0.14,0.15,874000000.0,,874000000.0,13788381522.0,12.0,10.072,34000000.0,0.084,1.0,397000000.0,0.403,2995000000.0,49000000.0,4662000000.0,,782000000.0,0.0,0.0,0.0,5788000000.0,2326000000.0,3462000000.0,10504381522.0,4000000.0,0.0,-13000000.0,48000000.0,-65000000.0,-30000000.0,-134000000.0,0.0,168000000.0,0.0,59000000.0,59000000.0,59000000.0,-65000000.0,0.0,0.06,358000000.0,39000000.0,607000000.0,1.053,12.019,16.236,16.196,1901000000.0,0.0,25.59,1.577,1.572,490000000.0,5642000000.0,984000000.0,984000000.0,23000000.0,,,,,18000000.0,308000000.0,1.0,410487750.0,403000000,412000000.0,2.442,3667000000.0,0.0,15000000.0,250000000.0,9.099,-858000000.0
69,CPB,MRQ,2004-03-31,2004-05-02,2004-05-02,2021-09-23,-216000000.0,6443000000.0,,1340000000.0,5103000000.0,,2.131,-59000000.0,28000000.0,28000000.0,995000000.0,142000000.0,0.613,6.355,3312000000.0,769000000.0,2543000000.0,3312000000.0,0.0,68000000.0,0.0,0.023,0.158,243000000.0,311000000.0,0.187,311000000.0,243000000.0,203000000.0,0.35,0.34,0.35,876000000.0,,876000000.0,14788087423.0,13.0,10.533,185000000.0,0.45,1.0,672000000.0,0.403,2996000000.0,40000000.0,4544000000.0,,686000000.0,0.0,0.0,0.0,5567000000.0,2187000000.0,3380000000.0,11355087423.0,-13000000.0,0.0,-7000000.0,-126000000.0,-65000000.0,-198000000.0,-59000000.0,0.0,244000000.0,0.0,142000000.0,142000000.0,142000000.0,0.0,0.0,0.085,429000000.0,243000000.0,501000000.0,0.451,12.962,17.153,17.056,1834000000.0,0.0,27.63,1.592,1.592,481000000.0,5648000000.0,1667000000.0,1667000000.0,23000000.0,,,,,0.0,419000000.0,1.0,410969505.0,411000000,413000000.0,4.056,3447000000.0,0.0,61000000.0,301000000.0,8.387,-847000000.0
70,CPB,MRQ,2003-12-31,2004-02-01,2004-02-01,2021-09-23,-152000000.0,6796000000.0,,1541000000.0,5255000000.0,,2.112,-51000000.0,41000000.0,41000000.0,1212000000.0,235000000.0,0.616,6.829,3474000000.0,908000000.0,2566000000.0,3474000000.0,0.0,64000000.0,0.0,0.024,0.158,389000000.0,453000000.0,0.216,453000000.0,389000000.0,347000000.0,0.57,0.57,0.57,868000000.0,,868000000.0,14508398928.0,13.0,10.385,347000000.0,0.844,1.0,888000000.0,0.423,3081000000.0,42000000.0,4646000000.0,,715000000.0,0.0,0.0,0.0,5928000000.0,2502000000.0,3426000000.0,10823398928.0,2000000.0,0.0,-11000000.0,-275000000.0,-64000000.0,-350000000.0,-51000000.0,0.0,398000000.0,5000000.0,235000000.0,235000000.0,235000000.0,0.0,0.0,0.112,499000000.0,389000000.0,619000000.0,0.277,12.469,16.677,16.665,1871000000.0,0.0,26.33,1.532,1.532,644000000.0,5571000000.0,2100000000.0,2100000000.0,21000000.0,,,,,0.0,476000000.0,1.0,411067183.0,411000000,412000000.0,5.109,3715000000.0,0.0,112000000.0,301000000.0,9.039,-961000000.0
71,CPB,MRQ,2003-09-30,2003-11-02,2003-11-02,2021-09-23,-237000000.0,6743000000.0,,1655000000.0,5088000000.0,,1.496,-22000000.0,39000000.0,39000000.0,1108000000.0,211000000.0,0.599,9.964,3724000000.0,1168000000.0,2556000000.0,3724000000.0,0.0,63000000.0,0.0,0.024,0.158,354000000.0,417000000.0,0.218,417000000.0,354000000.0,311000000.0,0.51,0.51,0.51,615000000.0,,615000000.0,14132202975.0,12.0,10.204,-88000000.0,-0.214,1.0,801000000.0,0.42,2937000000.0,43000000.0,4728000000.0,,802000000.0,0.0,0.0,0.0,6128000000.0,2763000000.0,3365000000.0,10636202975.0,7000000.0,-9000000.0,0.0,168000000.0,-65000000.0,103000000.0,-31000000.0,0.0,-66000000.0,1000000.0,211000000.0,211000000.0,211000000.0,0.0,0.0,0.111,447000000.0,354000000.0,656000000.0,0.31,17.295,16.49,16.51,1846000000.0,0.0,25.92,1.546,1.548,663000000.0,5400000000.0,1909000000.0,1909000000.0,21000000.0,,,,,0.0,416000000.0,1.0,410347337.0,411000000,412000000.0,4.645,3806000000.0,0.0,100000000.0,298000000.0,9.26,-1108000000.0
72,CPB,MRQ,2003-06-30,2003-08-03,2003-08-03,2021-09-23,-316000000.0,6205000000.0,,1290000000.0,4915000000.0,,0.942,-113000000.0,32000000.0,32000000.0,858000000.0,74000000.0,0.464,15.034,3528000000.0,1279000000.0,2249000000.0,3528000000.0,0.0,63000000.0,0.0,0.026,0.158,160000000.0,223000000.0,0.153,223000000.0,160000000.0,110000000.0,0.19,0.19,0.19,387000000.0,,387000000.0,13306154507.0,12.0,10.065,54000000.0,0.131,1.0,597000000.0,0.41,2821000000.0,50000000.0,4097000000.0,,709000000.0,0.0,0.0,0.0,5818000000.0,2783000000.0,3035000000.0,9799154507.0,5000000.0,3000000.0,-9000000.0,23000000.0,-65000000.0,-51000000.0,-110000000.0,0.0,167000000.0,-1000000.0,74000000.0,74000000.0,74000000.0,0.0,0.0,0.051,414000000.0,183000000.0,620000000.0,0.832,25.321,16.469,16.462,1843000000.0,0.0,23.87,1.467,1.469,413000000.0,5254000000.0,1455000000.0,1455000000.0,25000000.0,,,,,0.0,406000000.0,1.0,410521764.0,411000000,411000000.0,3.54,3384000000.0,0.0,36000000.0,217000000.0,8.234,-1493000000.0
73,CPB,MRQ,2003-03-31,2003-04-27,2003-04-27,2021-09-23,-349000000.0,6115000000.0,,1270000000.0,4845000000.0,,0.856,-64000000.0,27000000.0,27000000.0,920000000.0,129000000.0,0.455,16.372,3534000000.0,1261000000.0,2273000000.0,3534000000.0,0.0,69000000.0,0.0,0.029,0.158,235000000.0,304000000.0,0.19,304000000.0,235000000.0,190000000.0,0.31,0.31,0.31,352000000.0,,352000000.0,12561227639.0,12.0,9.509,169000000.0,0.411,1.0,680000000.0,0.425,2781000000.0,45000000.0,4047000000.0,,608000000.0,0.0,0.0,0.0,5763000000.0,2794000000.0,2969000000.0,8971227639.0,-10000000.0,-2000000.0,0.0,-109000000.0,-65000000.0,-174000000.0,-69000000.0,0.0,233000000.0,0.0,129000000.0,129000000.0,129000000.0,0.0,0.0,0.081,445000000.0,235000000.0,514000000.0,0.51,25.486,15.575,15.614,1770000000.0,0.0,21.86,1.392,1.394,511000000.0,5245000000.0,1600000000.0,1600000000.0,23000000.0,,,,,0.0,407000000.0,1.0,410394677.0,411000000,411000000.0,3.893,3334000000.0,0.0,61000000.0,283000000.0,8.112,-1524000000.0
74,CPB,MRQ,2002-12-31,2003-01-26,2003-01-26,2021-09-23,-395000000.0,6287000000.0,,1484000000.0,4803000000.0,,0.582,-47000000.0,37000000.0,37000000.0,1056000000.0,231000000.0,0.489,25.305,3627000000.0,1357000000.0,2270000000.0,3627000000.0,0.0,56000000.0,0.0,0.026,0.158,385000000.0,441000000.0,0.23,441000000.0,385000000.0,339000000.0,0.56,0.56,0.56,239000000.0,,239000000.0,13625761490.0,14.0,10.571,356000000.0,0.866,1.0,862000000.0,0.449,2748000000.0,46000000.0,4095000000.0,,657000000.0,0.0,0.0,0.0,6048000000.0,3034000000.0,3014000000.0,9759761490.0,-4000000.0,0.0,1000000.0,-300000000.0,-64000000.0,-363000000.0,-47000000.0,0.0,403000000.0,3000000.0,231000000.0,231000000.0,231000000.0,0.0,0.0,0.12,477000000.0,385000000.0,625000000.0,0.282,40.836,17.974,18.015,1757000000.0,0.0,23.78,1.57,1.572,649000000.0,5181000000.0,1918000000.0,1918000000.0,21000000.0,,,,,0.0,457000000.0,1.0,410418902.0,411000000,411000000.0,4.667,3539000000.0,0.0,108000000.0,294000000.0,8.611,-1550000000.0
75,CPB,MRQ,2002-09-30,2002-10-27,2002-10-27,2021-09-23,-458000000.0,6250000000.0,,1577000000.0,4673000000.0,,0.007,-37000000.0,41000000.0,41000000.0,971000000.0,161000000.0,0.426,2082.333,3907000000.0,2047000000.0,1860000000.0,3907000000.0,0.0,55000000.0,0.0,0.028,0.158,299000000.0,354000000.0,0.208,354000000.0,299000000.0,254000000.0,0.39,0.39,0.39,3000000.0,,3000000.0,12898846096.0,13.0,10.125,33000000.0,0.08,1.0,734000000.0,0.43,2622000000.0,45000000.0,3792000000.0,,745000000.0,0.0,0.0,0.0,6247000000.0,3702000000.0,2545000000.0,9274846096.0,20000000.0,-168000000.0,1000000.0,220000000.0,-65000000.0,156000000.0,-206000000.0,0.0,70000000.0,0.0,161000000.0,161000000.0,161000000.0,0.0,0.0,0.094,404000000.0,330000000.0,679000000.0,0.405,3091.615,18.009,18.104,1736000000.0,0.0,22.63,1.518,1.519,661000000.0,5014000000.0,1705000000.0,1705000000.0,19000000.0,,,,,0.0,382000000.0,1.0,409847375.0,410000000,411000000.0,4.159,3628000000.0,0.0,93000000.0,308000000.0,8.849,-2125000000.0
76,CPB,MRQ,2002-06-30,2002-07-28,2002-07-28,2021-09-23,-481000000.0,5721000000.0,,1199000000.0,4522000000.0,,-0.278,-156000000.0,21000000.0,21000000.0,686000000.0,55000000.0,0.448,-51.184,3645000000.0,1196000000.0,2449000000.0,3645000000.0,0.0,90000000.0,0.0,0.028,0.158,132000000.0,222000000.0,0.182,222000000.0,132000000.0,84000000.0,0.14,0.14,0.14,-114000000.0,,-114000000.0,12796502902.0,13.0,9.791,32000000.0,0.078,1.0,537000000.0,0.439,2534000000.0,48000000.0,4133000000.0,,638000000.0,0.0,0.0,0.0,5835000000.0,2678000000.0,3157000000.0,9229502902.0,-6000000.0,0.0,2000000.0,34000000.0,-65000000.0,-34000000.0,-157000000.0,-1000000.0,188000000.0,-3000000.0,55000000.0,55000000.0,55000000.0,0.0,0.0,0.045,310000000.0,227000000.0,612000000.0,1.129,-80.961,17.58,17.578,1684000000.0,0.0,22.5,1.505,1.504,417000000.0,4918000000.0,1223000000.0,1223000000.0,27000000.0,,,,,0.0,391000000.0,1.0,410200129.0,410000000,411000000.0,2.983,3187000000.0,0.0,29000000.0,233000000.0,7.773,-1479000000.0
77,CPB,MRQ,2002-03-31,2002-04-28,2002-04-28,2021-09-23,-296000000.0,5789000000.0,,1133000000.0,4656000000.0,,0.195,-51000000.0,27000000.0,27000000.0,782000000.0,96000000.0,0.455,71.362,3594000000.0,1164000000.0,2430000000.0,3594000000.0,0.0,82000000.0,0.0,0.026,0.158,190000000.0,272000000.0,0.198,272000000.0,190000000.0,146000000.0,0.23,0.23,0.23,80000000.0,,80000000.0,14940423190.0,15.0,11.414,287000000.0,0.7,1.0,589000000.0,0.43,2440000000.0,44000000.0,4426000000.0,,532000000.0,0.0,0.0,0.0,5709000000.0,2490000000.0,3219000000.0,11162423190.0,-5000000.0,3000000.0,3000000.0,-229000000.0,-64000000.0,-290000000.0,-56000000.0,-11000000.0,338000000.0,3000000.0,96000000.0,96000000.0,96000000.0,0.0,0.0,0.07,399000000.0,190000000.0,461000000.0,0.687,139.53,21.384,21.449,1595000000.0,0.0,27.24,1.838,1.839,432000000.0,4927000000.0,1371000000.0,1371000000.0,17000000.0,,,,,0.0,340000000.0,1.0,409780587.0,410000000,411000000.0,3.344,3349000000.0,0.0,50000000.0,257000000.0,8.168,-1357000000.0
78,CPB,MRQ,2001-12-31,2002-01-27,2002-01-27,2021-09-23,-341000000.0,6049000000.0,,1438000000.0,4611000000.0,,-0.01,-33000000.0,32000000.0,32000000.0,1004000000.0,203000000.0,0.498,-1513.25,3810000000.0,1456000000.0,2354000000.0,3810000000.0,0.0,74000000.0,0.0,0.027,0.158,352000000.0,426000000.0,0.235,426000000.0,352000000.0,307000000.0,0.49,0.49,0.49,-4000000.0,,-4000000.0,15749756826.0,15.0,11.771,312000000.0,0.761,1.0,806000000.0,0.445,2408000000.0,45000000.0,4531000000.0,,568000000.0,0.0,0.0,0.0,6053000000.0,2888000000.0,3165000000.0,11732756826.0,-3000000.0,-15000000.0,3000000.0,-239000000.0,-65000000.0,-297000000.0,-50000000.0,0.0,345000000.0,-1000000.0,203000000.0,203000000.0,203000000.0,0.0,0.0,0.112,454000000.0,352000000.0,583000000.0,0.322,-2933.189,21.41,21.373,1586000000.0,0.0,28.64,1.964,1.966,642000000.0,4896000000.0,1810000000.0,1810000000.0,17000000.0,,,,,0.0,405000000.0,1.0,409663297.0,410000000,411000000.0,4.415,3641000000.0,0.0,104000000.0,239000000.0,8.88,-1450000000.0
79,CPB,MRQ,2001-09-30,2001-10-28,2001-10-28,2021-09-23,-338000000.0,6244000000.0,,1576000000.0,4668000000.0,,-0.361,-24000000.0,35000000.0,35000000.0,971000000.0,171000000.0,0.559,-43.189,4052000000.0,1295000000.0,2757000000.0,4052000000.0,0.0,73000000.0,0.0,0.029,0.158,314000000.0,387000000.0,0.224,387000000.0,314000000.0,261000000.0,0.42,0.42,0.42,-148000000.0,,-148000000.0,15634909123.0,14.0,10.903,122000000.0,0.298,1.0,758000000.0,0.438,2440000000.0,53000000.0,5001000000.0,,652000000.0,0.0,0.0,0.0,6392000000.0,2820000000.0,3572000000.0,11609909123.0,11000000.0,0.0,1000000.0,-9000000.0,-92000000.0,-105000000.0,-25000000.0,0.0,146000000.0,-5000000.0,171000000.0,171000000.0,171000000.0,0.0,0.0,0.099,444000000.0,314000000.0,627000000.0,0.376,-78.445,18.847,18.9,1603000000.0,0.0,28.35,1.961,1.964,697000000.0,4758000000.0,1729000000.0,1729000000.0,18000000.0,,,,,0.0,391000000.0,1.0,409520604.0,410000000,411000000.0,4.217,3804000000.0,0.0,90000000.0,254000000.0,9.278,-1244000000.0
80,CPB,MRQ,2001-06-30,2001-07-29,2001-07-29,2021-09-23,-324000000.0,5927000000.0,,1203000000.0,4724000000.0,,-0.601,-96000000.0,24000000.0,24000000.0,646000000.0,52000000.0,0.386,-24.996,4049000000.0,1806000000.0,2243000000.0,4049000000.0,0.0,78000000.0,0.0,0.033,0.225,146000000.0,224000000.0,0.192,224000000.0,146000000.0,80000000.0,0.13,0.13,0.13,-247000000.0,,-247000000.0,14166632444.0,12.0,9.624,76000000.0,0.185,1.0,518000000.0,0.445,2451000000.0,66000000.0,4381000000.0,,597000000.0,0.0,0.0,0.0,6174000000.0,3120000000.0,3054000000.0,11056632444.0,3000000.0,-911000000.0,10000000.0,917000000.0,-93000000.0,834000000.0,-1009000000.0,-19000000.0,172000000.0,6000000.0,52000000.0,52000000.0,52000000.0,0.0,0.0,0.045,384000000.0,134000000.0,582000000.0,1.731,-44.764,17.036,17.204,1637000000.0,0.0,27.01,1.916,1.938,442000000.0,4651000000.0,1164000000.0,1164000000.0,20000000.0,,,,,0.0,361000000.0,1.0,409353293.0,411000000,412000000.0,2.832,3476000000.0,0.0,28000000.0,190000000.0,8.457,-1917000000.0
81,CPB,MRQ,2001-03-31,2001-04-29,2001-04-29,2021-09-23,-322000000.0,4832000000.0,,1030000000.0,3802000000.0,,-0.534,-40000000.0,21000000.0,21000000.0,712000000.0,122000000.0,0.508,-23.064,3131000000.0,892000000.0,2239000000.0,3131000000.0,0.0,64000000.0,0.0,0.029,0.225,237000000.0,301000000.0,0.237,301000000.0,237000000.0,185000000.0,0.3,0.3,0.3,-219000000.0,,-219000000.0,15672265189.0,13.0,10.757,150000000.0,0.366,1.0,559000000.0,0.44,1660000000.0,52000000.0,4256000000.0,,459000000.0,0.0,0.0,0.0,5051000000.0,2026000000.0,3025000000.0,12535265189.0,-17000000.0,0.0,-24000000.0,-34000000.0,-92000000.0,-150000000.0,-54000000.0,0.0,190000000.0,-3000000.0,122000000.0,122000000.0,122000000.0,0.0,0.0,0.096,322000000.0,237000000.0,378000000.0,0.75,-57.239,19.109,19.554,1542000000.0,0.0,30.7,2.432,2.442,397000000.0,4691000000.0,1271000000.0,1271000000.0,15000000.0,,,,,0.0,283000000.0,1.0,408314827.0,410000000,411000000.0,3.1,3172000000.0,0.0,63000000.0,235000000.0,7.737,-996000000.0
82,CPB,MRQ,2000-12-31,2001-01-28,2001-01-28,2021-09-23,-279000000.0,5094000000.0,,1229000000.0,3865000000.0,,-0.46,-33000000.0,38000000.0,38000000.0,918000000.0,271000000.0,0.45,-27.67,3175000000.0,1433000000.0,1742000000.0,3175000000.0,0.0,62000000.0,0.0,0.028,0.225,460000000.0,522000000.0,0.297,522000000.0,460000000.0,411000000.0,0.65,0.65,0.65,-191000000.0,,-191000000.0,16354810999.0,13.0,11.156,452000000.0,1.089,1.0,837000000.0,0.477,1704000000.0,49000000.0,3795000000.0,,494000000.0,0.0,0.0,0.0,5285000000.0,2732000000.0,2553000000.0,13422810999.0,13000000.0,0.0,-552000000.0,208000000.0,-94000000.0,-438000000.0,-34000000.0,0.0,485000000.0,0.0,271000000.0,271000000.0,271000000.0,0.0,0.0,0.154,377000000.0,460000000.0,469000000.0,0.346,-70.276,19.945,19.962,1570000000.0,0.0,31.94,2.543,2.511,549000000.0,4661000000.0,1755000000.0,1755000000.0,15000000.0,,,,,0.0,330000000.0,1.0,420250814.0,415000000,419000000.0,4.229,3390000000.0,0.0,140000000.0,258000000.0,8.169,-1503000000.0
83,CPB,MRQ,2000-09-30,2000-10-29,2000-10-29,2021-09-23,-319000000.0,5234000000.0,,1386000000.0,3848000000.0,,0.304,-23000000.0,25000000.0,25000000.0,856000000.0,204000000.0,0.45,39.891,2957000000.0,1741000000.0,1216000000.0,2957000000.0,0.0,62000000.0,0.0,0.031,0.225,363000000.0,425000000.0,0.269,425000000.0,363000000.0,311000000.0,0.48,0.47,0.48,128000000.0,,128000000.0,15181354799.0,12.0,10.272,236000000.0,0.561,1.0,725000000.0,0.459,1678000000.0,52000000.0,3405000000.0,,595000000.0,0.0,0.0,0.0,5106000000.0,3083000000.0,2023000000.0,12117354799.0,-2000000.0,0.0,-28000000.0,-108000000.0,-95000000.0,-231000000.0,-25000000.0,0.0,259000000.0,-5000000.0,204000000.0,204000000.0,204000000.0,0.0,0.0,0.129,362000000.0,363000000.0,482000000.0,0.469,94.667,17.741,17.894,1574000000.0,0.0,28.81,2.228,2.23,609000000.0,4482000000.0,1581000000.0,1581000000.0,14000000.0,,,,,0.0,319000000.0,1.0,420595446.0,421000000,431000000.0,3.755,3556000000.0,0.0,107000000.0,279000000.0,8.447,-1697000000.0
84,CPB,MRQ,2000-06-30,2000-07-30,2000-07-30,2021-09-23,-227000000.0,5196000000.0,,1168000000.0,4028000000.0,,0.325,-77000000.0,27000000.0,27000000.0,767000000.0,59000000.0,0.385,36.927,3091000000.0,1873000000.0,1218000000.0,3091000000.0,0.0,62000000.0,0.0,0.034,0.225,147000000.0,209000000.0,0.381,209000000.0,147000000.0,89000000.0,0.14,0.13,0.14,137000000.0,,137000000.0,14257303021.0,11.0,9.343,145000000.0,0.344,1.0,-219000000.0,-0.4,1767000000.0,58000000.0,3461000000.0,,571000000.0,0.0,0.0,0.0,5059000000.0,3032000000.0,2027000000.0,11134303021.0,-7000000.0,1000000.0,-3000000.0,-55000000.0,-95000000.0,-153000000.0,-73000000.0,0.0,222000000.0,-3000000.0,59000000.0,59000000.0,59000000.0,0.0,0.0,0.108,-356000000.0,137000000.0,509000000.0,1.607,81.272,15.594,15.738,1644000000.0,0.0,26.44,1.979,1.997,443000000.0,4373000000.0,548000000.0,548000000.0,19000000.0,,,,,0.0,-399000000.0,1.0,421115848.0,422000000,432000000.0,1.299,3429000000.0,0.0,30000000.0,195000000.0,8.126,-1864000000.0
85,CPB,MRQ,2000-03-31,2000-04-30,2000-04-30,2021-09-23,-236000000.0,5195000000.0,,1186000000.0,4009000000.0,,0.385,-46000000.0,34000000.0,34000000.0,664000000.0,139000000.0,0.398,30.871,3157000000.0,1887000000.0,1270000000.0,3157000000.0,0.0,66000000.0,0.0,0.035,0.225,244000000.0,310000000.0,0.222,310000000.0,244000000.0,200000000.0,0.33,0.32,0.33,163000000.0,,163000000.0,14103054496.0,11.0,9.04,162000000.0,0.383,1.0,730000000.0,0.524,1772000000.0,44000000.0,3563000000.0,,560000000.0,0.0,0.0,0.0,5032000000.0,2983000000.0,2049000000.0,10985054496.0,-58000000.0,10000000.0,-95000000.0,-24000000.0,-95000000.0,-214000000.0,-54000000.0,0.0,208000000.0,2000000.0,139000000.0,139000000.0,139000000.0,0.0,0.0,0.1,486000000.0,244000000.0,351000000.0,0.682,67.393,14.966,15.116,1622000000.0,0.0,26.0,1.67,1.672,470000000.0,4409000000.0,1394000000.0,1394000000.0,14000000.0,,,,,0.0,457000000.0,1.0,422502096.0,423000000,432000000.0,3.296,3423000000.0,0.0,61000000.0,228000000.0,8.092,-1797000000.0
86,CPB,MRQ,1999-12-31,2000-01-30,2000-01-30,2021-09-23,-180000000.0,5564000000.0,,1439000000.0,4125000000.0,,0.621,-35000000.0,92000000.0,92000000.0,848000000.0,281000000.0,0.457,19.996,3210000000.0,1874000000.0,1336000000.0,3210000000.0,0.0,61000000.0,0.0,0.03,0.225,473000000.0,534000000.0,0.279,534000000.0,473000000.0,423000000.0,0.66,0.65,0.66,265000000.0,,265000000.0,15930104555.0,12.0,9.944,433000000.0,1.014,1.0,1068000000.0,0.557,1844000000.0,50000000.0,3689000000.0,,583000000.0,0.0,0.0,0.0,5299000000.0,3149000000.0,2150000000.0,12605104555.0,58000000.0,0.0,-127000000.0,-146000000.0,-97000000.0,-370000000.0,-41000000.0,0.0,468000000.0,1000000.0,281000000.0,281000000.0,281000000.0,0.0,0.0,0.147,595000000.0,473000000.0,446000000.0,0.341,47.566,16.651,16.795,1678000000.0,0.0,29.56,1.889,1.891,638000000.0,4365000000.0,1916000000.0,1916000000.0,15000000.0,,,,,0.0,551000000.0,1.0,426424376.0,427000000,431000000.0,4.487,3720000000.0,0.0,142000000.0,249000000.0,8.712,-1710000000.0
87,CPB,MRQ,1999-09-30,1999-10-31,1999-10-31,2021-09-23,-155000000.0,5742000000.0,,1547000000.0,4195000000.0,,0.531,-35000000.0,34000000.0,34000000.0,809000000.0,235000000.0,0.459,24.184,3359000000.0,2031000000.0,1328000000.0,3359000000.0,0.0,62000000.0,0.0,0.02,0.225,411000000.0,473000000.0,0.268,473000000.0,411000000.0,365000000.0,0.55,0.54,0.55,228000000.0,,228000000.0,22563642770.0,18.0,15.012,232000000.0,0.541,1.0,959000000.0,0.542,1888000000.0,46000000.0,3806000000.0,,690000000.0,0.0,0.0,0.0,5514000000.0,3373000000.0,2141000000.0,19252642770.0,28000000.0,0.0,-149000000.0,40000000.0,-97000000.0,-206000000.0,-36000000.0,0.0,267000000.0,3000000.0,235000000.0,235000000.0,235000000.0,0.0,0.0,0.133,548000000.0,411000000.0,495000000.0,0.409,84.441,27.702,28.302,1713000000.0,0.0,45.0,2.921,2.929,683000000.0,4180000000.0,1768000000.0,1768000000.0,16000000.0,,,,,0.0,511000000.0,1.0,427836506.0,429000000,433000000.0,4.121,3854000000.0,0.0,130000000.0,237000000.0,8.984,-1826000000.0
88,CPB,MRQ,1999-06-30,1999-08-01,1999-08-01,2021-09-23,-150000000.0,5522000000.0,,1294000000.0,4228000000.0,,0.54,-98000000.0,6000000.0,6000000.0,836000000.0,79000000.0,0.411,22.498,3317000000.0,1987000000.0,1330000000.0,3317000000.0,0.0,64000000.0,0.0,0.02,0.225,179000000.0,243000000.0,0.162,243000000.0,179000000.0,124000000.0,0.18,0.19,0.18,235000000.0,,235000000.0,22276493244.0,17.0,14.503,111000000.0,0.255,1.0,662000000.0,0.442,1910000000.0,55000000.0,3777000000.0,,615000000.0,0.0,0.0,0.0,5287000000.0,3146000000.0,2141000000.0,19103493244.0,-18000000.0,103000000.0,-259000000.0,142000000.0,-98000000.0,-213000000.0,0.0,0.0,209000000.0,-14000000.0,79000000.0,79000000.0,79000000.0,0.0,0.0,0.053,494000000.0,168000000.0,511000000.0,1.25,81.291,26.386,26.829,1726000000.0,0.0,44.0,2.883,2.928,541000000.0,4041000000.0,1498000000.0,1498000000.0,18000000.0,,,,,0.0,416000000.0,1.0,434170301.0,435000000,436000000.0,3.444,3612000000.0,0.0,45000000.0,136000000.0,8.303,-1852000000.0
89,CPB,MRQ,1999-03-31,1999-05-02,1999-05-02,2021-09-23,-140000000.0,5703000000.0,,1371000000.0,4332000000.0,,1.139,-72000000.0,24000000.0,24000000.0,730000000.0,162000000.0,0.452,10.429,3197000000.0,1859000000.0,1338000000.0,3197000000.0,0.0,68000000.0,0.0,0.021,0.225,284000000.0,352000000.0,0.236,352000000.0,284000000.0,241000000.0,0.37,0.37,0.37,499000000.0,,499000000.0,20803624651.0,14.0,12.339,284000000.0,0.648,1.0,762000000.0,0.511,1988000000.0,43000000.0,3854000000.0,,587000000.0,0.0,0.0,0.0,5204000000.0,3034000000.0,2170000000.0,17774624651.0,-6000000.0,0.0,-307000000.0,127000000.0,-100000000.0,-282000000.0,-91000000.0,0.0,356000000.0,11000000.0,162000000.0,162000000.0,162000000.0,0.0,0.0,0.109,478000000.0,284000000.0,403000000.0,0.608,35.62,21.493,21.909,1743000000.0,0.0,40.75,2.766,2.777,530000000.0,4060000000.0,1492000000.0,1492000000.0,15000000.0,,,,,0.0,439000000.0,1.0,436187108.0,438000000,443000000.0,3.406,3715000000.0,0.0,79000000.0,234000000.0,8.482,-1663000000.0
90,CPB,MRQ,1998-12-31,1999-01-31,1999-01-31,2021-09-23,-170000000.0,5874000000.0,,1573000000.0,4301000000.0,,1.556,-79000000.0,30000000.0,30000000.0,856000000.0,219000000.0,0.52,7.501,3059000000.0,1721000000.0,1338000000.0,3059000000.0,0.0,64000000.0,0.0,0.018,0.225,371000000.0,435000000.0,0.237,435000000.0,371000000.0,329000000.0,0.49,0.49,0.49,691000000.0,,691000000.0,23688487659.0,21.0,17.367,129000000.0,0.291,1.0,976000000.0,0.533,2001000000.0,42000000.0,3878000000.0,,621000000.0,0.0,0.0,0.0,5183000000.0,3024000000.0,2159000000.0,20868487659.0,11000000.0,0.0,-264000000.0,243000000.0,-93000000.0,-114000000.0,-83000000.0,0.0,208000000.0,0.0,219000000.0,219000000.0,219000000.0,0.0,0.0,0.12,605000000.0,371000000.0,468000000.0,0.459,30.2,36.293,36.388,1719000000.0,0.0,46.94,3.207,3.203,705000000.0,3996000000.0,1832000000.0,1832000000.0,17000000.0,,,,,0.0,585000000.0,1.0,444577922.0,444000000,449000000.0,4.126,3873000000.0,0.0,110000000.0,217000000.0,8.723,-1451000000.0
91,CPB,MRQ,1998-09-30,1998-11-01,1998-11-01,2021-09-23,-156000000.0,5995000000.0,,1695000000.0,4300000000.0,,1.902,-39000000.0,0.0,0.0,830000000.0,264000000.0,0.597,6.036,2820000000.0,1332000000.0,1488000000.0,2820000000.0,0.0,59000000.0,0.0,0.016,0.21,447000000.0,506000000.0,0.28,506000000.0,447000000.0,403000000.0,0.59,0.58,0.59,852000000.0,,852000000.0,26308147225.0,21.0,17.668,142000000.0,0.317,1.0,974000000.0,0.54,2022000000.0,44000000.0,3955000000.0,,816000000.0,0.0,0.0,0.0,5143000000.0,2838000000.0,2305000000.0,23754147225.0,3000000.0,-105000000.0,-161000000.0,229000000.0,-95000000.0,-27000000.0,-148000000.0,0.0,181000000.0,-3000000.0,264000000.0,264000000.0,264000000.0,0.0,0.0,0.146,527000000.0,447000000.0,544000000.0,0.356,27.88,36.211,36.514,1707000000.0,0.0,53.31,3.552,3.572,19000000.0,3876000000.0,1804000000.0,1804000000.0,16000000.0,,,,,0.0,498000000.0,1.0,445585204.0,448000000,454000000.0,4.027,3973000000.0,0.0,139000000.0,278000000.0,8.868,-1143000000.0
92,CPB,MRQ,1998-06-30,1998-08-02,1998-08-02,2021-09-23,-164000000.0,5633000000.0,,1440000000.0,4193000000.0,,1.951,23000000.0,16000000.0,16000000.0,610000000.0,182000000.0,0.514,5.445,2570000000.0,1401000000.0,1169000000.0,2570000000.0,0.0,60000000.0,0.0,0.015,0.21,333000000.0,393000000.0,0.303,393000000.0,333000000.0,275000000.0,0.41,0.4,0.41,874000000.0,,874000000.0,27075669678.0,22.0,18.123,206000000.0,0.46,1.0,689000000.0,0.53,1904000000.0,58000000.0,3480000000.0,,564000000.0,0.0,0.0,0.0,4759000000.0,2803000000.0,1956000000.0,24249669678.0,-30000000.0,173000000.0,-136000000.0,-247000000.0,-95000000.0,-478000000.0,192000000.0,0.0,183000000.0,-2000000.0,182000000.0,182000000.0,182000000.0,0.0,0.0,0.14,370000000.0,319000000.0,506000000.0,0.512,27.746,36.742,36.986,1723000000.0,0.0,54.0,3.622,3.661,656000000.0,3706000000.0,1299000000.0,1299000000.0,19000000.0,,,,,0.0,348000000.0,1.0,449067957.0,448000000,454000000.0,2.9,3729000000.0,0.0,93000000.0,163000000.0,8.324,-1363000000.0
93,CPB,MRQ,1998-03-31,1998-05-03,1998-05-03,2021-09-23,-114000000.0,6051000000.0,,1581000000.0,4470000000.0,,2.066,-50000000.0,0.0,0.0,775000000.0,-90000000.0,0.506,5.465,2826000000.0,1635000000.0,1191000000.0,2826000000.0,0.0,68000000.0,0.0,0.015,0.21,-38000000.0,30000000.0,0.019,30000000.0,-38000000.0,-83000000.0,-0.2,-0.2,-0.2,936000000.0,,936000000.0,26890945900.0,22.0,18.739,193000000.0,0.426,1.0,797000000.0,0.507,1985000000.0,45000000.0,3765000000.0,,759000000.0,0.0,0.0,0.0,5115000000.0,3127000000.0,1988000000.0,23614945900.0,-52000000.0,0.0,-214000000.0,-516000000.0,0.0,-730000000.0,-46000000.0,0.0,243000000.0,-5000000.0,-90000000.0,-90000000.0,-90000000.0,54000000.0,0.0,-0.057,781000000.0,16000000.0,388000000.0,-1.05,25.23,35.299,,1944000000.0,0.0,52.0,4.091,4.081,46000000.0,3618000000.0,1572000000.0,1572000000.0,18000000.0,,,,,0.0,481000000.0,1.0,454133575.0,453000000,453000000.0,3.47,4066000000.0,0.0,7000000.0,224000000.0,8.976,-1546000000.0
94,CPB,MRQ,1997-12-31,1998-02-01,1998-02-01,2021-09-23,-112000000.0,7007000000.0,,1905000000.0,5102000000.0,,3.247,-50000000.0,99000000.0,99000000.0,1177000000.0,300000000.0,0.554,3.722,3375000000.0,2112000000.0,1263000000.0,3375000000.0,0.0,76000000.0,0.0,0.015,0.21,507000000.0,583000000.0,0.249,583000000.0,507000000.0,463000000.0,0.66,0.65,0.66,1484000000.0,,1484000000.0,27283262196.0,18.0,15.707,323000000.0,0.707,1.0,1165000000.0,0.497,2124000000.0,44000000.0,4721000000.0,,722000000.0,0.0,0.0,0.0,5523000000.0,3438000000.0,2085000000.0,24420262196.0,43000000.0,-457000000.0,-167000000.0,450000000.0,-96000000.0,187000000.0,-508000000.0,0.0,373000000.0,-9000000.0,300000000.0,300000000.0,300000000.0,0.0,0.0,0.128,647000000.0,518000000.0,522000000.0,0.318,16.456,26.66,,2449000000.0,0.0,53.5,4.254,4.259,910000000.0,3955000000.0,2342000000.0,2342000000.0,18000000.0,,,,,0.0,611000000.0,1.0,456453499.0,457000000,462000000.0,5.125,4883000000.0,0.0,163000000.0,197000000.0,10.685,-1533000000.0
95,CPB,MRQ,1997-09-30,1997-11-02,1997-11-02,2021-09-23,-51000000.0,6820000000.0,,1964000000.0,4856000000.0,,3.286,-38000000.0,56000000.0,56000000.0,893000000.0,267000000.0,0.6,3.532,2919000000.0,1767000000.0,1152000000.0,2919000000.0,0.0,68000000.0,0.0,0.015,0.193,442000000.0,510000000.0,0.281,510000000.0,442000000.0,399000000.0,0.58,0.57,0.58,1505000000.0,,1505000000.0,26255304207.0,18.0,,132000000.0,0.288,1.0,920000000.0,0.507,1785000000.0,43000000.0,4622000000.0,,826000000.0,0.0,0.0,0.0,5315000000.0,3276000000.0,2039000000.0,23622304207.0,37000000.0,0.0,-88000000.0,251000000.0,-176000000.0,-13000000.0,-43000000.0,0.0,170000000.0,-2000000.0,267000000.0,267000000.0,267000000.0,-15000000.0,0.0,0.147,493000000.0,427000000.0,541000000.0,0.333,15.696,26.482,,2532000000.0,0.0,51.63,3.907,3.911,924000000.0,3751000000.0,1813000000.0,1813000000.0,17000000.0,,,,,0.0,451000000.0,1.0,457530587.0,458000000,464000000.0,3.959,5035000000.0,0.0,132000000.0,251000000.0,10.993,-1312000000.0
96,CPB,MRQ,1997-06-30,1997-08-03,1997-08-03,2021-09-23,-50000000.0,6196000000.0,,1288000000.0,4908000000.0,,3.087,-41000000.0,17000000.0,17000000.0,43000000.0,192000000.0,0.465,3.363,2657000000.0,1506000000.0,1151000000.0,2657000000.0,0.0,33000000.0,0.0,0.015,0.193,302000000.0,335000000.0,0.893,335000000.0,302000000.0,253000000.0,,,,1420000000.0,,1420000000.0,26310246568.0,21.0,17.321,54000000.0,0.117,1.0,332000000.0,0.885,1710000000.0,49000000.0,4357000000.0,,598000000.0,0.0,0.0,0.0,4776000000.0,2769000000.0,2007000000.0,23632246568.0,10000000.0,133000000.0,-199000000.0,-49000000.0,-90000000.0,-338000000.0,121000000.0,0.0,95000000.0,27000000.0,192000000.0,192000000.0,192000000.0,-79000000.0,0.0,0.512,117000000.0,215000000.0,485000000.0,,16.642,33.145,34.026,2044000000.0,0.0,51.38,3.573,3.667,523000000.0,3571000000.0,375000000.0,375000000.0,13000000.0,,,,,0.0,83000000.0,1.0,459950303.0,460000000,,0.815,4486000000.0,0.0,61000000.0,137000000.0,9.752,-1481000000.0
97,CPB,MRQ,1997-03-31,1997-04-03,1997-04-03,2021-09-23,,,,,,,,-9000000.0,,,809000000.0,157000000.0,,,,,,,,59000000.0,,0.015,0.193,273000000.0,332000000.0,0.215,332000000.0,273000000.0,230000000.0,0.34,0.33,0.34,,,,24379933279.0,21.0,16.919,294000000.0,0.634,1.0,732000000.0,0.475,,43000000.0,,,,,,,,,,21681933279.0,-25000000.0,11000000.0,-176000000.0,-39000000.0,-85000000.0,-300000000.0,-4000000.0,0.0,303000000.0,-1000000.0,157000000.0,157000000.0,157000000.0,-15000000.0,0.0,0.102,474000000.0,258000000.0,,0.568,,30.886,,,0.0,46.63,3.499,3.492,,,1541000000.0,1541000000.0,16000000.0,,,,,0.0,419000000.0,1.0,464978196.0,464000000,470000000.0,3.321,,,73000000.0,,,
98,CPB,MRQ,1996-12-31,1997-01-01,1997-01-01,2021-09-23,,,,,,,,-59000000.0,,,1227000000.0,276000000.0,,,,,,,,81000000.0,,0.017,0.172,463000000.0,544000000.0,0.235,544000000.0,463000000.0,418000000.0,0.59,0.58,0.59,,,,,,,351000000.0,0.752,1.0,1090000000.0,0.47,,45000000.0,,,,,,,,,,,-21000000.0,-11000000.0,-115000000.0,-138000000.0,-89000000.0,-338000000.0,-88000000.0,0.0,410000000.0,-5000000.0,276000000.0,276000000.0,276000000.0,0.0,0.0,0.119,627000000.0,463000000.0,,0.292,,,,,0.0,40.125,,2.889,,,2317000000.0,2317000000.0,19000000.0,,,,,0.0,579000000.0,1.0,,467000000,473000000.0,4.961,,,142000000.0,,,
99,CPB,MRQ,1996-09-30,1996-10-02,1996-10-02,2021-09-23,,,,,,,,-53000000.0,,,1112000000.0,88000000.0,,,,,,,,79000000.0,,0.017,0.0,189000000.0,268000000.0,0.131,268000000.0,189000000.0,160000000.0,,,,,,,,,,114000000.0,0.231,1.0,940000000.0,0.458,,29000000.0,,,,,,,,,,,18000000.0,-154000000.0,-1100000000.0,1257000000.0,-86000000.0,67000000.0,-208000000.0,0.0,167000000.0,-8000000.0,88000000.0,88000000.0,88000000.0,0.0,0.0,0.043,751000000.0,189000000.0,,,,,,,0.0,39.125,,3.02,,,2052000000.0,2052000000.0,18000000.0,,,,,0.0,479000000.0,1.0,,493000000,,4.162,,,72000000.0,,,
100,CPB,MRQ,1996-06-30,1996-07-26,1996-07-26,2021-09-23,62000000.0,6632000000.0,,1618000000.0,5014000000.0,,5.506,-91000000.0,34000000.0,34000000.0,6000000.0,181000000.0,0.726,1.419,1609000000.0,865000000.0,744000000.0,1609000000.0,0.0,39000000.0,0.0,0.02,0.172,258000000.0,297000000.0,1.038,297000000.0,258000000.0,228000000.0,,,,2742000000.0,,2742000000.0,,,,143000000.0,0.287,1.0,280000000.0,0.979,1808000000.0,30000000.0,4170000000.0,,739000000.0,0.0,0.0,0.0,3890000000.0,2229000000.0,1661000000.0,,-27000000.0,-5000000.0,-94000000.0,-30000000.0,-97000000.0,-221000000.0,-136000000.0,0.0,234000000.0,3000000.0,181000000.0,181000000.0,181000000.0,-84000000.0,0.0,0.633,112000000.0,168000000.0,568000000.0,,,,20.769,2681000000.0,0.0,33.438,,2.633,618000000.0,3211000000.0,286000000.0,286000000.0,15000000.0,,,,,0.0,91000000.0,1.0,,498000000,,0.574,4824000000.0,0.0,47000000.0,117000000.0,9.687,-611000000.0
101,CPB,MRQ,1996-03-31,1996-04-27,1996-04-27,2021-09-23,,,,,,,,-79000000.0,,,1061000000.0,145000000.0,,,,,,,,82000000.0,,0.022,0.172,246000000.0,328000000.0,0.179,328000000.0,246000000.0,217000000.0,,,,,,,,,,223000000.0,0.448,1.0,770000000.0,0.421,,29000000.0,,,,,,,,,,,1000000.0,-7000000.0,-80000000.0,14000000.0,-86000000.0,-152000000.0,-161000000.0,0.0,302000000.0,12000000.0,145000000.0,145000000.0,145000000.0,0.0,0.0,0.079,524000000.0,246000000.0,,,,,,,0.0,30.125,,,,,1831000000.0,1831000000.0,20000000.0,,,,,0.0,483000000.0,1.0,,498000000,,3.677,,,72000000.0,,,
102,CPB,MRQ,1995-12-31,1996-01-26,1996-01-26,2021-09-23,,,,,,,,,,,1245000000.0,257000000.0,,,,,,,,,,0.021,0.172,415000000.0,,,,415000000.0,384000000.0,,,,,,,,,,,,1.0,972000000.0,0.438,,31000000.0,,,,,,,,,,,,,,,,,,,,,257000000.0,257000000.0,257000000.0,0.0,0.0,0.116,557000000.0,415000000.0,,,,,,,0.0,30.938,,,,,2217000000.0,2217000000.0,21000000.0,,,,,,516000000.0,1.0,,498000000,,4.452,,,127000000.0,,,
0,CPB,MRT,2021-06-30,2021-08-01,2021-08-01,2021-09-23,5000000.0,11734000000.0,12094750000.0,1695000000.0,10039000000.0,0.701,10.403,-275000000.0,69000000.0,69000000.0,5665000000.0,1002000000.0,0.934,2.722,5058000000.0,48000000.0,5010000000.0,5058000000.0,0.0,317000000.0,0.0,0.033,1.46,1540000000.0,1857000000.0,0.219,1857000000.0,1540000000.0,1330000000.0,3.31,3.29,3.31,3152000000.0,2959000000.0,3152000000.0,18241411055.0,12.0,9.823,760000000.0,2.508,1.0,2811000000.0,0.332,7220000000.0,210000000.0,7689000000.0,7549500000.0,933000000.0,0.0,0.0,0.0,8580000000.0,1814000000.0,6766000000.0,13249411055.0,-790000000.0,109000000.0,-34000000.0,-1181000000.0,-439000000.0,-1669000000.0,-158000000.0,0.0,1035000000.0,2000000.0,1002000000.0,1002000000.0,1002000000.0,6000000.0,0.0,0.118,1266000000.0,1545000000.0,1070000000.0,0.441,4.203,13.223,13.208,2370000000.0,0.0,43.72,1.563,1.563,595000000.0,3742000000.0,8476000000.0,8476000000.0,84000000.0,0.083,0.339,0.204,0.182,64000000.0,1415000000.0,1.0,303051488.0,303000000,305000000.0,27.974,4514000000.0,0.0,328000000.0,1056000000.0,14.898,-119000000.0
1,CPB,MRT,2021-03-31,2021-05-02,2021-05-02,2021-09-23,2000000.0,11730000000.0,12254250000.0,1863000000.0,9867000000.0,0.711,9.878,-269000000.0,209000000.0,209000000.0,5740000000.0,800000000.0,0.943,2.918,5201000000.0,204000000.0,4997000000.0,5201000000.0,0.0,320000000.0,0.0,0.03,1.44,1297000000.0,1617000000.0,0.186,1617000000.0,1297000000.0,1073000000.0,2.64,2.63,2.64,2993000000.0,2811750000.0,2993000000.0,19543696462.0,15.0,12.086,883000000.0,2.914,1.0,2971000000.0,0.341,7232000000.0,224000000.0,7515000000.0,7451750000.0,860000000.0,0.0,0.0,0.0,8735000000.0,1975000000.0,6760000000.0,14468696462.0,-1033000000.0,8000000.0,2000000.0,-1517000000.0,-433000000.0,-1965000000.0,-223000000.0,30000000.0,1152000000.0,3000000.0,800000000.0,800000000.0,800000000.0,6000000.0,0.0,0.092,1670000000.0,1301000000.0,1086000000.0,0.545,4.834,18.086,18.087,2313000000.0,0.0,47.75,1.661,1.661,580000000.0,3564000000.0,8711000000.0,8711000000.0,85000000.0,0.065,0.285,0.174,0.149,65000000.0,1545000000.0,1.0,303009350.0,303000000,305000000.0,28.749,4498000000.0,0.0,273000000.0,1000000000.0,14.845,-112000000.0
2,CPB,MRT,2020-12-31,2021-01-31,2021-01-31,2021-09-23,-5000000.0,12498000000.0,12501250000.0,2535000000.0,9963000000.0,0.717,9.644,-264000000.0,946000000.0,946000000.0,5850000000.0,808000000.0,0.905,3.276,6021000000.0,1025000000.0,4996000000.0,6021000000.0,0.0,320000000.0,0.0,0.03,1.42,1306000000.0,1626000000.0,0.181,1626000000.0,1306000000.0,1080000000.0,2.67,2.66,2.67,2922000000.0,2707250000.0,2922000000.0,19932683180.0,15.0,12.259,1080000000.0,3.564,1.0,3115000000.0,0.347,7320000000.0,226000000.0,7452000000.0,7462750000.0,815000000.0,0.0,0.0,0.0,9573000000.0,2801000000.0,6772000000.0,14574683180.0,888000000.0,10000000.0,19000000.0,186000000.0,-428000000.0,-240000000.0,-216000000.0,30000000.0,1344000000.0,0.0,808000000.0,808000000.0,808000000.0,-2000000.0,0.0,0.09,1813000000.0,1302000000.0,1026000000.0,0.532,4.988,18.038,18.019,2329000000.0,0.0,48.11,1.626,1.626,702000000.0,3517000000.0,8965000000.0,8965000000.0,88000000.0,0.065,0.298,0.175,0.146,62000000.0,1583000000.0,1.0,302944984.0,303000000,305000000.0,29.587,5178000000.0,0.0,272000000.0,999000000.0,17.089,-266000000.0
3,CPB,MRT,2020-09-30,2020-11-01,2020-11-01,2021-09-23,-9000000.0,12417000000.0,12290250000.0,2463000000.0,9954000000.0,0.72,9.169,-275000000.0,722000000.0,722000000.0,5774000000.0,1771000000.0,0.848,3.483,6080000000.0,1084000000.0,4996000000.0,6080000000.0,0.0,323000000.0,0.0,0.03,1.4,2294000000.0,2617000000.0,0.296,2617000000.0,2294000000.0,1974000000.0,5.86,5.83,5.86,2769000000.0,2600250000.0,2769000000.0,19443993497.0,8.0,7.43,1119000000.0,3.705,1.0,3074000000.0,0.347,7327000000.0,320000000.0,7542000000.0,7479750000.0,910000000.0,0.0,0.0,0.0,9644000000.0,2906000000.0,6738000000.0,14106993497.0,546000000.0,2172000000.0,22000000.0,-2357000000.0,-427000000.0,-2779000000.0,1931000000.0,30000000.0,1394000000.0,0.0,1771000000.0,1771000000.0,1771000000.0,-1039000000.0,0.0,0.2,1823000000.0,1251000000.0,1049000000.0,0.239,5.095,7.966,7.964,2352000000.0,0.0,46.67,1.594,1.593,765000000.0,3387000000.0,8848000000.0,8848000000.0,91000000.0,0.144,0.681,0.307,0.259,63000000.0,1578000000.0,1.0,302271127.0,302000000,304000000.0,29.298,5090000000.0,0.0,203000000.0,1025000000.0,16.854,-443000000.0
4,CPB,MRT,2020-06-30,2020-08-02,2020-08-02,2021-09-23,-10000000.0,12372000000.0,12463500000.0,2385000000.0,9987000000.0,0.697,8.487,-299000000.0,859000000.0,859000000.0,5692000000.0,1628000000.0,0.776,3.825,6196000000.0,1202000000.0,4994000000.0,6196000000.0,0.0,328000000.0,0.0,0.028,1.4,2147000000.0,2475000000.0,0.285,2475000000.0,2147000000.0,1802000000.0,5.39,5.36,5.39,2563000000.0,2217750000.0,2563000000.0,20431290597.0,10.0,8.255,1097000000.0,3.632,1.0,2999000000.0,0.345,7336000000.0,345000000.0,7298000000.0,8239250000.0,871000000.0,0.0,0.0,0.0,9803000000.0,3075000000.0,6728000000.0,14978290597.0,680000000.0,2537000000.0,23000000.0,-2572000000.0,-426000000.0,-2987000000.0,2272000000.0,30000000.0,1396000000.0,-1000000.0,1628000000.0,1628000000.0,1628000000.0,-1036000000.0,0.0,0.187,1892000000.0,1107000000.0,1049000000.0,0.26,5.844,9.2,9.197,2368000000.0,0.0,49.57,1.723,1.722,575000000.0,3190000000.0,8691000000.0,8691000000.0,93000000.0,0.131,0.734,0.261,0.247,61000000.0,1569000000.0,1.0,302164426.0,302000000,304000000.0,28.778,5036000000.0,0.0,174000000.0,938000000.0,16.675,-690000000.0
5,CPB,MRT,2020-03-31,2020-04-26,2020-04-26,2021-09-23,-7000000.0,12718000000.0,12657500000.0,2746000000.0,9972000000.0,0.661,8.526,-330000000.0,1242000000.0,1242000000.0,5505000000.0,1534000000.0,0.84,3.937,6695000000.0,1504000000.0,5191000000.0,6695000000.0,0.0,338000000.0,0.0,0.028,1.4,2060000000.0,2398000000.0,0.287,2398000000.0,2060000000.0,1691000000.0,5.08,5.04,5.08,2575000000.0,1852750000.0,2575000000.0,21076539617.0,10.0,8.789,1045000000.0,3.46,1.0,2858000000.0,0.342,7343000000.0,369000000.0,7559000000.0,9108250000.0,731000000.0,0.0,0.0,0.0,10137000000.0,3269000000.0,6868000000.0,15313539617.0,1036000000.0,3020000000.0,23000000.0,-2616000000.0,-425000000.0,-3028000000.0,2693000000.0,0.0,1375000000.0,-4000000.0,1534000000.0,1534000000.0,1534000000.0,-1033000000.0,0.0,0.183,1835000000.0,1023000000.0,993000000.0,0.276,5.947,9.983,9.99,2340000000.0,0.0,50.75,1.831,1.833,662000000.0,3212000000.0,8363000000.0,8363000000.0,94000000.0,0.121,0.828,0.226,0.246,60000000.0,1479000000.0,1.0,301744623.0,302000000,304000000.0,27.692,5375000000.0,0.0,157000000.0,1004000000.0,17.798,-523000000.0
6,CPB,MRT,2019-12-31,2020-01-26,2020-01-26,2021-09-23,5000000.0,11654000000.0,12920000000.0,1556000000.0,10098000000.0,0.625,8.258,-353000000.0,58000000.0,58000000.0,5337000000.0,1450000000.0,0.614,3.671,5821000000.0,902000000.0,4919000000.0,5821000000.0,0.0,367000000.0,0.0,0.029,1.4,1991000000.0,2358000000.0,0.292,2358000000.0,1991000000.0,1588000000.0,4.8,4.77,4.8,2494000000.0,1516000000.0,2494000000.0,22993764380.0,12.0,9.751,862000000.0,2.854,1.0,2741000000.0,0.339,7361000000.0,403000000.0,7520000000.0,9980000000.0,779000000.0,0.0,0.0,0.0,9155000000.0,2536000000.0,6619000000.0,14717764380.0,-145000000.0,3071000000.0,4000000.0,-3650000000.0,-424000000.0,-4080000000.0,2724000000.0,0.0,1215000000.0,-4000000.0,1450000000.0,1450000000.0,1450000000.0,-992000000.0,0.0,0.179,1746000000.0,995000000.0,923000000.0,0.292,5.901,10.15,10.165,2336000000.0,0.0,48.79,1.822,1.824,660000000.0,3151000000.0,8078000000.0,8078000000.0,92000000.0,0.112,0.956,0.199,0.246,60000000.0,1451000000.0,1.0,301655347.0,302000000,304000000.0,26.748,4293000000.0,0.0,138000000.0,959000000.0,14.215,-980000000.0
7,CPB,MRT,2019-09-30,2019-10-27,2019-10-27,2021-09-23,-126000000.0,13110000000.0,13512500000.0,2053000000.0,11057000000.0,0.599,4.116,-371000000.0,61000000.0,61000000.0,5383000000.0,183000000.0,0.598,9.573,8337000000.0,1631000000.0,6706000000.0,8337000000.0,0.0,405000000.0,0.0,0.03,1.4,691000000.0,1096000000.0,0.136,1096000000.0,691000000.0,346000000.0,0.6,0.6,0.6,1239000000.0,1209750000.0,1239000000.0,22436131201.0,32.0,20.471,978000000.0,3.249,1.0,2705000000.0,0.334,7371000000.0,345000000.0,10580000000.0,10976500000.0,887000000.0,0.0,0.0,0.0,11861000000.0,3435000000.0,8426000000.0,13993131201.0,-29000000.0,889000000.0,1000000.0,-1462000000.0,-423000000.0,-1896000000.0,522000000.0,0.0,1349000000.0,-4000000.0,183000000.0,183000000.0,183000000.0,280000000.0,0.0,0.023,1735000000.0,970000000.0,890000000.0,2.333,11.294,76.465,77.433,2352000000.0,0.0,46.46,1.73,1.729,729000000.0,2050000000.0,8088000000.0,8088000000.0,90000000.0,0.014,0.151,0.063,0.085,58000000.0,1433000000.0,1.0,301186638.0,301000000,303000000.0,26.87,5739000000.0,0.0,163000000.0,998000000.0,19.066,-1382000000.0
8,CPB,MRT,2019-06-30,2019-07-28,2019-07-28,2021-09-23,-198000000.0,13148000000.0,13881750000.0,1967000000.0,11181000000.0,0.584,3.664,-384000000.0,31000000.0,31000000.0,5414000000.0,211000000.0,0.581,10.912,8474000000.0,1371000000.0,7103000000.0,8474000000.0,0.0,446000000.0,0.0,0.034,1.4,718000000.0,1164000000.0,0.144,1164000000.0,718000000.0,362000000.0,0.7,0.7,0.7,1103000000.0,1251500000.0,1103000000.0,21413100027.0,30.0,18.396,1014000000.0,3.369,1.0,2693000000.0,0.332,7432000000.0,356000000.0,10774000000.0,11303000000.0,863000000.0,0.0,0.0,0.0,12036000000.0,3385000000.0,8651000000.0,12335100027.0,-47000000.0,523000000.0,0.0,-1160000000.0,-423000000.0,-1591000000.0,153000000.0,0.0,1398000000.0,-7000000.0,211000000.0,211000000.0,211000000.0,263000000.0,0.0,0.026,1714000000.0,979000000.0,814000000.0,2.0,11.183,58.46,58.514,2455000000.0,0.0,40.96,1.522,1.521,574000000.0,1993000000.0,8107000000.0,8107000000.0,91000000.0,0.015,0.169,0.064,0.089,58000000.0,1452000000.0,1.0,301149903.0,301000000,302000000.0,26.934,5716000000.0,0.0,151000000.0,939000000.0,18.99,-1418000000.0
9,CPB,MRT,2019-03-31,2019-04-28,2019-04-28,2021-09-23,-174000000.0,13768000000.0,14227000000.0,2161000000.0,11607000000.0,0.506,4.08,-458000000.0,202000000.0,202000000.0,4857000000.0,313000000.0,0.615,10.204,9280000000.0,1773000000.0,7507000000.0,9280000000.0,0.0,477000000.0,0.0,0.036,1.4,807000000.0,1284000000.0,0.178,1284000000.0,807000000.0,460000000.0,1.04,1.03,1.04,1228000000.0,1316750000.0,1228000000.0,20889199597.0,26.0,16.269,971000000.0,3.226,1.0,2342000000.0,0.325,8289000000.0,347000000.0,11046000000.0,11828000000.0,884000000.0,0.0,0.0,0.0,12531000000.0,3511000000.0,9020000000.0,11635199597.0,7000000.0,40000000.0,0.0,-568000000.0,-423000000.0,-999000000.0,-411000000.0,0.0,1429000000.0,-12000000.0,313000000.0,313000000.0,313000000.0,200000000.0,0.0,0.043,1336000000.0,1006000000.0,841000000.0,1.346,9.475,37.173,37.154,2769000000.0,0.0,38.64,1.616,1.616,753000000.0,2107000000.0,7199000000.0,7199000000.0,78000000.0,0.022,0.238,0.068,0.112,58000000.0,1293000000.0,1.0,301118002.0,301000000,302000000.0,23.917,5479000000.0,0.0,147000000.0,1008000000.0,18.203,-1350000000.0
10,CPB,MRT,2018-12-31,2019-01-27,2019-01-27,2021-09-23,-143000000.0,14024000000.0,14426500000.0,2295000000.0,11729000000.0,0.494,4.216,-473000000.0,203000000.0,203000000.0,4822000000.0,-164000000.0,0.696,10.044,9457000000.0,1454000000.0,8003000000.0,9457000000.0,0.0,474000000.0,0.0,0.041,1.4,295000000.0,769000000.0,0.108,769000000.0,295000000.0,-7000000.0,-0.55,-0.56,-0.55,1269000000.0,1360750000.0,1269000000.0,19948233782.0,68.0,25.94,1018000000.0,3.382,1.0,2302000000.0,0.323,8473000000.0,302000000.0,11506000000.0,12048000000.0,1076000000.0,0.0,0.0,0.0,12746000000.0,3299000000.0,9447000000.0,10307233782.0,7000000.0,-6105000000.0,0.0,5582000000.0,-422000000.0,5106000000.0,-6575000000.0,0.0,1491000000.0,-15000000.0,-164000000.0,-164000000.0,-164000000.0,627000000.0,0.0,-0.023,1383000000.0,919000000.0,930000000.0,-2.545,8.122,-62.849,-62.255,3036000000.0,0.0,34.24,1.447,1.447,927000000.0,2130000000.0,7124000000.0,7124000000.0,80000000.0,-0.011,-0.121,0.024,0.041,60000000.0,1301000000.0,1.0,301029024.0,301000000,302000000.0,23.668,5551000000.0,0.0,157000000.0,928000000.0,18.442,-1004000000.0
11,CPB,MRT,2018-09-30,2018-10-28,2018-10-28,2021-09-23,-156000000.0,14587000000.0,13004500000.0,2521000000.0,12066000000.0,0.548,4.671,-460000000.0,205000000.0,205000000.0,4770000000.0,180000000.0,0.688,9.368,9846000000.0,1845000000.0,8001000000.0,9846000000.0,0.0,434000000.0,0.0,0.038,1.4,448000000.0,882000000.0,0.124,882000000.0,448000000.0,205000000.0,0.6,0.59,0.6,1406000000.0,1529000000.0,1406000000.0,20711099618.0,46.0,23.482,888000000.0,2.95,1.0,2362000000.0,0.331,8680000000.0,243000000.0,11886000000.0,10494000000.0,1226000000.0,0.0,0.0,0.0,13172000000.0,3662000000.0,9510000000.0,11043099618.0,42000000.0,-6770000000.0,0.0,6413000000.0,-422000000.0,5938000000.0,-7234000000.0,0.0,1348000000.0,-10000000.0,180000000.0,180000000.0,180000000.0,392000000.0,0.0,0.025,1525000000.0,837000000.0,951000000.0,2.333,7.854,61.351,61.217,3162000000.0,0.0,36.73,1.548,1.55,995000000.0,2295000000.0,7132000000.0,7132000000.0,87000000.0,0.014,0.118,0.043,0.063,61000000.0,1327000000.0,1.0,300656129.0,301000000,302000000.0,23.694,5907000000.0,0.0,25000000.0,1015000000.0,19.625,-1141000000.0
12,CPB,MRT,2018-06-30,2018-07-29,2018-07-29,2021-09-23,-118000000.0,14529000000.0,11294250000.0,2296000000.0,12233000000.0,0.586,4.532,-407000000.0,49000000.0,49000000.0,4241000000.0,261000000.0,0.639,9.645,9516000000.0,1525000000.0,7991000000.0,9516000000.0,0.0,394000000.0,0.0,0.034,1.4,550000000.0,944000000.0,0.143,944000000.0,550000000.0,367000000.0,0.87,0.86,0.87,1364000000.0,1597750000.0,1364000000.0,21952432051.0,40.0,23.255,898000000.0,2.983,1.0,2374000000.0,0.359,7528000000.0,183000000.0,12874000000.0,8838250000.0,887000000.0,0.0,0.0,0.0,13156000000.0,3594000000.0,9562000000.0,12308432051.0,-93000000.0,-6771000000.0,-86000000.0,6389000000.0,-426000000.0,5807000000.0,-7197000000.0,0.0,1305000000.0,-8000000.0,261000000.0,261000000.0,261000000.0,463000000.0,0.0,0.039,1364000000.0,1010000000.0,705000000.0,1.609,9.024,47.159,47.057,2466000000.0,0.0,40.94,1.861,1.863,563000000.0,2224000000.0,6615000000.0,6615000000.0,91000000.0,0.023,0.163,0.062,0.083,61000000.0,1291000000.0,1.0,300645629.0,301000000,302000000.0,21.977,7001000000.0,0.0,106000000.0,970000000.0,23.259,-1298000000.0
13,CPB,MRT,2018-03-31,2018-04-29,2018-04-29,2021-09-23,-76000000.0,14566000000.0,9593500000.0,2329000000.0,12237000000.0,0.608,4.664,-366000000.0,199000000.0,199000000.0,3551000000.0,485000000.0,0.684,9.37,9843000000.0,1763000000.0,8080000000.0,9843000000.0,0.0,350000000.0,0.0,0.033,1.4,781000000.0,1131000000.0,0.194,1131000000.0,781000000.0,646000000.0,1.61,1.59,1.61,1404000000.0,1666000000.0,1404000000.0,16360678215.0,21.0,14.466,935000000.0,3.106,1.0,2279000000.0,0.391,8881000000.0,135000000.0,11926000000.0,6948500000.0,1076000000.0,0.0,0.0,0.0,13155000000.0,3403000000.0,9752000000.0,12650678215.0,-114000000.0,-6773000000.0,-218000000.0,6450000000.0,-427000000.0,5737000000.0,-7167000000.0,0.0,1301000000.0,15000000.0,485000000.0,485000000.0,485000000.0,503000000.0,0.0,0.083,995000000.0,1284000000.0,848000000.0,0.87,9.01,26.084,26.137,3174000000.0,0.0,42.08,2.17,2.173,873000000.0,2236000000.0,5830000000.0,5830000000.0,95000000.0,0.051,0.291,0.112,0.134,60000000.0,1167000000.0,1.0,300633988.0,301000000,301000000.0,19.369,5685000000.0,0.0,161000000.0,950000000.0,18.887,-1074000000.0
14,CPB,MRT,2017-12-31,2018-01-28,2018-01-28,2021-09-23,-21000000.0,8336000000.0,7814750000.0,1928000000.0,6408000000.0,0.743,6.452,-351000000.0,196000000.0,196000000.0,3476000000.0,1054000000.0,0.64,3.289,3906000000.0,1659000000.0,2247000000.0,3906000000.0,0.0,325000000.0,0.0,0.03,1.4,1386000000.0,1711000000.0,0.295,1711000000.0,1386000000.0,1266000000.0,3.5,3.48,3.5,1942000000.0,1685250000.0,1942000000.0,17528735143.0,13.0,10.245,930000000.0,3.09,1.0,2329000000.0,0.401,3744000000.0,120000000.0,5290000000.0,5219000000.0,869000000.0,0.0,0.0,0.0,6387000000.0,3012000000.0,3375000000.0,14230735143.0,-113000000.0,-682000000.0,-289000000.0,388000000.0,-429000000.0,-352000000.0,-1061000000.0,0.0,1281000000.0,19000000.0,1054000000.0,1054000000.0,1054000000.0,37000000.0,0.0,0.182,905000000.0,1424000000.0,707000000.0,0.4,7.328,13.502,13.526,2518000000.0,0.0,47.34,2.451,2.455,738000000.0,2734000000.0,5805000000.0,5805000000.0,98000000.0,0.135,0.625,0.266,0.239,60000000.0,1148000000.0,1.0,300606995.0,301000000,301000000.0,19.286,4592000000.0,0.0,212000000.0,400000000.0,15.256,-1084000000.0
15,CPB,MRT,2017-09-30,2017-10-29,2017-10-29,2021-09-23,-85000000.0,7746000000.0,7623250000.0,1996000000.0,5750000000.0,0.76,5.585,-348000000.0,163000000.0,163000000.0,3422000000.0,870000000.0,0.773,3.603,3461000000.0,1192000000.0,2269000000.0,3461000000.0,0.0,323000000.0,0.0,0.029,1.4,1349000000.0,1672000000.0,0.288,1672000000.0,1349000000.0,1232000000.0,2.88,2.86,2.88,1681000000.0,1567250000.0,1681000000.0,17681436753.0,13.0,10.575,907000000.0,3.013,1.0,2374000000.0,0.41,3198000000.0,117000000.0,5263000000.0,5177500000.0,1001000000.0,0.0,0.0,0.0,6057000000.0,2583000000.0,3474000000.0,14464436753.0,-127000000.0,0.0,-409000000.0,-153000000.0,-431000000.0,-1014000000.0,-379000000.0,0.0,1255000000.0,11000000.0,870000000.0,870000000.0,870000000.0,37000000.0,0.0,0.15,988000000.0,1386000000.0,713000000.0,0.486,8.605,16.626,16.712,2417000000.0,0.0,48.13,2.496,2.5,766000000.0,2555000000.0,5796000000.0,5796000000.0,96000000.0,0.114,0.555,0.261,0.233,60000000.0,1136000000.0,1.0,300528501.0,301000000,302000000.0,19.256,4548000000.0,0.0,362000000.0,584000000.0,15.11,-587000000.0
16,CPB,MRT,2017-06-30,2017-07-30,2017-07-30,2021-09-23,-53000000.0,7726000000.0,7696500000.0,1900000000.0,5826000000.0,0.758,5.367,-338000000.0,319000000.0,319000000.0,3395000000.0,887000000.0,0.793,3.715,3536000000.0,1037000000.0,2499000000.0,3536000000.0,0.0,318000000.0,0.0,0.026,1.4,1394000000.0,1712000000.0,0.293,1712000000.0,1394000000.0,1279000000.0,2.91,2.89,2.91,1637000000.0,1544250000.0,1637000000.0,19096007817.0,14.0,11.154,950000000.0,3.115,1.0,2442000000.0,0.418,3233000000.0,115000000.0,5315000000.0,5155000000.0,902000000.0,0.0,0.0,0.0,6081000000.0,2395000000.0,3686000000.0,16017007817.0,23000000.0,0.0,-435000000.0,-34000000.0,-420000000.0,-908000000.0,-368000000.0,0.0,1288000000.0,11000000.0,887000000.0,887000000.0,887000000.0,37000000.0,0.0,0.152,1011000000.0,1431000000.0,666000000.0,0.481,9.784,18.058,18.162,2454000000.0,0.0,52.85,2.744,2.762,605000000.0,2385000000.0,5837000000.0,5837000000.0,93000000.0,0.115,0.574,0.27,0.239,60000000.0,1123000000.0,1.0,303065427.0,305000000,307000000.0,19.138,4493000000.0,0.0,392000000.0,510000000.0,14.731,-495000000.0
17,CPB,MRT,2017-03-31,2017-04-30,2017-04-30,2021-09-23,-118000000.0,7451000000.0,7724250000.0,1790000000.0,5661000000.0,1.024,4.872,-311000000.0,313000000.0,313000000.0,4892000000.0,488000000.0,0.761,4.025,3392000000.0,1122000000.0,2270000000.0,3392000000.0,0.0,314000000.0,0.0,0.024,1.362,927000000.0,1241000000.0,0.157,1241000000.0,927000000.0,811000000.0,1.6,1.59,1.6,1481000000.0,1516250000.0,1481000000.0,20682977154.0,22.0,16.666,980000000.0,3.224,1.0,3021000000.0,0.382,3170000000.0,116000000.0,5008000000.0,5102250000.0,791000000.0,0.0,0.0,0.0,5961000000.0,2352000000.0,3609000000.0,17513977154.0,-70000000.0,0.0,-328000000.0,-264000000.0,-410000000.0,-1023000000.0,-329000000.0,0.0,1291000000.0,-9000000.0,488000000.0,488000000.0,488000000.0,0.0,0.0,0.062,2098000000.0,923000000.0,568000000.0,0.851,11.826,35.889,35.962,2372000000.0,0.0,57.54,2.213,2.211,618000000.0,2173000000.0,7913000000.0,7913000000.0,99000000.0,0.063,0.322,0.182,0.117,62000000.0,1384000000.0,1.0,304379165.0,304000000,306000000.0,26.03,4281000000.0,0.0,323000000.0,425000000.0,14.082,-562000000.0
18,CPB,MRT,2016-12-31,2017-01-29,2017-01-29,2021-09-23,-113000000.0,7570000000.0,7881750000.0,1896000000.0,5674000000.0,1.006,4.804,-306000000.0,309000000.0,309000000.0,4914000000.0,497000000.0,0.778,4.144,3478000000.0,1185000000.0,2293000000.0,3478000000.0,0.0,310000000.0,0.0,0.021,1.324,897000000.0,1207000000.0,0.152,1207000000.0,897000000.0,781000000.0,1.62,1.6,1.62,1470000000.0,1565000000.0,1470000000.0,22513306588.0,25.0,18.652,1098000000.0,3.588,1.0,3016000000.0,0.38,3179000000.0,116000000.0,5124000000.0,5208500000.0,820000000.0,0.0,0.0,0.0,6091000000.0,2436000000.0,3655000000.0,19215306588.0,3000000.0,0.0,-289000000.0,-354000000.0,-400000000.0,-1064000000.0,-347000000.0,0.0,1404000000.0,10000000.0,497000000.0,497000000.0,497000000.0,0.0,0.0,0.063,2123000000.0,893000000.0,564000000.0,0.817,13.072,38.663,38.63,2375000000.0,0.0,62.58,2.423,2.415,714000000.0,2102000000.0,7930000000.0,7930000000.0,102000000.0,0.063,0.318,0.172,0.113,62000000.0,1412000000.0,1.0,307051879.0,306000000,309000000.0,25.915,4391000000.0,0.0,284000000.0,418000000.0,14.35,-540000000.0
19,CPB,MRT,2016-09-30,2016-10-30,2016-10-30,2021-09-23,-107000000.0,8039000000.0,8009000000.0,2146000000.0,5893000000.0,0.994,5.159,-315000000.0,290000000.0,290000000.0,4936000000.0,661000000.0,0.778,4.053,3588000000.0,1290000000.0,2298000000.0,3588000000.0,0.0,311000000.0,0.0,0.024,1.286,1106000000.0,1417000000.0,0.178,1417000000.0,1106000000.0,991000000.0,2.14,2.12,2.14,1589000000.0,1579000000.0,1589000000.0,19926906189.0,18.0,14.063,1153000000.0,3.744,1.0,3024000000.0,0.38,3404000000.0,115000000.0,5173000000.0,5312500000.0,964000000.0,0.0,0.0,0.0,6441000000.0,2760000000.0,3681000000.0,16689906189.0,27000000.0,0.0,-222000000.0,-477000000.0,-390000000.0,-1110000000.0,-338000000.0,0.0,1468000000.0,7000000.0,661000000.0,661000000.0,661000000.0,0.0,0.0,0.083,1922000000.0,1102000000.0,653000000.0,0.601,10.503,25.249,25.332,2380000000.0,0.0,54.21,2.097,2.098,841000000.0,2112000000.0,7960000000.0,7960000000.0,100000000.0,0.083,0.419,0.208,0.139,65000000.0,1400000000.0,1.0,307875045.0,308000000,310000000.0,25.844,4635000000.0,0.0,330000000.0,533000000.0,15.049,-614000000.0
20,CPB,MRT,2016-06-30,2016-07-31,2016-07-31,2021-09-23,-104000000.0,7837000000.0,8075250000.0,1908000000.0,5929000000.0,0.986,4.935,-336000000.0,296000000.0,296000000.0,5033000000.0,563000000.0,0.747,4.134,3533000000.0,1219000000.0,2314000000.0,3533000000.0,0.0,308000000.0,0.0,0.02,1.248,964000000.0,1272000000.0,0.16,1272000000.0,964000000.0,849000000.0,1.82,1.81,1.82,1525000000.0,1535250000.0,1525000000.0,22522450620.0,23.0,17.706,1155000000.0,3.738,1.0,2928000000.0,0.368,3415000000.0,115000000.0,5104000000.0,5444750000.0,940000000.0,0.0,0.0,0.0,6304000000.0,2555000000.0,3749000000.0,19219450620.0,43000000.0,0.0,-141000000.0,-547000000.0,-390000000.0,-1099000000.0,-354000000.0,0.0,1491000000.0,5000000.0,563000000.0,563000000.0,563000000.0,0.0,0.0,0.071,1968000000.0,960000000.0,610000000.0,0.686,12.603,34.138,34.214,2407000000.0,0.0,62.27,2.414,2.417,626000000.0,1927000000.0,7961000000.0,7961000000.0,105000000.0,0.07,0.367,0.177,0.121,64000000.0,1427000000.0,1.0,308647031.0,309000000,311000000.0,25.764,4422000000.0,0.0,286000000.0,418000000.0,14.311,-647000000.0
21,CPB,MRT,2016-03-31,2016-05-01,2016-05-01,2021-09-23,-144000000.0,8081000000.0,8135250000.0,2042000000.0,6039000000.0,0.979,5.424,-352000000.0,383000000.0,383000000.0,5171000000.0,661000000.0,0.859,3.823,3686000000.0,1134000000.0,2552000000.0,3686000000.0,0.0,308000000.0,0.0,0.02,1.248,1043000000.0,1351000000.0,0.17,1351000000.0,1043000000.0,930000000.0,2.14,2.12,2.14,1676000000.0,1499250000.0,1676000000.0,22615461864.0,22.0,16.74,1094000000.0,3.54,1.0,2796000000.0,0.351,3574000000.0,113000000.0,5433000000.0,5556500000.0,829000000.0,0.0,0.0,0.0,6407000000.0,2377000000.0,4030000000.0,19077461864.0,153000000.0,-232000000.0,-168000000.0,-101000000.0,-391000000.0,-695000000.0,-597000000.0,0.0,1446000000.0,-1000000.0,661000000.0,661000000.0,661000000.0,0.0,0.0,0.083,1756000000.0,1040000000.0,487000000.0,0.583,11.383,28.862,28.836,2371000000.0,0.0,61.71,2.395,2.393,648000000.0,2105000000.0,7967000000.0,7967000000.0,120000000.0,0.081,0.441,0.188,0.131,61000000.0,1515000000.0,1.0,309147008.0,309000000,311000000.0,25.783,4507000000.0,0.0,269000000.0,539000000.0,14.586,-335000000.0
22,CPB,MRT,2015-12-31,2016-01-31,2016-01-31,2021-09-23,-223000000.0,8079000000.0,8054750000.0,2132000000.0,5947000000.0,0.993,4.923,-379000000.0,306000000.0,306000000.0,5179000000.0,655000000.0,0.831,4.296,3844000000.0,1293000000.0,2551000000.0,3844000000.0,0.0,306000000.0,0.0,0.022,1.248,1060000000.0,1366000000.0,0.171,1366000000.0,1060000000.0,947000000.0,2.12,2.1,2.12,1526000000.0,1479500000.0,1526000000.0,21321822705.0,20.0,15.609,997000000.0,3.216,1.0,2818000000.0,0.352,3511000000.0,113000000.0,5540000000.0,5592500000.0,855000000.0,0.0,0.0,0.0,6555000000.0,2566000000.0,3989000000.0,17488822705.0,105000000.0,-232000000.0,-194000000.0,-32000000.0,-392000000.0,-655000000.0,-599000000.0,0.0,1376000000.0,-17000000.0,655000000.0,655000000.0,655000000.0,0.0,0.0,0.082,1761000000.0,1057000000.0,502000000.0,0.589,11.461,26.7,26.608,2340000000.0,0.0,56.41,2.187,2.187,770000000.0,2017000000.0,7997000000.0,7997000000.0,119000000.0,0.081,0.443,0.19,0.133,60000000.0,1488000000.0,1.0,310030539.0,310000000,312000000.0,25.797,4568000000.0,0.0,292000000.0,554000000.0,14.735,-434000000.0
23,CPB,MRT,2015-09-30,2015-11-01,2015-11-01,2021-09-23,-200000000.0,8304000000.0,8010750000.0,2337000000.0,5967000000.0,1.002,4.561,-378000000.0,263000000.0,263000000.0,5288000000.0,612000000.0,0.805,4.876,4096000000.0,1545000000.0,2551000000.0,4096000000.0,0.0,302000000.0,0.0,0.025,1.248,983000000.0,1285000000.0,0.16,1285000000.0,983000000.0,872000000.0,1.98,1.96,1.98,1414000000.0,1479500000.0,1414000000.0,19575606691.0,20.0,15.234,884000000.0,2.852,1.0,2742000000.0,0.341,3531000000.0,111000000.0,5702000000.0,5541250000.0,1049000000.0,0.0,0.0,0.0,6894000000.0,2904000000.0,3990000000.0,15733606691.0,24000000.0,-232000000.0,-199000000.0,28000000.0,-393000000.0,-601000000.0,-607000000.0,0.0,1262000000.0,-30000000.0,612000000.0,612000000.0,612000000.0,0.0,0.0,0.076,1762000000.0,980000000.0,567000000.0,0.63,11.127,25.709,25.652,2340000000.0,0.0,50.79,1.959,1.961,829000000.0,1850000000.0,8030000000.0,8030000000.0,121000000.0,0.076,0.414,0.177,0.122,57000000.0,1493000000.0,1.0,309777647.0,310000000,312000000.0,25.903,4773000000.0,0.0,260000000.0,585000000.0,15.397,-567000000.0
24,CPB,MRT,2015-06-30,2015-08-02,2015-08-02,2021-09-23,-168000000.0,8077000000.0,8009000000.0,2093000000.0,5984000000.0,1.009,4.426,-365000000.0,253000000.0,253000000.0,5300000000.0,666000000.0,0.746,4.852,4082000000.0,1543000000.0,2539000000.0,4082000000.0,0.0,303000000.0,0.0,0.025,1.248,1057000000.0,1360000000.0,0.168,1360000000.0,1057000000.0,949000000.0,2.13,2.13,2.13,1381000000.0,1530500000.0,1381000000.0,18866774829.0,18.0,13.873,841000000.0,2.696,1.0,2782000000.0,0.344,3549000000.0,108000000.0,5551000000.0,5471500000.0,995000000.0,0.0,0.0,0.0,6700000000.0,2806000000.0,3894000000.0,15311774829.0,21000000.0,-232000000.0,-235000000.0,91000000.0,-394000000.0,-550000000.0,-603000000.0,0.0,1206000000.0,-32000000.0,666000000.0,666000000.0,666000000.0,0.0,0.0,0.082,1728000000.0,1054000000.0,544000000.0,0.586,11.087,22.991,23.15,2347000000.0,0.0,49.31,1.895,1.904,647000000.0,1754000000.0,8082000000.0,8082000000.0,117000000.0,0.083,0.435,0.193,0.131,57000000.0,1485000000.0,1.0,310520682.0,312000000,313000000.0,25.904,4528000000.0,0.0,283000000.0,534000000.0,14.513,-713000000.0
25,CPB,MRT,2015-03-31,2015-05-03,2015-05-03,2021-09-23,-765000000.0,7759000000.0,8018000000.0,1902000000.0,5857000000.0,1.028,5.135,-379000000.0,230000000.0,230000000.0,5317000000.0,832000000.0,0.819,3.866,3785000000.0,1232000000.0,2553000000.0,3785000000.0,0.0,306000000.0,0.0,0.027,1.248,1326000000.0,1632000000.0,0.198,1632000000.0,1326000000.0,1214000000.0,2.67,2.64,2.67,1597000000.0,1589000000.0,1597000000.0,17894056774.0,13.0,10.964,728000000.0,2.341,1.0,2924000000.0,0.355,3414000000.0,112000000.0,5577000000.0,5408500000.0,876000000.0,0.0,0.0,0.0,6174000000.0,2323000000.0,3851000000.0,14202056774.0,8000000.0,0.0,-179000000.0,-124000000.0,-395000000.0,-694000000.0,-385000000.0,0.0,1107000000.0,-20000000.0,834000000.0,834000000.0,834000000.0,0.0,-2000000.0,0.101,1604000000.0,1320000000.0,462000000.0,0.467,8.893,17.029,17.06,2292000000.0,0.0,45.55,1.723,1.719,641000000.0,2526000000.0,8241000000.0,8241000000.0,117000000.0,0.104,0.525,0.245,0.161,57000000.0,1438000000.0,1.0,311790489.0,311000000,312000000.0,26.498,4345000000.0,0.0,380000000.0,611000000.0,13.971,-421000000.0
26,CPB,MRT,2014-12-31,2015-02-01,2015-02-01,2021-09-23,-795000000.0,7903000000.0,8069250000.0,2090000000.0,5813000000.0,1.03,4.875,-353000000.0,201000000.0,201000000.0,5393000000.0,836000000.0,0.733,4.187,3893000000.0,1640000000.0,2253000000.0,3893000000.0,0.0,306000000.0,0.0,0.027,1.248,1334000000.0,1640000000.0,0.197,1640000000.0,1334000000.0,1220000000.0,2.68,2.65,2.68,1526000000.0,1590250000.0,1526000000.0,18165294092.0,14.0,11.076,767000000.0,2.45,1.0,2918000000.0,0.351,3410000000.0,114000000.0,5335000000.0,5318750000.0,916000000.0,0.0,0.0,0.0,6389000000.0,2850000000.0,3539000000.0,14332294092.0,-92000000.0,-14000000.0,-114000000.0,-319000000.0,-395000000.0,-820000000.0,-374000000.0,0.0,1120000000.0,-18000000.0,839000000.0,839000000.0,839000000.0,0.0,-3000000.0,0.101,1591000000.0,1327000000.0,510000000.0,0.466,9.392,17.083,17.067,2257000000.0,0.0,45.74,1.724,1.723,794000000.0,2441000000.0,8311000000.0,8311000000.0,117000000.0,0.104,0.528,0.251,0.161,51000000.0,1434000000.0,1.0,313342678.0,313000000,314000000.0,26.553,4493000000.0,0.0,381000000.0,606000000.0,14.355,-760000000.0
27,CPB,MRT,2014-09-30,2014-11-02,2014-11-02,2021-09-23,-634000000.0,8297000000.0,8123250000.0,2358000000.0,5939000000.0,1.029,5.153,-329000000.0,239000000.0,239000000.0,5369000000.0,932000000.0,0.744,4.135,4072000000.0,1828000000.0,2244000000.0,4072000000.0,0.0,306000000.0,0.0,0.028,1.248,1454000000.0,1760000000.0,0.211,1760000000.0,1454000000.0,1337000000.0,3.01,2.97,3.01,1618000000.0,1561250000.0,1618000000.0,17662113345.0,12.0,10.035,720000000.0,2.293,1.0,2989000000.0,0.358,3539000000.0,117000000.0,5423000000.0,5303250000.0,1105000000.0,0.0,0.0,0.0,6691000000.0,3168000000.0,3523000000.0,13879113345.0,-80000000.0,520000000.0,-127000000.0,-783000000.0,-395000000.0,-1297000000.0,183000000.0,0.0,1049000000.0,-15000000.0,942000000.0,942000000.0,942000000.0,-90000000.0,-10000000.0,0.113,1638000000.0,1351000000.0,597000000.0,0.415,8.578,14.734,14.674,2286000000.0,0.0,44.17,1.661,1.659,840000000.0,2332000000.0,8358000000.0,8358000000.0,119000000.0,0.116,0.603,0.274,0.174,49000000.0,1470000000.0,1.0,314220361.0,314000000,316000000.0,26.618,4758000000.0,0.0,395000000.0,678000000.0,15.153,-810000000.0
28,CPB,MRT,2014-06-30,2014-08-03,2014-08-03,2021-09-23,-569000000.0,8113000000.0,8312750000.0,2100000000.0,6013000000.0,0.995,5.143,-325000000.0,232000000.0,232000000.0,5297000000.0,855000000.0,0.703,4.031,4015000000.0,1771000000.0,2244000000.0,4015000000.0,0.0,305000000.0,0.0,0.03,1.248,1362000000.0,1667000000.0,0.202,1667000000.0,1362000000.0,1240000000.0,2.76,2.74,2.76,1615000000.0,1494000000.0,1615000000.0,16943605154.0,12.0,10.164,574000000.0,1.828,1.0,2971000000.0,0.359,3608000000.0,122000000.0,5299000000.0,5403250000.0,1016000000.0,0.0,0.0,0.0,6510000000.0,2989000000.0,3521000000.0,13256605154.0,-169000000.0,191000000.0,-58000000.0,-494000000.0,-391000000.0,-925000000.0,-134000000.0,0.0,899000000.0,-9000000.0,866000000.0,866000000.0,866000000.0,-81000000.0,-11000000.0,0.105,1704000000.0,1267000000.0,527000000.0,0.452,8.208,15.308,15.301,2318000000.0,0.0,42.23,1.603,1.604,670000000.0,2198000000.0,8268000000.0,8268000000.0,122000000.0,0.104,0.58,0.252,0.165,57000000.0,1505000000.0,1.0,313914401.0,314000000,316000000.0,26.331,4505000000.0,0.0,374000000.0,585000000.0,14.347,-889000000.0
29,CPB,MRT,2014-03-31,2014-04-27,2014-04-27,2021-09-23,-527000000.0,7964000000.0,8365250000.0,1947000000.0,6017000000.0,0.973,5.102,-309000000.0,222000000.0,222000000.0,5249000000.0,512000000.0,0.691,3.978,3909000000.0,1662000000.0,2247000000.0,3909000000.0,0.0,311000000.0,0.0,0.027,1.226,958000000.0,1269000000.0,0.156,1269000000.0,958000000.0,834000000.0,1.68,1.65,1.68,1602000000.0,1394500000.0,1602000000.0,18011774451.0,19.0,14.194,609000000.0,1.939,1.0,2890000000.0,0.355,3616000000.0,124000000.0,5218000000.0,5539250000.0,858000000.0,0.0,0.0,0.0,6373000000.0,2817000000.0,3556000000.0,14099774451.0,-231000000.0,-57000000.0,-71000000.0,-391000000.0,-294000000.0,-736000000.0,-369000000.0,0.0,918000000.0,-44000000.0,523000000.0,523000000.0,523000000.0,194000000.0,-11000000.0,0.064,1754000000.0,1136000000.0,501000000.0,0.73,8.801,26.959,26.75,2263000000.0,0.0,44.94,1.732,1.734,669000000.0,2159000000.0,8139000000.0,8139000000.0,122000000.0,0.063,0.375,0.173,0.118,77000000.0,1556000000.0,1.0,313746650.0,314000000,316000000.0,25.92,4348000000.0,0.0,311000000.0,584000000.0,13.847,-870000000.0
30,CPB,MRT,2013-12-31,2014-01-26,2014-01-26,2021-09-23,-616000000.0,8119000000.0,8487500000.0,2174000000.0,5945000000.0,0.958,4.49,-331000000.0,293000000.0,293000000.0,5211000000.0,508000000.0,0.682,4.766,4205000000.0,1958000000.0,2247000000.0,4205000000.0,0.0,336000000.0,0.0,0.022,0.914,937000000.0,1273000000.0,0.157,1273000000.0,937000000.0,811000000.0,1.67,1.64,1.67,1410000000.0,1323250000.0,1410000000.0,17848888605.0,19.0,14.021,552000000.0,1.758,1.0,2920000000.0,0.359,3569000000.0,126000000.0,5273000000.0,5700500000.0,891000000.0,0.0,0.0,0.0,6720000000.0,3189000000.0,3531000000.0,13321888605.0,-117000000.0,-34000000.0,-126000000.0,-275000000.0,-196000000.0,-573000000.0,-372000000.0,0.0,883000000.0,-55000000.0,520000000.0,520000000.0,520000000.0,182000000.0,-12000000.0,0.064,1819000000.0,1101000000.0,528000000.0,0.547,9.448,25.619,25.323,2241000000.0,0.0,42.29,1.638,1.633,783000000.0,2073000000.0,8131000000.0,8131000000.0,127000000.0,0.061,0.393,0.164,0.115,99000000.0,1614000000.0,1.0,315012736.0,314000000,316000000.0,25.895,4550000000.0,0.0,291000000.0,565000000.0,14.49,-1015000000.0
31,CPB,MRT,2013-09-30,2013-10-27,2013-10-27,2021-09-23,-506000000.0,9055000000.0,8606000000.0,2587000000.0,6468000000.0,0.931,4.296,-345000000.0,305000000.0,305000000.0,5144000000.0,377000000.0,0.63,5.715,4832000000.0,2585000000.0,2247000000.0,4832000000.0,0.0,383000000.0,0.0,0.035,1.472,780000000.0,1163000000.0,0.145,1163000000.0,780000000.0,650000000.0,1.24,1.21,1.24,1349000000.0,1260750000.0,1349000000.0,17462709939.0,22.0,15.015,631000000.0,2.01,1.0,2868000000.0,0.358,3655000000.0,130000000.0,5823000000.0,5855750000.0,1079000000.0,0.0,0.0,0.0,7710000000.0,4104000000.0,3606000000.0,13342709939.0,-42000000.0,-568000000.0,-71000000.0,355000000.0,-372000000.0,-60000000.0,-921000000.0,0.0,976000000.0,-37000000.0,385000000.0,385000000.0,385000000.0,253000000.0,-8000000.0,0.048,1851000000.0,1017000000.0,630000000.0,1.187,9.891,34.656,34.323,2283000000.0,0.0,42.56,1.665,1.668,804000000.0,1847000000.0,8012000000.0,8012000000.0,132000000.0,0.045,0.305,0.133,0.097,109000000.0,1642000000.0,1.0,313503523.0,314000000,317000000.0,25.516,5400000000.0,0.0,265000000.0,633000000.0,17.197,-1517000000.0
32,CPB,MRT,2013-06-30,2013-07-28,2013-07-28,2021-09-23,-565000000.0,8323000000.0,8529000000.0,2221000000.0,6102000000.0,0.944,3.876,-331000000.0,333000000.0,333000000.0,5140000000.0,449000000.0,0.677,5.845,4453000000.0,1909000000.0,2544000000.0,4453000000.0,0.0,407000000.0,0.0,0.031,1.45,868000000.0,1275000000.0,0.158,1275000000.0,868000000.0,733000000.0,1.46,1.44,1.46,1217000000.0,1198250000.0,1217000000.0,18539726348.0,21.0,14.541,688000000.0,2.191,1.0,2912000000.0,0.362,3318000000.0,135000000.0,5843000000.0,5884750000.0,925000000.0,0.0,0.0,0.0,7113000000.0,3282000000.0,3831000000.0,14739726348.0,66000000.0,-1806000000.0,-70000000.0,1675000000.0,-367000000.0,1237000000.0,-2154000000.0,0.0,1019000000.0,-36000000.0,458000000.0,458000000.0,458000000.0,231000000.0,-9000000.0,0.057,1832000000.0,1080000000.0,523000000.0,0.993,12.112,32.183,32.24,2260000000.0,0.0,47.07,1.831,1.836,635000000.0,1772000000.0,8052000000.0,8052000000.0,128000000.0,0.054,0.382,0.147,0.108,113000000.0,1624000000.0,1.0,313144813.0,314000000,317000000.0,25.643,5005000000.0,0.0,275000000.0,508000000.0,15.939,-1061000000.0
33,CPB,MRT,2013-03-31,2013-04-28,2013-04-28,2021-09-23,-709000000.0,8453000000.0,8080750000.0,2177000000.0,6276000000.0,0.917,4.194,-351000000.0,453000000.0,453000000.0,4682000000.0,734000000.0,0.836,5.421,4253000000.0,1309000000.0,2944000000.0,4253000000.0,0.0,391000000.0,0.0,0.031,1.45,1150000000.0,1541000000.0,0.208,1541000000.0,1150000000.0,1021000000.0,2.37,2.35,2.37,1317000000.0,1118500000.0,1317000000.0,18533791722.0,16.0,12.027,795000000.0,2.532,1.0,2728000000.0,0.368,3786000000.0,129000000.0,5863000000.0,5525500000.0,888000000.0,0.0,0.0,0.0,7140000000.0,2604000000.0,4536000000.0,14514791722.0,70000000.0,-1558000000.0,-183000000.0,1508000000.0,-458000000.0,866000000.0,-1931000000.0,0.0,1146000000.0,-11000000.0,743000000.0,743000000.0,743000000.0,-84000000.0,-9000000.0,0.1,1680000000.0,1048000000.0,590000000.0,0.612,11.021,19.535,19.494,2356000000.0,0.0,46.2,1.959,1.958,674000000.0,2022000000.0,7410000000.0,7410000000.0,119000000.0,0.092,0.664,0.208,0.155,99000000.0,1504000000.0,1.0,314172981.0,314000000,317000000.0,23.599,4667000000.0,0.0,278000000.0,499000000.0,14.863,-427000000.0
34,CPB,MRT,2012-12-31,2013-01-27,2013-01-27,2021-09-23,-700000000.0,8593000000.0,7590500000.0,2264000000.0,6329000000.0,0.958,3.694,-333000000.0,410000000.0,410000000.0,4541000000.0,730000000.0,0.783,6.412,4429000000.0,1489000000.0,2940000000.0,4429000000.0,0.0,357000000.0,0.0,0.048,1.74,1145000000.0,1502000000.0,0.207,1502000000.0,1145000000.0,1020000000.0,2.35,2.33,2.35,1160000000.0,1107250000.0,1160000000.0,15571665321.0,14.0,10.367,808000000.0,2.573,1.0,2728000000.0,0.375,3827000000.0,125000000.0,5894000000.0,5159750000.0,886000000.0,0.0,0.0,0.0,7438000000.0,2891000000.0,4547000000.0,11485665321.0,88000000.0,-1567000000.0,-163000000.0,1580000000.0,-551000000.0,866000000.0,-1913000000.0,0.0,1141000000.0,-6000000.0,739000000.0,739000000.0,739000000.0,-72000000.0,-9000000.0,0.102,1673000000.0,1055000000.0,631000000.0,0.74,9.901,15.542,15.545,2361000000.0,0.0,36.53,1.58,1.578,799000000.0,1841000000.0,7269000000.0,7269000000.0,116000000.0,0.097,0.667,0.222,0.158,85000000.0,1495000000.0,1.0,314417337.0,314000000,316000000.0,23.15,4766000000.0,0.0,281000000.0,511000000.0,15.178,-627000000.0
35,CPB,MRT,2012-09-30,2012-10-28,2012-10-28,2021-09-23,-745000000.0,8747000000.0,7108500000.0,2401000000.0,6346000000.0,1.016,3.5,-325000000.0,361000000.0,361000000.0,4442000000.0,744000000.0,0.777,6.961,4447000000.0,1507000000.0,2940000000.0,4447000000.0,0.0,297000000.0,0.0,0.033,1.16,1179000000.0,1476000000.0,0.204,1476000000.0,1179000000.0,1059000000.0,2.38,2.37,2.38,1099000000.0,1116000000.0,1099000000.0,13341373366.0,11.0,9.039,803000000.0,2.557,1.0,2777000000.0,0.385,3802000000.0,120000000.0,5939000000.0,4811250000.0,963000000.0,0.0,0.0,0.0,7650000000.0,3092000000.0,4558000000.0,10886373366.0,76000000.0,-1567000000.0,-228000000.0,1469000000.0,-370000000.0,867000000.0,-1903000000.0,0.0,1128000000.0,-16000000.0,754000000.0,754000000.0,754000000.0,-53000000.0,-10000000.0,0.104,1670000000.0,1107000000.0,702000000.0,0.487,9.906,14.438,14.588,2409000000.0,0.0,34.72,1.508,1.51,892000000.0,9736000000.0,7219000000.0,7219000000.0,113000000.0,0.106,0.676,0.245,0.163,82000000.0,1506000000.0,1.0,313547620.0,314000000,316000000.0,22.99,4945000000.0,0.0,305000000.0,566000000.0,15.748,-691000000.0
36,CPB,MRT,2012-06-30,2012-07-29,2012-07-29,2021-09-23,-776000000.0,6530000000.0,6658750000.0,1771000000.0,4759000000.0,1.078,2.833,-322000000.0,335000000.0,335000000.0,4365000000.0,764000000.0,0.856,6.272,2790000000.0,786000000.0,2004000000.0,2790000000.0,0.0,262000000.0,0.0,0.035,1.16,1213000000.0,1475000000.0,0.206,1475000000.0,1213000000.0,1099000000.0,2.43,2.41,2.43,898000000.0,1131500000.0,898000000.0,12839931195.0,11.0,8.705,798000000.0,2.517,1.0,2810000000.0,0.392,2509000000.0,114000000.0,4406000000.0,4576500000.0,714000000.0,0.0,0.0,0.0,5632000000.0,2070000000.0,3562000000.0,10465931195.0,-149000000.0,0.0,-300000000.0,-257000000.0,-373000000.0,-920000000.0,-323000000.0,0.0,1120000000.0,-26000000.0,774000000.0,774000000.0,774000000.0,-40000000.0,-10000000.0,0.108,1655000000.0,1155000000.0,571000000.0,0.477,11.655,13.522,13.63,2127000000.0,0.0,33.12,1.459,1.463,553000000.0,9584000000.0,7175000000.0,7175000000.0,116000000.0,0.116,0.684,0.265,0.169,79000000.0,1521000000.0,1.0,316000338.0,317000000,319000000.0,22.634,4021000000.0,0.0,325000000.0,320000000.0,12.685,-299000000.0
37,CPB,MRT,2012-03-31,2012-04-29,2012-04-29,2021-09-23,-485000000.0,6492000000.0,6741750000.0,1767000000.0,4725000000.0,1.057,4.025,-311000000.0,383000000.0,383000000.0,4330000000.0,737000000.0,0.926,4.104,2757000000.0,751000000.0,2006000000.0,2757000000.0,0.0,263000000.0,0.0,0.034,1.16,1182000000.0,1445000000.0,0.203,1445000000.0,1182000000.0,1066000000.0,2.33,2.32,2.33,1272000000.0,1179000000.0,1272000000.0,13268557499.0,11.0,9.182,811000000.0,2.566,1.0,2795000000.0,0.392,2558000000.0,116000000.0,4400000000.0,4678250000.0,673000000.0,0.0,0.0,0.0,5220000000.0,1908000000.0,3312000000.0,10712557499.0,-66000000.0,0.0,-168000000.0,-331000000.0,-375000000.0,-864000000.0,-304000000.0,0.0,1122000000.0,-20000000.0,747000000.0,747000000.0,747000000.0,-53000000.0,-10000000.0,0.105,1684000000.0,1111000000.0,507000000.0,0.498,8.422,14.341,14.528,2054000000.0,0.0,33.85,1.504,1.501,564000000.0,9550000000.0,7125000000.0,7125000000.0,116000000.0,0.111,0.634,0.253,0.166,80000000.0,1488000000.0,1.0,316471418.0,316000000,318000000.0,22.547,3934000000.0,0.0,319000000.0,449000000.0,12.449,-141000000.0
38,CPB,MRT,2011-12-31,2012-01-29,2012-01-29,2021-09-23,-485000000.0,6665000000.0,6793750000.0,1918000000.0,4747000000.0,1.048,3.758,-294000000.0,322000000.0,322000000.0,4296000000.0,748000000.0,0.891,4.576,2878000000.0,870000000.0,2008000000.0,2878000000.0,0.0,263000000.0,0.0,0.037,1.16,1225000000.0,1488000000.0,0.209,1488000000.0,1225000000.0,1111000000.0,2.35,2.34,2.35,1195000000.0,1126500000.0,1195000000.0,12724734405.0,10.0,8.552,843000000.0,2.651,1.0,2821000000.0,0.396,2569000000.0,114000000.0,4500000000.0,4787000000.0,746000000.0,0.0,0.0,0.0,5468000000.0,2152000000.0,3316000000.0,10020734405.0,-3000000.0,0.0,-247000000.0,-247000000.0,-378000000.0,-863000000.0,-291000000.0,0.0,1137000000.0,14000000.0,757000000.0,757000000.0,757000000.0,-53000000.0,-9000000.0,0.106,1667000000.0,1154000000.0,551000000.0,0.494,8.386,13.237,13.379,2047000000.0,0.0,31.44,1.408,1.405,683000000.0,9466000000.0,7117000000.0,7117000000.0,117000000.0,0.111,0.672,0.256,0.172,86000000.0,1479000000.0,1.0,318725649.0,318000000,320000000.0,22.381,4096000000.0,0.0,354000000.0,465000000.0,12.881,-234000000.0
39,CPB,MRT,2011-09-30,2011-10-30,2011-10-30,2021-09-23,-466000000.0,6948000000.0,6772500000.0,2123000000.0,4825000000.0,1.053,3.628,-278000000.0,285000000.0,285000000.0,4284000000.0,786000000.0,1.044,4.979,2989000000.0,567000000.0,2422000000.0,2989000000.0,0.0,266000000.0,0.0,0.035,1.16,1252000000.0,1518000000.0,0.213,1518000000.0,1252000000.0,1132000000.0,2.43,2.41,2.43,1161000000.0,1050000000.0,1161000000.0,13317406878.0,11.0,8.773,966000000.0,3.019,1.0,2848000000.0,0.399,2619000000.0,120000000.0,5000000000.0,4768500000.0,889000000.0,0.0,0.0,0.0,5781000000.0,2033000000.0,3748000000.0,10717406878.0,-6000000.0,0.0,-567000000.0,-64000000.0,-379000000.0,-998000000.0,-275000000.0,0.0,1244000000.0,23000000.0,791000000.0,791000000.0,791000000.0,-53000000.0,-5000000.0,0.111,1664000000.0,1184000000.0,661000000.0,0.477,9.231,13.549,13.774,2057000000.0,0.0,33.47,1.503,1.502,788000000.0,9355000000.0,7132000000.0,7132000000.0,119000000.0,0.117,0.753,0.263,0.176,88000000.0,1475000000.0,1.0,320209348.0,320000000,322000000.0,22.288,4329000000.0,0.0,341000000.0,507000000.0,13.528,90000000.0
40,CPB,MRT,2011-06-30,2011-07-31,2011-07-31,2021-09-23,-427000000.0,6862000000.0,6740000000.0,1963000000.0,4899000000.0,1.06,3.337,-263000000.0,484000000.0,484000000.0,4255000000.0,802000000.0,0.987,5.3,3084000000.0,657000000.0,2427000000.0,3084000000.0,0.0,268000000.0,0.0,0.035,1.145,1278000000.0,1546000000.0,0.216,1546000000.0,1278000000.0,1156000000.0,2.44,2.42,2.44,1088000000.0,1035000000.0,1088000000.0,13264918130.0,10.0,8.58,879000000.0,2.696,1.0,2888000000.0,0.404,2660000000.0,122000000.0,4813000000.0,4666000000.0,767000000.0,0.0,0.0,0.0,5766000000.0,1989000000.0,3777000000.0,10608918130.0,230000000.0,0.0,-632000000.0,295000000.0,-378000000.0,-700000000.0,-261000000.0,0.0,1142000000.0,49000000.0,805000000.0,805000000.0,805000000.0,-53000000.0,-3000000.0,0.113,1676000000.0,1212000000.0,585000000.0,0.469,9.751,13.179,13.545,2103000000.0,0.0,33.05,1.485,1.508,560000000.0,9185000000.0,7143000000.0,7143000000.0,120000000.0,0.119,0.778,0.274,0.179,87000000.0,1486000000.0,1.0,320996010.0,326000000,329000000.0,21.911,4202000000.0,0.0,351000000.0,400000000.0,12.89,-26000000.0
41,CPB,MRT,2011-03-31,2011-05-01,2011-05-01,2021-09-23,-433000000.0,6700000000.0,6593500000.0,1842000000.0,4858000000.0,1.157,3.308,-254000000.0,449000000.0,449000000.0,4553000000.0,817000000.0,1.003,5.3,3105000000.0,674000000.0,2431000000.0,3105000000.0,0.0,260000000.0,0.0,0.034,1.13,1308000000.0,1568000000.0,0.206,1568000000.0,1308000000.0,1187000000.0,2.45,2.43,2.45,1062000000.0,994500000.0,1062000000.0,13552506453.0,10.0,8.643,802000000.0,2.498,1.0,3077000000.0,0.403,2684000000.0,121000000.0,4835000000.0,4540000000.0,639000000.0,0.0,0.0,0.0,5629000000.0,1837000000.0,3792000000.0,10756506453.0,369000000.0,0.0,-735000000.0,620000000.0,-379000000.0,-482000000.0,-254000000.0,0.0,1056000000.0,49000000.0,818000000.0,818000000.0,818000000.0,0.0,-1000000.0,0.107,1780000000.0,1297000000.0,431000000.0,0.461,10.129,13.15,13.71,2060000000.0,0.0,33.59,1.41,1.413,604000000.0,9180000000.0,7630000000.0,7630000000.0,130000000.0,0.124,0.823,0.288,0.171,89000000.0,1641000000.0,1.0,320229427.0,321000000,323000000.0,23.769,4016000000.0,0.0,369000000.0,426000000.0,12.511,5000000.0
42,CPB,MRT,2010-12-31,2011-01-30,2011-01-30,2021-09-23,-595000000.0,6580000000.0,6415000000.0,1914000000.0,4666000000.0,1.188,2.694,-269000000.0,325000000.0,325000000.0,4531000000.0,799000000.0,0.793,6.398,3121000000.0,1184000000.0,1937000000.0,3121000000.0,0.0,258000000.0,0.0,0.032,1.115,1291000000.0,1549000000.0,0.203,1549000000.0,1291000000.0,1168000000.0,2.36,2.35,2.36,889000000.0,1002250000.0,889000000.0,14279581636.0,11.0,9.219,775000000.0,2.348,1.0,3088000000.0,0.405,2535000000.0,123000000.0,4426000000.0,4286750000.0,703000000.0,0.0,0.0,0.0,5688000000.0,2415000000.0,3273000000.0,11490581636.0,212000000.0,0.0,-691000000.0,478000000.0,-378000000.0,-582000000.0,-269000000.0,0.0,1044000000.0,19000000.0,799000000.0,799000000.0,799000000.0,0.0,0.0,0.105,1806000000.0,1282000000.0,538000000.0,0.472,12.925,14.381,14.597,2018000000.0,0.0,34.45,1.508,1.492,712000000.0,9087000000.0,7619000000.0,7619000000.0,128000000.0,0.125,0.797,0.301,0.169,89000000.0,1658000000.0,1.0,333543734.0,330000000,332000000.0,23.088,4045000000.0,0.0,369000000.0,370000000.0,12.258,-501000000.0
43,CPB,MRT,2010-09-30,2010-10-31,2010-10-31,2021-09-23,-613000000.0,6818000000.0,6308000000.0,2124000000.0,4694000000.0,1.212,3.287,-278000000.0,291000000.0,291000000.0,4524000000.0,819000000.0,0.857,5.19,3080000000.0,1134000000.0,1946000000.0,3080000000.0,0.0,256000000.0,0.0,0.03,1.1,1321000000.0,1577000000.0,0.206,1577000000.0,1321000000.0,1205000000.0,2.38,2.38,2.38,1101000000.0,1035750000.0,1101000000.0,14705837274.0,11.0,9.325,786000000.0,2.346,1.0,3121000000.0,0.408,2538000000.0,116000000.0,4590000000.0,4333750000.0,838000000.0,0.0,0.0,0.0,5714000000.0,2479000000.0,3235000000.0,12179837274.0,215000000.0,0.0,-386000000.0,160000000.0,-371000000.0,-588000000.0,-277000000.0,0.0,1064000000.0,16000000.0,819000000.0,819000000.0,819000000.0,0.0,0.0,0.107,1807000000.0,1314000000.0,577000000.0,0.462,11.063,14.872,15.231,2042000000.0,0.0,36.25,1.593,1.588,805000000.0,8945000000.0,7645000000.0,7645000000.0,125000000.0,0.13,0.791,0.305,0.173,89000000.0,1663000000.0,1.0,335995511.0,335000000,338000000.0,22.821,4280000000.0,0.0,386000000.0,401000000.0,12.776,-355000000.0
44,CPB,MRT,2010-06-30,2010-08-01,2010-08-01,2021-09-23,-736000000.0,6276000000.0,6211250000.0,1687000000.0,4589000000.0,1.236,2.724,-302000000.0,254000000.0,254000000.0,4526000000.0,844000000.0,0.817,5.774,2780000000.0,835000000.0,1945000000.0,2780000000.0,0.0,251000000.0,0.0,0.03,1.075,1354000000.0,1605000000.0,0.209,1605000000.0,1354000000.0,1242000000.0,2.44,2.42,2.44,926000000.0,998500000.0,926000000.0,14596192158.0,11.0,9.094,755000000.0,2.221,1.0,3150000000.0,0.41,2428000000.0,112000000.0,4309000000.0,4381750000.0,724000000.0,0.0,0.0,0.0,5347000000.0,2065000000.0,3282000000.0,12189192158.0,203000000.0,0.0,-333000000.0,135000000.0,-365000000.0,-556000000.0,-300000000.0,0.0,1057000000.0,2000000.0,844000000.0,844000000.0,844000000.0,0.0,0.0,0.11,1802000000.0,1348000000.0,545000000.0,0.441,13.163,14.442,14.713,2051000000.0,0.0,35.9,1.588,1.59,512000000.0,8760000000.0,7676000000.0,7676000000.0,123000000.0,0.136,0.845,0.309,0.176,88000000.0,1663000000.0,1.0,339531815.0,340000000,343000000.0,22.576,3848000000.0,0.0,398000000.0,288000000.0,11.318,-378000000.0
45,CPB,MRT,2010-03-31,2010-05-02,2010-05-02,2021-09-23,-620000000.0,5986000000.0,6156250000.0,1431000000.0,4555000000.0,1.248,3.224,-341000000.0,80000000.0,80000000.0,4514000000.0,800000000.0,0.677,4.474,2487000000.0,945000000.0,1542000000.0,2487000000.0,0.0,254000000.0,0.0,0.029,1.05,1312000000.0,1566000000.0,0.204,1566000000.0,1312000000.0,1203000000.0,2.31,2.32,2.31,1093000000.0,949000000.0,1093000000.0,14738967412.0,11.0,9.412,878000000.0,2.59,1.0,3172000000.0,0.413,2457000000.0,109000000.0,3822000000.0,4449000000.0,639000000.0,0.0,0.0,0.0,4890000000.0,2114000000.0,2776000000.0,12201967412.0,19000000.0,-66000000.0,-355000000.0,-100000000.0,-359000000.0,-810000000.0,-404000000.0,0.0,1219000000.0,14000000.0,800000000.0,800000000.0,800000000.0,0.0,0.0,0.104,1866000000.0,1306000000.0,430000000.0,0.455,11.164,15.252,15.524,1995000000.0,0.0,35.86,1.588,1.582,543000000.0,8742000000.0,7686000000.0,7686000000.0,119000000.0,0.13,0.843,0.295,0.171,89000000.0,1668000000.0,1.0,340266799.0,339000000,342000000.0,22.673,3529000000.0,0.0,403000000.0,373000000.0,10.41,-683000000.0
46,CPB,MRT,2009-12-31,2010-01-31,2010-01-31,2021-09-23,-655000000.0,6152000000.0,6120250000.0,1632000000.0,4520000000.0,1.237,3.0,-344000000.0,113000000.0,113000000.0,4456000000.0,806000000.0,0.999,5.011,2650000000.0,400000000.0,2250000000.0,2650000000.0,0.0,253000000.0,0.0,0.031,1.025,1304000000.0,1557000000.0,0.206,1557000000.0,1304000000.0,1198000000.0,2.31,2.32,2.31,1023000000.0,958250000.0,1023000000.0,14183263504.0,11.0,9.109,900000000.0,2.639,1.0,3114000000.0,0.411,2442000000.0,106000000.0,4614000000.0,4603000000.0,700000000.0,0.0,0.0,0.0,5126000000.0,1633000000.0,3493000000.0,11354263504.0,33000000.0,-66000000.0,-406000000.0,-59000000.0,-354000000.0,-817000000.0,-412000000.0,0.0,1244000000.0,18000000.0,806000000.0,806000000.0,806000000.0,0.0,0.0,0.106,1814000000.0,1300000000.0,512000000.0,0.444,11.099,14.087,14.333,1969000000.0,0.0,33.11,1.5,1.491,679000000.0,8668000000.0,7570000000.0,7570000000.0,115000000.0,0.132,0.841,0.283,0.172,85000000.0,1635000000.0,1.0,342925506.0,341000000,344000000.0,22.199,3710000000.0,0.0,392000000.0,338000000.0,10.88,-1000000.0
47,CPB,MRT,2009-09-30,2009-11-01,2009-11-01,2021-09-23,-632000000.0,6431000000.0,6060000000.0,1852000000.0,4579000000.0,1.244,2.776,-353000000.0,76000000.0,76000000.0,4459000000.0,780000000.0,0.933,5.752,2905000000.0,656000000.0,2249000000.0,2905000000.0,0.0,258000000.0,0.0,0.031,1.0,1272000000.0,1530000000.0,0.203,1530000000.0,1272000000.0,1167000000.0,2.22,2.22,2.22,952000000.0,961750000.0,952000000.0,13536559004.0,11.0,8.847,792000000.0,2.309,1.0,3080000000.0,0.409,2494000000.0,105000000.0,4782000000.0,4571500000.0,839000000.0,0.0,0.0,0.0,5476000000.0,1984000000.0,3492000000.0,10963559004.0,13000000.0,-60000000.0,-484000000.0,113000000.0,-358000000.0,-732000000.0,-418000000.0,0.0,1145000000.0,18000000.0,780000000.0,780000000.0,780000000.0,-4000000.0,0.0,0.103,1816000000.0,1264000000.0,594000000.0,0.45,11.516,14.056,14.302,1985000000.0,0.0,31.75,1.454,1.445,790000000.0,8505000000.0,7539000000.0,7539000000.0,114000000.0,0.129,0.811,0.278,0.169,79000000.0,1638000000.0,1.0,345308945.0,343000000,346000000.0,21.98,3937000000.0,0.0,387000000.0,375000000.0,11.478,-132000000.0
48,CPB,MRT,2009-06-30,2009-08-02,2009-08-02,2021-09-23,-718000000.0,6056000000.0,6001250000.0,1551000000.0,4505000000.0,1.264,2.068,-344000000.0,51000000.0,51000000.0,4558000000.0,736000000.0,0.953,7.315,2624000000.0,378000000.0,2246000000.0,2624000000.0,0.0,264000000.0,0.0,0.032,1.0,1193000000.0,1457000000.0,0.192,1457000000.0,1193000000.0,1083000000.0,2.06,2.05,2.06,728000000.0,991500000.0,728000000.0,13391331514.0,11.0,9.191,822000000.0,2.335,1.0,3028000000.0,0.399,2423000000.0,110000000.0,4578000000.0,4434250000.0,824000000.0,0.0,0.0,0.0,5325000000.0,1628000000.0,3697000000.0,10870331514.0,-30000000.0,-28000000.0,-455000000.0,-20000000.0,-350000000.0,-814000000.0,-378000000.0,0.0,1166000000.0,-4000000.0,736000000.0,736000000.0,736000000.0,-4000000.0,0.0,0.097,1843000000.0,1185000000.0,569000000.0,0.485,14.932,14.769,15.063,1977000000.0,0.0,31.03,1.433,1.44,528000000.0,8288000000.0,7586000000.0,7586000000.0,114000000.0,0.123,0.742,0.269,0.157,84000000.0,1668000000.0,1.0,350316839.0,352000000,354000000.0,21.551,3633000000.0,0.0,347000000.0,251000000.0,10.321,-77000000.0
49,CPB,MRT,2009-03-31,2009-05-03,2009-05-03,2021-09-23,-434000000.0,5842000000.0,6105750000.0,1448000000.0,4394000000.0,1.273,3.229,-318000000.0,61000000.0,61000000.0,4716000000.0,756000000.0,0.887,4.17,2582000000.0,628000000.0,1954000000.0,2582000000.0,0.0,281000000.0,0.0,0.038,0.97,1242000000.0,1523000000.0,0.196,1523000000.0,1242000000.0,1111000000.0,2.06,2.07,2.06,1130000000.0,1139000000.0,1130000000.0,11749104523.0,9.0,7.714,680000000.0,1.943,1.0,3057000000.0,0.393,2292000000.0,131000000.0,4438000000.0,4290250000.0,720000000.0,0.0,0.0,0.0,4712000000.0,1633000000.0,3079000000.0,9118104523.0,-3000000.0,37000000.0,-791000000.0,420000000.0,-344000000.0,-700000000.0,-287000000.0,0.0,998000000.0,-14000000.0,756000000.0,756000000.0,756000000.0,-4000000.0,0.0,0.097,1829000000.0,1228000000.0,429000000.0,0.471,8.069,12.061,12.524,1812000000.0,0.0,25.8,1.173,1.162,518000000.0,8307000000.0,7773000000.0,7773000000.0,116000000.0,0.124,0.664,0.289,0.16,83000000.0,1706000000.0,1.0,353414904.0,350000000,351000000.0,22.209,3550000000.0,0.0,355000000.0,14000000.0,10.143,-185000000.0
50,CPB,MRT,2008-12-31,2009-02-01,2009-02-01,2021-09-23,-535000000.0,5911000000.0,6272000000.0,1638000000.0,4273000000.0,1.27,2.921,-305000000.0,80000000.0,80000000.0,4869000000.0,1114000000.0,0.878,4.7,2711000000.0,754000000.0,1957000000.0,2711000000.0,0.0,289000000.0,0.0,0.031,0.94,1516000000.0,1805000000.0,0.227,1805000000.0,1516000000.0,1374000000.0,3.0,2.98,3.0,1037000000.0,1330500000.0,1037000000.0,13606083914.0,9.0,7.538,437000000.0,1.231,1.0,3098000000.0,0.389,2189000000.0,142000000.0,4488000000.0,4252250000.0,751000000.0,0.0,0.0,0.0,4874000000.0,1865000000.0,3009000000.0,10913083914.0,-33000000.0,857000000.0,-898000000.0,-96000000.0,-338000000.0,-1315000000.0,555000000.0,0.0,742000000.0,-15000000.0,1114000000.0,1114000000.0,1114000000.0,-482000000.0,0.0,0.14,2074000000.0,1024000000.0,504000000.0,0.313,10.524,9.796,10.123,1760000000.0,0.0,30.37,1.37,1.353,658000000.0,8221000000.0,7967000000.0,7967000000.0,119000000.0,0.178,0.837,0.357,0.19,93000000.0,1773000000.0,1.0,359337633.0,355000000,358000000.0,22.442,3722000000.0,0.0,260000000.0,18000000.0,10.485,-227000000.0
51,CPB,MRT,2008-09-30,2008-11-02,2008-11-02,2021-09-23,-508000000.0,6196000000.0,6513250000.0,1916000000.0,4280000000.0,1.238,3.0,-290000000.0,63000000.0,63000000.0,4913000000.0,1155000000.0,0.786,4.785,2756000000.0,1121000000.0,1635000000.0,2756000000.0,0.0,292000000.0,0.0,0.024,0.91,1570000000.0,1862000000.0,0.231,1862000000.0,1570000000.0,1412000000.0,3.08,3.05,3.08,1071000000.0,1470000000.0,1071000000.0,16219358415.0,10.0,8.711,387000000.0,1.084,1.0,3150000000.0,0.391,2217000000.0,158000000.0,4233000000.0,4283000000.0,896000000.0,0.0,0.0,0.0,5125000000.0,2439000000.0,2686000000.0,13685358415.0,-14000000.0,851000000.0,-838000000.0,-100000000.0,-332000000.0,-1249000000.0,569000000.0,0.0,677000000.0,-11000000.0,1155000000.0,1155000000.0,1155000000.0,-492000000.0,0.0,0.143,2081000000.0,1069000000.0,677000000.0,0.295,12.778,11.849,12.321,1776000000.0,0.0,37.95,1.697,1.68,784000000.0,8078000000.0,8063000000.0,8063000000.0,117000000.0,0.177,0.786,0.367,0.195,95000000.0,1780000000.0,1.0,360615505.0,357000000,362000000.0,22.585,3979000000.0,0.0,257000000.0,39000000.0,11.146,-523000000.0
52,CPB,MRT,2008-06-30,2008-08-03,2008-08-03,2021-09-23,-136000000.0,6474000000.0,6728750000.0,1693000000.0,4781000000.0,1.189,3.534,-295000000.0,81000000.0,81000000.0,4827000000.0,1165000000.0,0.705,3.912,2615000000.0,982000000.0,1633000000.0,2615000000.0,0.0,294000000.0,0.0,0.025,0.88,1600000000.0,1894000000.0,0.237,1894000000.0,1600000000.0,1433000000.0,3.06,3.03,3.06,1318000000.0,1578500000.0,1318000000.0,15384932955.0,10.0,8.123,471000000.0,1.263,1.0,3171000000.0,0.396,2603000000.0,167000000.0,4002000000.0,4371000000.0,829000000.0,0.0,0.0,0.0,5156000000.0,2403000000.0,2753000000.0,13318932955.0,10000000.0,819000000.0,-856000000.0,-123000000.0,-329000000.0,-1300000000.0,531000000.0,0.0,766000000.0,13000000.0,1165000000.0,1165000000.0,1165000000.0,-494000000.0,0.0,0.146,2073000000.0,1098000000.0,655000000.0,0.288,10.105,11.433,11.716,1939000000.0,0.0,35.85,1.665,1.672,570000000.0,7909000000.0,7998000000.0,7998000000.0,115000000.0,0.173,0.738,0.366,0.2,88000000.0,1770000000.0,1.0,371518353.0,373000000,377000000.0,21.442,3871000000.0,0.0,268000000.0,9000000.0,10.378,-710000000.0
53,CPB,MRT,2008-03-31,2008-04-27,2008-04-27,2021-09-23,19000000.0,6507000000.0,6721500000.0,1610000000.0,4897000000.0,1.161,5.083,-298000000.0,50000000.0,50000000.0,4702000000.0,1137000000.0,0.968,2.432,2116000000.0,349000000.0,1767000000.0,2116000000.0,0.0,290000000.0,0.0,0.025,0.86,1566000000.0,1856000000.0,0.238,1856000000.0,1566000000.0,1388000000.0,3.03,2.98,3.03,1896000000.0,1572750000.0,1896000000.0,15817483028.0,10.0,8.522,327000000.0,0.877,1.0,3101000000.0,0.397,2624000000.0,178000000.0,4286000000.0,4502000000.0,666000000.0,0.0,0.0,0.0,4611000000.0,1663000000.0,2948000000.0,13156483028.0,-210000000.0,842000000.0,-555000000.0,-529000000.0,-324000000.0,-1402000000.0,551000000.0,0.0,625000000.0,16000000.0,1137000000.0,1137000000.0,1137000000.0,-497000000.0,0.0,0.146,2081000000.0,1020000000.0,593000000.0,0.284,6.939,11.571,11.439,1892000000.0,0.0,34.66,1.686,1.657,655000000.0,7900000000.0,7803000000.0,7803000000.0,117000000.0,0.169,0.723,0.348,0.201,86000000.0,1770000000.0,1.0,379586931.0,373000000,381000000.0,20.92,3883000000.0,0.0,251000000.0,12000000.0,10.41,-53000000.0
54,CPB,MRT,2007-12-31,2008-01-27,2008-01-27,2021-09-23,-41000000.0,6876000000.0,6783250000.0,1878000000.0,4998000000.0,1.131,4.231,-300000000.0,95000000.0,95000000.0,4600000000.0,822000000.0,0.796,3.311,2756000000.0,976000000.0,1780000000.0,2756000000.0,0.0,289000000.0,0.0,0.027,0.84,1282000000.0,1571000000.0,0.205,1571000000.0,1282000000.0,1114000000.0,2.17,2.13,2.17,1595000000.0,1503000000.0,1595000000.0,14709195169.0,11.0,9.363,488000000.0,1.294,1.0,3073000000.0,0.4,2566000000.0,168000000.0,4611000000.0,4597000000.0,735000000.0,0.0,0.0,0.0,5281000000.0,2360000000.0,2921000000.0,11972195169.0,-370000000.0,22000000.0,-398000000.0,-194000000.0,-317000000.0,-891000000.0,-276000000.0,0.0,788000000.0,9000000.0,822000000.0,822000000.0,822000000.0,-26000000.0,0.0,0.107,1866000000.0,1207000000.0,619000000.0,0.387,7.506,14.565,14.382,1930000000.0,0.0,31.21,1.56,1.533,813000000.0,7451000000.0,7673000000.0,7673000000.0,113000000.0,0.121,0.547,0.279,0.167,81000000.0,1733000000.0,1.0,383601255.0,377000000,386000000.0,20.353,4310000000.0,0.0,292000000.0,4000000.0,11.432,-482000000.0
55,CPB,MRT,2007-09-30,2007-10-28,2007-10-28,2021-09-23,-32000000.0,7058000000.0,6835500000.0,2018000000.0,5040000000.0,1.1,3.971,-305000000.0,77000000.0,77000000.0,4484000000.0,833000000.0,0.773,3.69,2814000000.0,1041000000.0,1773000000.0,2814000000.0,0.0,287000000.0,0.0,0.022,0.82,1295000000.0,1582000000.0,0.21,1582000000.0,1295000000.0,1131000000.0,2.18,2.14,2.18,1505000000.0,1468000000.0,1505000000.0,16606435281.0,13.0,10.497,531000000.0,1.401,1.0,3035000000.0,0.404,2598000000.0,164000000.0,4585000000.0,4591000000.0,917000000.0,0.0,0.0,0.0,5553000000.0,2612000000.0,2941000000.0,14008435281.0,-153000000.0,40000000.0,-331000000.0,-115000000.0,-311000000.0,-735000000.0,-258000000.0,0.0,836000000.0,4000000.0,833000000.0,833000000.0,833000000.0,-40000000.0,0.0,0.111,1829000000.0,1206000000.0,805000000.0,0.376,9.308,16.817,16.729,2064000000.0,0.0,36.47,1.863,1.838,862000000.0,7261000000.0,7519000000.0,7519000000.0,113000000.0,0.122,0.567,0.282,0.172,84000000.0,1718000000.0,1.0,384108453.0,379000000,388000000.0,19.839,4460000000.0,0.0,298000000.0,76000000.0,11.768,-594000000.0
56,CPB,MRT,2007-06-30,2007-07-29,2007-07-29,2021-09-23,-123000000.0,6445000000.0,6827000000.0,1578000000.0,4867000000.0,1.082,3.355,-311000000.0,71000000.0,71000000.0,4384000000.0,854000000.0,0.777,3.977,2669000000.0,595000000.0,2074000000.0,2669000000.0,0.0,283000000.0,0.0,0.021,0.8,1324000000.0,1607000000.0,0.218,1607000000.0,1324000000.0,1161000000.0,2.21,2.16,2.21,1295000000.0,1408750000.0,1295000000.0,16867273573.0,13.0,10.496,363000000.0,0.94,1.0,3001000000.0,0.406,2487000000.0,163000000.0,4526000000.0,4609250000.0,775000000.0,0.0,0.0,0.0,5150000000.0,2030000000.0,3120000000.0,14525273573.0,-586000000.0,906000000.0,-975000000.0,-605000000.0,-308000000.0,-1863000000.0,603000000.0,0.0,674000000.0,0.0,854000000.0,854000000.0,854000000.0,-62000000.0,0.0,0.116,1788000000.0,1213000000.0,694000000.0,0.362,11.216,17.009,16.964,2042000000.0,0.0,37.49,1.967,1.96,581000000.0,7082000000.0,7385000000.0,7385000000.0,111000000.0,0.125,0.606,0.287,0.179,83000000.0,1677000000.0,1.0,387443947.0,386000000,396000000.0,19.132,3958000000.0,0.0,307000000.0,42000000.0,10.254,-452000000.0
57,CPB,MRT,2007-03-31,2007-04-29,2007-04-29,2021-09-23,48000000.0,6754000000.0,7152000000.0,1694000000.0,5060000000.0,0.975,4.211,-327000000.0,274000000.0,274000000.0,4173000000.0,837000000.0,0.863,3.177,2616000000.0,493000000.0,2123000000.0,2616000000.0,0.0,278000000.0,0.0,0.02,0.78,1258000000.0,1536000000.0,0.22,1536000000.0,1258000000.0,1096000000.0,2.16,2.1,2.16,1617000000.0,1527000000.0,1617000000.0,17660955469.0,14.0,11.498,545000000.0,1.419,1.0,2799000000.0,0.401,2466000000.0,162000000.0,4666000000.0,4742500000.0,680000000.0,0.0,0.0,0.0,5137000000.0,1964000000.0,3173000000.0,15287955469.0,-256000000.0,884000000.0,-1012000000.0,-412000000.0,-304000000.0,-1697000000.0,571000000.0,0.0,872000000.0,-2000000.0,837000000.0,837000000.0,837000000.0,-52000000.0,0.0,0.12,1599000000.0,1200000000.0,592000000.0,0.361,9.455,18.265,18.148,1978000000.0,0.0,39.2,2.193,2.159,575000000.0,7099000000.0,6972000000.0,6972000000.0,106000000.0,0.117,0.548,0.265,0.18,85000000.0,1512000000.0,1.0,389998864.0,384000000,395000000.0,18.156,4288000000.0,0.0,259000000.0,213000000.0,11.167,-270000000.0
58,CPB,MRT,2006-12-31,2007-01-28,2007-01-28,2021-09-23,-9000000.0,7085000000.0,7276500000.0,2150000000.0,4935000000.0,0.955,3.789,-322000000.0,483000000.0,483000000.0,4142000000.0,786000000.0,0.86,3.869,2856000000.0,745000000.0,2111000000.0,2856000000.0,0.0,284000000.0,0.0,0.02,0.76,1250000000.0,1534000000.0,0.221,1534000000.0,1250000000.0,1075000000.0,2.0,1.95,2.0,1455000000.0,1567750000.0,1455000000.0,17481826205.0,14.0,11.396,583000000.0,1.518,1.0,2808000000.0,0.404,2372000000.0,175000000.0,4587000000.0,4565500000.0,730000000.0,0.0,0.0,0.0,5630000000.0,2499000000.0,3131000000.0,14848826205.0,216000000.0,884000000.0,-942000000.0,-53000000.0,-301000000.0,-1275000000.0,583000000.0,0.0,905000000.0,3000000.0,786000000.0,786000000.0,786000000.0,-65000000.0,0.0,0.113,1629000000.0,1179000000.0,651000000.0,0.38,10.205,18.892,19.09,1943000000.0,0.0,38.18,2.137,2.11,747000000.0,6960000000.0,6950000000.0,6950000000.0,106000000.0,0.108,0.501,0.274,0.18,85000000.0,1538000000.0,1.0,388916349.0,384000000,395000000.0,18.099,4713000000.0,0.0,289000000.0,299000000.0,12.273,-349000000.0
59,CPB,MRT,2006-09-30,2006-10-29,2006-10-29,2021-09-23,-10000000.0,7024000000.0,7291750000.0,2092000000.0,4932000000.0,0.966,3.21,-315000000.0,230000000.0,230000000.0,4180000000.0,755000000.0,0.793,4.539,2863000000.0,747000000.0,2116000000.0,2863000000.0,0.0,284000000.0,0.0,0.02,0.74,1221000000.0,1505000000.0,0.214,1505000000.0,1221000000.0,1041000000.0,1.88,1.84,1.88,1268000000.0,1609250000.0,1268000000.0,17276720047.0,14.0,11.48,710000000.0,1.797,1.0,2865000000.0,0.407,2362000000.0,180000000.0,4658000000.0,4536500000.0,859000000.0,0.0,0.0,0.0,5756000000.0,2637000000.0,3119000000.0,14720720047.0,185000000.0,866000000.0,-1002000000.0,-126000000.0,-296000000.0,-1409000000.0,564000000.0,0.0,1025000000.0,5000000.0,755000000.0,755000000.0,755000000.0,-52000000.0,0.0,0.107,1702000000.0,1163000000.0,741000000.0,0.394,11.609,19.498,19.41,1939000000.0,0.0,36.49,2.09,2.046,802000000.0,6752000000.0,7045000000.0,7045000000.0,105000000.0,0.104,0.469,0.269,0.173,88000000.0,1593000000.0,1.0,403417924.0,395000000,405000000.0,17.835,4662000000.0,0.0,286000000.0,377000000.0,11.803,-545000000.0
60,CPB,MRT,2006-06-30,2006-07-30,2006-07-30,2021-09-23,4000000.0,7745000000.0,7326750000.0,2112000000.0,5633000000.0,0.941,4.344,-307000000.0,657000000.0,657000000.0,4100000000.0,766000000.0,0.733,3.381,3213000000.0,1097000000.0,2116000000.0,3213000000.0,0.0,289000000.0,0.0,0.02,0.72,1158000000.0,1447000000.0,0.21,1447000000.0,1158000000.0,993000000.0,1.88,1.85,1.88,1768000000.0,1670500000.0,1768000000.0,17559227042.0,15.0,12.135,919000000.0,2.258,1.0,2794000000.0,0.405,2361000000.0,165000000.0,5059000000.0,4534750000.0,728000000.0,0.0,0.0,0.0,5977000000.0,2881000000.0,3096000000.0,15142227042.0,617000000.0,0.0,-270000000.0,233000000.0,-292000000.0,-318000000.0,-294000000.0,0.0,1226000000.0,3000000.0,766000000.0,766000000.0,766000000.0,-46000000.0,0.0,0.111,1688000000.0,1106000000.0,691000000.0,0.383,8.565,19.768,19.559,1954000000.0,0.0,36.77,2.196,2.171,494000000.0,6539000000.0,6894000000.0,6894000000.0,103000000.0,0.105,0.459,0.255,0.168,85000000.0,1585000000.0,1.0,411809275.0,407000000,414000000.0,16.939,5384000000.0,0.0,227000000.0,121000000.0,13.229,-769000000.0
61,CPB,MRT,2006-03-31,2006-04-30,2006-04-30,2021-09-23,-180000000.0,7252000000.0,7084500000.0,1922000000.0,5330000000.0,0.976,4.384,-308000000.0,530000000.0,530000000.0,4006000000.0,818000000.0,0.732,3.074,2947000000.0,1043000000.0,1904000000.0,2947000000.0,0.0,284000000.0,0.0,0.022,0.71,1233000000.0,1517000000.0,0.22,1517000000.0,1233000000.0,1074000000.0,2.01,1.97,2.01,1780000000.0,1546000000.0,1780000000.0,15801022746.0,13.0,10.416,887000000.0,2.185,1.0,2905000000.0,0.42,3085000000.0,159000000.0,3958000000.0,4449500000.0,650000000.0,0.0,0.0,0.0,5472000000.0,2626000000.0,2846000000.0,13162022746.0,498000000.0,0.0,-97000000.0,-16000000.0,-288000000.0,-396000000.0,-301000000.0,0.0,1195000000.0,0.0,818000000.0,818000000.0,818000000.0,-114000000.0,0.0,0.118,1795000000.0,1110000000.0,546000000.0,0.353,7.394,16.09,15.99,1944000000.0,0.0,32.14,1.905,1.888,579000000.0,6569000000.0,6911000000.0,6911000000.0,99000000.0,0.115,0.529,0.277,0.178,75000000.0,1693000000.0,1.0,409521554.0,406000000,413000000.0,17.022,4167000000.0,0.0,256000000.0,250000000.0,10.264,-704000000.0
62,CPB,MRT,2005-12-31,2006-01-29,2006-01-29,2021-09-23,-221000000.0,7146000000.0,6974750000.0,1914000000.0,5232000000.0,0.992,3.973,-309000000.0,267000000.0,267000000.0,4020000000.0,798000000.0,0.831,3.408,2906000000.0,687000000.0,2219000000.0,2906000000.0,0.0,280000000.0,0.0,0.023,0.7,1224000000.0,1504000000.0,0.217,1504000000.0,1224000000.0,1060000000.0,1.96,1.92,1.96,1621000000.0,1443000000.0,1621000000.0,15338772030.0,13.0,10.199,830000000.0,2.034,1.0,2899000000.0,0.419,3011000000.0,164000000.0,4471000000.0,4639000000.0,755000000.0,0.0,0.0,0.0,5525000000.0,2303000000.0,3222000000.0,12407772030.0,216000000.0,0.0,-150000000.0,-186000000.0,-284000000.0,-619000000.0,-302000000.0,0.0,1139000000.0,-2000000.0,798000000.0,798000000.0,798000000.0,-94000000.0,0.0,0.115,1778000000.0,1121000000.0,679000000.0,0.357,7.654,15.549,15.306,1940000000.0,0.0,30.0,1.793,1.769,719000000.0,6477000000.0,6919000000.0,6919000000.0,97000000.0,0.114,0.553,0.264,0.177,57000000.0,1682000000.0,1.0,413592401.0,408000000,414000000.0,16.958,4135000000.0,0.0,262000000.0,236000000.0,10.135,-389000000.0
63,CPB,MRT,2005-09-30,2005-10-30,2005-10-30,2021-09-23,-232000000.0,7164000000.0,6956750000.0,1910000000.0,5254000000.0,1.004,3.699,-315000000.0,45000000.0,45000000.0,4090000000.0,779000000.0,0.783,3.735,2976000000.0,751000000.0,2225000000.0,2976000000.0,0.0,280000000.0,0.0,0.024,0.69,1215000000.0,1495000000.0,0.214,1495000000.0,1215000000.0,1049000000.0,1.91,1.88,1.91,1513000000.0,1372500000.0,1513000000.0,14898411800.0,12.0,9.965,724000000.0,1.77,1.0,2893000000.0,0.414,3006000000.0,166000000.0,4651000000.0,4715250000.0,894000000.0,0.0,0.0,0.0,5651000000.0,2438000000.0,3213000000.0,11945411800.0,1000000.0,0.0,-20000000.0,-428000000.0,-280000000.0,-727000000.0,-308000000.0,0.0,1039000000.0,-3000000.0,779000000.0,779000000.0,779000000.0,-79000000.0,0.0,0.112,1766000000.0,1127000000.0,757000000.0,0.361,7.895,15.334,15.23,1957000000.0,0.0,29.09,1.711,1.704,788000000.0,6297000000.0,6983000000.0,6983000000.0,97000000.0,0.112,0.568,0.258,0.174,37000000.0,1673000000.0,1.0,410636363.0,409000000,414000000.0,17.073,4158000000.0,0.0,270000000.0,288000000.0,10.166,-528000000.0
64,CPB,MRT,2005-06-30,2005-07-31,2005-07-31,2021-09-23,-223000000.0,6776000000.0,6972750000.0,1483000000.0,5293000000.0,1.014,3.105,-321000000.0,40000000.0,40000000.0,4179000000.0,707000000.0,0.741,4.335,2993000000.0,451000000.0,2542000000.0,2993000000.0,0.0,279000000.0,0.0,0.022,0.68,1199000000.0,1478000000.0,0.209,1478000000.0,1199000000.0,1015000000.0,1.73,1.71,1.73,1270000000.0,1273500000.0,1270000000.0,15635507304.0,13.0,10.579,669000000.0,1.636,1.0,2893000000.0,0.409,3009000000.0,184000000.0,4718000000.0,4786500000.0,753000000.0,0.0,0.0,0.0,5506000000.0,2002000000.0,3504000000.0,12679507304.0,8000000.0,0.0,-39000000.0,-354000000.0,-275000000.0,-668000000.0,-314000000.0,0.0,990000000.0,0.0,707000000.0,707000000.0,707000000.0,-63000000.0,0.0,0.1,1766000000.0,1127000000.0,624000000.0,0.393,9.984,17.934,17.832,1987000000.0,0.0,30.85,1.793,1.784,509000000.0,6069000000.0,7072000000.0,7072000000.0,93000000.0,0.101,0.555,0.25,0.17,28000000.0,1673000000.0,1.0,411005099.0,409000000,413000000.0,17.291,3767000000.0,0.0,308000000.0,251000000.0,9.21,-519000000.0
65,CPB,MRT,2005-03-31,2005-05-01,2005-05-01,2021-09-23,-106000000.0,6813000000.0,6944250000.0,1419000000.0,5394000000.0,1.013,3.345,-292000000.0,32000000.0,32000000.0,4188000000.0,670000000.0,0.747,3.98,2988000000.0,447000000.0,2541000000.0,2988000000.0,0.0,272000000.0,0.0,0.022,0.667,1152000000.0,1424000000.0,0.202,1424000000.0,1152000000.0,969000000.0,1.64,1.62,1.64,1368000000.0,1174500000.0,1368000000.0,15335062582.0,13.0,10.769,648000000.0,1.584,1.0,2846000000.0,0.405,3153000000.0,183000000.0,4716000000.0,4772500000.0,706000000.0,0.0,0.0,0.0,5445000000.0,1900000000.0,3545000000.0,12258062582.0,4000000.0,0.0,-38000000.0,-345000000.0,-270000000.0,-653000000.0,-285000000.0,0.0,940000000.0,2000000.0,670000000.0,670000000.0,670000000.0,-65000000.0,0.0,0.095,1778000000.0,1068000000.0,518000000.0,0.407,8.961,18.296,18.134,1911000000.0,0.0,29.74,1.743,1.729,539000000.0,6043000000.0,7034000000.0,7034000000.0,91000000.0,0.096,0.57,0.241,0.164,36000000.0,1662000000.0,1.0,412174263.0,409000000,414000000.0,17.198,3660000000.0,0.0,299000000.0,308000000.0,8.949,-481000000.0
66,CPB,MRT,2004-12-31,2005-01-30,2005-01-30,2021-09-23,-98000000.0,7074000000.0,6851750000.0,1674000000.0,5400000000.0,1.017,3.274,-289000000.0,51000000.0,51000000.0,4148000000.0,666000000.0,0.754,4.283,3128000000.0,576000000.0,2552000000.0,3128000000.0,0.0,269000000.0,0.0,0.023,0.655,1136000000.0,1405000000.0,0.202,1405000000.0,1136000000.0,958000000.0,1.63,1.61,1.63,1339000000.0,1051500000.0,1339000000.0,15382405464.0,14.0,10.948,623000000.0,1.523,1.0,2817000000.0,0.404,3156000000.0,178000000.0,4776000000.0,4729500000.0,762000000.0,0.0,0.0,0.0,5735000000.0,2219000000.0,3516000000.0,11969405464.0,10000000.0,0.0,2000000.0,-351000000.0,-265000000.0,-614000000.0,-289000000.0,0.0,912000000.0,1000000.0,666000000.0,666000000.0,666000000.0,-65000000.0,0.0,0.096,1765000000.0,1052000000.0,651000000.0,0.402,8.939,17.972,17.847,1917000000.0,0.0,29.09,1.719,1.708,718000000.0,5967000000.0,6965000000.0,6965000000.0,90000000.0,0.097,0.633,0.24,0.163,30000000.0,1661000000.0,1.0,411461171.0,409000000,414000000.0,17.029,3918000000.0,0.0,292000000.0,313000000.0,9.579,-545000000.0
67,CPB,MRT,2004-09-30,2004-10-31,2004-10-31,2021-09-23,-124000000.0,7228000000.0,6782250000.0,1869000000.0,5359000000.0,1.009,2.731,-288000000.0,44000000.0,44000000.0,4039000000.0,666000000.0,0.718,5.471,3457000000.0,892000000.0,2565000000.0,3457000000.0,0.0,265000000.0,0.0,0.024,0.642,1136000000.0,1401000000.0,0.205,1401000000.0,1136000000.0,961000000.0,1.63,1.61,1.63,1117000000.0,933750000.0,1117000000.0,14331894636.0,13.0,10.23,586000000.0,1.433,1.0,2803000000.0,0.41,3103000000.0,175000000.0,4936000000.0,4697000000.0,878000000.0,0.0,0.0,0.0,6111000000.0,2602000000.0,3509000000.0,11010894636.0,5000000.0,0.0,-32000000.0,-297000000.0,-259000000.0,-588000000.0,-288000000.0,0.0,874000000.0,7000000.0,666000000.0,666000000.0,666000000.0,-65000000.0,0.0,0.097,1751000000.0,1052000000.0,728000000.0,0.394,9.858,16.533,16.466,1916000000.0,0.0,26.84,1.609,1.604,773000000.0,5802000000.0,6842000000.0,6842000000.0,87000000.0,0.098,0.713,0.242,0.166,23000000.0,1646000000.0,1.0,410241976.0,409000000,412000000.0,16.729,4125000000.0,0.0,295000000.0,329000000.0,10.086,-733000000.0
68,CPB,MRT,2004-06-30,2004-08-01,2004-08-01,2021-09-23,-204000000.0,6662000000.0,6661000000.0,1468000000.0,5194000000.0,1.0,2.137,-266000000.0,32000000.0,32000000.0,3902000000.0,647000000.0,0.631,6.622,3353000000.0,810000000.0,2543000000.0,3353000000.0,0.0,260000000.0,0.0,0.025,0.63,1109000000.0,1369000000.0,0.206,1369000000.0,1109000000.0,935000000.0,1.58,1.57,1.58,874000000.0,808250000.0,874000000.0,13788381522.0,12.0,10.072,478000000.0,1.169,1.0,2758000000.0,0.414,2995000000.0,174000000.0,4662000000.0,4645000000.0,782000000.0,0.0,0.0,0.0,5788000000.0,2326000000.0,3462000000.0,10504381522.0,0.0,-9000000.0,-31000000.0,-185000000.0,-259000000.0,-475000000.0,-275000000.0,0.0,744000000.0,6000000.0,647000000.0,647000000.0,647000000.0,-65000000.0,0.0,0.097,1733000000.0,1025000000.0,607000000.0,0.399,12.019,16.236,16.196,1901000000.0,0.0,25.59,1.577,1.572,490000000.0,5642000000.0,6660000000.0,6660000000.0,88000000.0,0.097,0.8,0.239,0.167,18000000.0,1619000000.0,1.0,410487750.0,409000000,412000000.0,16.284,3667000000.0,0.0,288000000.0,250000000.0,8.966,-858000000.0
69,CPB,MRT,2004-03-31,2004-05-02,2004-05-02,2021-09-23,-216000000.0,6443000000.0,6546750000.0,1340000000.0,5103000000.0,1.089,2.131,-245000000.0,28000000.0,28000000.0,4173000000.0,662000000.0,0.613,6.355,3312000000.0,769000000.0,2543000000.0,3312000000.0,0.0,258000000.0,0.0,0.023,0.63,1146000000.0,1404000000.0,0.197,1404000000.0,1146000000.0,971000000.0,1.62,1.61,1.62,876000000.0,686500000.0,876000000.0,14788087423.0,13.0,10.533,498000000.0,1.212,1.0,2958000000.0,0.415,2996000000.0,175000000.0,4544000000.0,4503750000.0,686000000.0,0.0,0.0,0.0,5567000000.0,2187000000.0,3380000000.0,11355087423.0,1000000.0,-6000000.0,-27000000.0,-210000000.0,-259000000.0,-496000000.0,-251000000.0,0.0,743000000.0,5000000.0,662000000.0,662000000.0,662000000.0,0.0,0.0,0.093,1789000000.0,1169000000.0,501000000.0,0.389,12.962,17.153,17.056,1834000000.0,0.0,27.63,1.592,1.592,481000000.0,5648000000.0,7131000000.0,7131000000.0,90000000.0,0.101,0.964,0.254,0.161,0.0,1717000000.0,1.0,410969505.0,411000000,413000000.0,17.35,3447000000.0,0.0,309000000.0,301000000.0,8.387,-847000000.0
70,CPB,MRT,2003-12-31,2004-02-01,2004-02-01,2021-09-23,-152000000.0,6796000000.0,6464750000.0,1541000000.0,5255000000.0,1.093,2.112,-250000000.0,41000000.0,41000000.0,4098000000.0,649000000.0,0.616,6.829,3474000000.0,908000000.0,2566000000.0,3474000000.0,0.0,259000000.0,0.0,0.024,0.63,1138000000.0,1397000000.0,0.198,1397000000.0,1138000000.0,958000000.0,1.58,1.58,1.58,868000000.0,555500000.0,868000000.0,14508398928.0,13.0,10.385,482000000.0,1.173,1.0,2966000000.0,0.42,3081000000.0,180000000.0,4646000000.0,4379500000.0,715000000.0,0.0,0.0,0.0,5928000000.0,2502000000.0,3426000000.0,10823398928.0,4000000.0,-8000000.0,-20000000.0,-193000000.0,-259000000.0,-472000000.0,-261000000.0,0.0,732000000.0,5000000.0,649000000.0,649000000.0,649000000.0,0.0,0.0,0.092,1805000000.0,1161000000.0,619000000.0,0.399,12.469,16.677,16.665,1871000000.0,0.0,26.33,1.532,1.532,644000000.0,5571000000.0,7064000000.0,7064000000.0,90000000.0,0.1,1.168,0.26,0.161,0.0,1705000000.0,1.0,411067183.0,411000000,412000000.0,17.187,3715000000.0,0.0,309000000.0,301000000.0,9.039,-961000000.0
71,CPB,MRT,2003-09-30,2003-11-02,2003-11-02,2021-09-23,-237000000.0,6743000000.0,6337500000.0,1655000000.0,5088000000.0,1.086,1.496,-246000000.0,39000000.0,39000000.0,3942000000.0,645000000.0,0.599,9.964,3724000000.0,1168000000.0,2556000000.0,3724000000.0,0.0,251000000.0,0.0,0.024,0.63,1134000000.0,1385000000.0,0.201,1385000000.0,1134000000.0,950000000.0,1.57,1.57,1.57,615000000.0,398250000.0,615000000.0,14132202975.0,12.0,10.204,491000000.0,1.195,1.0,2940000000.0,0.427,2937000000.0,184000000.0,4728000000.0,4241750000.0,802000000.0,0.0,0.0,0.0,6128000000.0,2763000000.0,3365000000.0,10636202975.0,-2000000.0,-8000000.0,-8000000.0,-218000000.0,-259000000.0,-485000000.0,-257000000.0,0.0,737000000.0,3000000.0,645000000.0,645000000.0,645000000.0,0.0,0.0,0.094,1783000000.0,1157000000.0,656000000.0,0.401,17.295,16.49,16.51,1846000000.0,0.0,25.92,1.546,1.548,663000000.0,5400000000.0,6882000000.0,6882000000.0,90000000.0,0.102,1.62,0.267,0.165,0.0,1686000000.0,1.0,410347337.0,411000000,412000000.0,16.745,3806000000.0,0.0,305000000.0,298000000.0,9.26,-1108000000.0
72,CPB,MRT,2003-06-30,2003-08-03,2003-08-03,2021-09-23,-316000000.0,6205000000.0,6214250000.0,1290000000.0,4915000000.0,1.075,0.942,-261000000.0,32000000.0,32000000.0,3805000000.0,595000000.0,0.464,15.034,3528000000.0,1279000000.0,2249000000.0,3528000000.0,0.0,243000000.0,0.0,0.026,0.63,1079000000.0,1322000000.0,0.198,1322000000.0,1079000000.0,893000000.0,1.45,1.45,1.45,387000000.0,245250000.0,387000000.0,13306154507.0,12.0,10.065,612000000.0,1.489,1.0,2873000000.0,0.43,2821000000.0,186000000.0,4097000000.0,4007750000.0,709000000.0,0.0,0.0,0.0,5818000000.0,2783000000.0,3035000000.0,9799154507.0,11000000.0,-167000000.0,-7000000.0,-166000000.0,-259000000.0,-432000000.0,-432000000.0,0.0,873000000.0,2000000.0,595000000.0,595000000.0,595000000.0,0.0,0.0,0.089,1740000000.0,1133000000.0,620000000.0,0.434,25.321,16.469,16.462,1843000000.0,0.0,23.87,1.467,1.469,413000000.0,5254000000.0,6678000000.0,6678000000.0,88000000.0,0.096,2.426,0.269,0.162,0.0,1652000000.0,1.0,410521764.0,411000000,411000000.0,16.248,3384000000.0,0.0,298000000.0,217000000.0,8.234,-1493000000.0
73,CPB,MRT,2003-03-31,2003-04-27,2003-04-27,2021-09-23,-349000000.0,6115000000.0,6093250000.0,1270000000.0,4845000000.0,1.058,0.856,-304000000.0,27000000.0,27000000.0,3633000000.0,576000000.0,0.455,16.372,3534000000.0,1261000000.0,2273000000.0,3534000000.0,0.0,270000000.0,0.0,0.029,0.63,1051000000.0,1321000000.0,0.205,1321000000.0,1051000000.0,867000000.0,1.4,1.4,1.4,352000000.0,120000000.0,352000000.0,12561227639.0,12.0,9.509,590000000.0,1.436,1.0,2813000000.0,0.436,2781000000.0,184000000.0,4047000000.0,4016750000.0,608000000.0,0.0,0.0,0.0,5763000000.0,2794000000.0,2969000000.0,8971227639.0,0.0,-170000000.0,4000000.0,-155000000.0,-259000000.0,-415000000.0,-479000000.0,-1000000.0,894000000.0,0.0,576000000.0,576000000.0,576000000.0,0.0,0.0,0.089,1636000000.0,1177000000.0,514000000.0,0.45,25.486,15.575,15.614,1770000000.0,0.0,21.86,1.392,1.394,511000000.0,5245000000.0,6446000000.0,6446000000.0,90000000.0,0.095,4.8,0.262,0.163,0.0,1637000000.0,1.0,410394677.0,411000000,411000000.0,15.684,3334000000.0,0.0,291000000.0,283000000.0,8.112,-1524000000.0
74,CPB,MRT,2002-12-31,2003-01-26,2003-01-26,2021-09-23,-395000000.0,6287000000.0,6011750000.0,1484000000.0,4803000000.0,1.034,0.582,-291000000.0,37000000.0,37000000.0,3495000000.0,543000000.0,0.489,25.305,3627000000.0,1357000000.0,2270000000.0,3627000000.0,0.0,283000000.0,0.0,0.026,0.63,1006000000.0,1289000000.0,0.207,1289000000.0,1006000000.0,823000000.0,1.32,1.32,1.32,239000000.0,52000000.0,239000000.0,13625761490.0,14.0,10.571,708000000.0,1.723,1.0,2722000000.0,0.438,2748000000.0,183000000.0,4095000000.0,4111500000.0,657000000.0,0.0,0.0,0.0,6048000000.0,3034000000.0,3014000000.0,9759761490.0,5000000.0,-165000000.0,7000000.0,-275000000.0,-258000000.0,-531000000.0,-466000000.0,-12000000.0,999000000.0,3000000.0,543000000.0,543000000.0,543000000.0,0.0,0.0,0.087,1590000000.0,1132000000.0,625000000.0,0.477,40.836,17.974,18.015,1757000000.0,0.0,23.78,1.57,1.572,649000000.0,5181000000.0,6217000000.0,6217000000.0,84000000.0,0.09,10.442,0.245,0.162,0.0,1570000000.0,1.0,410418902.0,411000000,411000000.0,15.127,3539000000.0,0.0,280000000.0,294000000.0,8.611,-1550000000.0
75,CPB,MRT,2002-09-30,2002-10-27,2002-10-27,2021-09-23,-458000000.0,6250000000.0,5952250000.0,1577000000.0,4673000000.0,1.026,0.007,-277000000.0,41000000.0,41000000.0,3443000000.0,515000000.0,0.426,2082.333,3907000000.0,2047000000.0,1860000000.0,3907000000.0,0.0,301000000.0,0.0,0.028,0.63,973000000.0,1274000000.0,0.209,1274000000.0,973000000.0,791000000.0,1.25,1.25,1.25,3000000.0,-8750000.0,3000000.0,12898846096.0,13.0,10.125,664000000.0,1.62,1.0,2666000000.0,0.436,2622000000.0,182000000.0,3792000000.0,4220500000.0,745000000.0,0.0,0.0,0.0,6247000000.0,3702000000.0,2545000000.0,9274846096.0,6000000.0,-180000000.0,9000000.0,-214000000.0,-259000000.0,-465000000.0,-469000000.0,-12000000.0,941000000.0,-1000000.0,515000000.0,515000000.0,515000000.0,0.0,0.0,0.084,1567000000.0,1099000000.0,679000000.0,0.504,3091.615,18.009,18.104,1736000000.0,0.0,22.63,1.518,1.519,661000000.0,5014000000.0,6109000000.0,6109000000.0,80000000.0,0.087,-58.857,0.231,0.159,0.0,1518000000.0,1.0,409847375.0,410000000,411000000.0,14.9,3628000000.0,0.0,276000000.0,308000000.0,8.849,-2125000000.0
76,CPB,MRT,2002-06-30,2002-07-28,2002-07-28,2021-09-23,-481000000.0,5721000000.0,5950750000.0,1199000000.0,4522000000.0,1.031,-0.278,-264000000.0,21000000.0,21000000.0,3443000000.0,525000000.0,0.448,-51.184,3645000000.0,1196000000.0,2449000000.0,3645000000.0,0.0,319000000.0,0.0,0.028,0.63,988000000.0,1307000000.0,0.213,1307000000.0,988000000.0,798000000.0,1.28,1.28,1.28,-114000000.0,-46500000.0,-114000000.0,12796502902.0,13.0,9.791,753000000.0,1.837,1.0,2690000000.0,0.439,2534000000.0,190000000.0,4133000000.0,4522750000.0,638000000.0,0.0,0.0,0.0,5835000000.0,2678000000.0,3157000000.0,9229502902.0,-3000000.0,-12000000.0,9000000.0,-443000000.0,-286000000.0,-726000000.0,-288000000.0,-12000000.0,1017000000.0,-6000000.0,525000000.0,525000000.0,525000000.0,0.0,0.0,0.086,1607000000.0,1083000000.0,612000000.0,0.492,-80.961,17.58,17.578,1684000000.0,0.0,22.5,1.505,1.504,417000000.0,4918000000.0,6133000000.0,6133000000.0,79000000.0,0.088,-11.29,0.218,0.161,0.0,1527000000.0,1.0,410200129.0,410000000,411000000.0,14.959,3187000000.0,0.0,273000000.0,233000000.0,7.773,-1479000000.0
77,CPB,MRT,2002-03-31,2002-04-28,2002-04-28,2021-09-23,-296000000.0,5789000000.0,6002250000.0,1133000000.0,4656000000.0,1.012,0.195,-204000000.0,27000000.0,27000000.0,3403000000.0,522000000.0,0.455,71.362,3594000000.0,1164000000.0,2430000000.0,3594000000.0,0.0,307000000.0,0.0,0.026,0.698,1002000000.0,1309000000.0,0.216,1309000000.0,1002000000.0,794000000.0,1.27,1.27,1.27,80000000.0,-79750000.0,80000000.0,14940423190.0,15.0,11.414,797000000.0,1.944,1.0,2671000000.0,0.44,2440000000.0,208000000.0,4426000000.0,4584750000.0,532000000.0,0.0,0.0,0.0,5709000000.0,2490000000.0,3219000000.0,11162423190.0,6000000.0,-923000000.0,17000000.0,440000000.0,-314000000.0,142000000.0,-1140000000.0,-30000000.0,1001000000.0,3000000.0,522000000.0,522000000.0,522000000.0,0.0,0.0,0.086,1681000000.0,990000000.0,461000000.0,0.55,139.53,21.384,21.449,1595000000.0,0.0,27.24,1.838,1.839,432000000.0,4927000000.0,6074000000.0,6074000000.0,72000000.0,0.087,-6.545,0.219,0.165,0.0,1497000000.0,1.0,409780587.0,410000000,411000000.0,14.815,3349000000.0,0.0,272000000.0,257000000.0,8.168,-1357000000.0
78,CPB,MRT,2001-12-31,2002-01-27,2002-01-27,2021-09-23,-341000000.0,6049000000.0,5763000000.0,1438000000.0,4611000000.0,1.037,-0.01,-193000000.0,32000000.0,32000000.0,3333000000.0,548000000.0,0.498,-1513.25,3810000000.0,1456000000.0,2354000000.0,3810000000.0,0.0,289000000.0,0.0,0.027,0.765,1049000000.0,1338000000.0,0.224,1338000000.0,1049000000.0,833000000.0,1.34,1.34,1.34,-4000000.0,-154500000.0,-4000000.0,15749756826.0,15.0,11.771,660000000.0,1.61,1.0,2641000000.0,0.442,2408000000.0,216000000.0,4531000000.0,4542250000.0,568000000.0,0.0,0.0,0.0,6053000000.0,2888000000.0,3165000000.0,11732756826.0,-6000000.0,-926000000.0,-10000000.0,635000000.0,-342000000.0,282000000.0,-1138000000.0,-19000000.0,853000000.0,-3000000.0,548000000.0,548000000.0,548000000.0,0.0,0.0,0.092,1604000000.0,1037000000.0,583000000.0,0.571,-2933.189,21.41,21.373,1586000000.0,0.0,28.64,1.964,1.966,642000000.0,4896000000.0,5974000000.0,5974000000.0,70000000.0,0.095,-3.547,0.231,0.176,0.0,1440000000.0,1.0,409663297.0,410000000,411000000.0,14.571,3641000000.0,0.0,285000000.0,239000000.0,8.88,-1450000000.0
79,CPB,MRT,2001-09-30,2001-10-28,2001-10-28,2021-09-23,-338000000.0,6244000000.0,5524250000.0,1576000000.0,4668000000.0,1.071,-0.361,-193000000.0,35000000.0,35000000.0,3247000000.0,616000000.0,0.559,-43.189,4052000000.0,1295000000.0,2757000000.0,4052000000.0,0.0,277000000.0,0.0,0.029,0.833,1157000000.0,1434000000.0,0.242,1434000000.0,1157000000.0,937000000.0,1.5,1.5,1.5,-148000000.0,-201250000.0,-148000000.0,15634909123.0,14.0,10.903,800000000.0,1.951,1.0,2672000000.0,0.451,2440000000.0,220000000.0,5001000000.0,4358250000.0,652000000.0,0.0,0.0,0.0,6392000000.0,2820000000.0,3572000000.0,11609909123.0,10000000.0,-911000000.0,-565000000.0,1082000000.0,-371000000.0,141000000.0,-1122000000.0,-19000000.0,993000000.0,-2000000.0,616000000.0,616000000.0,616000000.0,0.0,0.0,0.104,1527000000.0,1145000000.0,627000000.0,0.555,-78.445,18.847,18.9,1603000000.0,0.0,28.35,1.961,1.964,697000000.0,4758000000.0,5919000000.0,5919000000.0,68000000.0,0.112,-3.061,0.265,0.195,0.0,1365000000.0,1.0,409520604.0,410000000,411000000.0,14.437,3804000000.0,0.0,321000000.0,254000000.0,9.278,-1244000000.0
80,CPB,MRT,2001-06-30,2001-07-29,2001-07-29,2021-09-23,-324000000.0,5927000000.0,5271750000.0,1203000000.0,4724000000.0,1.095,-0.597,-192000000.0,24000000.0,24000000.0,3132000000.0,649000000.0,0.386,-24.996,4049000000.0,1806000000.0,2243000000.0,4049000000.0,0.0,266000000.0,0.0,0.033,0.9,1206000000.0,1472000000.0,0.255,1472000000.0,1206000000.0,987000000.0,1.57,1.55,1.57,-247000000.0,-132250000.0,-247000000.0,14166632444.0,12.0,9.624,914000000.0,2.208,1.0,2639000000.0,0.457,2451000000.0,219000000.0,4381000000.0,3959250000.0,597000000.0,0.0,0.0,0.0,6174000000.0,3120000000.0,3054000000.0,11056632444.0,-3000000.0,-911000000.0,-594000000.0,983000000.0,-374000000.0,15000000.0,-1122000000.0,-19000000.0,1106000000.0,-2000000.0,649000000.0,649000000.0,649000000.0,0.0,0.0,0.112,1445000000.0,1194000000.0,582000000.0,0.573,-44.764,17.036,17.204,1637000000.0,0.0,27.01,1.916,1.938,442000000.0,4651000000.0,5771000000.0,5771000000.0,64000000.0,0.123,-4.907,0.305,0.209,0.0,1293000000.0,1.0,409353293.0,414000000,418000000.0,13.94,3476000000.0,0.0,338000000.0,190000000.0,8.396,-1917000000.0
81,CPB,MRT,2001-03-31,2001-04-29,2001-04-29,2021-09-23,-322000000.0,4832000000.0,5089000000.0,1030000000.0,3802000000.0,1.013,-0.534,-173000000.0,21000000.0,21000000.0,3253000000.0,656000000.0,0.508,-23.064,3131000000.0,892000000.0,2239000000.0,3131000000.0,0.0,250000000.0,0.0,0.029,0.9,1207000000.0,1457000000.0,0.283,1457000000.0,1207000000.0,996000000.0,1.57,1.55,1.57,-219000000.0,-36250000.0,-219000000.0,15672265189.0,13.0,10.757,983000000.0,2.398,1.0,1902000000.0,0.369,1660000000.0,211000000.0,4256000000.0,3729250000.0,459000000.0,0.0,0.0,0.0,5051000000.0,2026000000.0,3025000000.0,12535265189.0,-13000000.0,1000000.0,-607000000.0,11000000.0,-376000000.0,-972000000.0,-186000000.0,0.0,1156000000.0,-11000000.0,656000000.0,656000000.0,656000000.0,0.0,0.0,0.127,705000000.0,1197000000.0,378000000.0,0.573,-57.239,19.109,19.554,1542000000.0,0.0,30.7,2.432,2.442,397000000.0,4691000000.0,5155000000.0,5155000000.0,63000000.0,0.129,-18.097,0.324,0.234,0.0,533000000.0,1.0,408314827.0,410000000,411000000.0,12.573,3172000000.0,0.0,340000000.0,235000000.0,7.737,-996000000.0
82,CPB,MRT,2000-12-31,2001-01-28,2001-01-28,2021-09-23,-279000000.0,5094000000.0,5179750000.0,1229000000.0,3865000000.0,1.019,-0.46,-179000000.0,38000000.0,38000000.0,3205000000.0,673000000.0,0.45,-27.67,3175000000.0,1433000000.0,1742000000.0,3175000000.0,0.0,252000000.0,0.0,0.028,0.9,1214000000.0,1466000000.0,0.278,1466000000.0,1214000000.0,1011000000.0,1.6,1.57,1.6,-191000000.0,59250000.0,-191000000.0,16354810999.0,13.0,11.156,995000000.0,2.398,1.0,2073000000.0,0.393,1704000000.0,203000000.0,3795000000.0,3556000000.0,494000000.0,0.0,0.0,0.0,5285000000.0,2732000000.0,2553000000.0,13422810999.0,-54000000.0,11000000.0,-678000000.0,21000000.0,-379000000.0,-1036000000.0,-186000000.0,0.0,1174000000.0,-6000000.0,673000000.0,673000000.0,673000000.0,0.0,0.0,0.128,869000000.0,1204000000.0,469000000.0,0.562,-70.276,19.945,19.962,1570000000.0,0.0,31.94,2.543,2.511,549000000.0,4661000000.0,5278000000.0,5278000000.0,62000000.0,0.13,11.359,0.341,0.23,0.0,707000000.0,1.0,420250814.0,415000000,419000000.0,12.718,3390000000.0,0.0,338000000.0,258000000.0,8.169,-1503000000.0
83,CPB,MRT,2000-09-30,2000-10-29,2000-10-29,2021-09-23,-319000000.0,5234000000.0,5297250000.0,1386000000.0,3848000000.0,1.027,0.304,-181000000.0,25000000.0,25000000.0,3135000000.0,683000000.0,0.45,39.891,2957000000.0,1741000000.0,1216000000.0,2957000000.0,0.0,251000000.0,0.0,0.031,0.9,1227000000.0,1478000000.0,0.272,1478000000.0,1227000000.0,1023000000.0,1.61,1.57,1.61,128000000.0,173250000.0,128000000.0,15181354799.0,12.0,10.272,976000000.0,2.318,1.0,2304000000.0,0.424,1678000000.0,204000000.0,3405000000.0,3529500000.0,595000000.0,0.0,0.0,0.0,5106000000.0,3083000000.0,2023000000.0,12117354799.0,-9000000.0,11000000.0,-253000000.0,-333000000.0,-382000000.0,-968000000.0,-193000000.0,0.0,1157000000.0,-5000000.0,683000000.0,683000000.0,683000000.0,0.0,0.0,0.126,1087000000.0,1217000000.0,482000000.0,0.559,94.667,17.741,17.894,1574000000.0,0.0,28.81,2.228,2.23,609000000.0,4482000000.0,5439000000.0,5439000000.0,62000000.0,0.129,3.942,0.348,0.226,0.0,928000000.0,1.0,420595446.0,421000000,431000000.0,12.919,3556000000.0,0.0,340000000.0,279000000.0,8.447,-1697000000.0
84,CPB,MRT,2000-06-30,2000-07-30,2000-07-30,2021-09-23,-227000000.0,5196000000.0,5424250000.0,1168000000.0,4028000000.0,1.037,0.322,-193000000.0,27000000.0,27000000.0,3088000000.0,714000000.0,0.385,36.927,3091000000.0,1873000000.0,1218000000.0,3091000000.0,0.0,251000000.0,0.0,0.034,0.9,1275000000.0,1526000000.0,0.271,1526000000.0,1275000000.0,1077000000.0,1.68,1.65,1.68,137000000.0,198250000.0,137000000.0,14257303021.0,11.0,9.343,972000000.0,2.287,1.0,2538000000.0,0.451,1767000000.0,198000000.0,3461000000.0,3629750000.0,571000000.0,0.0,0.0,0.0,5059000000.0,3032000000.0,2027000000.0,11134303021.0,21000000.0,11000000.0,-374000000.0,-185000000.0,-384000000.0,-943000000.0,-204000000.0,0.0,1165000000.0,3000000.0,714000000.0,714000000.0,714000000.0,0.0,0.0,0.127,1273000000.0,1265000000.0,509000000.0,0.536,81.272,15.594,15.738,1644000000.0,0.0,26.44,1.979,1.997,443000000.0,4373000000.0,5626000000.0,5626000000.0,64000000.0,0.132,3.602,0.351,0.227,0.0,1120000000.0,1.0,421115848.0,425000000,432000000.0,13.238,3429000000.0,0.0,363000000.0,195000000.0,8.068,-1864000000.0
85,CPB,MRT,2000-03-31,2000-04-30,2000-04-30,2021-09-23,-236000000.0,5195000000.0,5505750000.0,1186000000.0,4009000000.0,1.194,0.385,-214000000.0,34000000.0,34000000.0,3157000000.0,734000000.0,0.398,30.871,3157000000.0,1887000000.0,1270000000.0,3157000000.0,0.0,253000000.0,0.0,0.035,0.9,1307000000.0,1560000000.0,0.237,1560000000.0,1307000000.0,1112000000.0,1.72,1.7,1.72,163000000.0,222750000.0,163000000.0,14103054496.0,11.0,9.04,938000000.0,2.217,1.0,3419000000.0,0.52,1772000000.0,195000000.0,3563000000.0,3708750000.0,560000000.0,0.0,0.0,0.0,5032000000.0,2983000000.0,2049000000.0,10985054496.0,10000000.0,113000000.0,-630000000.0,12000000.0,-387000000.0,-1003000000.0,-131000000.0,0.0,1152000000.0,-8000000.0,734000000.0,734000000.0,734000000.0,0.0,0.0,0.112,2123000000.0,1296000000.0,351000000.0,0.523,67.393,14.966,15.116,1622000000.0,0.0,26.0,1.67,1.672,470000000.0,4409000000.0,6576000000.0,6576000000.0,63000000.0,0.133,3.295,0.352,0.199,0.0,1935000000.0,1.0,422502096.0,423000000,432000000.0,15.546,3423000000.0,0.0,378000000.0,228000000.0,8.092,-1797000000.0
86,CPB,MRT,1999-12-31,2000-01-30,2000-01-30,2021-09-23,-180000000.0,5564000000.0,5632750000.0,1439000000.0,4125000000.0,1.185,0.621,-240000000.0,92000000.0,92000000.0,3223000000.0,757000000.0,0.457,19.996,3210000000.0,1874000000.0,1336000000.0,3210000000.0,0.0,255000000.0,0.0,0.03,0.9,1347000000.0,1602000000.0,0.24,1602000000.0,1347000000.0,1153000000.0,1.76,1.75,1.76,265000000.0,306750000.0,265000000.0,15930104555.0,12.0,9.944,1060000000.0,2.482,1.0,3451000000.0,0.517,1844000000.0,194000000.0,3689000000.0,3781500000.0,583000000.0,0.0,0.0,0.0,5299000000.0,3149000000.0,2150000000.0,12605104555.0,62000000.0,103000000.0,-842000000.0,163000000.0,-392000000.0,-1071000000.0,-168000000.0,0.0,1300000000.0,1000000.0,757000000.0,757000000.0,757000000.0,0.0,0.0,0.113,2115000000.0,1336000000.0,446000000.0,0.511,47.566,16.651,16.795,1678000000.0,0.0,29.56,1.889,1.891,638000000.0,4365000000.0,6674000000.0,6674000000.0,64000000.0,0.134,2.468,0.356,0.202,0.0,1917000000.0,1.0,426424376.0,427000000,431000000.0,15.63,3720000000.0,0.0,396000000.0,249000000.0,8.712,-1710000000.0
87,CPB,MRT,1999-09-30,1999-10-31,1999-10-31,2021-09-23,-155000000.0,5742000000.0,5710250000.0,1547000000.0,4195000000.0,1.154,0.531,-284000000.0,34000000.0,34000000.0,3231000000.0,695000000.0,0.459,24.184,3359000000.0,2031000000.0,1328000000.0,3359000000.0,0.0,258000000.0,0.0,0.02,0.9,1245000000.0,1503000000.0,0.228,1503000000.0,1245000000.0,1059000000.0,1.59,1.59,1.59,228000000.0,413250000.0,228000000.0,22563642770.0,18.0,15.012,756000000.0,1.762,1.0,3359000000.0,0.51,1888000000.0,186000000.0,3806000000.0,3828750000.0,690000000.0,0.0,0.0,0.0,5514000000.0,3373000000.0,2141000000.0,19252642770.0,15000000.0,103000000.0,-979000000.0,552000000.0,-388000000.0,-815000000.0,-210000000.0,0.0,1040000000.0,0.0,695000000.0,695000000.0,695000000.0,0.0,0.0,0.105,2125000000.0,1234000000.0,495000000.0,0.566,84.441,27.702,28.302,1713000000.0,0.0,45.0,2.921,2.929,683000000.0,4180000000.0,6590000000.0,6590000000.0,66000000.0,0.122,1.682,0.325,0.189,0.0,1951000000.0,1.0,427836506.0,429000000,433000000.0,15.361,3854000000.0,0.0,364000000.0,237000000.0,8.984,-1826000000.0
88,CPB,MRT,1999-06-30,1999-08-01,1999-08-01,2021-09-23,-150000000.0,5522000000.0,5773500000.0,1294000000.0,4228000000.0,1.148,0.533,-288000000.0,6000000.0,6000000.0,3252000000.0,724000000.0,0.411,22.498,3317000000.0,1987000000.0,1330000000.0,3317000000.0,0.0,255000000.0,0.0,0.02,0.885,1281000000.0,1536000000.0,0.232,1536000000.0,1281000000.0,1097000000.0,1.64,1.63,1.64,235000000.0,569250000.0,235000000.0,22276493244.0,17.0,14.503,666000000.0,1.51,1.0,3374000000.0,0.509,1910000000.0,184000000.0,3777000000.0,3866000000.0,615000000.0,0.0,0.0,0.0,5287000000.0,3146000000.0,2141000000.0,19103493244.0,-10000000.0,-2000000.0,-991000000.0,741000000.0,-386000000.0,-636000000.0,-322000000.0,0.0,954000000.0,-6000000.0,724000000.0,724000000.0,724000000.0,0.0,0.0,0.109,2104000000.0,1270000000.0,511000000.0,0.54,81.291,26.386,26.829,1726000000.0,0.0,44.0,2.883,2.928,541000000.0,4041000000.0,6626000000.0,6626000000.0,66000000.0,0.125,1.272,0.331,0.193,0.0,1938000000.0,1.0,434170301.0,441000000,445000000.0,15.025,3612000000.0,0.0,373000000.0,136000000.0,8.19,-1852000000.0
89,CPB,MRT,1999-03-31,1999-05-02,1999-05-02,2021-09-23,-140000000.0,5703000000.0,5801250000.0,1371000000.0,4332000000.0,1.108,1.139,-167000000.0,24000000.0,24000000.0,3026000000.0,827000000.0,0.452,10.429,3197000000.0,1859000000.0,1338000000.0,3197000000.0,0.0,251000000.0,0.0,0.021,0.87,1435000000.0,1686000000.0,0.262,1686000000.0,1435000000.0,1248000000.0,1.86,1.84,1.86,499000000.0,729000000.0,499000000.0,20803624651.0,14.0,12.339,761000000.0,1.737,1.0,3401000000.0,0.529,1988000000.0,187000000.0,3854000000.0,3791750000.0,587000000.0,0.0,0.0,0.0,5204000000.0,3034000000.0,2170000000.0,17774624651.0,-22000000.0,68000000.0,-868000000.0,352000000.0,-383000000.0,-901000000.0,-130000000.0,0.0,928000000.0,6000000.0,827000000.0,827000000.0,827000000.0,0.0,0.0,0.129,1980000000.0,1421000000.0,403000000.0,0.468,35.62,21.493,21.909,1743000000.0,0.0,40.75,2.766,2.777,530000000.0,4060000000.0,6427000000.0,6427000000.0,67000000.0,0.143,1.134,0.378,0.223,0.0,1870000000.0,1.0,436187108.0,438000000,443000000.0,14.674,3715000000.0,0.0,421000000.0,234000000.0,8.482,-1663000000.0
90,CPB,MRT,1998-12-31,1999-01-31,1999-01-31,2021-09-23,-170000000.0,5874000000.0,5888250000.0,1573000000.0,4301000000.0,1.105,1.556,-145000000.0,30000000.0,30000000.0,3071000000.0,575000000.0,0.52,7.501,3059000000.0,1721000000.0,1338000000.0,3059000000.0,0.0,251000000.0,0.0,0.018,0.855,1113000000.0,1364000000.0,0.21,1364000000.0,1113000000.0,924000000.0,1.29,1.27,1.29,691000000.0,838250000.0,691000000.0,23688487659.0,21.0,17.367,670000000.0,1.509,1.0,3436000000.0,0.528,2001000000.0,189000000.0,3878000000.0,3769500000.0,621000000.0,0.0,0.0,0.0,5183000000.0,3024000000.0,2159000000.0,20868487659.0,-68000000.0,68000000.0,-775000000.0,-291000000.0,-283000000.0,-1349000000.0,-85000000.0,0.0,815000000.0,-10000000.0,575000000.0,575000000.0,575000000.0,54000000.0,0.0,0.088,2283000000.0,1153000000.0,468000000.0,0.663,30.2,36.293,36.388,1719000000.0,0.0,46.94,3.207,3.203,705000000.0,3996000000.0,6507000000.0,6507000000.0,70000000.0,0.098,0.686,0.295,0.171,0.0,1912000000.0,1.0,444577922.0,444000000,449000000.0,14.655,3873000000.0,0.0,349000000.0,217000000.0,8.723,-1451000000.0
91,CPB,MRT,1998-09-30,1998-11-01,1998-11-01,2021-09-23,-156000000.0,5995000000.0,6171500000.0,1695000000.0,4300000000.0,1.084,1.902,-109000000.0,0.0,0.0,3170000000.0,656000000.0,0.597,6.036,2820000000.0,1332000000.0,1488000000.0,2820000000.0,0.0,252000000.0,0.0,0.016,0.84,1237000000.0,1489000000.0,0.223,1489000000.0,1237000000.0,1047000000.0,1.46,1.43,1.46,852000000.0,1036500000.0,852000000.0,26308147225.0,21.0,17.668,842000000.0,1.879,1.0,3517000000.0,0.526,2022000000.0,190000000.0,3955000000.0,3980250000.0,816000000.0,0.0,0.0,0.0,5143000000.0,2838000000.0,2305000000.0,23754147225.0,-35000000.0,-383000000.0,-678000000.0,-93000000.0,-286000000.0,-1057000000.0,-496000000.0,0.0,951000000.0,-19000000.0,656000000.0,656000000.0,656000000.0,34000000.0,0.0,0.098,2249000000.0,1268000000.0,544000000.0,0.575,27.88,36.211,36.514,1707000000.0,0.0,53.31,3.552,3.572,19000000.0,3876000000.0,6687000000.0,6687000000.0,69000000.0,0.106,0.633,0.311,0.185,0.0,1866000000.0,1.0,445585204.0,448000000,454000000.0,14.926,3973000000.0,0.0,391000000.0,278000000.0,8.868,-1143000000.0
92,CPB,MRT,1998-06-30,1998-08-02,1998-08-02,2021-09-23,-164000000.0,5633000000.0,6377750000.0,1440000000.0,4193000000.0,1.05,1.925,-108000000.0,16000000.0,16000000.0,3233000000.0,660000000.0,0.514,5.445,2570000000.0,1401000000.0,1169000000.0,2570000000.0,0.0,261000000.0,0.0,0.015,0.823,1233000000.0,1494000000.0,0.223,1494000000.0,1233000000.0,1044000000.0,1.46,1.44,1.46,874000000.0,1199750000.0,874000000.0,27075669678.0,22.0,18.123,832000000.0,1.833,1.0,3463000000.0,0.517,1904000000.0,189000000.0,3480000000.0,4147000000.0,564000000.0,0.0,0.0,0.0,4759000000.0,2803000000.0,1956000000.0,24249669678.0,-1000000.0,-278000000.0,-605000000.0,-71000000.0,-367000000.0,-1043000000.0,-391000000.0,0.0,940000000.0,-18000000.0,660000000.0,660000000.0,660000000.0,18000000.0,0.0,0.099,2215000000.0,1248000000.0,506000000.0,0.564,27.746,36.742,36.986,1723000000.0,0.0,54.0,3.622,3.661,656000000.0,3706000000.0,6696000000.0,6696000000.0,71000000.0,0.103,0.55,0.297,0.184,0.0,1818000000.0,1.0,449067957.0,454000000,460000000.0,14.749,3729000000.0,0.0,384000000.0,163000000.0,8.214,-1363000000.0
93,CPB,MRT,1998-03-31,1998-05-03,1998-05-03,2021-09-23,-114000000.0,6051000000.0,6518500000.0,1581000000.0,4470000000.0,0.885,2.066,-172000000.0,0.0,0.0,2666000000.0,669000000.0,0.506,5.465,2826000000.0,1635000000.0,1191000000.0,2826000000.0,0.0,234000000.0,0.0,0.015,0.805,1201000000.0,1435000000.0,0.249,1435000000.0,1201000000.0,1021000000.0,,,,936000000.0,1336250000.0,936000000.0,26890945900.0,22.0,18.739,680000000.0,1.501,1.0,3106000000.0,0.538,1985000000.0,180000000.0,3765000000.0,4366250000.0,759000000.0,0.0,0.0,0.0,5115000000.0,3127000000.0,1988000000.0,23614945900.0,39000000.0,-318000000.0,-668000000.0,127000000.0,-362000000.0,-903000000.0,-462000000.0,0.0,852000000.0,11000000.0,669000000.0,669000000.0,669000000.0,-60000000.0,0.0,0.116,1962000000.0,1144000000.0,388000000.0,,25.23,35.299,,1944000000.0,0.0,52.0,4.091,4.081,46000000.0,3618000000.0,5772000000.0,5772000000.0,64000000.0,0.103,0.501,0.275,0.208,0.0,1554000000.0,1.0,454133575.0,453000000,,12.742,4066000000.0,0.0,352000000.0,224000000.0,8.976,-1546000000.0
94,CPB,MRT,1997-12-31,1998-02-01,1998-02-01,2021-09-23,-112000000.0,7007000000.0,,1905000000.0,5102000000.0,,3.247,-131000000.0,99000000.0,99000000.0,2700000000.0,916000000.0,0.554,3.722,3375000000.0,2112000000.0,1263000000.0,3375000000.0,0.0,225000000.0,0.0,0.015,0.787,1512000000.0,1737000000.0,0.303,1737000000.0,1512000000.0,1334000000.0,,,,1484000000.0,,1484000000.0,27283262196.0,18.0,15.707,781000000.0,1.709,1.0,3041000000.0,0.53,2124000000.0,178000000.0,4721000000.0,,722000000.0,0.0,0.0,0.0,5523000000.0,3438000000.0,2085000000.0,24420262196.0,66000000.0,-307000000.0,-630000000.0,604000000.0,-447000000.0,-473000000.0,-420000000.0,0.0,912000000.0,15000000.0,916000000.0,916000000.0,916000000.0,-129000000.0,0.0,0.16,1655000000.0,1386000000.0,522000000.0,,16.456,26.66,,2449000000.0,0.0,53.5,4.254,4.259,910000000.0,3955000000.0,5741000000.0,5741000000.0,62000000.0,,,,0.263,0.0,1492000000.0,1.0,456453499.0,457000000,,12.562,4883000000.0,0.0,418000000.0,197000000.0,10.685,-1533000000.0
95,CPB,MRT,1997-09-30,1997-11-02,1997-11-02,2021-09-23,-51000000.0,6820000000.0,,1964000000.0,4856000000.0,,3.286,,56000000.0,56000000.0,2972000000.0,892000000.0,0.6,3.532,2919000000.0,1767000000.0,1152000000.0,2919000000.0,0.0,,0.0,0.015,0.77,1480000000.0,,,,1480000000.0,1300000000.0,,,,1505000000.0,,1505000000.0,26255304207.0,18.0,,,,1.0,3074000000.0,0.508,1785000000.0,180000000.0,4622000000.0,,826000000.0,0.0,0.0,0.0,5315000000.0,3276000000.0,2039000000.0,23622304207.0,,,,,,,,,,,892000000.0,892000000.0,892000000.0,-109000000.0,0.0,0.148,1711000000.0,1363000000.0,541000000.0,,15.696,26.482,,2532000000.0,0.0,51.63,3.907,3.911,924000000.0,3751000000.0,6046000000.0,6046000000.0,65000000.0,,,,0.245,,1532000000.0,1.0,457530587.0,458000000,,13.201,5035000000.0,0.0,408000000.0,251000000.0,10.993,-1312000000.0
96,CPB,MRT,1997-06-30,1997-08-03,1997-08-03,2021-09-23,-50000000.0,6196000000.0,6414000000.0,1288000000.0,4908000000.0,1.031,3.008,-211000000.0,17000000.0,17000000.0,3412000000.0,713000000.0,0.465,3.363,2657000000.0,1506000000.0,1151000000.0,2657000000.0,0.0,283000000.0,0.0,0.015,0.75,1236000000.0,1519000000.0,0.23,1519000000.0,1236000000.0,1070000000.0,1.51,1.49,1.51,1420000000.0,2081000000.0,1420000000.0,26310246568.0,21.0,17.321,798000000.0,1.691,1.0,3202000000.0,0.484,1710000000.0,166000000.0,4357000000.0,4263500000.0,598000000.0,0.0,0.0,0.0,4776000000.0,2769000000.0,2007000000.0,23632246568.0,-11000000.0,-21000000.0,-1590000000.0,1030000000.0,-350000000.0,-910000000.0,-228000000.0,0.0,1009000000.0,13000000.0,713000000.0,713000000.0,713000000.0,-79000000.0,0.0,0.108,2053000000.0,1149000000.0,485000000.0,0.497,16.642,33.145,34.026,2044000000.0,0.0,51.38,3.573,3.667,523000000.0,3571000000.0,6614000000.0,6614000000.0,68000000.0,0.111,0.343,0.29,0.187,0.0,1641000000.0,1.0,459950303.0,472000000,478000000.0,14.013,4486000000.0,0.0,357000000.0,137000000.0,9.504,-1481000000.0
97,CPB,MRT,1997-03-31,1997-04-03,1997-04-03,2021-09-23,,,,,,,,-212000000.0,,,3154000000.0,702000000.0,,,,,,,,258000000.0,,0.015,0.71,1183000000.0,1441000000.0,0.233,1441000000.0,1183000000.0,1036000000.0,,,,,,,24379933279.0,21.0,16.919,902000000.0,1.944,1.0,3042000000.0,0.491,,147000000.0,,,,,,,,,,21681933279.0,-55000000.0,-159000000.0,-1485000000.0,1050000000.0,-357000000.0,-792000000.0,-436000000.0,0.0,1114000000.0,-11000000.0,702000000.0,702000000.0,702000000.0,-99000000.0,0.0,0.113,1964000000.0,1078000000.0,,,,30.886,,,0.0,46.63,3.499,3.492,,,6196000000.0,6196000000.0,68000000.0,,,,0.191,0.0,1568000000.0,1.0,464978196.0,464000000,,13.353,,,334000000.0,,,
98,CPB,MRT,1996-12-31,1997-01-01,1997-01-01,2021-09-23,,,,,,,,-282000000.0,,,3406000000.0,690000000.0,,,,,,,,281000000.0,,0.017,0.69,1156000000.0,1437000000.0,0.222,1437000000.0,1156000000.0,1023000000.0,,,,,,,,,,831000000.0,1.779,1.0,3080000000.0,0.475,,133000000.0,,,,,,,,,,,-29000000.0,-177000000.0,-1389000000.0,1103000000.0,-358000000.0,-644000000.0,-593000000.0,0.0,1113000000.0,2000000.0,690000000.0,690000000.0,690000000.0,-84000000.0,0.0,0.106,2014000000.0,1066000000.0,,,,,,,0.0,40.125,,2.889,,,6486000000.0,6486000000.0,72000000.0,,,,0.178,0.0,1632000000.0,1.0,,467000000,,13.889,,,333000000.0,,,
99,CPB,MRT,1996-09-30,1996-10-02,1996-10-02,2021-09-23,,,,,,,,,,,3424000000.0,671000000.0,,,,,,,,,,0.017,0.672,1108000000.0,,,,1108000000.0,989000000.0,,,,,,,,,,,,1.0,2962000000.0,0.464,,119000000.0,,,,,,,,,,,,,,,,,,,,,671000000.0,671000000.0,671000000.0,-84000000.0,0.0,0.105,1944000000.0,1018000000.0,,,,,,,0.0,39.125,,3.02,,,6386000000.0,6386000000.0,74000000.0,,,,0.174,,1569000000.0,1.0,,493000000,,12.953,,,318000000.0,,,
100,CPB,MRT,1996-06-30,1996-07-26,1996-07-26,2021-09-23,62000000.0,6632000000.0,,1618000000.0,5014000000.0,,5.506,-328000000.0,34000000.0,34000000.0,3455000000.0,802000000.0,0.726,1.419,1609000000.0,865000000.0,744000000.0,1609000000.0,0.0,280000000.0,0.0,0.02,0.672,1281000000.0,1561000000.0,0.247,1561000000.0,1281000000.0,1156000000.0,1.61,1.59,1.61,2742000000.0,,2742000000.0,,,,734000000.0,1.474,1.0,2869000000.0,0.454,1808000000.0,125000000.0,4170000000.0,,739000000.0,0.0,0.0,0.0,3890000000.0,2229000000.0,1661000000.0,,-23000000.0,-109000000.0,-180000000.0,-111000000.0,-338000000.0,-629000000.0,-557000000.0,0.0,1062000000.0,8000000.0,802000000.0,802000000.0,802000000.0,-84000000.0,0.0,0.127,1678000000.0,1191000000.0,568000000.0,0.417,,,20.769,2681000000.0,0.0,33.438,,2.633,618000000.0,3211000000.0,6324000000.0,6324000000.0,76000000.0,,,,0.203,0.0,1530000000.0,1.0,,498000000,503000000.0,12.699,4824000000.0,0.0,354000000.0,117000000.0,9.687,-611000000.0
101,CPB,MRT,1996-03-31,1996-04-27,1996-04-27,2021-09-23,,,,,,,,,,,,,,,,,,,,,,0.022,0.655,,,,,,,,,,,,,,,,,,1.0,,,,,,,,,,,,,,,,,,,,,,,,,,,,,,,,,,,,,,,,30.125,,,,,,,,,,,,,,1.0,,498000000,,,,,,,,
102,CPB,MRT,1995-12-31,1996-01-26,1996-01-26,2021-09-23,,,,,,,,,,,,,,,,,,,,,,0.021,0.638,,,,,,,,,,,,,,,,,,1.0,,,,,,,,,,,,,,,,,,,,,,,,,,,,,,,,,,,,,,,,30.938,,,,,,,,,,,,,,1.0,,498000000,,,,,,,,
103,CPB,MRT,1995-06-30,1995-08-03,1995-08-03,2021-09-23,,,,,,,,-370000000.0,,,4255000000.0,698000000.0,,,,,,,,294000000.0,,0.026,0.605,1157000000.0,1451000000.0,0.2,1451000000.0,1157000000.0,1042000000.0,1.4,,1.4,,,,,,,815000000.0,1.637,1.0,2995000000.0,0.413,,115000000.0,,,,,,,,,,,-43000000.0,-1243000000.0,13000000.0,708000000.0,-295000000.0,426000000.0,-1658000000.0,0.0,1185000000.0,4000000.0,698000000.0,698000000.0,698000000.0,0.0,0.0,0.096,1848000000.0,1147000000.0,,0.432,,,16.518,,0.0,23.125,,1.588,,,7250000000.0,7250000000.0,88000000.0,,,,0.16,0.0,1697000000.0,1.0,,498000000,,14.558,,,344000000.0,,,
