None,ticker,dimension,calendardate,datekey,reportperiod,lastupdated,accoci,assets,assetsavg,assetsc,assetsnc,assetturnover,bvps,capex,cashneq,cashnequsd,cor,consolinc,currentratio,de,debt,debtc,debtnc,debtusd,deferredrev,depamor,deposits,divyield,dps,ebit,ebitda,ebitdamargin,ebitdausd,ebitusd,ebt,eps,epsdil,epsusd,equity,equityavg,equityusd,ev,evebit,evebitda,fcf,fcfps,fxusd,gp,grossmargin,intangibles,intexp,invcap,invcapavg,inventory,investments,investmentsc,investmentsnc,liabilities,liabilitiesc,liabilitiesnc,marketcap,ncf,ncfbus,ncfcommon,ncfdebt,ncfdiv,ncff,ncfi,ncfinv,ncfo,ncfx,netinc,netinccmn,netinccmnusd,netincdis,netincnci,netmargin,opex,opinc,payables,payoutratio,pb,pe,pe1,ppnenet,prefdivis,price,ps,ps1,receivables,retearn,revenue,revenueusd,rnd,roa,roe,roic,ros,sbcomp,sgna,sharefactor,sharesbas,shareswa,shareswadil,sps,tangibles,taxassets,taxexp,taxliabilities,tbvps,workingcapital
0,MPWR,MRY,2020-12-31,2020-12-31,2020-12-31,2021-08-09,10140000.0,1208491000.0,1112111000.0,841998000.0,366493000.0,0.759,21.556,-55610000.0,334944000.0,334944000.0,378498000.0,164375000.0,5.729,0.25,0.0,0.0,0.0,0.0,0.0,19186000.0,0.0,0.005,2.0,169342000.0,188528000.0,0.223,188528000.0,169342000.0,169342000.0,3.67,3.5,3.67,966587000.0,885822750.0,966587000.0,16336408310.0,96.0,86.652,212193000.0,4.732,1.0,465954000.0,0.552,6571000.0,0.0,720007000.0,760465000.0,157062000.0,260169000.0,260169000.0,0.0,241904000.0,146969000.0,94935000.0,16515874310.0,161995000.0,0.0,22586000.0,-5357000.0,-88786000.0,-71557000.0,-39177000.0,19129000.0,267803000.0,4926000.0,164375000.0,164375000.0,164375000.0,0.0,0.0,0.195,307072000.0,158882000.0,38169000.0,0.545,17.087,100.477,99.79,281528000.0,0.0,366.23,19.558,19.447,66843000.0,298746000.0,844452000.0,844452000.0,137598000.0,0.148,0.186,0.223,0.201,85551000.0,161670000.0,1.0,45097000.0,44840000,47014000.0,18.833,1201920000.0,18556000.0,4967000.0,37062000.0,26.805,695029000.0
1,MPWR,MRY,2019-12-31,2019-12-31,2019-12-31,2021-08-09,-5476000.0,956375000.0,897208000.0,655206000.0,301169000.0,0.7,17.919,-87519000.0,172960000.0,172960000.0,281596000.0,108839000.0,6.67,0.236,0.0,0.0,0.0,0.0,0.0,14867000.0,0.0,0.009,1.6,113120000.0,127987000.0,0.204,127987000.0,113120000.0,113120000.0,2.52,2.38,2.52,773491000.0,723081000.0,773491000.0,7527781780.0,67.0,58.817,128784000.0,2.984,1.0,346325000.0,0.552,6571000.0,0.0,678619000.0,605657750.0,127500000.0,282437000.0,282437000.0,0.0,182884000.0,98225000.0,84659000.0,7733010780.0,258000.0,0.0,19927000.0,-683000.0,-67294000.0,-48050000.0,-167112000.0,-76511000.0,216303000.0,-883000.0,108839000.0,108839000.0,108839000.0,0.0,0.0,0.173,243763000.0,102562000.0,27271000.0,0.635,9.998,71.05,70.643,228315000.0,0.0,178.02,12.315,12.238,52704000.0,229450000.0,627921000.0,627921000.0,107757000.0,0.121,0.151,0.187,0.18,78699000.0,133542000.0,1.0,43439000.0,43165000,45763000.0,14.547,949804000.0,17193000.0,4281000.0,37596000.0,22.004,556981000.0
2,MPWR,MRY,2018-12-31,2018-12-31,2018-12-31,2021-08-09,-5543000.0,793432000.0,743577000.0,580810000.0,212622000.0,0.783,15.151,-22526000.0,172704000.0,172704000.0,259714000.0,105268000.0,7.221,0.24,0.0,0.0,0.0,0.0,0.0,12311000.0,0.0,0.01,1.2,118482000.0,130793000.0,0.225,130793000.0,118482000.0,118482000.0,2.49,2.36,2.49,640093000.0,596895750.0,640093000.0,4799301000.0,41.0,36.694,118925000.0,2.815,1.0,322668000.0,0.554,6571000.0,0.0,533718000.0,542262250.0,136384000.0,207818000.0,204577000.0,3241000.0,153339000.0,80439000.0,72900000.0,4930395000.0,89944000.0,0.0,13665000.0,-749000.0,-47475000.0,-34559000.0,-14740000.0,11932000.0,141451000.0,-2208000.0,105268000.0,105268000.0,105268000.0,0.0,0.0,0.181,209180000.0,113488000.0,22678000.0,0.482,7.703,46.837,46.687,150001000.0,0.0,116.25,8.466,8.433,55214000.0,194728000.0,582382000.0,582382000.0,93455000.0,0.142,0.176,0.218,0.203,60607000.0,113803000.0,1.0,42412000.0,42247000,44602000.0,13.785,786861000.0,16830000.0,13214000.0,34375000.0,18.625,500371000.0
3,MPWR,MRY,2017-12-31,2017-12-31,2017-12-31,2021-08-09,1813000.0,652569000.0,590608000.0,449170000.0,203399000.0,0.797,12.624,-65770000.0,82759000.0,82759000.0,212646000.0,65203000.0,6.814,0.25,0.0,0.0,0.0,0.0,0.0,16101000.0,0.0,0.007,0.8,82944000.0,99045000.0,0.21,99045000.0,82944000.0,82944000.0,1.58,1.5,1.58,522007000.0,488112750.0,522007000.0,4560416345.0,55.0,46.044,68051000.0,1.646,1.0,258283000.0,0.548,7522000.0,0.0,496371000.0,435817250.0,99281000.0,221587000.0,216331000.0,5256000.0,130562000.0,65917000.0,64645000.0,4664840345.0,-29939000.0,0.0,2851000.0,-250000.0,-33926000.0,-31325000.0,-134060000.0,-63029000.0,133821000.0,1625000.0,65203000.0,65203000.0,65203000.0,0.0,0.0,0.138,180859000.0,77424000.0,22813000.0,0.506,8.936,71.543,71.114,144636000.0,0.0,112.36,9.906,9.866,38037000.0,143608000.0,470929000.0,470929000.0,82359000.0,0.11,0.134,0.19,0.176,52617000.0,97257000.0,1.0,41516913.0,41350000,43578000.0,11.389,645047000.0,15917000.0,17741000.0,31621000.0,15.6,383253000.0
4,MPWR,MRY,2016-12-31,2016-12-31,2016-12-31,2021-08-09,-4215000.0,511126000.0,480433750.0,382984000.0,128142000.0,0.809,10.662,-37112000.0,112703000.0,112703000.0,177792000.0,52720000.0,7.237,0.186,0.0,0.0,0.0,0.0,0.0,14674000.0,0.0,0.01,0.8,57264000.0,71938000.0,0.185,71938000.0,57264000.0,57264000.0,1.3,1.26,1.3,431116000.0,406135000.0,431116000.0,3222930104.0,56.0,44.801,70674000.0,1.748,1.0,210873000.0,0.543,9573000.0,0.0,335929000.0,323115000.0,71469000.0,160875000.0,155521000.0,5354000.0,80010000.0,52921000.0,27089000.0,3332409104.0,21840000.0,0.0,3807000.0,-300000.0,-33099000.0,-28127000.0,-55726000.0,-13568000.0,107786000.0,-2093000.0,52720000.0,52720000.0,52720000.0,0.0,0.0,0.136,156426000.0,54447000.0,17427000.0,0.615,7.73,63.21,63.023,85171000.0,0.0,81.93,8.574,8.524,34248000.0,119362000.0,388665000.0,388665000.0,73643000.0,0.11,0.13,0.177,0.147,43524000.0,83012000.0,1.0,40673857.0,40436000,41915000.0,9.612,501553000.0,633000.0,4544000.0,3870000.0,12.404,330063000.0
5,MPWR,MRY,2015-12-31,2015-12-31,2015-12-31,2021-08-09,1466000.0,431285000.0,419654250.0,331928000.0,99357000.0,0.794,9.337,-15684000.0,90860000.0,90860000.0,152898000.0,35172000.0,7.669,0.17,0.0,0.0,0.0,0.0,0.0,13783000.0,0.0,0.013,0.8,42491000.0,56274000.0,0.169,56274000.0,42491000.0,42491000.0,0.89,0.86,0.89,368516000.0,355710750.0,368516000.0,2441154972.0,57.0,43.38,54052000.0,1.369,1.0,180169000.0,0.541,11624000.0,0.0,285518000.0,275213000.0,63209000.0,149464000.0,144103000.0,5361000.0,62769000.0,43283000.0,19486000.0,2517770972.0,-35406000.0,0.0,-22315000.0,-300000.0,-29965000.0,-46652000.0,-57197000.0,-33469000.0,69736000.0,-1293000.0,35172000.0,35172000.0,35172000.0,0.0,0.0,0.106,139099000.0,41070000.0,13487000.0,0.899,6.832,71.585,71.584,65359000.0,0.0,63.71,7.559,7.55,30830000.0,101287000.0,333067000.0,333067000.0,65787000.0,0.084,0.099,0.154,0.128,35635000.0,72312000.0,1.0,39519243.0,39470000,40869000.0,8.438,419661000.0,672000.0,7319000.0,2941000.0,10.632,288645000.0
6,MPWR,MRY,2014-12-31,2014-12-31,2014-12-31,2021-08-09,5811000.0,399366000.0,388337750.0,307912000.0,91454000.0,0.728,8.955,-9511000.0,126266000.0,126266000.0,129917000.0,35495000.0,8.353,0.153,0.0,0.0,0.0,0.0,0.0,13130000.0,0.0,0.009,0.45,36392000.0,49522000.0,0.175,49522000.0,36392000.0,36392000.0,0.92,0.89,0.92,346425000.0,339345250.0,346425000.0,1825364847.0,50.0,36.86,64622000.0,1.67,1.0,152618000.0,0.54,13383000.0,0.0,222856000.0,238748750.0,40918000.0,117841000.0,112452000.0,5389000.0,52941000.0,36861000.0,16080000.0,1927176847.0,25053000.0,-11590000.0,-27179000.0,-400000.0,-11658000.0,-39227000.0,-9367000.0,17069000.0,74133000.0,-486000.0,35495000.0,35495000.0,35495000.0,0.0,0.0,0.126,117318000.0,35300000.0,13138000.0,0.489,5.563,54.294,54.065,62942000.0,0.0,49.74,6.821,6.811,25630000.0,100114000.0,282535000.0,282535000.0,58590000.0,0.091,0.105,0.152,0.129,33444000.0,66755000.0,1.0,38745011.0,38686000,39793000.0,7.303,385983000.0,1283000.0,897000.0,5876000.0,9.977,271051000.0
7,MPWR,MRY,2013-12-31,2013-12-31,2013-12-31,2021-08-09,6260000.0,368908000.0,340583250.0,292086000.0,76822000.0,0.699,8.65,-15676000.0,101213000.0,101213000.0,110190000.0,22898000.0,7.589,0.141,0.0,0.0,0.0,0.0,0.0,12160000.0,0.0,0.0,0.0,24007000.0,36167000.0,0.152,36167000.0,24007000.0,24007000.0,0.61,0.59,0.61,323399000.0,302750750.0,323399000.0,1213795969.0,51.0,33.561,45010000.0,1.204,1.0,127901000.0,0.537,0.0,0.0,229206000.0,207595250.0,39737000.0,134986000.0,125126000.0,9860000.0,45509000.0,38489000.0,7020000.0,1324241969.0,26109000.0,0.0,19407000.0,-557000.0,0.0,18850000.0,-54324000.0,-38031000.0,60686000.0,897000.0,22898000.0,22898000.0,22898000.0,0.0,0.0,0.096,103986000.0,23915000.0,10694000.0,0.0,4.095,57.832,56.82,64837000.0,0.0,34.66,5.562,5.443,23730000.0,82938000.0,238091000.0,238091000.0,49733000.0,0.067,0.076,0.116,0.101,20701000.0,54624000.0,1.0,38206635.0,37387000,38620000.0,6.368,368908000.0,481000.0,1109000.0,5542000.0,9.867,253597000.0
8,MPWR,MRY,2012-12-31,2012-12-31,2012-12-31,2021-08-09,4175000.0,287162000.0,300921250.0,214301000.0,72861000.0,0.711,7.407,-21046000.0,75104000.0,75104000.0,100665000.0,15756000.0,9.135,0.112,0.0,0.0,0.0,0.0,0.0,9332000.0,0.0,0.045,1.0,17890000.0,27222000.0,0.127,27222000.0,17890000.0,17890000.0,0.45,0.43,0.45,258294000.0,266845000.0,258294000.0,712148922.0,40.0,26.161,3866000.0,0.111,1.0,113148000.0,0.529,0.0,0.0,188598000.0,193645500.0,32115000.0,97276000.0,85521000.0,11755000.0,28868000.0,23460000.0,5408000.0,790395922.0,-21267000.0,0.0,15242000.0,0.0,-35664000.0,-19553000.0,-26837000.0,-5811000.0,24912000.0,211000.0,15756000.0,15756000.0,15756000.0,0.0,0.0,0.074,95869000.0,17279000.0,9859000.0,2.222,3.06,50.165,49.511,59412000.0,0.0,22.28,3.697,3.634,19383000.0,60040000.0,213813000.0,213813000.0,48796000.0,0.052,0.059,0.092,0.084,17783000.0,50018000.0,1.0,35475580.0,34871000,36247000.0,6.132,287162000.0,670000.0,2134000.0,5408000.0,8.235,190841000.0
9,MPWR,MRY,2011-12-31,2011-12-31,2011-12-31,2021-08-09,3593000.0,273867000.0,269799750.0,211505000.0,62362000.0,0.728,7.133,-21022000.0,96371000.0,96371000.0,94925000.0,13301000.0,8.113,0.128,0.0,0.0,0.0,0.0,0.0,8732000.0,0.0,0.0,0.0,13726000.0,22458000.0,0.114,22458000.0,13726000.0,13726000.0,0.39,0.38,0.39,242877000.0,237577250.0,242877000.0,414797544.0,30.0,18.47,22663000.0,0.666,1.0,101594000.0,0.517,0.0,0.0,151426000.0,152300250.0,20104000.0,91502000.0,77827000.0,13675000.0,30990000.0,26070000.0,4920000.0,507769544.0,48361000.0,0.0,-32002000.0,0.0,0.0,-31975000.0,36222000.0,57244000.0,43685000.0,429000.0,13301000.0,13301000.0,13301000.0,0.0,0.0,0.068,88177000.0,13417000.0,8904000.0,0.0,2.091,38.175,38.641,47794000.0,0.0,15.07,2.584,2.611,15097000.0,79948000.0,196519000.0,196519000.0,44518000.0,0.049,0.056,0.09,0.07,13099000.0,40280000.0,1.0,33694064.0,34050000,35160000.0,5.771,273867000.0,660000.0,425000.0,4920000.0,8.043,185435000.0
10,MPWR,MRY,2010-12-31,2010-12-31,2010-12-31,2021-08-09,1979000.0,281603000.0,279600000.0,224373000.0,57230000.0,0.783,6.891,-22779000.0,48010000.0,48010000.0,97383000.0,29563000.0,7.745,0.141,0.0,0.0,0.0,0.0,0.0,8016000.0,0.0,0.0,0.0,31420000.0,39436000.0,0.18,39436000.0,31420000.0,31420000.0,0.83,0.78,0.83,246895000.0,244774750.0,246895000.0,547817246.0,17.0,13.891,25715000.0,0.718,1.0,121457000.0,0.555,0.0,0.0,204623000.0,202736500.0,25789000.0,148889000.0,129709000.0,19180000.0,34708000.0,28970000.0,5738000.0,592092246.0,1293000.0,0.0,-15303000.0,0.0,0.0,-14047000.0,-33751000.0,-10953000.0,48494000.0,597000.0,29563000.0,29563000.0,29563000.0,0.0,0.0,0.135,90959000.0,30498000.0,8979000.0,0.0,2.398,20.028,19.904,37262000.0,0.0,16.52,2.706,2.705,18347000.0,66647000.0,218840000.0,218840000.0,44372000.0,0.106,0.121,0.155,0.144,18903000.0,41169000.0,1.0,35840935.0,35830000,37826000.0,6.108,281603000.0,243000.0,1857000.0,5015000.0,7.859,195403000.0
11,MPWR,MRY,2009-12-31,2009-12-31,2009-12-31,2021-08-09,354000.0,241821000.0,221926500.0,203499000.0,38322000.0,0.744,6.207,-9954000.0,46717000.0,46717000.0,67330000.0,19674000.0,8.507,0.136,0.0,0.0,0.0,0.0,0.0,6573000.0,0.0,0.0,0.0,20148000.0,26721000.0,0.162,26721000.0,20148000.0,20148000.0,0.57,0.54,0.57,212957000.0,190746750.0,212957000.0,784592863.0,39.0,29.362,21810000.0,0.636,1.0,97678000.0,0.592,0.0,0.0,171182000.0,135997750.0,19616000.0,138359000.0,118914000.0,19445000.0,28864000.0,23922000.0,4942000.0,836585863.0,-36549000.0,0.0,12975000.0,0.0,0.0,13618000.0,-82128000.0,-79231000.0,31764000.0,197000.0,19674000.0,19674000.0,19674000.0,0.0,0.0,0.119,78148000.0,19530000.0,7787000.0,0.0,3.928,42.522,42.053,17968000.0,0.0,23.97,5.07,4.984,15521000.0,37085000.0,165008000.0,165008000.0,38295000.0,0.089,0.103,0.148,0.122,16256000.0,36752000.0,1.0,34901371.0,34310000,36634000.0,4.809,241821000.0,180000.0,474000.0,4915000.0,7.048,179577000.0
12,MPWR,MRY,2008-12-31,2008-12-31,2008-12-31,2021-08-09,-64000.0,195299000.0,189268500.0,143247000.0,52052000.0,0.848,4.913,-5233000.0,90626000.0,90626000.0,61184000.0,24226000.0,5.535,0.186,0.0,0.0,0.0,0.0,0.0,5725000.0,0.0,0.0,0.0,25442000.0,31167000.0,0.194,31167000.0,25442000.0,25442000.0,0.72,0.67,0.72,164645000.0,154068750.0,164645000.0,349534690.0,14.0,11.215,34357000.0,1.025,1.0,99327000.0,0.619,0.0,0.0,78791000.0,79042750.0,18887000.0,59347000.0,21922000.0,37425000.0,30654000.0,25882000.0,4772000.0,425451690.0,152000.0,0.0,-10550000.0,0.0,0.0,-9785000.0,-29615000.0,-4898000.0,39590000.0,-38000.0,24226000.0,24226000.0,24226000.0,0.0,0.0,0.151,76820000.0,22507000.0,4674000.0,0.0,2.584,17.562,17.514,14163000.0,0.0,12.61,2.651,2.633,9115000.0,17411000.0,160511000.0,160511000.0,34850000.0,0.128,0.157,0.322,0.159,14503000.0,35256000.0,1.0,33739230.0,33509000,36120000.0,4.79,195299000.0,94000.0,1216000.0,4762000.0,5.828,117365000.0
13,MPWR,MRY,2007-12-31,2007-12-31,2007-12-31,2021-08-09,465000.0,172590000.0,149440500.0,148760000.0,23830000.0,0.897,4.338,-6595000.0,90464000.0,90464000.0,48781000.0,11580000.0,5.058,0.255,0.0,0.0,0.0,0.0,0.0,4184000.0,0.0,0.0,0.0,14272000.0,18456000.0,0.138,18456000.0,14272000.0,14272000.0,0.37,0.33,0.37,137537000.0,114961500.0,137537000.0,628875754.0,44.0,34.074,19530000.0,0.616,1.0,85223000.0,0.636,0.0,0.0,52714000.0,45711000.0,17487000.0,27765000.0,27765000.0,0.0,35053000.0,29412000.0,5641000.0,706283754.0,32298000.0,0.0,17294000.0,0.0,0.0,19978000.0,-13947000.0,-2000.0,26125000.0,142000.0,11580000.0,11580000.0,11580000.0,0.0,0.0,0.086,75553000.0,9670000.0,6154000.0,0.0,5.135,60.992,58.027,14175000.0,0.0,21.47,5.271,5.079,8239000.0,-6815000.0,134004000.0,134004000.0,27342000.0,0.077,0.101,0.312,0.107,12190000.0,29537000.0,1.0,32896309.0,31703000,35090000.0,4.227,172590000.0,848000.0,2692000.0,5318000.0,5.444,119348000.0
14,MPWR,MRY,2006-12-31,2006-12-31,2006-12-31,2021-08-09,-198000.0,117327000.0,111109750.0,97160000.0,20167000.0,0.945,3.221,-7473000.0,50816000.0,50816000.0,38107000.0,-2425000.0,4.846,0.235,0.0,0.0,0.0,0.0,0.0,2724000.0,0.0,0.0,0.0,3599000.0,6323000.0,0.06,6323000.0,3599000.0,3599000.0,-0.08,-0.08,-0.08,95025000.0,89516750.0,95025000.0,305991105.0,85.0,48.393,6350000.0,0.215,1.0,66908000.0,0.637,0.0,0.0,46462000.0,58374750.0,6738000.0,27674000.0,27674000.0,0.0,22302000.0,20049000.0,2253000.0,336470105.0,25725000.0,0.0,5332000.0,0.0,0.0,7167000.0,4764000.0,11140000.0,13823000.0,-29000.0,-2425000.0,-2425000.0,-2425000.0,0.0,0.0,-0.023,65673000.0,1235000.0,5909000.0,0.0,3.541,-138.751,-138.875,11358000.0,0.0,11.11,3.204,3.121,9156000.0,-17458000.0,105015000.0,105015000.0,22301000.0,-0.022,-0.027,0.062,0.034,11929000.0,27594000.0,1.0,30285338.0,29502000,29502000.0,3.56,117327000.0,1658000.0,6024000.0,611000.0,3.977,77111000.0
15,MPWR,MRY,2005-12-31,2005-12-31,2005-12-31,2021-08-09,-138000.0,100775000.0,87725292.0,87717000.0,13058000.0,1.13,2.792,-1878000.0,28029000.0,28029000.0,36003000.0,5107000.0,3.939,0.289,0.0,0.0,0.0,0.0,0.0,1669000.0,0.0,0.0,0.0,8056000.0,9725000.0,0.098,9725000.0,8056000.0,8056000.0,0.18,0.17,0.18,78168000.0,68214364.0,78168000.0,388542473.0,48.0,39.953,15333000.0,0.548,1.0,63128000.0,0.637,0.0,0.0,50479000.0,33325032.0,6165000.0,38814000.0,38814000.0,0.0,22607000.0,22267000.0,340000.0,423215473.0,-6928000.0,0.0,2714000.0,0.0,0.0,2714000.0,-26589000.0,-21814000.0,17211000.0,-264000.0,5107000.0,5107000.0,5107000.0,0.0,0.0,0.052,56664000.0,6464000.0,6583000.0,0.0,5.414,82.87,83.278,6238000.0,0.0,14.99,4.269,4.234,9537000.0,-15094000.0,99131000.0,99131000.0,14826000.0,0.058,0.075,0.242,0.081,6789000.0,18434000.0,1.0,28233187.0,27998000,30871000.0,3.541,100775000.0,3671000.0,2949000.0,3044000.0,3.599,65450000.0
16,MPWR,MRY,2004-12-31,2004-12-31,2004-12-31,2021-08-09,243000.0,72384000.0,47493630.0,60921000.0,11463000.0,1.002,7.002,-3184000.0,32019000.0,32019000.0,19594000.0,-3719000.0,7.354,0.132,0.0,0.0,0.0,0.0,0.0,1106000.0,0.0,0.0,0.0,-5064000.0,-3958000.0,-0.083,-3958000.0,-5064000.0,-5157000.0,-0.54,-0.54,-0.54,63939000.0,32585000.0,63939000.0,235267946.0,-46.0,-59.441,5784000.0,0.633,1.0,28001000.0,0.588,0.0,93000.0,32081000.0,20077269.0,5398000.0,17000000.0,17000000.0,0.0,8445000.0,8284000.0,161000.0,250951367.0,20384000.0,0.0,35718000.0,0.0,0.0,35718000.0,-24538000.0,-15500000.0,8968000.0,236000.0,-3719000.0,-4902000.0,-4902000.0,0.0,0.0,-0.103,33236000.0,-5235000.0,3396000.0,0.0,3.925,-51.194,-17.222,4180000.0,1183000.0,9.3,5.273,1.784,3995000.0,-20201000.0,47595000.0,47595000.0,12854000.0,-0.103,-0.15,-0.252,-0.106,12054000.0,12549000.0,1.0,26984018.0,9132000,9132000.0,5.212,72384000.0,1901000.0,-1438000.0,374000.0,7.926,52637000.0
17,MPWR,MRY,2003-12-31,2003-12-31,2003-12-31,2021-08-09,1693.0,22603261.0,22108754.0,19637472.0,2965789.0,1.095,0.2,-1634000.0,11635409.0,11635409.0,10966000.0,-3279000.0,6.785,17.362,0.0,0.0,0.0,0.0,0.0,953000.0,0.0,,0.0,-3279000.0,-2326000.0,-0.096,-2326000.0,-3279000.0,-3279000.0,-0.75,-0.75,-0.75,1231000.0,1605235.0,1231000.0,,,,-3800000.0,-0.619,1.0,13238000.0,0.547,0.0,0.0,8073538.0,4981282.0,1598754.0,1507190.0,1507190.0,0.0,21372261.0,2894314.0,18477947.0,,-5588000.0,0.0,482000.0,0.0,0.0,505000.0,-3935000.0,-1514000.0,-2166000.0,8000.0,-3279000.0,-4619000.0,-4619000.0,0.0,0.0,-0.191,16687000.0,-3449000.0,1792410.0,0.0,,,,2148891.0,1340000.0,,,,4566106.0,-15298662.0,24204000.0,24204000.0,6597000.0,-0.209,-2.877,-0.658,-0.135,3364000.0,5758000.0,1.0,,6143000,6143000.0,3.94,22603261.0,0.0,0.0,0.0,3.68,16743158.0
18,MPWR,MRY,2002-12-31,2002-12-31,2002-12-31,2021-08-09,0.0,21614247.0,,20069477.0,1544770.0,,0.338,-1074536.0,17223494.0,17223494.0,6831000.0,-3237000.0,8.022,9.919,0.0,0.0,0.0,0.0,0.0,635911.0,0.0,,0.0,-3237000.0,-2601089.0,-0.213,-2601089.0,-3237000.0,-3237000.0,-0.63,-0.63,-0.63,1979470.0,,1979470.0,,,,-3427391.0,-0.585,1.0,5375000.0,0.44,0.0,0.0,1889027.0,,1267092.0,0.0,0.0,0.0,19634777.0,2501726.0,17133051.0,,11959466.0,0.0,48990.0,-1289368.0,0.0,15386857.0,-1074536.0,0.0,-2352855.0,0.0,-3237000.0,-3684000.0,-3684000.0,0.0,0.0,-0.302,8669000.0,-3294000.0,1590906.0,0.0,,,,1467936.0,447000.0,,,,1315033.0,-10679595.0,12206000.0,12206000.0,4466000.0,,,,-0.265,173194.0,2600000.0,1.0,,5863000,5863000.0,2.082,21614247.0,0.0,0.0,0.0,3.687,17567751.0
19,MPWR,MRY,2001-12-31,2001-12-31,2001-12-31,2021-08-09,,,,,,,,-492212.0,,,5975000.0,-3573000.0,,,,,,,,316755.0,,,0.0,-3573000.0,-3256245.0,-0.401,-3256245.0,-3573000.0,-3573000.0,-0.63,-0.63,-0.63,,,,,,,-2847511.0,-0.501,1.0,2155000.0,0.265,,0.0,,,,,,,,,,,4359933.0,0.0,144151.0,2300530.0,0.0,7207444.0,-492212.0,0.0,-2355299.0,0.0,-3573000.0,-3573000.0,-3573000.0,0.0,0.0,-0.439,5556000.0,-3401000.0,,0.0,,,,,0.0,,,,,,8130000.0,8130000.0,2618000.0,,,,-0.439,186096.0,1980000.0,1.0,,5682000,5682000.0,1.431,,,0.0,,,
0,MPWR,MRQ,2021-06-30,2021-06-30,2021-06-30,2021-08-09,12301000.0,1372991000.0,,950080000.0,422911000.0,,23.743,-39298000.0,220210000.0,220210000.0,129102000.0,55169000.0,5.199,0.263,0.0,0.0,0.0,0.0,0.0,7120000.0,0.0,0.006,0.6,63659000.0,70779000.0,0.241,70779000.0,63659000.0,63659000.0,1.2,1.16,1.2,1087355000.0,,1087355000.0,16868463300.0,77.0,69.632,57648000.0,1.259,1.0,164215000.0,0.56,6571000.0,0.0,963479000.0,,177322000.0,450078000.0,450078000.0,0.0,285636000.0,182731000.0,102905000.0,17086831300.0,1845000.0,0.0,2176000.0,-577000.0,-28755000.0,-27156000.0,-69342000.0,-29234000.0,96946000.0,1397000.0,55169000.0,55169000.0,55169000.0,0.0,0.0,0.188,103587000.0,60628000.0,58882000.0,0.5,15.714,85.848,85.068,332093000.0,0.0,373.45,16.426,16.441,77553000.0,341382000.0,293317000.0,293317000.0,44753000.0,,,,,32127000.0,57238000.0,1.0,45754000.0,45796000,47754000.0,6.405,1366420000.0,17699000.0,8490000.0,38498000.0,29.837,767349000.0
1,MPWR,MRQ,2021-03-31,2021-03-31,2021-03-31,2021-08-09,7012000.0,1308192000.0,,922430000.0,385762000.0,,22.453,-18970000.0,218368000.0,218368000.0,113396000.0,45413000.0,4.909,0.281,0.0,0.0,0.0,0.0,0.0,5529000.0,0.0,0.006,0.6,48673000.0,54202000.0,0.213,54202000.0,48673000.0,48673000.0,1.0,0.95,1.0,1021577000.0,,1021577000.0,15778849410.0,84.0,75.45,58087000.0,1.277,1.0,141059000.0,0.554,6571000.0,0.0,895344000.0,,175223000.0,420455000.0,420455000.0,0.0,286615000.0,187909000.0,98706000.0,16113793410.0,-116584000.0,0.0,13037000.0,-563000.0,-23467000.0,-10993000.0,-182866000.0,-163020000.0,77057000.0,218000.0,45413000.0,45413000.0,45413000.0,0.0,0.0,0.178,94973000.0,46086000.0,57235000.0,0.6,15.773,92.59,91.505,297741000.0,0.0,353.21,17.269,17.222,84059000.0,315206000.0,254455000.0,254455000.0,41892000.0,,,,,28583000.0,51453000.0,1.0,45621000.0,45498000,47711000.0,5.593,1301621000.0,17668000.0,3260000.0,37062000.0,28.608,734521000.0
2,MPWR,MRQ,2020-12-31,2020-12-31,2020-12-31,2021-08-09,10140000.0,1208491000.0,,841998000.0,366493000.0,,21.409,-11481000.0,334944000.0,334944000.0,104169000.0,42887000.0,5.729,0.25,0.0,0.0,0.0,0.0,0.0,5401000.0,0.0,0.005,0.5,44442000.0,49843000.0,0.214,49843000.0,44442000.0,44442000.0,0.95,0.91,0.95,966587000.0,,966587000.0,16336408310.0,96.0,86.652,68167000.0,1.51,1.0,128874000.0,0.553,6571000.0,0.0,720007000.0,,157062000.0,260169000.0,260169000.0,0.0,241904000.0,146969000.0,94935000.0,16515874310.0,155483000.0,0.0,2310000.0,-920000.0,-23309000.0,-21919000.0,94260000.0,107321000.0,79648000.0,3494000.0,42887000.0,42887000.0,42887000.0,0.0,0.0,0.184,88912000.0,39962000.0,38169000.0,0.526,17.087,100.477,99.79,281528000.0,0.0,366.23,19.558,19.447,66843000.0,298746000.0,233043000.0,233043000.0,42252000.0,,,,,22970000.0,45120000.0,1.0,45097000.0,45149000,47599000.0,5.162,1201920000.0,18556000.0,1555000.0,37062000.0,26.621,695029000.0
3,MPWR,MRQ,2020-09-30,2020-09-30,2020-09-30,2021-08-09,2484000.0,1161294000.0,,819143000.0,342151000.0,,20.337,-19594000.0,179466000.0,179466000.0,116382000.0,55566000.0,5.175,0.27,0.0,0.0,0.0,0.0,0.0,4956000.0,0.0,0.007,0.5,62473000.0,67429000.0,0.26,67429000.0,62473000.0,62473000.0,1.24,1.18,1.24,914569000.0,,914569000.0,12401640930.0,78.0,70.4,57812000.0,1.286,1.0,143040000.0,0.551,6571000.0,0.0,816979000.0,,148096000.0,374992000.0,372076000.0,2916000.0,246725000.0,158278000.0,88447000.0,12558123930.0,22987000.0,0.0,4274000.0,-376000.0,-23210000.0,-19312000.0,-37316000.0,-17381000.0,77406000.0,2209000.0,55566000.0,55566000.0,55566000.0,0.0,0.0,0.214,83061000.0,59979000.0,48142000.0,0.403,13.731,81.585,80.812,270310000.0,0.0,279.61,16.138,16.159,93535000.0,279653000.0,259422000.0,259422000.0,37717000.0,,,,,22975000.0,43503000.0,1.0,44913000.0,44970000,46955000.0,5.769,1154723000.0,13486000.0,6907000.0,35624000.0,25.678,660865000.0
4,MPWR,MRQ,2020-06-30,2020-06-30,2020-06-30,2021-08-09,-4084000.0,1071155000.0,,748864000.0,322291000.0,,18.956,-14584000.0,156483000.0,156483000.0,83616000.0,30167000.0,5.475,0.262,0.0,0.0,0.0,0.0,0.0,4501000.0,0.0,0.008,0.5,33155000.0,37656000.0,0.202,37656000.0,33155000.0,33155000.0,0.67,0.64,0.67,848945000.0,,848945000.0,10448500000.0,82.0,72.137,44746000.0,0.999,1.0,102593000.0,0.551,6571000.0,0.0,771316000.0,,152119000.0,358872000.0,355840000.0,3032000.0,222210000.0,136785000.0,85425000.0,10603380000.0,1605000.0,0.0,2352000.0,-3782000.0,-24840000.0,-26270000.0,-31663000.0,-16742000.0,59330000.0,208000.0,30167000.0,30167000.0,30167000.0,0.0,0.0,0.162,74638000.0,27955000.0,45169000.0,0.746,12.49,82.911,81.724,251980000.0,0.0,237.0,15.422,15.438,55136000.0,247864000.0,186209000.0,186209000.0,31673000.0,,,,,21044000.0,40883000.0,1.0,44740000.0,44785000,46831000.0,4.158,1064584000.0,13432000.0,2988000.0,35624000.0,23.771,612079000.0
5,MPWR,MRQ,2020-03-31,2020-03-31,2020-03-31,2021-08-09,-10011000.0,1007504000.0,,704785000.0,302719000.0,,18.292,-9951000.0,154880000.0,154880000.0,74331000.0,35756000.0,6.265,0.239,0.0,0.0,0.0,0.0,0.0,4328000.0,0.0,0.01,0.5,29272000.0,33600000.0,0.203,33600000.0,29272000.0,29272000.0,0.8,0.77,0.8,813190000.0,,813190000.0,7296090920.0,62.0,54.745,41468000.0,0.933,1.0,91447000.0,0.552,6571000.0,0.0,733558000.0,,131499000.0,337443000.0,334386000.0,3057000.0,194314000.0,112495000.0,81819000.0,7469050920.0,-18080000.0,0.0,13650000.0,-279000.0,-17427000.0,-4056000.0,-64458000.0,-54069000.0,51419000.0,-985000.0,35756000.0,35756000.0,35756000.0,0.0,0.0,0.216,60461000.0,30986000.0,37752000.0,0.625,9.185,63.076,61.793,236807000.0,0.0,167.46,11.45,11.412,54341000.0,241465000.0,165778000.0,165778000.0,25956000.0,,,,,18562000.0,32164000.0,1.0,44602000.0,44455000,46670000.0,3.729,1000933000.0,13821000.0,-6484000.0,37596000.0,22.516,592290000.0
6,MPWR,MRQ,2019-12-31,2019-12-31,2019-12-31,2021-08-09,-5476000.0,956375000.0,,655206000.0,301169000.0,,17.783,-8677000.0,172960000.0,172960000.0,74802000.0,32437000.0,6.67,0.236,0.0,0.0,0.0,0.0,0.0,4050000.0,0.0,0.009,0.4,33425000.0,37475000.0,0.225,37475000.0,33425000.0,33425000.0,0.75,0.7,0.75,773491000.0,,773491000.0,7527781780.0,67.0,58.817,52309000.0,1.203,1.0,91936000.0,0.551,6571000.0,0.0,678619000.0,,127500000.0,282437000.0,282437000.0,0.0,182884000.0,98225000.0,84659000.0,7733010780.0,-33427000.0,0.0,2089000.0,-479000.0,-18653000.0,-17043000.0,-79003000.0,-69041000.0,60986000.0,1633000.0,32437000.0,32437000.0,32437000.0,0.0,0.0,0.195,61242000.0,30694000.0,27271000.0,0.533,9.998,71.05,70.643,228315000.0,0.0,178.02,12.315,12.238,52704000.0,229450000.0,166738000.0,166738000.0,27011000.0,,,,,18680000.0,33240000.0,1.0,43439000.0,43495000,46504000.0,3.833,949804000.0,17193000.0,988000.0,37596000.0,21.837,556981000.0
7,MPWR,MRQ,2019-09-30,2019-09-30,2019-09-30,2021-08-09,-10039000.0,916135000.0,,629295000.0,286840000.0,,16.958,-1679000.0,205229000.0,205229000.0,75655000.0,29528000.0,5.992,0.247,0.0,0.0,0.0,0.0,0.0,3823000.0,0.0,0.01,0.4,32289000.0,36112000.0,0.214,36112000.0,32289000.0,32289000.0,0.68,0.64,0.68,734428000.0,,734428000.0,6533051720.0,58.0,51.666,70745000.0,1.634,1.0,93158000.0,0.552,6571000.0,0.0,599309000.0,,135634000.0,216775000.0,213511000.0,3264000.0,181707000.0,105026000.0,76681000.0,6730063720.0,9376000.0,0.0,3740000.0,-201000.0,-17857000.0,-14318000.0,-46039000.0,-43998000.0,72424000.0,-2691000.0,29528000.0,29528000.0,29528000.0,0.0,0.0,0.175,63126000.0,30032000.0,30318000.0,0.588,9.164,64.687,64.31,217043000.0,0.0,155.63,10.949,10.965,58261000.0,215692000.0,168813000.0,168813000.0,27742000.0,,,,,21300000.0,34692000.0,1.0,43244000.0,43308000,45833000.0,3.898,909564000.0,16619000.0,2761000.0,32402000.0,21.002,524269000.0
8,MPWR,MRQ,2019-06-30,2019-06-30,2019-06-30,2021-08-09,-4138000.0,868113000.0,,585136000.0,282977000.0,,16.334,-19262000.0,197012000.0,197012000.0,67782000.0,20693000.0,6.64,0.233,0.0,0.0,0.0,0.0,0.0,3739000.0,0.0,0.01,0.4,22348000.0,26087000.0,0.173,26087000.0,22348000.0,22348000.0,0.48,0.45,0.48,704154000.0,,704154000.0,5664510460.0,49.0,43.65,24795000.0,0.575,1.0,83225000.0,0.551,6571000.0,0.0,576410000.0,,143622000.0,172674000.0,169459000.0,3215000.0,163959000.0,88120000.0,75839000.0,5846279460.0,15245000.0,0.0,2088000.0,7000.0,-18023000.0,-15928000.0,-11289000.0,8452000.0,44057000.0,-1595000.0,20693000.0,20693000.0,20693000.0,0.0,0.0,0.137,63106000.0,20119000.0,26544000.0,0.833,8.303,55.112,54.53,213830000.0,0.0,135.78,9.65,9.661,55398000.0,204533000.0,151007000.0,151007000.0,27545000.0,,,,,22709000.0,35058000.0,1.0,43057000.0,43109000,45483000.0,3.503,861542000.0,16686000.0,1655000.0,32402000.0,19.985,497016000.0
9,MPWR,MRQ,2019-03-31,2019-03-31,2019-03-31,2021-08-09,-1040000.0,848209000.0,,574085000.0,274124000.0,,15.913,-57901000.0,181769000.0,181769000.0,63357000.0,26181000.0,6.269,0.247,0.0,0.0,0.0,0.0,0.0,3255000.0,0.0,0.01,0.4,25058000.0,28313000.0,0.2,28313000.0,25058000.0,25058000.0,0.61,0.58,0.61,680251000.0,,680251000.0,5641984840.0,47.0,42.144,-19065000.0,-0.446,1.0,78006000.0,0.552,6571000.0,0.0,568293000.0,,142543000.0,180545000.0,177255000.0,3290000.0,167958000.0,91576000.0,76382000.0,5814688840.0,9064000.0,0.0,12010000.0,-10000.0,-12761000.0,-761000.0,-30781000.0,28076000.0,38836000.0,1770000.0,26181000.0,26181000.0,26181000.0,0.0,0.0,0.185,56289000.0,21717000.0,27259000.0,0.656,8.548,53.057,52.516,205497000.0,0.0,135.49,9.779,9.741,58889000.0,202378000.0,141363000.0,141363000.0,25458000.0,,,,,16010000.0,30553000.0,1.0,42916000.0,42749000,45232000.0,3.307,841638000.0,16779000.0,-1123000.0,34375000.0,19.688,482509000.0
10,MPWR,MRQ,2018-12-31,2018-12-31,2018-12-31,2021-08-09,-5543000.0,793432000.0,,580810000.0,212622000.0,,15.072,-4469000.0,172704000.0,172704000.0,68904000.0,27638000.0,7.221,0.24,0.0,0.0,0.0,0.0,0.0,3253000.0,0.0,0.01,0.3,32684000.0,35937000.0,0.234,35937000.0,32684000.0,32684000.0,0.65,0.61,0.65,640093000.0,,640093000.0,4799301000.0,41.0,36.694,43121000.0,1.015,1.0,84593000.0,0.551,6571000.0,0.0,533718000.0,,136384000.0,207818000.0,204577000.0,3241000.0,153339000.0,80439000.0,72900000.0,4930395000.0,41609000.0,0.0,953000.0,-749000.0,-13094000.0,-12890000.0,7055000.0,14274000.0,47590000.0,-146000.0,27638000.0,27638000.0,27638000.0,0.0,0.0,0.18,51516000.0,33077000.0,22678000.0,0.462,7.703,46.837,46.687,150001000.0,0.0,116.25,8.466,8.433,55214000.0,194728000.0,153497000.0,153497000.0,22735000.0,,,,,14842000.0,28372000.0,1.0,42412000.0,42469000,45058000.0,3.614,786861000.0,16830000.0,5046000.0,34375000.0,18.528,500371000.0
11,MPWR,MRQ,2018-09-30,2018-09-30,2018-09-30,2021-08-09,-5740000.0,763157000.0,,557401000.0,205756000.0,,14.404,-5059000.0,131094000.0,131094000.0,70957000.0,31568000.0,6.519,0.251,0.0,0.0,0.0,0.0,0.0,3228000.0,0.0,0.009,0.3,36207000.0,39435000.0,0.247,39435000.0,36207000.0,36207000.0,0.75,0.71,0.75,610164000.0,,610164000.0,5226806341.0,46.0,41.626,47092000.0,1.112,1.0,89018000.0,0.556,6879000.0,0.0,539677000.0,,136790000.0,222011000.0,216754000.0,5257000.0,152993000.0,85507000.0,67486000.0,5309881341.0,48021000.0,0.0,11091000.0,0.0,-12914000.0,-10532000.0,8057000.0,13601000.0,52151000.0,-1655000.0,31568000.0,31568000.0,31568000.0,0.0,0.0,0.197,55525000.0,33493000.0,27603000.0,0.4,8.702,59.195,58.934,147497000.0,0.0,125.53,9.511,9.525,59887000.0,180819000.0,159975000.0,159975000.0,25630000.0,,,,,14844000.0,29552000.0,1.0,42299700.0,42362000,44669000.0,3.776,756278000.0,12852000.0,4639000.0,31173000.0,17.853,471894000.0
12,MPWR,MRQ,2018-06-30,2018-06-30,2018-06-30,2021-08-09,-1705000.0,719952000.0,,509846000.0,210106000.0,,13.709,-5598000.0,83075000.0,83075000.0,62197000.0,24206000.0,6.769,0.243,0.0,0.0,0.0,0.0,0.0,3075000.0,0.0,0.007,0.3,27114000.0,30189000.0,0.216,30189000.0,27114000.0,27114000.0,0.57,0.55,0.57,579020000.0,,579020000.0,5563175897.0,55.0,48.272,19820000.0,0.469,1.0,77564000.0,0.555,7075000.0,0.0,554476000.0,,128909000.0,235675000.0,230428000.0,5247000.0,140932000.0,75326000.0,65606000.0,5639191897.0,7054000.0,0.0,42000.0,0.0,-13128000.0,-12170000.0,-4650000.0,559000.0,25418000.0,-1544000.0,24206000.0,24206000.0,24206000.0,0.0,0.0,0.173,52682000.0,24882000.0,26689000.0,0.526,9.739,68.96,68.549,150658000.0,0.0,133.67,10.695,10.707,53460000.0,162859000.0,139761000.0,139761000.0,23481000.0,,,,,15891000.0,28561000.0,1.0,42187416.0,42237000,44400000.0,3.309,712877000.0,15791000.0,2908000.0,30735000.0,16.878,434520000.0
13,MPWR,MRQ,2018-03-31,2018-03-31,2018-03-31,2021-08-09,5042000.0,697767000.0,,484104000.0,213663000.0,,13.318,-7400000.0,76016000.0,76016000.0,57655000.0,21856000.0,6.604,0.25,0.0,0.0,0.0,0.0,0.0,2755000.0,0.0,0.008,0.3,22477000.0,25232000.0,0.195,25232000.0,22477000.0,22477000.0,0.52,0.49,0.52,558306000.0,,558306000.0,4794890656.0,53.0,45.543,8892000.0,0.212,1.0,71495000.0,0.554,7272000.0,0.0,541178000.0,,111897000.0,236493000.0,231243000.0,5250000.0,139461000.0,73301000.0,66160000.0,4877649656.0,-6740000.0,0.0,1579000.0,0.0,-8339000.0,1033000.0,-25202000.0,-16502000.0,16292000.0,1137000.0,21856000.0,21856000.0,21856000.0,0.0,0.0,0.169,49458000.0,22037000.0,27511000.0,0.577,8.737,67.201,66.534,153770000.0,0.0,115.77,9.761,9.712,48241000.0,152257000.0,129150000.0,129150000.0,21609000.0,,,,,15030000.0,27318000.0,1.0,42132242.0,41922000,44282000.0,3.081,690495000.0,15840000.0,621000.0,31900000.0,16.471,410803000.0
14,MPWR,MRQ,2017-12-31,2017-12-31,2017-12-31,2021-08-09,1813000.0,652569000.0,,449170000.0,203399000.0,,12.557,-40662000.0,82759000.0,82759000.0,58269000.0,12071000.0,6.814,0.25,0.0,0.0,0.0,0.0,0.0,4009000.0,0.0,0.007,0.2,26700000.0,30709000.0,0.237,30709000.0,26700000.0,26700000.0,0.29,0.28,0.29,522007000.0,,522007000.0,4560416345.0,55.0,46.044,12711000.0,0.306,1.0,71161000.0,0.55,7522000.0,0.0,496371000.0,,99281000.0,221587000.0,216331000.0,5256000.0,130562000.0,65917000.0,64645000.0,4664840345.0,-21665000.0,0.0,21000.0,0.0,-8662000.0,-8641000.0,-66232000.0,-22433000.0,53373000.0,-165000.0,12071000.0,12071000.0,12071000.0,0.0,0.0,0.093,46108000.0,25053000.0,22813000.0,0.69,8.936,71.543,71.114,144636000.0,0.0,112.36,9.906,9.866,38037000.0,143608000.0,129430000.0,129430000.0,21730000.0,,,,,11858000.0,24038000.0,1.0,41516913.0,41572000,44160000.0,3.113,645047000.0,15917000.0,14629000.0,31621000.0,15.516,383253000.0
15,MPWR,MRQ,2017-09-30,2017-09-30,2017-09-30,2021-08-09,342000.0,605013000.0,,463802000.0,141211000.0,,12.194,-4580000.0,104424000.0,104424000.0,58083000.0,23642000.0,7.009,0.197,0.0,0.0,0.0,0.0,0.0,4029000.0,0.0,0.008,0.2,25087000.0,29116000.0,0.226,29116000.0,25087000.0,25087000.0,0.57,0.54,0.57,505523000.0,,505523000.0,4338369052.0,58.0,47.722,29098000.0,0.702,1.0,70856000.0,0.55,8035000.0,0.0,426386000.0,,99887000.0,200542000.0,195174000.0,5368000.0,99490000.0,66168000.0,33322000.0,4409479052.0,33312000.0,0.0,1319000.0,0.0,-8449000.0,-7130000.0,5883000.0,10993000.0,33678000.0,881000.0,23642000.0,23642000.0,23642000.0,0.0,0.0,0.183,47024000.0,23832000.0,21831000.0,0.351,8.723,63.257,63.423,100629000.0,0.0,106.55,9.906,9.924,50757000.0,140455000.0,128939000.0,128939000.0,21442000.0,,,,,13970000.0,25255000.0,1.0,41384130.0,41458000,43486000.0,3.11,596978000.0,661000.0,1445000.0,4627000.0,14.4,397634000.0
16,MPWR,MRQ,2017-06-30,2017-06-30,2017-06-30,2021-08-09,-1380000.0,568046000.0,,427213000.0,140833000.0,,11.466,-17107000.0,71110000.0,71110000.0,50773000.0,15014000.0,6.804,0.199,0.0,0.0,0.0,0.0,0.0,4019000.0,0.0,0.008,0.2,16207000.0,20226000.0,0.18,20226000.0,16207000.0,16207000.0,0.36,0.35,0.36,473793000.0,,473793000.0,3901130893.0,60.0,48.018,7771000.0,0.188,1.0,61425000.0,0.547,8548000.0,0.0,425602000.0,,92666000.0,211909000.0,206561000.0,5348000.0,94253000.0,62786000.0,31467000.0,3977956893.0,-5709000.0,0.0,68000.0,0.0,-8636000.0,-8568000.0,-22468000.0,-5000000.0,24878000.0,449000.0,15014000.0,15014000.0,15014000.0,0.0,0.0,0.134,46455000.0,14970000.0,25232000.0,0.556,8.396,65.819,66.027,100562000.0,0.0,96.4,9.412,9.426,41982000.0,125726000.0,112198000.0,112198000.0,20292000.0,,,,,15127000.0,25873000.0,1.0,41265113.0,41323000,43397000.0,2.715,559498000.0,650000.0,1193000.0,4303000.0,13.54,364427000.0
17,MPWR,MRQ,2017-03-31,2017-03-31,2017-03-31,2021-08-09,-2707000.0,536804000.0,,406336000.0,130468000.0,,10.991,-3421000.0,76826000.0,76826000.0,45520000.0,14477000.0,7.255,0.19,0.0,0.0,0.0,0.0,0.0,4044000.0,0.0,0.009,0.2,14951000.0,18995000.0,0.189,18995000.0,14951000.0,14951000.0,0.35,0.33,0.35,451128000.0,,451128000.0,3679235437.0,60.0,47.973,18471000.0,0.45,1.0,54842000.0,0.546,9060000.0,0.0,394910000.0,,78535000.0,207157000.0,201815000.0,5342000.0,85676000.0,56008000.0,29668000.0,3791938437.0,-35877000.0,0.0,1443000.0,-250000.0,-8179000.0,-6986000.0,-51243000.0,-46589000.0,21892000.0,460000.0,14477000.0,14477000.0,14477000.0,0.0,0.0,0.144,41272000.0,13570000.0,22637000.0,0.571,8.405,66.969,66.739,85617000.0,0.0,92.1,9.374,9.346,38115000.0,119613000.0,100362000.0,100362000.0,18894000.0,,,,,11662000.0,22092000.0,1.0,41171970.0,41047000,43268000.0,2.445,527744000.0,641000.0,474000.0,4111000.0,12.857,350328000.0
18,MPWR,MRQ,2016-12-31,2016-12-31,2016-12-31,2021-08-09,-4215000.0,511126000.0,,382984000.0,128142000.0,,10.582,-8076000.0,112703000.0,112703000.0,47106000.0,16574000.0,7.237,0.186,0.0,0.0,0.0,0.0,0.0,4132000.0,0.0,0.01,0.2,18440000.0,22572000.0,0.218,22572000.0,18440000.0,18440000.0,0.4,0.39,0.4,431116000.0,,431116000.0,3222930104.0,56.0,44.801,22923000.0,0.563,1.0,56512000.0,0.545,9573000.0,0.0,335929000.0,,71469000.0,160875000.0,155521000.0,5354000.0,80010000.0,52921000.0,27089000.0,3332409104.0,3221000.0,0.0,153000.0,-150000.0,-8465000.0,-8075000.0,-18054000.0,-7246000.0,30999000.0,-1649000.0,16574000.0,16574000.0,16574000.0,0.0,0.0,0.16,38969000.0,17543000.0,17427000.0,0.5,7.73,63.21,63.023,85171000.0,0.0,81.93,8.574,8.524,34248000.0,119362000.0,103618000.0,103618000.0,17974000.0,,,,,10361000.0,21316000.0,1.0,40673857.0,40739000,42404000.0,2.543,501553000.0,633000.0,1866000.0,3870000.0,12.311,330063000.0
19,MPWR,MRQ,2016-09-30,2016-09-30,2016-09-30,2021-08-09,63000.0,494856000.0,,366810000.0,128046000.0,,10.256,-10358000.0,109479000.0,109479000.0,48531000.0,14373000.0,6.607,0.189,0.0,0.0,0.0,0.0,0.0,3669000.0,0.0,0.01,0.2,15781000.0,19450000.0,0.183,19450000.0,15781000.0,15781000.0,0.35,0.34,0.35,416298000.0,,416298000.0,3177580608.0,62.0,48.876,22561000.0,0.556,1.0,57925000.0,0.544,10086000.0,0.0,319775000.0,,70692000.0,154966000.0,149584000.0,5382000.0,78558000.0,55516000.0,23042000.0,3259626608.0,27433000.0,0.0,1329000.0,0.0,-8154000.0,-6108000.0,714000.0,11763000.0,32919000.0,-92000.0,14373000.0,14373000.0,14373000.0,0.0,0.0,0.135,42924000.0,15001000.0,17332000.0,0.571,7.83,70.471,70.614,82097000.0,0.0,80.5,8.763,8.784,33335000.0,111535000.0,106456000.0,106456000.0,20472000.0,,,,,12798000.0,22397000.0,1.0,40492256.0,40590000,41895000.0,2.623,484770000.0,644000.0,1408000.0,3594000.0,11.943,311294000.0
20,MPWR,MRQ,2016-06-30,2016-06-30,2016-06-30,2021-08-09,128000.0,468641000.0,,349114000.0,119527000.0,,9.784,-13332000.0,82046000.0,82046000.0,43153000.0,11198000.0,6.699,0.186,0.0,0.0,0.0,0.0,0.0,3553000.0,0.0,0.012,0.2,12124000.0,15677000.0,0.167,15677000.0,12124000.0,12124000.0,0.28,0.27,0.28,395140000.0,,395140000.0,2674879405.0,55.0,42.968,1666000.0,0.041,1.0,50926000.0,0.541,10598000.0,0.0,323886000.0,,69919000.0,167112000.0,161818000.0,5294000.0,73501000.0,52111000.0,21390000.0,2752687405.0,4238000.0,0.0,576000.0,-150000.0,-8506000.0,-7719000.0,-2560000.0,11365000.0,14998000.0,-481000.0,11198000.0,11198000.0,11198000.0,0.0,0.0,0.119,39399000.0,11527000.0,19140000.0,0.714,6.966,63.893,63.85,74293000.0,0.0,68.32,7.717,7.735,31351000.0,105883000.0,94079000.0,94079000.0,17876000.0,,,,,11386000.0,21531000.0,1.0,40291092.0,40387000,41716000.0,2.329,458043000.0,644000.0,926000.0,3328000.0,11.341,297003000.0
21,MPWR,MRQ,2016-03-31,2016-03-31,2016-03-31,2021-08-09,2174000.0,447112000.0,,345564000.0,101548000.0,,9.543,-5346000.0,77808000.0,77808000.0,39002000.0,10575000.0,7.624,0.17,0.0,0.0,0.0,0.0,0.0,3320000.0,0.0,0.013,0.2,10919000.0,14239000.0,0.168,14239000.0,10919000.0,10919000.0,0.26,0.25,0.26,381986000.0,,381986000.0,2467443690.0,53.0,40.856,23524000.0,0.588,1.0,45510000.0,0.539,11111000.0,0.0,312870000.0,,62318000.0,179046000.0,173693000.0,5353000.0,65126000.0,45323000.0,19803000.0,2558303690.0,-13052000.0,0.0,1749000.0,0.0,-7974000.0,-6225000.0,-35826000.0,-29450000.0,28870000.0,129000.0,10575000.0,10575000.0,10575000.0,0.0,0.0,0.125,35134000.0,10376000.0,15731000.0,0.769,6.697,64.305,64.283,66527000.0,0.0,63.64,7.436,7.404,28836000.0,103362000.0,84512000.0,84512000.0,17321000.0,,,,,8979000.0,17768000.0,1.0,40199618.0,40028000,41646000.0,2.111,436001000.0,663000.0,344000.0,3114000.0,10.892,300241000.0
22,MPWR,MRQ,2015-12-31,2015-12-31,2015-12-31,2021-08-09,1466000.0,431285000.0,,331928000.0,99357000.0,,9.303,-7274000.0,90860000.0,90860000.0,40002000.0,10109000.0,7.669,0.17,0.0,0.0,0.0,0.0,0.0,3305000.0,0.0,0.013,0.2,12342000.0,15647000.0,0.18,15647000.0,12342000.0,12342000.0,0.25,0.24,0.25,368516000.0,,368516000.0,2441154972.0,57.0,43.38,17063000.0,0.431,1.0,46917000.0,0.54,11624000.0,0.0,285518000.0,,63209000.0,149464000.0,144103000.0,5361000.0,62769000.0,43283000.0,19486000.0,2517770972.0,14244000.0,0.0,317000.0,-150000.0,-8112000.0,-6238000.0,-3706000.0,8157000.0,24337000.0,-149000.0,10109000.0,10109000.0,10109000.0,0.0,0.0,0.116,35125000.0,11792000.0,13487000.0,0.8,6.832,71.585,71.584,65359000.0,0.0,63.71,7.559,7.55,30830000.0,101287000.0,86919000.0,86919000.0,16734000.0,,,,,10665000.0,18108000.0,1.0,39519243.0,39614000,41448000.0,2.194,419661000.0,672000.0,2233000.0,2941000.0,10.594,288645000.0
23,MPWR,MRQ,2015-09-30,2015-09-30,2015-09-30,2021-08-09,3084000.0,420079000.0,,329968000.0,90111000.0,,8.944,-1755000.0,76616000.0,76616000.0,41754000.0,11201000.0,6.787,0.186,0.0,0.0,0.0,0.0,0.0,3386000.0,0.0,0.015,0.2,13304000.0,16690000.0,0.183,16690000.0,13304000.0,13304000.0,0.28,0.28,0.28,354113000.0,,354113000.0,1946722758.0,49.0,36.292,20295000.0,0.513,1.0,49440000.0,0.542,12137000.0,0.0,282706000.0,,67309000.0,158411000.0,153047000.0,5364000.0,65966000.0,48620000.0,17346000.0,2027590758.0,-4252000.0,0.0,-12304000.0,0.0,-8011000.0,-18742000.0,-6360000.0,-3925000.0,22050000.0,-1200000.0,11201000.0,11201000.0,11201000.0,0.0,0.0,0.123,36130000.0,13310000.0,15661000.0,0.714,5.726,59.77,59.535,60088000.0,0.0,51.2,6.3,6.298,30475000.0,99731000.0,91194000.0,91194000.0,17272000.0,,,,,8902000.0,18722000.0,1.0,39601382.0,39592000,40689000.0,2.303,407942000.0,1031000.0,2103000.0,3229000.0,10.304,281348000.0
24,MPWR,MRQ,2015-06-30,2015-06-30,2015-06-30,2021-08-09,6186000.0,417623000.0,,325317000.0,92306000.0,,8.965,-1952000.0,80868000.0,80868000.0,37287000.0,7899000.0,7.036,0.177,0.0,0.0,0.0,0.0,0.0,3471000.0,0.0,0.014,0.2,10346000.0,13817000.0,0.17,13817000.0,10346000.0,10346000.0,0.2,0.19,0.2,354762000.0,,354762000.0,1908584580.0,51.0,37.434,5716000.0,0.144,1.0,44129000.0,0.542,12649000.0,0.0,277872000.0,,64964000.0,155541000.0,150166000.0,5375000.0,62861000.0,46234000.0,16627000.0,2004550580.0,-15098000.0,0.0,-2336000.0,-150000.0,-7983000.0,-7821000.0,-15024000.0,-12473000.0,7668000.0,79000.0,7899000.0,7899000.0,7899000.0,0.0,0.0,0.097,34018000.0,10111000.0,16596000.0,1.0,5.65,59.056,58.287,62163000.0,0.0,50.71,6.487,6.494,26765000.0,97023000.0,81416000.0,81416000.0,15743000.0,,,,,6849000.0,17964000.0,1.0,39529690.0,39570000,40745000.0,2.058,404974000.0,1053000.0,2447000.0,3018000.0,10.234,279083000.0
25,MPWR,MRQ,2015-03-31,2015-03-31,2015-03-31,2021-08-09,6096000.0,409630000.0,,315223000.0,94407000.0,,8.834,-4703000.0,95966000.0,95966000.0,33855000.0,5963000.0,6.869,0.186,0.0,0.0,0.0,0.0,0.0,3621000.0,0.0,0.012,0.2,6499000.0,10120000.0,0.138,10120000.0,6499000.0,6499000.0,0.15,0.15,0.15,345452000.0,,345452000.0,1942398937.0,58.0,41.165,10978000.0,0.281,1.0,39683000.0,0.54,13016000.0,0.0,254756000.0,,53396000.0,143185000.0,137791000.0,5394000.0,64178000.0,45892000.0,18286000.0,2068664937.0,-30300000.0,0.0,-7992000.0,0.0,-5859000.0,-13851000.0,-32107000.0,-25228000.0,15681000.0,-23000.0,5963000.0,5963000.0,5963000.0,0.0,0.0,0.081,33826000.0,5857000.0,19900000.0,1.333,5.988,63.767,62.679,64256000.0,0.0,52.65,6.988,6.955,25343000.0,97619000.0,73538000.0,73538000.0,16038000.0,,,,,9219000.0,17518000.0,1.0,39290882.0,39105000,40596000.0,1.881,396614000.0,1052000.0,536000.0,6016000.0,10.142,269331000.0
26,MPWR,MRQ,2014-12-31,2014-12-31,2014-12-31,2021-08-09,5811000.0,399366000.0,,307912000.0,91454000.0,,8.927,-1781000.0,126266000.0,126266000.0,34744000.0,8860000.0,8.353,0.153,0.0,0.0,0.0,0.0,0.0,3442000.0,0.0,0.009,0.15,9571000.0,13013000.0,0.172,13013000.0,9571000.0,9571000.0,0.23,0.22,0.23,346425000.0,,346425000.0,1825364847.0,50.0,36.86,18755000.0,0.483,1.0,40959000.0,0.541,13383000.0,0.0,222856000.0,,40918000.0,117841000.0,112452000.0,5389000.0,52941000.0,36861000.0,16080000.0,1927176847.0,24454000.0,0.0,-6684000.0,-150000.0,-5841000.0,-12665000.0,16767000.0,19023000.0,20536000.0,-184000.0,8860000.0,8860000.0,8860000.0,0.0,0.0,0.117,31794000.0,9165000.0,13138000.0,0.652,5.563,54.294,54.065,62942000.0,0.0,49.74,6.821,6.811,25630000.0,100114000.0,75703000.0,75703000.0,14941000.0,,,,,8572000.0,16787000.0,1.0,38745011.0,38806000,40318000.0,1.951,385983000.0,1283000.0,711000.0,5876000.0,9.946,271051000.0
27,MPWR,MRQ,2014-09-30,2014-09-30,2014-09-30,2021-08-09,5661000.0,392699000.0,,297310000.0,95389000.0,,8.809,-1772000.0,101812000.0,101812000.0,35872000.0,11221000.0,8.051,0.149,0.0,0.0,0.0,0.0,0.0,3388000.0,0.0,0.007,0.15,10648000.0,14036000.0,0.179,14036000.0,10648000.0,10648000.0,0.29,0.28,0.29,341661000.0,,341661000.0,1597958141.0,46.0,33.505,14237000.0,0.367,1.0,42463000.0,0.542,13749000.0,0.0,240210000.0,,41587000.0,136644000.0,126849000.0,9795000.0,51038000.0,36928000.0,14110000.0,1705821141.0,-6051000.0,-11590000.0,-6375000.0,0.0,-5817000.0,-12192000.0,-9724000.0,6102000.0,16009000.0,-144000.0,11221000.0,11221000.0,11221000.0,0.0,0.0,0.143,32017000.0,10446000.0,14793000.0,0.517,4.993,49.973,50.057,63428000.0,0.0,44.05,6.309,6.319,24274000.0,97398000.0,78335000.0,78335000.0,14679000.0,,,,,8859000.0,17006000.0,1.0,38724657.0,38785000,39727000.0,2.02,378950000.0,477000.0,-573000.0,4746000.0,9.771,260382000.0
28,MPWR,MRQ,2014-06-30,2014-06-30,2014-06-30,2021-08-09,5840000.0,386654000.0,,306297000.0,80357000.0,,8.65,-1442000.0,107863000.0,107863000.0,31337000.0,6397000.0,7.298,0.155,0.0,0.0,0.0,0.0,0.0,3118000.0,0.0,0.004,0.15,6899000.0,10017000.0,0.146,10017000.0,6899000.0,6899000.0,0.17,0.16,0.17,334628000.0,,334628000.0,1546070206.0,47.0,33.977,24161000.0,0.625,1.0,37099000.0,0.542,0.0,0.0,236821000.0,,41198000.0,142860000.0,133012000.0,9848000.0,52026000.0,41970000.0,10056000.0,1634955206.0,18978000.0,0.0,-9369000.0,-250000.0,0.0,-9619000.0,2831000.0,6669000.0,25603000.0,163000.0,6397000.0,6397000.0,6397000.0,0.0,0.0,0.093,30495000.0,6604000.0,13759000.0,0.882,4.886,53.916,53.608,64447000.0,0.0,42.35,6.352,6.365,21420000.0,92269000.0,68436000.0,68436000.0,13368000.0,,,,,8415000.0,16853000.0,1.0,38605790.0,38684000,39608000.0,1.769,386654000.0,771000.0,502000.0,5758000.0,9.995,264327000.0
29,MPWR,MRQ,2014-03-31,2014-03-31,2014-03-31,2021-08-09,5652000.0,374632000.0,,293257000.0,81375000.0,,8.699,-4516000.0,88885000.0,88885000.0,27964000.0,9018000.0,9.571,0.119,0.0,0.0,0.0,0.0,0.0,3182000.0,0.0,0.0,0.0,9275000.0,12457000.0,0.207,12457000.0,9275000.0,9275000.0,0.23,0.23,0.23,334667000.0,,334667000.0,1398649888.0,45.0,32.064,7469000.0,0.194,1.0,32097000.0,0.534,0.0,0.0,255108000.0,,39829000.0,149593000.0,139750000.0,9843000.0,39965000.0,30639000.0,9326000.0,1499862888.0,-12328000.0,0.0,-4751000.0,0.0,0.0,-4751000.0,-19241000.0,-14725000.0,11985000.0,-321000.0,9018000.0,9018000.0,9018000.0,0.0,0.0,0.15,23012000.0,9085000.0,11748000.0,0.0,4.482,50.988,50.351,65897000.0,0.0,38.77,6.08,6.046,22057000.0,91956000.0,60061000.0,60061000.0,15603000.0,,,,,7598000.0,16109000.0,1.0,38686172.0,38470000,39517000.0,1.561,374632000.0,768000.0,257000.0,5652000.0,9.738,262618000.0
30,MPWR,MRQ,2013-12-31,2013-12-31,2013-12-31,2021-08-09,6260000.0,368908000.0,,292086000.0,76822000.0,,8.441,-252000.0,101213000.0,101213000.0,29266000.0,7499000.0,7.589,0.141,0.0,0.0,0.0,0.0,0.0,3200000.0,0.0,0.0,0.0,7983000.0,11183000.0,0.176,11183000.0,7983000.0,7983000.0,0.19,0.19,0.19,323399000.0,,323399000.0,1213795969.0,51.0,33.561,30196000.0,0.788,1.0,34294000.0,0.54,0.0,0.0,229206000.0,,39737000.0,134986000.0,125126000.0,9860000.0,45509000.0,38489000.0,7020000.0,1324241969.0,-9233000.0,0.0,-7419000.0,-557000.0,0.0,-7976000.0,-31942000.0,-31382000.0,30448000.0,237000.0,7499000.0,7499000.0,7499000.0,0.0,0.0,0.118,26254000.0,8040000.0,10694000.0,0.0,4.095,57.832,56.82,64837000.0,0.0,34.66,5.562,5.443,23730000.0,82938000.0,63560000.0,63560000.0,12487000.0,,,,,5620000.0,13683000.0,1.0,38206635.0,38311000,39223000.0,1.659,368908000.0,481000.0,484000.0,5542000.0,9.629,253597000.0
31,MPWR,MRQ,2013-09-30,2013-09-30,2013-09-30,2021-08-09,5899000.0,350040000.0,,270950000.0,79090000.0,,8.371,-4623000.0,110446000.0,110446000.0,30053000.0,7410000.0,10.279,0.103,0.0,0.0,0.0,0.0,0.0,3249000.0,0.0,0.033,0.0,8597000.0,11846000.0,0.181,11846000.0,8597000.0,8597000.0,0.2,0.19,0.2,317331000.0,,317331000.0,1037909969.0,61.0,36.52,3398000.0,0.09,1.0,35294000.0,0.54,0.0,0.0,213235000.0,,42975000.0,103749000.0,93902000.0,9847000.0,32709000.0,26359000.0,6350000.0,1139644969.0,8711000.0,0.0,9475000.0,0.0,0.0,9475000.0,-9021000.0,-4089000.0,8021000.0,236000.0,7410000.0,7410000.0,7410000.0,0.0,0.0,0.113,26638000.0,8656000.0,10406000.0,0.0,3.591,72.839,72.095,67221000.0,0.0,30.28,5.116,5.153,21957000.0,75439000.0,65347000.0,65347000.0,12643000.0,,,,,5231000.0,13891000.0,1.0,37636888.0,37910000,39009000.0,1.724,350040000.0,688000.0,1187000.0,5039000.0,9.233,244591000.0
32,MPWR,MRQ,2013-06-30,2013-06-30,2013-06-30,2021-08-09,5285000.0,332594000.0,,251952000.0,80642000.0,,7.934,-7366000.0,101735000.0,101735000.0,26786000.0,5489000.0,7.726,0.131,0.0,0.0,0.0,0.0,0.0,3002000.0,0.0,0.041,0.0,5132000.0,8134000.0,0.141,8134000.0,5132000.0,5132000.0,0.15,0.14,0.15,293962000.0,,293962000.0,793379467.0,53.0,31.158,8147000.0,0.22,1.0,30928000.0,0.536,0.0,0.0,198246000.0,,40268000.0,99582000.0,87884000.0,11698000.0,38632000.0,32613000.0,6019000.0,886666467.0,8448000.0,0.0,6345000.0,0.0,0.0,6213000.0,-13611000.0,-6245000.0,15513000.0,333000.0,5489000.0,5489000.0,5489000.0,0.0,0.0,0.095,26014000.0,4914000.0,14954000.0,0.0,3.016,62.631,61.821,67281000.0,0.0,24.11,4.145,4.176,20319000.0,68029000.0,57714000.0,57714000.0,12478000.0,,,,,5322000.0,13793000.0,1.0,36775880.0,37053000,38239000.0,1.558,332594000.0,684000.0,-357000.0,5019000.0,8.976,219339000.0
33,MPWR,MRQ,2013-03-31,2013-03-31,2013-03-31,2021-08-09,4456000.0,310791000.0,,234431000.0,76360000.0,,7.62,-3435000.0,93287000.0,93287000.0,24085000.0,2499000.0,8.43,0.125,0.0,0.0,0.0,0.0,0.0,2709000.0,0.0,0.041,0.0,2295000.0,5004000.0,0.097,5004000.0,2295000.0,2295000.0,0.07,0.07,0.07,276311000.0,,276311000.0,814438286.0,48.0,30.46,3269000.0,0.09,1.0,27385000.0,0.532,0.0,0.0,189694000.0,,34949000.0,93471000.0,81756000.0,11715000.0,34480000.0,27810000.0,6670000.0,889542286.0,18183000.0,0.0,11006000.0,0.0,0.0,11138000.0,250000.0,3685000.0,6704000.0,91000.0,2499000.0,2499000.0,2499000.0,0.0,0.0,0.049,25080000.0,2305000.0,13256000.0,0.0,3.219,58.292,56.674,62871000.0,0.0,24.37,4.141,4.114,22669000.0,62539000.0,51470000.0,51470000.0,12123000.0,,,,,4528000.0,13258000.0,1.0,36501530.0,36259000,37708000.0,1.42,310791000.0,675000.0,-204000.0,5420000.0,8.571,206621000.0
34,MPWR,MRQ,2012-12-31,2012-12-31,2012-12-31,2021-08-09,4175000.0,287162000.0,,214301000.0,72861000.0,,7.286,-2324000.0,75104000.0,75104000.0,22661000.0,248000.0,9.135,0.112,0.0,0.0,0.0,0.0,0.0,2466000.0,0.0,0.045,1.0,970000.0,3436000.0,0.071,3436000.0,970000.0,970000.0,0.0,0.0,0.0,258294000.0,,258294000.0,712148922.0,40.0,26.161,9138000.0,0.258,1.0,25553000.0,0.53,0.0,0.0,188598000.0,,32115000.0,97276000.0,85521000.0,11755000.0,28868000.0,23460000.0,5408000.0,790395922.0,-3143000.0,0.0,1157000.0,0.0,-35664000.0,-34473000.0,19785000.0,21630000.0,11462000.0,83000.0,248000.0,248000.0,248000.0,0.0,0.0,0.005,24573000.0,980000.0,9859000.0,,3.06,50.165,49.511,59412000.0,0.0,22.28,3.697,3.634,19383000.0,60040000.0,48214000.0,48214000.0,13243000.0,,,,,7292000.0,13930000.0,1.0,35475580.0,35453000,36964000.0,1.36,287162000.0,670000.0,722000.0,5408000.0,8.1,190841000.0
35,MPWR,MRQ,2012-09-30,2012-09-30,2012-09-30,2021-08-09,4025000.0,315269000.0,,242568000.0,72701000.0,,8.111,-5551000.0,78247000.0,78247000.0,26495000.0,5921000.0,9.756,0.106,0.0,0.0,0.0,0.0,0.0,2413000.0,0.0,0.0,0.0,6476000.0,8889000.0,0.157,8889000.0,6476000.0,6476000.0,0.17,0.16,0.17,285064000.0,,285064000.0,606502406.0,31.0,21.297,-4393000.0,-0.125,1.0,30013000.0,0.531,0.0,0.0,212158000.0,,32623000.0,119035000.0,107279000.0,11756000.0,30205000.0,24864000.0,5341000.0,688146406.0,-3397000.0,0.0,5708000.0,0.0,0.0,5776000.0,-10295000.0,-4285000.0,1158000.0,-36000.0,5921000.0,5921000.0,5921000.0,0.0,0.0,0.105,23693000.0,6320000.0,11405000.0,0.0,2.414,38.313,37.981,59883000.0,0.0,19.75,3.23,3.258,21561000.0,95456000.0,56508000.0,56508000.0,11967000.0,,,,,2185000.0,11955000.0,1.0,34842856.0,35145000,36438000.0,1.608,315269000.0,663000.0,555000.0,5341000.0,8.971,217704000.0
36,MPWR,MRQ,2012-06-30,2012-06-30,2012-06-30,2021-08-09,4082000.0,310074000.0,,238151000.0,71923000.0,,7.767,-8296000.0,81644000.0,81644000.0,27435000.0,6592000.0,6.693,0.152,0.0,0.0,0.0,0.0,0.0,2269000.0,0.0,0.0,0.0,7140000.0,9409000.0,0.161,9409000.0,7140000.0,7140000.0,0.19,0.18,0.19,269241000.0,,269241000.0,607212468.0,34.0,22.642,-2223000.0,-0.064,1.0,31172000.0,0.532,0.0,0.0,192846000.0,,29455000.0,114727000.0,103013000.0,11714000.0,40833000.0,35584000.0,5249000.0,685943468.0,2913000.0,0.0,3356000.0,0.0,0.0,4023000.0,-7137000.0,1159000.0,6073000.0,-46000.0,6592000.0,6592000.0,6592000.0,0.0,0.0,0.112,24391000.0,6781000.0,17701000.0,0.0,2.548,39.168,38.922,59584000.0,0.0,19.85,3.274,3.284,21415000.0,89535000.0,58607000.0,58607000.0,12468000.0,,,,,4442000.0,12167000.0,1.0,34556346.0,34665000,35997000.0,1.691,310074000.0,665000.0,548000.0,5249000.0,8.945,202567000.0
37,MPWR,MRQ,2012-03-31,2012-03-31,2012-03-31,2021-08-09,4065000.0,291180000.0,,225420000.0,65760000.0,,7.47,-4875000.0,78731000.0,78731000.0,24074000.0,2995000.0,7.163,0.143,0.0,0.0,0.0,0.0,0.0,2184000.0,0.0,0.0,0.0,3304000.0,5488000.0,0.109,5488000.0,3304000.0,3304000.0,0.09,0.08,0.09,254781000.0,,254781000.0,576061817.0,39.0,24.433,1344000.0,0.039,1.0,26410000.0,0.523,0.0,0.0,180980000.0,,21547000.0,115862000.0,102197000.0,13665000.0,36399000.0,31469000.0,4930000.0,672432817.0,-17640000.0,0.0,5021000.0,0.0,0.0,5121000.0,-29190000.0,-24315000.0,6219000.0,210000.0,2995000.0,2995000.0,2995000.0,0.0,0.0,0.059,23212000.0,3198000.0,14573000.0,0.0,2.639,46.687,46.833,51437000.0,0.0,19.67,3.32,3.312,19947000.0,82943000.0,50484000.0,50484000.0,11118000.0,,,,,3864000.0,11966000.0,1.0,34185705.0,34105000,35538000.0,1.48,291180000.0,665000.0,309000.0,4930000.0,8.538,193951000.0
38,MPWR,MRQ,2011-12-31,2011-12-31,2011-12-31,2021-08-09,3593000.0,273867000.0,,211505000.0,62362000.0,,7.196,-2227000.0,96371000.0,96371000.0,22544000.0,2453000.0,8.113,0.128,0.0,0.0,0.0,0.0,0.0,2182000.0,0.0,0.0,0.0,2510000.0,4692000.0,0.099,4692000.0,2510000.0,2510000.0,0.07,0.07,0.07,242877000.0,,242877000.0,414797544.0,30.0,18.47,11039000.0,0.327,1.0,24917000.0,0.525,0.0,0.0,151426000.0,,20104000.0,91502000.0,77827000.0,13675000.0,30990000.0,26070000.0,4920000.0,507769544.0,3399000.0,0.0,363000.0,0.0,0.0,245000.0,-10190000.0,-7963000.0,13266000.0,78000.0,2453000.0,2453000.0,2453000.0,0.0,0.0,0.052,22506000.0,2411000.0,8904000.0,0.0,2.091,38.175,38.641,47794000.0,0.0,15.07,2.584,2.611,15097000.0,79948000.0,47461000.0,47461000.0,11403000.0,,,,,1301000.0,10198000.0,1.0,33694064.0,33753000,34815000.0,1.406,273867000.0,660000.0,57000.0,4920000.0,8.114,185435000.0
39,MPWR,MRQ,2011-09-30,2011-09-30,2011-09-30,2021-08-09,3394000.0,267162000.0,,203126000.0,64036000.0,,7.056,-13524000.0,92972000.0,92972000.0,25148000.0,5473000.0,8.096,0.127,0.0,0.0,0.0,0.0,0.0,2175000.0,0.0,0.0,0.0,5054000.0,7229000.0,0.136,7229000.0,5054000.0,5054000.0,0.16,0.16,0.16,237053000.0,,237053000.0,243002586.0,16.0,10.04,-4619000.0,-0.137,1.0,27814000.0,0.525,0.0,0.0,149101000.0,,23558000.0,83579000.0,67859000.0,15720000.0,30109000.0,25089000.0,5020000.0,340687586.0,-4713000.0,0.0,917000.0,0.0,0.0,588000.0,-14179000.0,-655000.0,8905000.0,-27000.0,5473000.0,5473000.0,5473000.0,0.0,0.0,0.103,22763000.0,5051000.0,9515000.0,0.0,1.437,23.611,24.238,47608000.0,0.0,10.18,1.737,1.744,16420000.0,77495000.0,52962000.0,52962000.0,11792000.0,,,,,3765000.0,10249000.0,1.0,33466364.0,33594000,34240000.0,1.577,267162000.0,363000.0,-419000.0,5020000.0,7.953,178037000.0
40,MPWR,MRQ,2011-06-30,2011-06-30,2011-06-30,2021-08-09,2979000.0,263160000.0,,207774000.0,55386000.0,,6.711,-2215000.0,97685000.0,97685000.0,25070000.0,3482000.0,6.7,0.159,0.0,0.0,0.0,0.0,0.0,2105000.0,0.0,0.0,0.0,4063000.0,6168000.0,0.119,6168000.0,4063000.0,4063000.0,0.1,0.1,0.1,227130000.0,,227130000.0,454391932.0,19.0,13.909,11069000.0,0.327,1.0,26558000.0,0.514,0.0,0.0,134466000.0,,24715000.0,82861000.0,65641000.0,17220000.0,36030000.0,31009000.0,5021000.0,528453932.0,23623000.0,0.0,-24027000.0,0.0,0.0,-23988000.0,34035000.0,36250000.0,13284000.0,292000.0,3482000.0,3482000.0,3482000.0,0.0,0.0,0.067,22519000.0,4039000.0,10929000.0,0.0,2.327,23.831,24.476,37433000.0,0.0,15.42,2.529,2.497,17589000.0,72022000.0,51628000.0,51628000.0,11237000.0,,,,,4009000.0,10343000.0,1.0,34270683.0,33846000,34903000.0,1.525,263160000.0,491000.0,581000.0,5021000.0,7.775,176765000.0
41,MPWR,MRQ,2011-03-31,2011-03-31,2011-03-31,2021-08-09,2266000.0,275010000.0,,219669000.0,55341000.0,,6.945,-3056000.0,74062000.0,74062000.0,22163000.0,1893000.0,8.215,0.131,0.0,0.0,0.0,0.0,0.0,2270000.0,0.0,0.0,0.0,2187000.0,4457000.0,0.1,4457000.0,2187000.0,2099000.0,0.05,0.05,0.05,243249000.0,,243249000.0,453120464.0,17.0,12.754,5174000.0,0.148,1.0,22305000.0,0.502,0.0,88000.0,174208000.0,,23117000.0,119227000.0,101957000.0,17270000.0,31761000.0,26740000.0,5021000.0,501130464.0,26052000.0,0.0,-9255000.0,0.0,0.0,-8820000.0,26556000.0,29612000.0,8230000.0,86000.0,1893000.0,1893000.0,1893000.0,0.0,0.0,0.043,20389000.0,1916000.0,10505000.0,0.0,2.06,19.965,19.986,37326000.0,0.0,14.19,2.352,2.333,17642000.0,68540000.0,44468000.0,44468000.0,10086000.0,,,,,4024000.0,9490000.0,1.0,35315748.0,35024000,36105000.0,1.27,275010000.0,244000.0,206000.0,5018000.0,7.852,192929000.0
42,MPWR,MRQ,2010-12-31,2010-12-31,2010-12-31,2021-08-09,1979000.0,281603000.0,,224373000.0,57230000.0,,6.971,-4207000.0,48010000.0,48010000.0,23316000.0,3581000.0,7.745,0.141,0.0,0.0,0.0,0.0,0.0,2392000.0,0.0,0.0,0.0,3958000.0,6350000.0,0.135,6350000.0,3958000.0,4121000.0,0.11,0.1,0.11,246895000.0,,246895000.0,547817246.0,17.0,13.891,6036000.0,0.17,1.0,23741000.0,0.505,0.0,-163000.0,204623000.0,,25789000.0,148889000.0,129709000.0,19180000.0,34708000.0,28970000.0,5738000.0,592092246.0,3735000.0,0.0,-13455000.0,0.0,0.0,-13598000.0,6719000.0,10926000.0,10243000.0,371000.0,3581000.0,3581000.0,3581000.0,0.0,0.0,0.076,19780000.0,3961000.0,8979000.0,0.0,2.398,20.028,19.904,37262000.0,0.0,16.52,2.706,2.705,18347000.0,66647000.0,47057000.0,47057000.0,10256000.0,,,,,3472000.0,8865000.0,1.0,35840935.0,35416000,36914000.0,1.329,281603000.0,243000.0,540000.0,5015000.0,7.951,195403000.0
43,MPWR,MRQ,2010-09-30,2010-09-30,2010-09-30,2021-08-09,1443000.0,292432000.0,,239666000.0,52766000.0,,7.001,-5819000.0,44275000.0,44275000.0,29857000.0,13219000.0,7.173,0.154,0.0,0.0,0.0,0.0,0.0,2020000.0,0.0,0.0,0.0,13675000.0,15695000.0,0.238,15695000.0,13675000.0,13516000.0,0.37,0.35,0.37,253349000.0,,253349000.0,548276135.0,17.0,14.057,9681000.0,0.268,1.0,35986000.0,0.547,0.0,159000.0,214745000.0,,19459000.0,160146000.0,140731000.0,19415000.0,39083000.0,33412000.0,5671000.0,597238135.0,-4687000.0,0.0,-14679000.0,0.0,0.0,-14676000.0,-5791000.0,28000.0,15500000.0,280000.0,13219000.0,13219000.0,13219000.0,0.0,0.0,0.201,22551000.0,13435000.0,17755000.0,0.0,2.357,19.495,18.988,32461000.0,0.0,16.33,2.735,2.706,32289000.0,63066000.0,65843000.0,65843000.0,11291000.0,,,,,4426000.0,10296000.0,1.0,36573064.0,36185000,37727000.0,1.82,292432000.0,183000.0,297000.0,4915000.0,8.082,206254000.0
44,MPWR,MRQ,2010-06-30,2010-06-30,2010-06-30,2021-08-09,790000.0,285050000.0,,237396000.0,47654000.0,,6.888,-9183000.0,48962000.0,48962000.0,23256000.0,6407000.0,8.046,0.14,0.0,0.0,0.0,0.0,0.0,1881000.0,0.0,0.0,0.0,7144000.0,9025000.0,0.162,9025000.0,7144000.0,7140000.0,0.18,0.17,0.18,249968000.0,,249968000.0,594313874.0,19.0,15.512,5335000.0,0.147,1.0,32434000.0,0.582,0.0,4000.0,206583000.0,,14458000.0,160324000.0,140829000.0,19495000.0,35082000.0,29505000.0,5577000.0,643178874.0,97000.0,0.0,7730000.0,0.0,0.0,8911000.0,-23295000.0,-14093000.0,14518000.0,-37000.0,6407000.0,6407000.0,6407000.0,0.0,0.0,0.115,25628000.0,6806000.0,11001000.0,0.0,2.573,21.454,21.012,27253000.0,0.0,17.86,3.209,3.233,30322000.0,49848000.0,55690000.0,55690000.0,11785000.0,,,,,6629000.0,11615000.0,1.0,36012255.0,36291000,38355000.0,1.535,285050000.0,180000.0,733000.0,4915000.0,7.855,207891000.0
45,MPWR,MRQ,2010-03-31,2010-03-31,2010-03-31,2021-08-09,587000.0,259315000.0,,217176000.0,42139000.0,,6.462,-3570000.0,48865000.0,48865000.0,20954000.0,6356000.0,8.532,0.133,0.0,0.0,0.0,0.0,0.0,1723000.0,0.0,0.0,0.0,6643000.0,8366000.0,0.166,8366000.0,6643000.0,6643000.0,0.18,0.17,0.18,228887000.0,,228887000.0,739037638.0,27.0,21.581,4663000.0,0.132,1.0,29296000.0,0.583,0.0,0.0,184995000.0,,14550000.0,146279000.0,126724000.0,19555000.0,30428000.0,25455000.0,4973000.0,785754638.0,2148000.0,0.0,5101000.0,0.0,0.0,5316000.0,-11384000.0,-7814000.0,8233000.0,-17000.0,6356000.0,6356000.0,6356000.0,0.0,0.0,0.126,23000000.0,6296000.0,11681000.0,0.0,3.433,29.365,29.342,21696000.0,0.0,22.3,4.226,4.248,24541000.0,43440000.0,50250000.0,50250000.0,11040000.0,,,,,4376000.0,10393000.0,1.0,35235634.0,35421000,37783000.0,1.419,259315000.0,180000.0,287000.0,4915000.0,7.321,191721000.0
46,MPWR,MRQ,2009-12-31,2009-12-31,2009-12-31,2021-08-09,354000.0,241821000.0,,203499000.0,38322000.0,,6.086,-2626000.0,46717000.0,46717000.0,19208000.0,4654000.0,8.507,0.136,0.0,0.0,0.0,0.0,0.0,1706000.0,0.0,0.0,0.0,4212000.0,5918000.0,0.127,5918000.0,4212000.0,4567000.0,0.13,0.13,0.13,212957000.0,,212957000.0,784592863.0,39.0,29.362,13508000.0,0.386,1.0,27339000.0,0.587,0.0,-355000.0,171182000.0,,19616000.0,138359000.0,118914000.0,19445000.0,28864000.0,23922000.0,4942000.0,836585863.0,-5276000.0,0.0,2767000.0,0.0,0.0,2876000.0,-24320000.0,-21391000.0,16134000.0,34000.0,4654000.0,4654000.0,4654000.0,0.0,0.0,0.1,22918000.0,4421000.0,7787000.0,0.0,3.928,42.522,42.053,17968000.0,0.0,23.97,5.07,4.984,15521000.0,37085000.0,46547000.0,46547000.0,10366000.0,,,,,4522000.0,10185000.0,1.0,34901371.0,34994000,37471000.0,1.33,241821000.0,180000.0,-87000.0,4915000.0,6.91,179577000.0
47,MPWR,MRQ,2009-09-30,2009-09-30,2009-09-30,2021-08-09,439000.0,229407000.0,,192473000.0,36934000.0,,5.827,-4236000.0,51993000.0,51993000.0,18868000.0,12562000.0,8.275,0.139,0.0,0.0,0.0,0.0,0.0,1718000.0,0.0,0.0,0.0,13286000.0,15004000.0,0.313,15004000.0,13286000.0,13210000.0,0.36,0.34,0.36,201342000.0,,201342000.0,741720991.0,41.0,30.197,-41000.0,-0.001,1.0,29098000.0,0.607,0.0,76000.0,154155000.0,,20358000.0,117228000.0,97763000.0,19465000.0,28065000.0,23259000.0,4806000.0,805886991.0,-4823000.0,0.0,5550000.0,0.0,0.0,5462000.0,-14593000.0,-17707000.0,4195000.0,113000.0,12562000.0,12562000.0,12562000.0,0.0,0.0,0.262,15973000.0,13125000.0,8867000.0,0.0,4.003,44.149,45.096,17012000.0,0.0,23.45,5.261,5.29,19493000.0,32431000.0,47966000.0,47966000.0,10080000.0,,,,,3881000.0,9438000.0,1.0,34366183.0,34552000,37247000.0,1.388,229407000.0,95000.0,648000.0,4798000.0,6.639,169214000.0
48,MPWR,MRQ,2009-06-30,2009-06-30,2009-06-30,2021-08-09,303000.0,216481000.0,,162064000.0,54417000.0,,5.284,-2233000.0,64166000.0,64166000.0,16823000.0,3186000.0,5.117,0.203,0.0,0.0,0.0,0.0,0.0,1612000.0,0.0,0.0,0.0,3345000.0,4957000.0,0.12,4957000.0,3345000.0,3160000.0,0.09,0.09,0.09,180017000.0,,180017000.0,683459198.0,42.0,30.624,8782000.0,0.258,1.0,24350000.0,0.591,0.0,185000.0,120645000.0,,20082000.0,99603000.0,61968000.0,37635000.0,36464000.0,31670000.0,4794000.0,758903198.0,-11278000.0,0.0,3141000.0,0.0,0.0,3754000.0,-26185000.0,-23952000.0,11015000.0,138000.0,3186000.0,3186000.0,3186000.0,0.0,0.0,0.077,21286000.0,3064000.0,10280000.0,0.0,4.216,46.994,47.681,16326000.0,0.0,22.41,4.925,4.955,12448000.0,19869000.0,41173000.0,41173000.0,9732000.0,,,,,4218000.0,9321000.0,1.0,33864489.0,34070000,36389000.0,1.208,216481000.0,94000.0,-26000.0,4785000.0,6.354,130394000.0
49,MPWR,MRQ,2009-03-31,2009-03-31,2009-03-31,2021-08-09,-248000.0,199997000.0,,148237000.0,51760000.0,,5.006,-859000.0,75444000.0,75444000.0,12431000.0,-728000.0,5.585,0.186,0.0,0.0,0.0,0.0,0.0,1537000.0,0.0,0.0,0.0,-695000.0,842000.0,0.029,842000.0,-695000.0,-789000.0,-0.02,-0.02,-0.02,168671000.0,,168671000.0,433845748.0,24.0,18.141,-439000.0,-0.013,1.0,16891000.0,0.576,0.0,94000.0,98009000.0,,18559000.0,75342000.0,38002000.0,37340000.0,31326000.0,26544000.0,4782000.0,524471748.0,-15172000.0,0.0,1517000.0,0.0,0.0,1526000.0,-17030000.0,-16181000.0,420000.0,-88000.0,-728000.0,-728000.0,-728000.0,0.0,0.0,-0.025,17971000.0,-1080000.0,8363000.0,0.0,3.109,29.862,29.808,13967000.0,0.0,15.5,3.396,3.382,13367000.0,16683000.0,29322000.0,29322000.0,8117000.0,,,,,3635000.0,7808000.0,1.0,33836887.0,33696000,33696000.0,0.87,199997000.0,93000.0,-61000.0,4773000.0,5.935,121693000.0
50,MPWR,MRQ,2008-12-31,2008-12-31,2008-12-31,2021-08-09,-64000.0,195299000.0,,143247000.0,52052000.0,,4.902,-1610000.0,90626000.0,90626000.0,14564000.0,3234000.0,5.535,0.186,0.0,0.0,0.0,0.0,0.0,1514000.0,0.0,0.0,0.0,2246000.0,3760000.0,0.108,3760000.0,2246000.0,2753000.0,0.09,0.09,0.09,164645000.0,,164645000.0,349534690.0,14.0,11.215,19118000.0,0.569,1.0,20145000.0,0.58,0.0,-507000.0,78791000.0,,18887000.0,59347000.0,21922000.0,37425000.0,30654000.0,25882000.0,4772000.0,425451690.0,7349000.0,0.0,-5020000.0,0.0,0.0,-4751000.0,-8503000.0,14887000.0,20728000.0,-38000.0,3234000.0,3234000.0,3234000.0,0.0,0.0,0.093,17906000.0,2239000.0,4674000.0,0.0,2.584,17.562,17.514,14163000.0,0.0,12.61,2.651,2.633,9115000.0,17411000.0,34709000.0,34709000.0,9256000.0,,,,,3789000.0,8056000.0,1.0,33739230.0,33590000,35484000.0,1.033,195299000.0,94000.0,-481000.0,4762000.0,5.814,117365000.0
51,MPWR,MRQ,2008-09-30,2008-09-30,2008-09-30,2021-08-09,-745000.0,195822000.0,,143142000.0,52680000.0,,4.777,-1176000.0,75917000.0,75917000.0,18201000.0,10457000.0,4.991,0.21,0.0,0.0,0.0,0.0,0.0,1455000.0,0.0,0.0,0.0,11304000.0,12759000.0,0.261,12759000.0,11304000.0,10915000.0,0.31,0.29,0.31,161786000.0,,161786000.0,502128316.0,16.0,13.31,2297000.0,0.068,1.0,30690000.0,0.628,0.0,389000.0,91223000.0,,22305000.0,45536000.0,8711000.0,36825000.0,34036000.0,28682000.0,5354000.0,585083316.0,322000.0,0.0,-169000.0,0.0,0.0,-874000.0,-2435000.0,-3285000.0,3473000.0,0.0,10457000.0,10457000.0,10457000.0,0.0,0.0,0.214,20070000.0,10620000.0,8155000.0,0.0,3.616,19.326,18.677,14474000.0,0.0,17.37,3.561,3.581,18781000.0,14178000.0,48891000.0,48891000.0,9420000.0,,,,,4113000.0,9560000.0,1.0,33683553.0,33869000,36602000.0,1.444,195822000.0,852000.0,458000.0,5316000.0,5.782,114460000.0
52,MPWR,MRQ,2008-06-30,2008-06-30,2008-06-30,2021-08-09,976000.0,193457000.0,,129713000.0,63744000.0,,4.532,-1459000.0,82955000.0,82955000.0,15375000.0,4600000.0,3.465,0.285,0.0,0.0,0.0,0.0,0.0,1425000.0,0.0,0.0,0.0,5129000.0,6554000.0,0.158,6554000.0,5129000.0,5017000.0,0.14,0.13,0.14,150592000.0,,150592000.0,643356803.0,21.0,17.974,8032000.0,0.242,1.0,26127000.0,0.63,0.0,112000.0,73063000.0,,24120000.0,43875000.0,4735000.0,39140000.0,42865000.0,37439000.0,5426000.0,715006803.0,11295000.0,0.0,1912000.0,0.0,0.0,3211000.0,-1189000.0,0.0,9491000.0,0.0,4600000.0,4600000.0,4600000.0,0.0,0.0,0.111,21808000.0,4319000.0,12626000.0,0.0,4.748,24.818,24.022,14606000.0,0.0,21.62,4.596,4.617,13033000.0,3720000.0,41502000.0,41502000.0,8602000.0,,,,,3717000.0,8912000.0,1.0,33071545.0,33229000,36232000.0,1.249,193457000.0,852000.0,417000.0,5319000.0,5.822,92274000.0
53,MPWR,MRQ,2008-03-31,2008-03-31,2008-03-31,2021-08-09,767000.0,172496000.0,,108595000.0,63901000.0,,4.177,-988000.0,71650000.0,71650000.0,13044000.0,5935000.0,3.913,0.239,0.0,0.0,0.0,0.0,0.0,1331000.0,0.0,0.0,0.0,6763000.0,8094000.0,0.229,8094000.0,6763000.0,6757000.0,0.18,0.17,0.18,139252000.0,,139252000.0,504063693.0,26.0,20.906,4910000.0,0.147,1.0,22365000.0,0.632,0.0,6000.0,73094000.0,,16390000.0,43912000.0,4772000.0,39140000.0,33244000.0,27752000.0,5492000.0,594527693.0,-18814000.0,0.0,-7273000.0,0.0,0.0,-7371000.0,-17488000.0,-16500000.0,5898000.0,0.0,5935000.0,5935000.0,5935000.0,0.0,0.0,0.168,17036000.0,5329000.0,7667000.0,0.0,4.269,33.318,31.482,14880000.0,0.0,17.63,4.103,4.056,11314000.0,-880000.0,35409000.0,35409000.0,7572000.0,,,,,2884000.0,8728000.0,1.0,33722501.0,33340000,35891000.0,1.062,172496000.0,850000.0,822000.0,5317000.0,5.174,80843000.0
54,MPWR,MRQ,2007-12-31,2007-12-31,2007-12-31,2021-08-09,465000.0,172590000.0,,148760000.0,23830000.0,,4.176,-1975000.0,90464000.0,90464000.0,13908000.0,9282000.0,5.058,0.255,0.0,0.0,0.0,0.0,0.0,1222000.0,0.0,0.0,0.0,9096000.0,10318000.0,0.268,10318000.0,9096000.0,9117000.0,0.3,0.26,0.3,137537000.0,,137537000.0,628875754.0,44.0,34.074,11386000.0,0.346,1.0,24579000.0,0.639,0.0,-21000.0,52714000.0,,17487000.0,27765000.0,27765000.0,0.0,35053000.0,29412000.0,5641000.0,706283754.0,5706000.0,0.0,4554000.0,0.0,0.0,4881000.0,-12618000.0,-3293000.0,13361000.0,142000.0,9282000.0,9282000.0,9282000.0,0.0,0.0,0.241,16686000.0,7893000.0,6154000.0,0.0,5.135,60.992,58.027,14175000.0,0.0,21.47,5.271,5.079,8239000.0,-6815000.0,38487000.0,38487000.0,7493000.0,,,,,3463000.0,8150000.0,1.0,32896309.0,32933000,35390000.0,1.169,172590000.0,848000.0,-165000.0,5318000.0,5.241,119348000.0
55,MPWR,MRQ,2007-09-30,2007-09-30,2007-09-30,2021-08-09,110000.0,157558000.0,,133954000.0,23604000.0,,3.749,-1571000.0,77408000.0,77408000.0,14662000.0,8993000.0,4.102,0.313,0.0,0.0,0.0,0.0,0.0,1090000.0,0.0,0.0,0.0,9737000.0,10827000.0,0.269,10827000.0,9737000.0,9745000.0,0.28,0.25,0.28,119956000.0,,119956000.0,742766363.0,108.0,69.914,2100000.0,0.066,1.0,25526000.0,0.635,0.0,-8000.0,47498000.0,,15837000.0,24383000.0,24383000.0,0.0,37602000.0,32652000.0,4950000.0,811078363.0,9096000.0,0.0,6287000.0,0.0,0.0,7367000.0,-1951000.0,-380000.0,3671000.0,0.0,8993000.0,8993000.0,8993000.0,0.0,0.0,0.224,17012000.0,8514000.0,10050000.0,0.0,6.761,741.388,846.667,13723000.0,0.0,25.4,6.653,6.666,12771000.0,-16522000.0,40188000.0,40188000.0,7489000.0,,,,,3525000.0,8071000.0,1.0,31932219.0,31995000,35953000.0,1.256,157558000.0,1068000.0,752000.0,4494000.0,4.924,101302000.0
56,MPWR,MRQ,2007-06-30,2007-06-30,2007-06-30,2021-08-09,-59000.0,138449000.0,,115729000.0,22720000.0,,3.223,-1894000.0,68312000.0,68312000.0,11248000.0,-6366000.0,3.584,0.369,0.0,0.0,0.0,0.0,0.0,997000.0,0.0,0.0,0.0,-6125000.0,-5128000.0,-0.166,-5128000.0,-6125000.0,-6147000.0,-0.2,-0.2,-0.2,101141000.0,,101141000.0,484457746.0,-171.0,984.67,1343000.0,0.043,1.0,19585000.0,0.635,0.0,22000.0,37851000.0,,11940000.0,24003000.0,24003000.0,0.0,37308000.0,32286000.0,5022000.0,547471746.0,5423000.0,0.0,2851000.0,0.0,0.0,3475000.0,-1272000.0,497000.0,3237000.0,0.0,-6366000.0,-6366000.0,-6366000.0,0.0,0.0,-0.206,26879000.0,-7294000.0,8162000.0,0.0,5.413,-56.03,-56.29,12753000.0,0.0,17.45,5.024,5.025,8017000.0,-24792000.0,30833000.0,30833000.0,6428000.0,,,,,2655000.0,7119000.0,1.0,31373739.0,31382000,31382000.0,0.983,138449000.0,1218000.0,219000.0,4550000.0,4.412,83443000.0
57,MPWR,MRQ,2007-03-31,2007-03-31,2007-03-31,2021-08-09,-168000.0,129165000.0,,107716000.0,21449000.0,,3.32,-1155000.0,63014000.0,63014000.0,8963000.0,-329000.0,5.041,0.276,0.0,0.0,0.0,0.0,0.0,875000.0,0.0,0.0,0.0,1564000.0,2439000.0,0.1,2439000.0,1564000.0,1557000.0,-0.01,-0.01,-0.01,101212000.0,,101212000.0,351804017.0,61.0,40.055,4701000.0,0.154,1.0,15533000.0,0.634,0.0,7000.0,44781000.0,,9358000.0,24500000.0,24500000.0,0.0,27953000.0,21370000.0,6583000.0,402620017.0,12073000.0,0.0,3602000.0,0.0,0.0,4255000.0,1894000.0,3174000.0,5856000.0,0.0,-329000.0,-329000.0,-329000.0,0.0,0.0,-0.013,14976000.0,557000.0,6964000.0,0.0,3.978,-171.62,-184.286,11528000.0,0.0,12.9,3.844,3.754,7778000.0,-18416000.0,24496000.0,24496000.0,5932000.0,,,,,2547000.0,6197000.0,1.0,31210854.0,30482000,30482000.0,0.804,129165000.0,1218000.0,1886000.0,4551000.0,4.237,86346000.0
58,MPWR,MRQ,2006-12-31,2006-12-31,2006-12-31,2021-08-09,-198000.0,117327000.0,,97160000.0,20167000.0,,3.167,-1149000.0,50816000.0,50816000.0,9519000.0,-1204000.0,4.846,0.235,0.0,0.0,0.0,0.0,0.0,761000.0,0.0,0.0,0.0,1725000.0,2486000.0,0.094,2486000.0,1725000.0,1976000.0,-0.04,-0.04,-0.04,95025000.0,,95025000.0,305991105.0,85.0,48.393,4982000.0,0.166,1.0,16877000.0,0.639,0.0,-251000.0,46462000.0,,6738000.0,27674000.0,27674000.0,0.0,22302000.0,20049000.0,2253000.0,336470105.0,20337000.0,0.0,1125000.0,0.0,0.0,1430000.0,12837000.0,11977000.0,6131000.0,-29000.0,-1204000.0,-1204000.0,-1204000.0,0.0,0.0,-0.046,15629000.0,1248000.0,5909000.0,0.0,3.541,-138.751,-138.875,11358000.0,0.0,11.11,3.204,3.121,9156000.0,-17458000.0,26396000.0,26396000.0,5910000.0,,,,,2952000.0,6591000.0,1.0,30285338.0,30003000,30003000.0,0.88,117327000.0,1658000.0,3180000.0,611000.0,3.911,77111000.0
59,MPWR,MRQ,2006-09-30,2006-09-30,2006-09-30,2021-08-09,-85000.0,113654000.0,,95551000.0,18103000.0,,3.084,-535000.0,30479000.0,30479000.0,9382000.0,-1872000.0,4.642,0.239,0.0,0.0,0.0,0.0,0.0,699000.0,0.0,0.0,0.0,-4000.0,695000.0,0.025,695000.0,-4000.0,-75000.0,-0.06,-0.06,-0.06,91716000.0,,91716000.0,262269688.0,33.0,25.63,10013000.0,0.337,1.0,17873000.0,0.656,0.0,71000.0,62592000.0,,7385000.0,39650000.0,39650000.0,0.0,21938000.0,20583000.0,1355000.0,283871688.0,8877000.0,0.0,1058000.0,0.0,0.0,-467000.0,-1187000.0,-301000.0,10548000.0,0.0,-1872000.0,-1872000.0,-1872000.0,0.0,0.0,-0.069,18539000.0,-666000.0,5472000.0,0.0,3.095,108.68,94.6,11247000.0,0.0,9.46,2.554,2.531,9577000.0,-16314000.0,27255000.0,27255000.0,5897000.0,,,,,4786000.0,6877000.0,1.0,30007578.0,29736000,29736000.0,0.917,113654000.0,3516000.0,1797000.0,0.0,3.822,74968000.0
60,MPWR,MRQ,2006-06-30,2006-06-30,2006-06-30,2021-08-09,23000.0,107465000.0,,89507000.0,17958000.0,,3.039,-3155000.0,21602000.0,21602000.0,9833000.0,1059000.0,5.013,0.202,0.0,0.0,0.0,0.0,0.0,716000.0,0.0,0.0,0.0,2447000.0,3163000.0,0.119,3163000.0,2447000.0,2337000.0,0.04,0.03,0.04,89376000.0,,89376000.0,324138992.0,14.0,12.927,-8559000.0,-0.291,1.0,16768000.0,0.63,0.0,110000.0,68009000.0,,9076000.0,39350000.0,39350000.0,0.0,18089000.0,17854000.0,235000.0,350076992.0,-4336000.0,0.0,2343000.0,0.0,0.0,4826000.0,-3778000.0,-626000.0,-5404000.0,-29000.0,1059000.0,1059000.0,1059000.0,0.0,0.0,0.04,14947000.0,1821000.0,6100000.0,0.0,3.917,25.284,24.143,10963000.0,0.0,11.83,3.082,3.063,9874000.0,-14442000.0,26601000.0,26601000.0,5427000.0,,,,,1501000.0,6699000.0,1.0,29592307.0,29412000,33604000.0,0.904,107465000.0,3489000.0,1278000.0,0.0,3.654,71653000.0
61,MPWR,MRQ,2006-03-31,2006-03-31,2006-03-31,2021-08-09,-17000.0,105993000.0,,89596000.0,16397000.0,,2.844,-2634000.0,25938000.0,25938000.0,9373000.0,-408000.0,3.793,0.293,0.0,0.0,0.0,0.0,0.0,548000.0,0.0,0.0,0.0,-569000.0,-21000.0,-0.001,-21000.0,-569000.0,-639000.0,-0.01,-0.01,-0.01,81950000.0,,81950000.0,521019712.0,56.0,46.939,-86000.0,-0.003,1.0,15390000.0,0.621,0.0,70000.0,56436000.0,,8543000.0,38724000.0,38724000.0,0.0,24043000.0,23619000.0,424000.0,546110712.0,847000.0,0.0,806000.0,0.0,0.0,1378000.0,-3108000.0,90000.0,2548000.0,29000.0,-408000.0,-408000.0,-408000.0,0.0,0.0,-0.016,16558000.0,-1168000.0,10655000.0,0.0,6.664,89.777,88.762,9480000.0,0.0,18.64,4.998,4.916,7364000.0,-15502000.0,24763000.0,24763000.0,5067000.0,,,,,2690000.0,7427000.0,1.0,29297785.0,28816000,28816000.0,0.859,105993000.0,3774000.0,-231000.0,857000.0,3.678,65977000.0
62,MPWR,MRQ,2005-12-31,2005-12-31,2005-12-31,2021-08-09,-138000.0,100775000.0,,87717000.0,13058000.0,,2.732,-195000.0,28029000.0,28029000.0,11696000.0,3833000.0,3.939,0.289,0.0,0.0,0.0,0.0,0.0,402000.0,0.0,0.0,0.0,5994000.0,6396000.0,0.197,6396000.0,5994000.0,6154000.0,0.13,0.13,0.13,78168000.0,,78168000.0,388542473.0,48.0,39.953,5299000.0,0.185,1.0,20835000.0,0.64,0.0,-160000.0,50479000.0,,6165000.0,38814000.0,38814000.0,0.0,22607000.0,22267000.0,340000.0,423215473.0,-19727000.0,0.0,1367000.0,0.0,0.0,1367000.0,-26429000.0,-23339000.0,5494000.0,-159000.0,3833000.0,3833000.0,3833000.0,0.0,0.0,0.118,15339000.0,5496000.0,6583000.0,0.0,5.414,82.87,83.278,6238000.0,0.0,14.99,4.269,4.234,9537000.0,-15094000.0,32531000.0,32531000.0,3846000.0,,,,,2256000.0,5471000.0,1.0,28233187.0,28610000,32395000.0,1.137,100775000.0,3671000.0,2321000.0,3044000.0,3.522,65450000.0
63,MPWR,MRQ,2005-09-30,2005-09-30,2005-09-30,2021-08-09,-67000.0,90679000.0,,78894000.0,11785000.0,,2.52,-201000.0,44818000.0,44818000.0,10593000.0,9362000.0,4.009,0.281,0.0,0.0,0.0,0.0,0.0,459000.0,0.0,0.0,0.0,15077000.0,15536000.0,0.523,15536000.0,15077000.0,15003000.0,0.33,0.31,0.33,70783000.0,,70783000.0,205026758.0,131.0,64.861,7742000.0,0.276,1.0,19113000.0,0.643,0.0,74000.0,26183000.0,,5716000.0,15475000.0,15475000.0,0.0,19896000.0,19678000.0,218000.0,239699758.0,10145000.0,0.0,825000.0,0.0,0.0,840000.0,1449000.0,1625000.0,7943000.0,-87000.0,9362000.0,9362000.0,9362000.0,0.0,0.0,0.315,4437000.0,14676000.0,5995000.0,0.0,3.386,122.923,25.727,4595000.0,0.0,8.49,2.945,2.93,9761000.0,-18927000.0,29706000.0,29706000.0,4045000.0,,,,,1259000.0,4880000.0,1.0,28233187.0,28093000,30642000.0,1.057,90679000.0,3189000.0,5641000.0,1524000.0,3.228,59216000.0
64,MPWR,MRQ,2005-06-30,2005-06-30,2005-06-30,2021-08-09,225000.0,84412000.0,,72164000.0,12248000.0,,2.151,-724000.0,34673000.0,34673000.0,8168000.0,-6704000.0,2.935,0.416,0.0,0.0,0.0,0.0,0.0,433000.0,0.0,0.0,0.0,-11244000.0,-10811000.0,-0.486,-10811000.0,-11244000.0,-11289000.0,-0.24,-0.24,-0.24,59615000.0,,59615000.0,214403174.0,-15.0,-16.225,1742000.0,0.063,1.0,14089000.0,0.633,0.0,45000.0,25153000.0,,6343000.0,17100000.0,17100000.0,0.0,24797000.0,24586000.0,211000.0,247417801.0,1658000.0,0.0,383000.0,0.0,0.0,400000.0,-1224000.0,-500000.0,2466000.0,16000.0,-6704000.0,-6704000.0,-6704000.0,0.0,0.0,-0.301,25653000.0,-11564000.0,4004000.0,0.0,4.15,-27.944,-42.286,4853000.0,0.0,8.88,3.724,3.706,6687000.0,-28288000.0,22257000.0,22257000.0,3753000.0,,,,,1612000.0,4528000.0,1.0,27862365.0,27721000,27721000.0,0.803,84412000.0,7187000.0,-4585000.0,2000.0,3.045,47578000.0
65,MPWR,MRQ,2005-03-31,2005-03-31,2005-03-31,2021-08-09,208495.0,75035168.0,,63143969.0,11891199.0,,2.335,-758000.0,33014627.0,33014627.0,5546000.0,-1383000.0,5.993,0.167,0.0,0.0,0.0,0.0,0.0,375000.0,0.0,0.0,0.0,-1772000.0,-1397000.0,-0.095,-1397000.0,-1772000.0,-1813000.0,-0.05,-0.05,-0.05,64291457.0,,64291457.0,213400343.0,-53.0,-75.405,550000.0,0.02,1.0,9091000.0,0.621,0.0,41000.0,31485130.0,,6484187.0,16600000.0,16600000.0,0.0,10743711.0,10535411.0,208300.0,245418936.0,996000.0,0.0,139000.0,0.0,0.0,107000.0,-385000.0,400000.0,1308000.0,-34000.0,-1383000.0,-1383000.0,-1383000.0,0.0,0.0,-0.094,11235000.0,-2144000.0,4759419.0,0.0,3.817,-77.713,-73.583,4562669.0,0.0,8.83,4.427,4.386,4125886.0,-21584031.0,14637000.0,14637000.0,3182000.0,,,,,1662000.0,3555000.0,1.0,27793764.0,27537000,27537000.0,0.532,75035168.0,2488000.0,-430000.0,227163.0,2.725,52608558.0
66,MPWR,MRQ,2004-12-31,2004-12-31,2004-12-31,2021-08-09,243000.0,72384000.0,,60921000.0,11463000.0,,7.002,-1057000.0,32019000.0,32019000.0,5668000.0,853000.0,7.354,0.132,0.0,0.0,0.0,0.0,0.0,325000.0,0.0,0.0,0.0,-492000.0,-167000.0,-0.011,-167000.0,-492000.0,-585000.0,0.29,0.29,0.29,63939000.0,,63939000.0,235267946.0,-46.0,-59.441,-1589000.0,-0.174,1.0,9131000.0,0.617,0.0,93000.0,32081000.0,,5398000.0,17000000.0,17000000.0,0.0,8445000.0,8284000.0,161000.0,250951367.0,16836000.0,0.0,35307000.0,0.0,0.0,35307000.0,-18239000.0,-16501000.0,-532000.0,300000.0,853000.0,675000.0,675000.0,0.0,0.0,0.046,9778000.0,-647000.0,3396000.0,0.0,3.925,-51.194,-17.222,4180000.0,178000.0,9.3,5.273,1.784,3995000.0,-20201000.0,14799000.0,14799000.0,3453000.0,,,,,3019000.0,3337000.0,1.0,26984018.0,9132000,9132000.0,1.621,72384000.0,1901000.0,-1438000.0,374000.0,7.926,52637000.0
67,MPWR,MRQ,2004-09-30,2004-09-30,2004-09-30,2021-08-09,-68673.0,35077079.0,,23986910.0,11090169.0,,0.737,-1323000.0,15683421.0,15683421.0,5861000.0,-1107000.0,2.293,5.976,0.0,0.0,0.0,0.0,0.0,268000.0,0.0,,0.0,-1107000.0,-839000.0,-0.057,-839000.0,-1107000.0,-1107000.0,-0.21,-0.21,-0.21,5028099.0,,5028099.0,,,,2922000.0,0.429,1.0,8876000.0,0.602,0.0,0.0,8934364.0,,4091152.0,0.0,0.0,0.0,30048980.0,10459294.0,19589686.0,,3589000.0,0.0,141000.0,0.0,0.0,141000.0,-780000.0,500000.0,4245000.0,-17000.0,-1107000.0,-1442000.0,-1442000.0,0.0,0.0,-0.098,9941000.0,-1065000.0,6970086.0,0.0,,,,3426806.0,335000.0,,,,3590196.0,-20830359.0,14737000.0,14737000.0,3388000.0,,,,,2849000.0,3183000.0,1.0,26984018.0,6818000,6818000.0,2.161,35077079.0,0.0,0.0,0.0,5.145,13527616.0
68,MPWR,MRQ,2004-06-30,2004-06-30,2004-06-30,2021-08-09,,,,,,,,-500719.0,,,4752000.0,-673000.0,,,,,,,,245963.0,,,0.0,-673000.0,-427037.0,-0.038,-427037.0,-673000.0,-673000.0,-0.15,-0.15,-0.15,,,,,,,2543125.0,0.379,1.0,6512000.0,0.578,,0.0,,,,,,,,,,,3155818.0,0.0,104601.0,0.0,0.0,104601.0,53551.0,501000.0,3043844.0,-46178.0,-673000.0,-1008000.0,-1008000.0,0.0,0.0,-0.089,7218000.0,-706000.0,,0.0,,,,,335000.0,,,,,,11264000.0,11264000.0,3345000.0,,,,,2968115.0,2999000.0,1.0,,6706000,6706000.0,1.68,,,0.0,,,
69,MPWR,MRQ,2004-03-31,2004-03-31,2004-03-31,2021-08-09,,,,,,,,-303281.0,,,3313499.0,-2792544.0,,,,,,,,267037.0,,,0.0,-2791493.0,-2524456.0,-0.372,-2524456.0,-2791493.0,-2792544.0,-0.48,-0.48,-0.48,,,,,,,1907875.0,0.294,1.0,3481695.0,0.512,,1051.0,,,,,,,,,,,-3196818.0,0.0,165399.0,0.0,0.0,165399.0,-5572551.0,0.0,2211156.0,-822.0,-2792544.0,-3127421.0,-3127421.0,0.0,0.0,-0.46,6299603.0,-2817908.0,,0.0,,,,,334877.0,,,,,,6795194.0,6795194.0,2668465.0,,,,,3217885.0,3030325.0,1.0,,6482056,6482056.0,1.048,,,0.0,,,
70,MPWR,MRQ,2003-12-31,2003-12-31,2003-12-31,2021-08-09,1693.0,22603261.0,,19637472.0,2965789.0,,0.194,-309041.0,11635409.0,11635409.0,3225410.0,113267.0,6.785,17.362,0.0,0.0,0.0,0.0,0.0,240453.0,0.0,,0.0,87786.0,328239.0,0.04,328239.0,87786.0,113267.0,-0.03,-0.03,-0.03,1231000.0,,1231000.0,,,,709833.0,0.112,1.0,4937275.0,0.605,0.0,-25481.0,8073538.0,,1598754.0,1507190.0,1507190.0,0.0,21372261.0,2894314.0,18477947.0,,2860471.0,0.0,402891.0,0.0,0.0,402891.0,1426385.0,2522426.0,1018874.0,12321.0,113267.0,-222103.0,-222103.0,0.0,0.0,-0.027,3586194.0,1351081.0,1792410.0,0.0,,,,2148891.0,335370.0,,,,4566106.0,-15298662.0,8162685.0,8162685.0,1815216.0,,,,,1989692.0,2468929.0,1.0,,6355949,6355949.0,1.284,22603261.0,0.0,0.0,0.0,3.556,16743158.0
71,MPWR,MRQ,2002-12-31,2002-12-31,2002-12-31,2021-08-09,0.0,21614247.0,,20069477.0,1544770.0,,0.338,,17223494.0,17223494.0,,,8.022,9.919,0.0,0.0,0.0,0.0,0.0,,0.0,,0.0,,,,,,,,,,1979470.0,,1979470.0,,,,,,1.0,,,0.0,,1889027.0,,1267092.0,0.0,0.0,0.0,19634777.0,2501726.0,17133051.0,,,,,,,,,,,,,,,,,,,,1590906.0,,,,,1467936.0,,,,,1315033.0,-10679595.0,,,,,,,,,,1.0,,5863000,,,21614247.0,0.0,,0.0,3.687,17567751.0
0,MPWR,MRT,2021-06-30,2021-06-30,2021-06-30,2021-08-09,12301000.0,1372991000.0,1262742000.0,950080000.0,422911000.0,0.824,23.743,-89343000.0,220210000.0,220210000.0,463049000.0,199035000.0,5.199,0.263,0.0,0.0,0.0,0.0,0.0,23006000.0,0.0,0.006,2.2,219247000.0,242253000.0,0.233,242253000.0,219247000.0,219247000.0,4.39,4.2,4.39,1087355000.0,997522000.0,1087355000.0,16868463300.0,77.0,69.632,241714000.0,5.278,1.0,577188000.0,0.555,6571000.0,0.0,963479000.0,848952250.0,177322000.0,450078000.0,450078000.0,0.0,285636000.0,182731000.0,102905000.0,17086831300.0,63731000.0,0.0,21797000.0,-2436000.0,-98741000.0,-79380000.0,-195264000.0,-102314000.0,331057000.0,7318000.0,199035000.0,199035000.0,199035000.0,0.0,0.0,0.191,370533000.0,206655000.0,58882000.0,0.501,15.714,85.848,85.068,332093000.0,0.0,373.45,16.426,16.441,77553000.0,341382000.0,1040237000.0,1040237000.0,166614000.0,0.158,0.2,0.258,0.211,106655000.0,197314000.0,1.0,45754000.0,45796000,47754000.0,22.715,1366420000.0,17699000.0,20212000.0,38498000.0,29.837,767349000.0
1,MPWR,MRT,2021-03-31,2021-03-31,2021-03-31,2021-08-09,7012000.0,1308192000.0,1187283000.0,922430000.0,385762000.0,0.786,22.453,-64629000.0,218368000.0,218368000.0,417563000.0,174033000.0,4.909,0.281,0.0,0.0,0.0,0.0,0.0,20387000.0,0.0,0.006,2.1,188743000.0,209130000.0,0.224,209130000.0,188743000.0,188743000.0,3.86,3.68,3.86,1021577000.0,937919500.0,1021577000.0,15778849410.0,84.0,75.45,228812000.0,5.029,1.0,515566000.0,0.553,6571000.0,0.0,895344000.0,800911500.0,175223000.0,420455000.0,420455000.0,0.0,286615000.0,187909000.0,98706000.0,16113793410.0,63491000.0,0.0,21973000.0,-5641000.0,-94826000.0,-78494000.0,-157585000.0,-89822000.0,293441000.0,6129000.0,174033000.0,174033000.0,174033000.0,0.0,0.0,0.187,341584000.0,173982000.0,57235000.0,0.544,15.773,92.59,91.505,297741000.0,0.0,353.21,17.269,17.222,84059000.0,315206000.0,933129000.0,933129000.0,153534000.0,0.147,0.186,0.236,0.202,95572000.0,180959000.0,1.0,45621000.0,45498000,47711000.0,20.509,1301621000.0,17668000.0,14710000.0,37062000.0,28.608,734521000.0
2,MPWR,MRT,2020-12-31,2020-12-31,2020-12-31,2021-08-09,10140000.0,1208491000.0,1112111000.0,841998000.0,366493000.0,0.759,21.556,-55610000.0,334944000.0,334944000.0,378498000.0,164375000.0,5.729,0.25,0.0,0.0,0.0,0.0,0.0,19186000.0,0.0,0.005,2.0,169342000.0,188528000.0,0.223,188528000.0,169342000.0,169342000.0,3.67,3.5,3.67,966587000.0,885822750.0,966587000.0,16336408310.0,96.0,86.652,212193000.0,4.732,1.0,465954000.0,0.552,6571000.0,0.0,720007000.0,760465000.0,157062000.0,260169000.0,260169000.0,0.0,241904000.0,146969000.0,94935000.0,16515874310.0,161995000.0,0.0,22586000.0,-5357000.0,-88786000.0,-71557000.0,-39177000.0,19129000.0,267803000.0,4926000.0,164375000.0,164375000.0,164375000.0,0.0,0.0,0.195,307072000.0,158882000.0,38169000.0,0.545,17.087,100.477,99.79,281528000.0,0.0,366.23,19.558,19.447,66843000.0,298746000.0,844452000.0,844452000.0,137598000.0,0.148,0.186,0.223,0.201,85551000.0,161670000.0,1.0,45097000.0,44840000,47014000.0,18.833,1201920000.0,18556000.0,4967000.0,37062000.0,26.805,695029000.0
3,MPWR,MRT,2020-09-30,2020-09-30,2020-09-30,2021-08-09,2484000.0,1161294000.0,1049082000.0,819143000.0,342151000.0,0.742,20.337,-52806000.0,179466000.0,179466000.0,349131000.0,153926000.0,5.175,0.27,0.0,0.0,0.0,0.0,0.0,17835000.0,0.0,0.007,1.9,158325000.0,176160000.0,0.226,176160000.0,158325000.0,158325000.0,3.46,3.29,3.46,914569000.0,837548750.0,914569000.0,12401640930.0,78.0,70.4,196335000.0,4.366,1.0,429016000.0,0.551,6571000.0,0.0,816979000.0,750118000.0,148096000.0,374992000.0,372076000.0,2916000.0,246725000.0,158278000.0,88447000.0,12558123930.0,-26915000.0,0.0,22365000.0,-4916000.0,-84130000.0,-66681000.0,-212440000.0,-157233000.0,249141000.0,3065000.0,153926000.0,153926000.0,153926000.0,0.0,0.0,0.198,279402000.0,149614000.0,48142000.0,0.549,13.731,81.585,80.812,270310000.0,0.0,279.61,16.138,16.159,93535000.0,279653000.0,778147000.0,778147000.0,122357000.0,0.147,0.184,0.211,0.203,81261000.0,149790000.0,1.0,44913000.0,44970000,46955000.0,17.304,1154723000.0,13486000.0,4399000.0,35624000.0,25.678,660865000.0
4,MPWR,MRT,2020-06-30,2020-06-30,2020-06-30,2021-08-09,-4084000.0,1071155000.0,987792250.0,748864000.0,322291000.0,0.696,18.956,-34891000.0,156483000.0,156483000.0,308404000.0,127888000.0,5.475,0.262,0.0,0.0,0.0,0.0,0.0,16702000.0,0.0,0.008,1.8,128141000.0,144843000.0,0.211,144843000.0,128141000.0,128141000.0,2.9,2.75,2.9,848945000.0,792513500.0,848945000.0,10448500000.0,82.0,72.137,209268000.0,4.673,1.0,379134000.0,0.551,6571000.0,0.0,771316000.0,695700500.0,152119000.0,358872000.0,355840000.0,3032000.0,222210000.0,136785000.0,85425000.0,10603380000.0,-40526000.0,0.0,21831000.0,-4741000.0,-78777000.0,-61687000.0,-221163000.0,-183850000.0,244159000.0,-1835000.0,127888000.0,127888000.0,127888000.0,0.0,0.0,0.186,259467000.0,119667000.0,45169000.0,0.621,12.49,82.911,81.724,251980000.0,0.0,237.0,15.422,15.438,55136000.0,247864000.0,687538000.0,687538000.0,112382000.0,0.129,0.161,0.184,0.186,79586000.0,140979000.0,1.0,44740000.0,44785000,46831000.0,15.352,1064584000.0,13432000.0,253000.0,35624000.0,23.771,612079000.0
5,MPWR,MRT,2020-03-31,2020-03-31,2020-03-31,2021-08-09,-10011000.0,1007504000.0,937031750.0,704785000.0,302719000.0,0.696,18.292,-39569000.0,154880000.0,154880000.0,292570000.0,118414000.0,6.265,0.239,0.0,0.0,0.0,0.0,0.0,15940000.0,0.0,0.01,1.7,117334000.0,133274000.0,0.204,133274000.0,117334000.0,117334000.0,2.71,2.56,2.71,813190000.0,756315750.0,813190000.0,7296090920.0,62.0,54.745,189317000.0,4.259,1.0,359766000.0,0.552,6571000.0,0.0,733558000.0,646974000.0,131499000.0,337443000.0,334386000.0,3057000.0,194314000.0,112495000.0,81819000.0,7469050920.0,-26886000.0,0.0,21567000.0,-952000.0,-71960000.0,-51345000.0,-200789000.0,-158656000.0,228886000.0,-3638000.0,118414000.0,118414000.0,118414000.0,0.0,0.0,0.182,247935000.0,111831000.0,37752000.0,0.627,9.185,63.076,61.793,236807000.0,0.0,167.46,11.45,11.412,54341000.0,241465000.0,652336000.0,652336000.0,108254000.0,0.126,0.157,0.181,0.18,81251000.0,135154000.0,1.0,44602000.0,44455000,46670000.0,14.674,1000933000.0,13821000.0,-1080000.0,37596000.0,22.516,592290000.0
6,MPWR,MRT,2019-12-31,2019-12-31,2019-12-31,2021-08-09,-5476000.0,956375000.0,897208000.0,655206000.0,301169000.0,0.7,17.919,-87519000.0,172960000.0,172960000.0,281596000.0,108839000.0,6.67,0.236,0.0,0.0,0.0,0.0,0.0,14867000.0,0.0,0.009,1.6,113120000.0,127987000.0,0.204,127987000.0,113120000.0,113120000.0,2.52,2.38,2.52,773491000.0,723081000.0,773491000.0,7527781780.0,67.0,58.817,128784000.0,2.984,1.0,346325000.0,0.552,6571000.0,0.0,678619000.0,605657750.0,127500000.0,282437000.0,282437000.0,0.0,182884000.0,98225000.0,84659000.0,7733010780.0,258000.0,0.0,19927000.0,-683000.0,-67294000.0,-48050000.0,-167112000.0,-76511000.0,216303000.0,-883000.0,108839000.0,108839000.0,108839000.0,0.0,0.0,0.173,243763000.0,102562000.0,27271000.0,0.635,9.998,71.05,70.643,228315000.0,0.0,178.02,12.315,12.238,52704000.0,229450000.0,627921000.0,627921000.0,107757000.0,0.121,0.151,0.187,0.18,78699000.0,133542000.0,1.0,43439000.0,43165000,45763000.0,14.547,949804000.0,17193000.0,4281000.0,37596000.0,22.004,556981000.0
7,MPWR,MRT,2019-09-30,2019-09-30,2019-09-30,2021-08-09,-10039000.0,916135000.0,856472250.0,629295000.0,286840000.0,0.718,16.958,-83311000.0,205229000.0,205229000.0,275698000.0,104040000.0,5.992,0.247,0.0,0.0,0.0,0.0,0.0,14070000.0,0.0,0.01,1.5,112379000.0,126449000.0,0.206,126449000.0,112379000.0,112379000.0,2.42,2.28,2.42,734428000.0,689731500.0,734428000.0,6533051720.0,58.0,51.666,119596000.0,2.762,1.0,338982000.0,0.551,6571000.0,0.0,599309000.0,569432500.0,135634000.0,216775000.0,213511000.0,3264000.0,181707000.0,105026000.0,76681000.0,6730063720.0,75294000.0,0.0,18791000.0,-953000.0,-61735000.0,-43897000.0,-81054000.0,6804000.0,202907000.0,-2662000.0,104040000.0,104040000.0,104040000.0,0.0,0.0,0.169,234037000.0,104945000.0,30318000.0,0.62,9.164,64.687,64.31,217043000.0,0.0,155.63,10.949,10.965,58261000.0,215692000.0,614680000.0,614680000.0,103480000.0,0.121,0.151,0.197,0.183,74861000.0,128675000.0,1.0,43244000.0,43308000,45833000.0,14.193,909564000.0,16619000.0,8339000.0,32402000.0,21.002,524269000.0
8,MPWR,MRT,2019-06-30,2019-06-30,2019-06-30,2021-08-09,-4138000.0,868113000.0,818227750.0,585136000.0,282977000.0,0.74,16.334,-86691000.0,197012000.0,197012000.0,271000000.0,106080000.0,6.64,0.233,0.0,0.0,0.0,0.0,0.0,13475000.0,0.0,0.01,1.4,116297000.0,129772000.0,0.214,129772000.0,116297000.0,116297000.0,2.49,2.35,2.49,704154000.0,658665500.0,704154000.0,5664510460.0,49.0,43.65,95943000.0,2.226,1.0,334842000.0,0.553,6571000.0,0.0,576410000.0,554524500.0,143622000.0,172674000.0,169459000.0,3215000.0,163959000.0,88120000.0,75839000.0,5846279460.0,113939000.0,0.0,26142000.0,-752000.0,-56792000.0,-40111000.0,-26958000.0,64403000.0,182634000.0,-1626000.0,106080000.0,106080000.0,106080000.0,0.0,0.0,0.175,226436000.0,108406000.0,26544000.0,0.562,8.303,55.112,54.53,213830000.0,0.0,135.78,9.65,9.661,55398000.0,204533000.0,605842000.0,605842000.0,101368000.0,0.13,0.161,0.21,0.192,68405000.0,123535000.0,1.0,43057000.0,43109000,45483000.0,14.054,861542000.0,16686000.0,10217000.0,32402000.0,19.985,497016000.0
9,MPWR,MRT,2019-03-31,2019-03-31,2019-03-31,2021-08-09,-1040000.0,848209000.0,781187500.0,574085000.0,274124000.0,0.761,15.913,-73027000.0,181769000.0,181769000.0,265415000.0,109593000.0,6.269,0.247,0.0,0.0,0.0,0.0,0.0,12811000.0,0.0,0.01,1.3,121063000.0,133874000.0,0.225,133874000.0,121063000.0,121063000.0,2.58,2.45,2.58,680251000.0,627382000.0,680251000.0,5641984840.0,47.0,42.144,90968000.0,2.128,1.0,329181000.0,0.554,6571000.0,0.0,568293000.0,549041000.0,142543000.0,180545000.0,177255000.0,3290000.0,167958000.0,91576000.0,76382000.0,5814688840.0,105748000.0,0.0,24096000.0,-759000.0,-51897000.0,-36353000.0,-20319000.0,56510000.0,163995000.0,-1575000.0,109593000.0,109593000.0,109593000.0,0.0,0.0,0.184,216012000.0,113169000.0,27259000.0,0.504,8.548,53.057,52.516,205497000.0,0.0,135.49,9.779,9.741,58889000.0,202378000.0,594596000.0,594596000.0,97304000.0,0.14,0.175,0.22,0.204,61587000.0,117038000.0,1.0,42916000.0,42749000,45232000.0,13.909,841638000.0,16779000.0,11470000.0,34375000.0,19.688,482509000.0
10,MPWR,MRT,2018-12-31,2018-12-31,2018-12-31,2021-08-09,-5543000.0,793432000.0,743577000.0,580810000.0,212622000.0,0.783,15.151,-22526000.0,172704000.0,172704000.0,259714000.0,105268000.0,7.221,0.24,0.0,0.0,0.0,0.0,0.0,12311000.0,0.0,0.01,1.2,118482000.0,130793000.0,0.225,130793000.0,118482000.0,118482000.0,2.49,2.36,2.49,640093000.0,596895750.0,640093000.0,4799301000.0,41.0,36.694,118925000.0,2.815,1.0,322668000.0,0.554,6571000.0,0.0,533718000.0,542262250.0,136384000.0,207818000.0,204577000.0,3241000.0,153339000.0,80439000.0,72900000.0,4930395000.0,89944000.0,0.0,13665000.0,-749000.0,-47475000.0,-34559000.0,-14740000.0,11932000.0,141451000.0,-2208000.0,105268000.0,105268000.0,105268000.0,0.0,0.0,0.181,209180000.0,113488000.0,22678000.0,0.482,7.703,46.837,46.687,150001000.0,0.0,116.25,8.466,8.433,55214000.0,194728000.0,582382000.0,582382000.0,93455000.0,0.142,0.176,0.218,0.203,60607000.0,113803000.0,1.0,42412000.0,42247000,44602000.0,13.785,786861000.0,16830000.0,13214000.0,34375000.0,18.625,500371000.0
11,MPWR,MRT,2018-09-30,2018-09-30,2018-09-30,2021-08-09,-5740000.0,763157000.0,708361250.0,557401000.0,205756000.0,0.788,14.404,-58719000.0,131094000.0,131094000.0,249078000.0,89701000.0,6.519,0.251,0.0,0.0,0.0,0.0,0.0,13067000.0,0.0,0.009,1.1,112498000.0,125565000.0,0.225,125565000.0,112498000.0,112498000.0,2.13,2.03,2.13,610164000.0,567374250.0,610164000.0,5226806341.0,46.0,41.626,88515000.0,2.089,1.0,309238000.0,0.554,6879000.0,0.0,539677000.0,532925500.0,136790000.0,222011000.0,216754000.0,5257000.0,152993000.0,85507000.0,67486000.0,5309881341.0,26670000.0,0.0,12733000.0,0.0,-43043000.0,-30310000.0,-88027000.0,-24775000.0,147234000.0,-2227000.0,89701000.0,89701000.0,89701000.0,0.0,0.0,0.161,203773000.0,105465000.0,27603000.0,0.516,8.702,59.195,58.934,147497000.0,0.0,125.53,9.511,9.525,59887000.0,180819000.0,558316000.0,558316000.0,92450000.0,0.127,0.158,0.211,0.201,57623000.0,109469000.0,1.0,42299700.0,42362000,44669000.0,13.18,756278000.0,12852000.0,22797000.0,31173000.0,17.853,471894000.0
12,MPWR,MRT,2018-06-30,2018-06-30,2018-06-30,2021-08-09,-1705000.0,719952000.0,668825250.0,509846000.0,210106000.0,0.788,13.709,-58240000.0,83075000.0,83075000.0,236204000.0,81775000.0,6.769,0.243,0.0,0.0,0.0,0.0,0.0,13868000.0,0.0,0.007,1.0,101378000.0,115246000.0,0.219,115246000.0,101378000.0,101378000.0,1.95,1.86,1.95,579020000.0,541214000.0,579020000.0,5563175897.0,55.0,48.272,70521000.0,1.67,1.0,291076000.0,0.552,7075000.0,0.0,554476000.0,504602750.0,128909000.0,235675000.0,230428000.0,5247000.0,140932000.0,75326000.0,65606000.0,5639191897.0,11961000.0,0.0,2961000.0,0.0,-38578000.0,-26908000.0,-90201000.0,-27383000.0,128761000.0,309000.0,81775000.0,81775000.0,81775000.0,0.0,0.0,0.155,195272000.0,95804000.0,26689000.0,0.513,9.739,68.96,68.549,150658000.0,0.0,133.67,10.695,10.707,53460000.0,162859000.0,527280000.0,527280000.0,88262000.0,0.122,0.151,0.201,0.192,56749000.0,105172000.0,1.0,42187416.0,42237000,44400000.0,12.484,712877000.0,15791000.0,19603000.0,30735000.0,16.878,434520000.0
13,MPWR,MRT,2018-03-31,2018-03-31,2018-03-31,2021-08-09,5042000.0,697767000.0,630848750.0,484104000.0,213663000.0,0.792,13.318,-69749000.0,76016000.0,76016000.0,224780000.0,72583000.0,6.604,0.25,0.0,0.0,0.0,0.0,0.0,14812000.0,0.0,0.008,0.9,90471000.0,105283000.0,0.211,105283000.0,90471000.0,90471000.0,1.74,1.66,1.74,558306000.0,514907250.0,558306000.0,4794890656.0,53.0,45.543,58472000.0,1.395,1.0,274937000.0,0.55,7272000.0,0.0,541178000.0,472384250.0,111897000.0,236493000.0,231243000.0,5250000.0,139461000.0,73301000.0,66160000.0,4877649656.0,-802000.0,0.0,2987000.0,0.0,-34086000.0,-23306000.0,-108019000.0,-32942000.0,128221000.0,2302000.0,72583000.0,72583000.0,72583000.0,0.0,0.0,0.145,189045000.0,85892000.0,27511000.0,0.517,8.737,67.201,66.534,153770000.0,0.0,115.77,9.761,9.712,48241000.0,152257000.0,499717000.0,499717000.0,85073000.0,0.115,0.141,0.192,0.181,55985000.0,102484000.0,1.0,42132242.0,41922000,44282000.0,11.92,690495000.0,15840000.0,17888000.0,31900000.0,16.471,410803000.0
14,MPWR,MRT,2017-12-31,2017-12-31,2017-12-31,2021-08-09,1813000.0,652569000.0,590608000.0,449170000.0,203399000.0,0.797,12.624,-65770000.0,82759000.0,82759000.0,212646000.0,65203000.0,6.814,0.25,0.0,0.0,0.0,0.0,0.0,16101000.0,0.0,0.007,0.8,82944000.0,99045000.0,0.21,99045000.0,82944000.0,82944000.0,1.58,1.5,1.58,522007000.0,488112750.0,522007000.0,4560416345.0,55.0,46.044,68051000.0,1.646,1.0,258283000.0,0.548,7522000.0,0.0,496371000.0,435817250.0,99281000.0,221587000.0,216331000.0,5256000.0,130562000.0,65917000.0,64645000.0,4664840345.0,-29939000.0,0.0,2851000.0,-250000.0,-33926000.0,-31325000.0,-134060000.0,-63029000.0,133821000.0,1625000.0,65203000.0,65203000.0,65203000.0,0.0,0.0,0.138,180859000.0,77424000.0,22813000.0,0.506,8.936,71.543,71.114,144636000.0,0.0,112.36,9.906,9.866,38037000.0,143608000.0,470929000.0,470929000.0,82359000.0,0.11,0.134,0.19,0.176,52617000.0,97257000.0,1.0,41516913.0,41350000,43578000.0,11.389,645047000.0,15917000.0,17741000.0,31621000.0,15.6,383253000.0
15,MPWR,MRT,2017-09-30,2017-09-30,2017-09-30,2021-08-09,342000.0,605013000.0,555247250.0,463802000.0,141211000.0,0.802,12.194,-33184000.0,104424000.0,104424000.0,201482000.0,69707000.0,7.009,0.197,0.0,0.0,0.0,0.0,0.0,16224000.0,0.0,0.008,0.8,74685000.0,90909000.0,0.204,90909000.0,74685000.0,74685000.0,1.68,1.61,1.68,505523000.0,465390000.0,505523000.0,4338369052.0,58.0,47.722,78263000.0,1.888,1.0,243635000.0,0.547,8035000.0,0.0,426386000.0,395706750.0,99887000.0,200542000.0,195174000.0,5368000.0,99490000.0,66168000.0,33322000.0,4409479052.0,-5053000.0,0.0,2983000.0,-400000.0,-33729000.0,-30759000.0,-85882000.0,-47842000.0,111447000.0,141000.0,69707000.0,69707000.0,69707000.0,0.0,0.0,0.157,173720000.0,69915000.0,21831000.0,0.476,8.723,63.257,63.423,100629000.0,0.0,106.55,9.906,9.924,50757000.0,140455000.0,445117000.0,445117000.0,78602000.0,0.126,0.15,0.189,0.168,51120000.0,94536000.0,1.0,41384130.0,41458000,43486000.0,10.737,596978000.0,661000.0,4978000.0,4627000.0,14.4,397634000.0
16,MPWR,MRT,2017-06-30,2017-06-30,2017-06-30,2021-08-09,-1380000.0,568046000.0,527708000.0,427213000.0,140833000.0,0.801,11.466,-38962000.0,71110000.0,71110000.0,191930000.0,60438000.0,6.804,0.199,0.0,0.0,0.0,0.0,0.0,15864000.0,0.0,0.008,0.8,65379000.0,81243000.0,0.192,81243000.0,65379000.0,65379000.0,1.46,1.41,1.46,473793000.0,443083750.0,473793000.0,3901130893.0,60.0,48.018,71726000.0,1.736,1.0,230704000.0,0.546,8548000.0,0.0,425602000.0,369054000.0,92666000.0,211909000.0,206561000.0,5348000.0,94253000.0,62786000.0,31467000.0,3977956893.0,-10932000.0,0.0,2993000.0,-400000.0,-33434000.0,-29737000.0,-91051000.0,-47072000.0,110688000.0,-832000.0,60438000.0,60438000.0,60438000.0,0.0,0.0,0.143,169620000.0,61084000.0,25232000.0,0.548,8.396,65.819,66.027,100562000.0,0.0,96.4,9.412,9.426,41982000.0,125726000.0,422634000.0,422634000.0,77632000.0,0.115,0.136,0.177,0.155,49948000.0,91678000.0,1.0,41265113.0,41323000,43397000.0,10.228,559498000.0,650000.0,4941000.0,4303000.0,13.54,364427000.0
17,MPWR,MRT,2017-03-31,2017-03-31,2017-03-31,2021-08-09,-2707000.0,536804000.0,502856750.0,406336000.0,130468000.0,0.804,10.991,-35187000.0,76826000.0,76826000.0,184310000.0,56622000.0,7.255,0.19,0.0,0.0,0.0,0.0,0.0,15398000.0,0.0,0.009,0.8,61296000.0,76694000.0,0.19,76694000.0,61296000.0,61296000.0,1.38,1.33,1.38,451128000.0,423420500.0,451128000.0,3679235437.0,60.0,47.973,65621000.0,1.599,1.0,220205000.0,0.544,9060000.0,0.0,394910000.0,343625000.0,78535000.0,207157000.0,201815000.0,5342000.0,85676000.0,56008000.0,29668000.0,3791938437.0,-985000.0,0.0,3501000.0,-550000.0,-33304000.0,-28888000.0,-71143000.0,-30707000.0,100808000.0,-1762000.0,56622000.0,56622000.0,56622000.0,0.0,0.0,0.14,162564000.0,57641000.0,22637000.0,0.58,8.405,66.969,66.739,85617000.0,0.0,92.1,9.374,9.346,38115000.0,119613000.0,404515000.0,404515000.0,75216000.0,0.113,0.134,0.178,0.152,46207000.0,87336000.0,1.0,41171970.0,41047000,43268000.0,9.855,527744000.0,641000.0,4674000.0,4111000.0,12.857,350328000.0
18,MPWR,MRT,2016-12-31,2016-12-31,2016-12-31,2021-08-09,-4215000.0,511126000.0,480433750.0,382984000.0,128142000.0,0.809,10.662,-37112000.0,112703000.0,112703000.0,177792000.0,52720000.0,7.237,0.186,0.0,0.0,0.0,0.0,0.0,14674000.0,0.0,0.01,0.8,57264000.0,71938000.0,0.185,71938000.0,57264000.0,57264000.0,1.3,1.26,1.3,431116000.0,406135000.0,431116000.0,3222930104.0,56.0,44.801,70674000.0,1.748,1.0,210873000.0,0.543,9573000.0,0.0,335929000.0,323115000.0,71469000.0,160875000.0,155521000.0,5354000.0,80010000.0,52921000.0,27089000.0,3332409104.0,21840000.0,0.0,3807000.0,-300000.0,-33099000.0,-28127000.0,-55726000.0,-13568000.0,107786000.0,-2093000.0,52720000.0,52720000.0,52720000.0,0.0,0.0,0.136,156426000.0,54447000.0,17427000.0,0.615,7.73,63.21,63.023,85171000.0,0.0,81.93,8.574,8.524,34248000.0,119362000.0,388665000.0,388665000.0,73643000.0,0.11,0.13,0.177,0.147,43524000.0,83012000.0,1.0,40673857.0,40436000,41915000.0,9.612,501553000.0,633000.0,4544000.0,3870000.0,12.404,330063000.0
19,MPWR,MRT,2016-09-30,2016-09-30,2016-09-30,2021-08-09,63000.0,494856000.0,460473500.0,366810000.0,128046000.0,0.808,10.256,-36310000.0,109479000.0,109479000.0,170688000.0,46255000.0,6.607,0.189,0.0,0.0,0.0,0.0,0.0,13847000.0,0.0,0.01,0.8,51166000.0,65013000.0,0.175,65013000.0,51166000.0,51166000.0,1.14,1.1,1.14,416298000.0,390485000.0,416298000.0,3177580608.0,62.0,48.876,64814000.0,1.597,1.0,201278000.0,0.541,10086000.0,0.0,319775000.0,310512250.0,70692000.0,154966000.0,149584000.0,5382000.0,78558000.0,55516000.0,23042000.0,3259626608.0,32863000.0,0.0,3971000.0,-300000.0,-32746000.0,-26290000.0,-41378000.0,1835000.0,101124000.0,-593000.0,46255000.0,46255000.0,46255000.0,0.0,0.0,0.124,152582000.0,48696000.0,17332000.0,0.702,7.83,70.471,70.614,82097000.0,0.0,80.5,8.763,8.784,33335000.0,111535000.0,371966000.0,371966000.0,72403000.0,0.1,0.118,0.165,0.138,43828000.0,79804000.0,1.0,40492256.0,40590000,41895000.0,9.164,484770000.0,644000.0,4911000.0,3594000.0,11.943,311294000.0
20,MPWR,MRT,2016-06-30,2016-06-30,2016-06-30,2021-08-09,128000.0,468641000.0,441779250.0,349114000.0,119527000.0,0.807,9.784,-27707000.0,82046000.0,82046000.0,163911000.0,43083000.0,6.699,0.186,0.0,0.0,0.0,0.0,0.0,13564000.0,0.0,0.012,0.8,48689000.0,62253000.0,0.175,62253000.0,48689000.0,48689000.0,1.07,1.04,1.07,395140000.0,374938750.0,395140000.0,2674879405.0,55.0,42.968,62548000.0,1.549,1.0,192793000.0,0.54,10598000.0,0.0,323886000.0,301245000.0,69919000.0,167112000.0,161818000.0,5294000.0,73501000.0,52111000.0,21390000.0,2752687405.0,1178000.0,0.0,-9662000.0,-300000.0,-32603000.0,-38924000.0,-48452000.0,-13853000.0,90255000.0,-1701000.0,43083000.0,43083000.0,43083000.0,0.0,0.0,0.121,145788000.0,47005000.0,19140000.0,0.748,6.966,63.893,63.85,74293000.0,0.0,68.32,7.717,7.735,31351000.0,105883000.0,356704000.0,356704000.0,69203000.0,0.098,0.115,0.162,0.136,39932000.0,76129000.0,1.0,40291092.0,40387000,41716000.0,8.832,458043000.0,644000.0,5606000.0,3328000.0,11.341,297003000.0
21,MPWR,MRT,2016-03-31,2016-03-31,2016-03-31,2021-08-09,2174000.0,447112000.0,429024750.0,345564000.0,101548000.0,0.802,9.543,-16327000.0,77808000.0,77808000.0,158045000.0,39784000.0,7.624,0.17,0.0,0.0,0.0,0.0,0.0,13482000.0,0.0,0.013,0.8,46911000.0,60393000.0,0.176,60393000.0,46911000.0,46911000.0,0.99,0.96,0.99,381986000.0,364844250.0,381986000.0,2467443690.0,53.0,40.856,66598000.0,1.664,1.0,185996000.0,0.541,11111000.0,0.0,312870000.0,289741500.0,62318000.0,179046000.0,173693000.0,5353000.0,65126000.0,45323000.0,19803000.0,2558303690.0,-18158000.0,0.0,-12574000.0,-300000.0,-32080000.0,-39026000.0,-60916000.0,-37691000.0,82925000.0,-1141000.0,39784000.0,39784000.0,39784000.0,0.0,0.0,0.116,140407000.0,45589000.0,15731000.0,0.808,6.697,64.305,64.283,66527000.0,0.0,63.64,7.436,7.404,28836000.0,103362000.0,344041000.0,344041000.0,67070000.0,0.093,0.109,0.162,0.136,35395000.0,72562000.0,1.0,40199618.0,40028000,41646000.0,8.595,436001000.0,663000.0,7127000.0,3114000.0,10.892,300241000.0
22,MPWR,MRT,2015-12-31,2015-12-31,2015-12-31,2021-08-09,1466000.0,431285000.0,419654250.0,331928000.0,99357000.0,0.794,9.337,-15684000.0,90860000.0,90860000.0,152898000.0,35172000.0,7.669,0.17,0.0,0.0,0.0,0.0,0.0,13783000.0,0.0,0.013,0.8,42491000.0,56274000.0,0.169,56274000.0,42491000.0,42491000.0,0.89,0.86,0.89,368516000.0,355710750.0,368516000.0,2441154972.0,57.0,43.38,54052000.0,1.369,1.0,180169000.0,0.541,11624000.0,0.0,285518000.0,275213000.0,63209000.0,149464000.0,144103000.0,5361000.0,62769000.0,43283000.0,19486000.0,2517770972.0,-35406000.0,0.0,-22315000.0,-300000.0,-29965000.0,-46652000.0,-57197000.0,-33469000.0,69736000.0,-1293000.0,35172000.0,35172000.0,35172000.0,0.0,0.0,0.106,139099000.0,41070000.0,13487000.0,0.899,6.832,71.585,71.584,65359000.0,0.0,63.71,7.559,7.55,30830000.0,101287000.0,333067000.0,333067000.0,65787000.0,0.084,0.099,0.154,0.128,35635000.0,72312000.0,1.0,39519243.0,39470000,40869000.0,8.438,419661000.0,672000.0,7319000.0,2941000.0,10.632,288645000.0
23,MPWR,MRT,2015-09-30,2015-09-30,2015-09-30,2021-08-09,3084000.0,420079000.0,411674500.0,329968000.0,90111000.0,0.782,8.944,-10191000.0,76616000.0,76616000.0,147640000.0,33923000.0,6.787,0.186,0.0,0.0,0.0,0.0,0.0,13920000.0,0.0,0.015,0.75,39720000.0,53640000.0,0.167,53640000.0,39720000.0,39720000.0,0.86,0.84,0.86,354113000.0,350188000.0,354113000.0,1946722758.0,49.0,36.292,55744000.0,1.408,1.0,174211000.0,0.541,12137000.0,0.0,282706000.0,259547500.0,67309000.0,158411000.0,153047000.0,5364000.0,65966000.0,48620000.0,17346000.0,2027590758.0,-25196000.0,0.0,-29316000.0,-300000.0,-27694000.0,-53079000.0,-36724000.0,-22603000.0,65935000.0,-1328000.0,33923000.0,33923000.0,33923000.0,0.0,0.0,0.105,135768000.0,38443000.0,15661000.0,0.872,5.726,59.77,59.535,60088000.0,0.0,51.2,6.3,6.298,30475000.0,99731000.0,321851000.0,321851000.0,63994000.0,0.082,0.097,0.153,0.123,33542000.0,70991000.0,1.0,39601382.0,39592000,40689000.0,8.129,407942000.0,1031000.0,5797000.0,3229000.0,10.304,281348000.0
24,MPWR,MRT,2015-06-30,2015-06-30,2015-06-30,2021-08-09,6186000.0,417623000.0,404829500.0,325317000.0,92306000.0,0.763,8.965,-10208000.0,80868000.0,80868000.0,141758000.0,33943000.0,7.036,0.177,0.0,0.0,0.0,0.0,0.0,13922000.0,0.0,0.014,0.7,37064000.0,50986000.0,0.165,50986000.0,37064000.0,37064000.0,0.87,0.84,0.87,354762000.0,347075000.0,354762000.0,1908584580.0,51.0,37.434,49686000.0,1.256,1.0,167234000.0,0.541,12649000.0,0.0,277872000.0,248923500.0,64964000.0,155541000.0,150166000.0,5375000.0,62861000.0,46234000.0,16627000.0,2004550580.0,-26995000.0,-11590000.0,-23387000.0,-300000.0,-25500000.0,-46529000.0,-40088000.0,-12576000.0,59894000.0,-272000.0,33943000.0,33943000.0,33943000.0,0.0,0.0,0.11,131655000.0,35579000.0,16596000.0,0.805,5.65,59.056,58.287,62163000.0,0.0,50.71,6.487,6.494,26765000.0,97023000.0,308992000.0,308992000.0,61401000.0,0.084,0.098,0.149,0.12,33499000.0,69275000.0,1.0,39529690.0,39570000,40745000.0,7.809,404974000.0,1053000.0,3121000.0,3018000.0,10.234,279083000.0
25,MPWR,MRT,2015-03-31,2015-03-31,2015-03-31,2021-08-09,6096000.0,409630000.0,397087250.0,315223000.0,94407000.0,0.745,8.834,-9698000.0,95966000.0,95966000.0,135808000.0,32441000.0,6.869,0.186,0.0,0.0,0.0,0.0,0.0,13569000.0,0.0,0.012,0.65,33617000.0,47186000.0,0.159,47186000.0,33617000.0,33617000.0,0.84,0.81,0.84,345452000.0,342041500.0,345452000.0,1942398937.0,58.0,41.165,68131000.0,1.742,1.0,160204000.0,0.541,13016000.0,0.0,254756000.0,238660750.0,53396000.0,143185000.0,137791000.0,5394000.0,64178000.0,45892000.0,18286000.0,2068664937.0,7081000.0,-11590000.0,-30420000.0,-400000.0,-17517000.0,-48327000.0,-22233000.0,6566000.0,77829000.0,-188000.0,32441000.0,32441000.0,32441000.0,0.0,0.0,0.11,128132000.0,32072000.0,19900000.0,0.774,5.988,63.767,62.679,64256000.0,0.0,52.65,6.988,6.955,25343000.0,97619000.0,296012000.0,296012000.0,59026000.0,0.082,0.095,0.141,0.114,35065000.0,68164000.0,1.0,39290882.0,39105000,40596000.0,7.57,396614000.0,1052000.0,1176000.0,6016000.0,10.142,269331000.0
26,MPWR,MRT,2014-12-31,2014-12-31,2014-12-31,2021-08-09,5811000.0,399366000.0,388337750.0,307912000.0,91454000.0,0.728,8.955,-9511000.0,126266000.0,126266000.0,129917000.0,35495000.0,8.353,0.153,0.0,0.0,0.0,0.0,0.0,13130000.0,0.0,0.009,0.45,36392000.0,49522000.0,0.175,49522000.0,36392000.0,36392000.0,0.92,0.89,0.92,346425000.0,339345250.0,346425000.0,1825364847.0,50.0,36.86,64622000.0,1.67,1.0,152618000.0,0.54,13383000.0,0.0,222856000.0,238748750.0,40918000.0,117841000.0,112452000.0,5389000.0,52941000.0,36861000.0,16080000.0,1927176847.0,25053000.0,-11590000.0,-27179000.0,-400000.0,-11658000.0,-39227000.0,-9367000.0,17069000.0,74133000.0,-486000.0,35495000.0,35495000.0,35495000.0,0.0,0.0,0.126,117318000.0,35300000.0,13138000.0,0.489,5.563,54.294,54.065,62942000.0,0.0,49.74,6.821,6.811,25630000.0,100114000.0,282535000.0,282535000.0,58590000.0,0.091,0.105,0.152,0.129,33444000.0,66755000.0,1.0,38745011.0,38686000,39793000.0,7.303,385983000.0,1283000.0,897000.0,5876000.0,9.977,271051000.0
27,MPWR,MRT,2014-09-30,2014-09-30,2014-09-30,2021-08-09,5661000.0,392699000.0,380723250.0,297310000.0,95389000.0,0.71,8.809,-7982000.0,101812000.0,101812000.0,124439000.0,34135000.0,8.051,0.149,0.0,0.0,0.0,0.0,0.0,12888000.0,0.0,0.007,0.3,34805000.0,47693000.0,0.176,47693000.0,34805000.0,34805000.0,0.88,0.86,0.88,341661000.0,333588750.0,341661000.0,1597958141.0,46.0,33.505,76063000.0,1.961,1.0,145953000.0,0.54,13749000.0,0.0,240210000.0,240336250.0,41587000.0,136644000.0,126849000.0,9795000.0,51038000.0,36928000.0,14110000.0,1705821141.0,-8634000.0,-11590000.0,-27914000.0,-807000.0,-5817000.0,-34538000.0,-58076000.0,-33336000.0,84045000.0,-65000.0,34135000.0,34135000.0,34135000.0,0.0,0.0,0.126,111778000.0,34175000.0,14793000.0,0.341,4.993,49.973,50.057,63428000.0,0.0,44.05,6.309,6.319,24274000.0,97398000.0,270392000.0,270392000.0,56137000.0,0.09,0.102,0.145,0.129,30492000.0,63651000.0,1.0,38724657.0,38785000,39727000.0,6.972,378950000.0,477000.0,670000.0,4746000.0,9.771,260382000.0
28,MPWR,MRT,2014-06-30,2014-06-30,2014-06-30,2021-08-09,5840000.0,386654000.0,370058500.0,306297000.0,80357000.0,0.696,8.65,-10833000.0,107863000.0,107863000.0,118620000.0,30324000.0,7.298,0.155,0.0,0.0,0.0,0.0,0.0,12749000.0,0.0,0.004,0.15,32754000.0,45503000.0,0.177,45503000.0,32754000.0,32754000.0,0.79,0.77,0.79,334628000.0,327506250.0,334628000.0,1546070206.0,47.0,33.977,65224000.0,1.686,1.0,138784000.0,0.539,0.0,0.0,236821000.0,233592500.0,41198000.0,142860000.0,133012000.0,9848000.0,52026000.0,41970000.0,10056000.0,1634955206.0,6128000.0,0.0,-12064000.0,-807000.0,0.0,-12871000.0,-57373000.0,-43527000.0,76057000.0,315000.0,30324000.0,30324000.0,30324000.0,0.0,0.0,0.118,106399000.0,32385000.0,13759000.0,0.19,4.886,53.916,53.608,64447000.0,0.0,42.35,6.352,6.365,21420000.0,92269000.0,257404000.0,257404000.0,54101000.0,0.082,0.093,0.14,0.127,26864000.0,60536000.0,1.0,38605790.0,38684000,39608000.0,6.654,386654000.0,771000.0,2430000.0,5758000.0,9.995,264327000.0
29,MPWR,MRT,2014-03-31,2014-03-31,2014-03-31,2021-08-09,5652000.0,374632000.0,356543500.0,293257000.0,81375000.0,0.692,8.699,-16757000.0,88885000.0,88885000.0,114069000.0,29416000.0,9.571,0.119,0.0,0.0,0.0,0.0,0.0,12633000.0,0.0,0.0,0.0,30987000.0,43620000.0,0.177,43620000.0,30987000.0,30987000.0,0.77,0.75,0.77,334667000.0,317339750.0,334667000.0,1398649888.0,45.0,32.064,49210000.0,1.279,1.0,132613000.0,0.538,0.0,0.0,255108000.0,223948750.0,39829000.0,149593000.0,139750000.0,9843000.0,39965000.0,30639000.0,9326000.0,1499862888.0,-4402000.0,0.0,3650000.0,-557000.0,0.0,2961000.0,-73815000.0,-56441000.0,65967000.0,485000.0,29416000.0,29416000.0,29416000.0,0.0,0.0,0.119,101918000.0,30695000.0,11748000.0,0.0,4.482,50.988,50.351,65897000.0,0.0,38.77,6.08,6.046,22057000.0,91956000.0,246682000.0,246682000.0,53211000.0,0.083,0.093,0.138,0.126,23771000.0,57476000.0,1.0,38686172.0,38470000,39517000.0,6.412,374632000.0,768000.0,1571000.0,5652000.0,9.738,262618000.0
30,MPWR,MRT,2013-12-31,2013-12-31,2013-12-31,2021-08-09,6260000.0,368908000.0,340583250.0,292086000.0,76822000.0,0.699,8.65,-15676000.0,101213000.0,101213000.0,110190000.0,22898000.0,7.589,0.141,0.0,0.0,0.0,0.0,0.0,12160000.0,0.0,0.0,0.0,24007000.0,36167000.0,0.152,36167000.0,24007000.0,24007000.0,0.61,0.59,0.61,323399000.0,302750750.0,323399000.0,1213795969.0,51.0,33.561,45010000.0,1.204,1.0,127901000.0,0.537,0.0,0.0,229206000.0,207595250.0,39737000.0,134986000.0,125126000.0,9860000.0,45509000.0,38489000.0,7020000.0,1324241969.0,26109000.0,0.0,19407000.0,-557000.0,0.0,18850000.0,-54324000.0,-38031000.0,60686000.0,897000.0,22898000.0,22898000.0,22898000.0,0.0,0.0,0.096,103986000.0,23915000.0,10694000.0,0.0,4.095,57.832,56.82,64837000.0,0.0,34.66,5.562,5.443,23730000.0,82938000.0,238091000.0,238091000.0,49733000.0,0.067,0.076,0.116,0.101,20701000.0,54624000.0,1.0,38206635.0,37387000,38620000.0,6.368,368908000.0,481000.0,1109000.0,5542000.0,9.867,253597000.0
31,MPWR,MRT,2013-09-30,2013-09-30,2013-09-30,2021-08-09,5899000.0,350040000.0,320146750.0,270950000.0,79090000.0,0.696,8.371,-17748000.0,110446000.0,110446000.0,103585000.0,15646000.0,10.279,0.103,0.0,0.0,0.0,0.0,0.0,11426000.0,0.0,0.033,1.0,16994000.0,28420000.0,0.128,28420000.0,16994000.0,16994000.0,0.42,0.4,0.42,317331000.0,286474500.0,317331000.0,1037909969.0,61.0,36.52,23952000.0,0.632,1.0,119160000.0,0.535,0.0,0.0,213235000.0,197443250.0,42975000.0,103749000.0,93902000.0,9847000.0,32709000.0,26359000.0,6350000.0,1139644969.0,32199000.0,0.0,27983000.0,0.0,-35664000.0,-7647000.0,-2597000.0,14981000.0,41700000.0,743000.0,15646000.0,15646000.0,15646000.0,0.0,0.0,0.07,102305000.0,16855000.0,10406000.0,2.381,3.591,72.839,72.095,67221000.0,0.0,30.28,5.116,5.153,21957000.0,75439000.0,222745000.0,222745000.0,50487000.0,0.049,0.055,0.086,0.076,22373000.0,54872000.0,1.0,37636888.0,37910000,39009000.0,5.876,350040000.0,688000.0,1348000.0,5039000.0,9.233,244591000.0
32,MPWR,MRT,2013-06-30,2013-06-30,2013-06-30,2021-08-09,5285000.0,332594000.0,311454000.0,251952000.0,80642000.0,0.687,7.934,-18676000.0,101735000.0,101735000.0,100027000.0,14157000.0,7.726,0.131,0.0,0.0,0.0,0.0,0.0,10590000.0,0.0,0.041,1.0,14873000.0,25463000.0,0.119,25463000.0,14873000.0,14873000.0,0.39,0.37,0.39,293962000.0,278407750.0,293962000.0,793379467.0,53.0,31.158,16161000.0,0.436,1.0,113879000.0,0.532,0.0,0.0,198246000.0,197174000.0,40268000.0,99582000.0,87884000.0,11698000.0,38632000.0,32613000.0,6019000.0,886666467.0,20091000.0,0.0,24216000.0,0.0,-35664000.0,-11346000.0,-3871000.0,14785000.0,34837000.0,471000.0,14157000.0,14157000.0,14157000.0,0.0,0.0,0.066,99360000.0,14519000.0,14954000.0,2.564,3.016,62.631,61.821,67281000.0,0.0,24.11,4.145,4.176,20319000.0,68029000.0,213906000.0,213906000.0,49811000.0,0.045,0.051,0.075,0.07,19327000.0,52936000.0,1.0,36775880.0,37053000,38239000.0,5.773,332594000.0,684000.0,716000.0,5019000.0,8.976,219339000.0
33,MPWR,MRT,2013-03-31,2013-03-31,2013-03-31,2021-08-09,4456000.0,310791000.0,305824000.0,234431000.0,76360000.0,0.702,7.62,-19606000.0,93287000.0,93287000.0,100676000.0,15260000.0,8.43,0.125,0.0,0.0,0.0,0.0,0.0,9857000.0,0.0,0.041,1.0,16881000.0,26738000.0,0.124,26738000.0,16881000.0,16881000.0,0.43,0.41,0.43,276311000.0,272227500.0,276311000.0,814438286.0,48.0,30.46,5791000.0,0.16,1.0,114123000.0,0.531,0.0,0.0,189694000.0,195824000.0,34949000.0,93471000.0,81756000.0,11715000.0,34480000.0,27810000.0,6670000.0,889542286.0,14556000.0,0.0,21227000.0,0.0,-35664000.0,-13536000.0,2603000.0,22189000.0,25397000.0,92000.0,15260000.0,15260000.0,15260000.0,0.0,0.0,0.071,97737000.0,16386000.0,13256000.0,2.326,3.219,58.292,56.674,62871000.0,0.0,24.37,4.141,4.114,22669000.0,62539000.0,214799000.0,214799000.0,49801000.0,0.05,0.056,0.086,0.079,18447000.0,51310000.0,1.0,36501530.0,36259000,37708000.0,5.924,310791000.0,675000.0,1621000.0,5420000.0,8.571,206621000.0
34,MPWR,MRT,2012-12-31,2012-12-31,2012-12-31,2021-08-09,4175000.0,287162000.0,300921250.0,214301000.0,72861000.0,0.711,7.407,-21046000.0,75104000.0,75104000.0,100665000.0,15756000.0,9.135,0.112,0.0,0.0,0.0,0.0,0.0,9332000.0,0.0,0.045,1.0,17890000.0,27222000.0,0.127,27222000.0,17890000.0,17890000.0,0.45,0.43,0.45,258294000.0,266845000.0,258294000.0,712148922.0,40.0,26.161,3866000.0,0.111,1.0,113148000.0,0.529,0.0,0.0,188598000.0,193645500.0,32115000.0,97276000.0,85521000.0,11755000.0,28868000.0,23460000.0,5408000.0,790395922.0,-21267000.0,0.0,15242000.0,0.0,-35664000.0,-19553000.0,-26837000.0,-5811000.0,24912000.0,211000.0,15756000.0,15756000.0,15756000.0,0.0,0.0,0.074,95869000.0,17279000.0,9859000.0,2.222,3.06,50.165,49.511,59412000.0,0.0,22.28,3.697,3.634,19383000.0,60040000.0,213813000.0,213813000.0,48796000.0,0.052,0.059,0.092,0.084,17783000.0,50018000.0,1.0,35475580.0,34871000,36247000.0,6.132,287162000.0,670000.0,2134000.0,5408000.0,8.235,190841000.0
35,MPWR,MRT,2012-09-30,2012-09-30,2012-09-30,2021-08-09,4025000.0,315269000.0,297597500.0,242568000.0,72701000.0,0.716,8.111,-20949000.0,78247000.0,78247000.0,100548000.0,17961000.0,9.756,0.106,0.0,0.0,0.0,0.0,0.0,9048000.0,0.0,0.0,0.0,19430000.0,28478000.0,0.134,28478000.0,19430000.0,19430000.0,0.52,0.49,0.52,285064000.0,262990750.0,285064000.0,606502406.0,31.0,21.297,5767000.0,0.164,1.0,112512000.0,0.528,0.0,0.0,212158000.0,184352500.0,32623000.0,119035000.0,107279000.0,11756000.0,30205000.0,24864000.0,5341000.0,688146406.0,-14725000.0,0.0,14448000.0,0.0,0.0,15165000.0,-56812000.0,-35404000.0,26716000.0,206000.0,17961000.0,17961000.0,17961000.0,0.0,0.0,0.084,93802000.0,18710000.0,11405000.0,0.0,2.414,38.313,37.981,59883000.0,0.0,19.75,3.23,3.258,21561000.0,95456000.0,213060000.0,213060000.0,46956000.0,0.06,0.068,0.105,0.091,11792000.0,46286000.0,1.0,34842856.0,35145000,36438000.0,6.062,315269000.0,663000.0,1469000.0,5341000.0,8.971,217704000.0
36,MPWR,MRT,2012-06-30,2012-06-30,2012-06-30,2021-08-09,4082000.0,310074000.0,285570750.0,238151000.0,71923000.0,0.734,7.767,-28922000.0,81644000.0,81644000.0,99201000.0,17513000.0,6.693,0.152,0.0,0.0,0.0,0.0,0.0,8810000.0,0.0,0.0,0.0,18008000.0,26818000.0,0.128,26818000.0,18008000.0,18008000.0,0.51,0.49,0.51,269241000.0,250988000.0,269241000.0,607212468.0,34.0,22.642,5541000.0,0.16,1.0,110313000.0,0.527,0.0,0.0,192846000.0,168588250.0,29455000.0,114727000.0,103013000.0,11714000.0,40833000.0,35584000.0,5249000.0,685943468.0,-16041000.0,0.0,9657000.0,0.0,0.0,9977000.0,-60696000.0,-31774000.0,34463000.0,215000.0,17513000.0,17513000.0,17513000.0,0.0,0.0,0.084,92872000.0,17441000.0,17701000.0,0.0,2.548,39.168,38.922,59584000.0,0.0,19.85,3.274,3.284,21415000.0,89535000.0,209514000.0,209514000.0,46781000.0,0.061,0.07,0.107,0.086,13372000.0,44580000.0,1.0,34556346.0,34665000,35997000.0,6.044,310074000.0,665000.0,495000.0,5249000.0,8.945,202567000.0
37,MPWR,MRT,2012-03-31,2012-03-31,2012-03-31,2021-08-09,4065000.0,291180000.0,273842250.0,225420000.0,65760000.0,0.74,7.47,-22841000.0,78731000.0,78731000.0,96836000.0,14403000.0,7.163,0.143,0.0,0.0,0.0,0.0,0.0,8646000.0,0.0,0.0,0.0,14931000.0,23577000.0,0.116,23577000.0,14931000.0,14931000.0,0.42,0.41,0.42,254781000.0,240460250.0,254781000.0,576061817.0,39.0,24.433,18833000.0,0.552,1.0,105699000.0,0.522,0.0,0.0,180980000.0,153993250.0,21547000.0,115862000.0,102197000.0,13665000.0,36399000.0,31469000.0,4930000.0,672432817.0,4669000.0,0.0,-17726000.0,0.0,0.0,-18034000.0,-19524000.0,3317000.0,41674000.0,553000.0,14403000.0,14403000.0,14403000.0,0.0,0.0,0.071,91000000.0,14699000.0,14573000.0,0.0,2.639,46.687,46.833,51437000.0,0.0,19.67,3.32,3.312,19947000.0,82943000.0,202535000.0,202535000.0,45550000.0,0.053,0.06,0.097,0.074,12939000.0,42756000.0,1.0,34185705.0,34105000,35538000.0,5.939,291180000.0,665000.0,528000.0,4930000.0,8.538,193951000.0
38,MPWR,MRT,2011-12-31,2011-12-31,2011-12-31,2021-08-09,3593000.0,273867000.0,269799750.0,211505000.0,62362000.0,0.728,7.133,-21022000.0,96371000.0,96371000.0,94925000.0,13301000.0,8.113,0.128,0.0,0.0,0.0,0.0,0.0,8732000.0,0.0,0.0,0.0,13726000.0,22458000.0,0.114,22458000.0,13726000.0,13726000.0,0.39,0.38,0.39,242877000.0,237577250.0,242877000.0,414797544.0,30.0,18.47,22663000.0,0.666,1.0,101594000.0,0.517,0.0,0.0,151426000.0,152300250.0,20104000.0,91502000.0,77827000.0,13675000.0,30990000.0,26070000.0,4920000.0,507769544.0,48361000.0,0.0,-32002000.0,0.0,0.0,-31975000.0,36222000.0,57244000.0,43685000.0,429000.0,13301000.0,13301000.0,13301000.0,0.0,0.0,0.068,88177000.0,13417000.0,8904000.0,0.0,2.091,38.175,38.641,47794000.0,0.0,15.07,2.584,2.611,15097000.0,79948000.0,196519000.0,196519000.0,44518000.0,0.049,0.056,0.09,0.07,13099000.0,40280000.0,1.0,33694064.0,34050000,35160000.0,5.771,273867000.0,660000.0,425000.0,4920000.0,8.043,185435000.0
39,MPWR,MRT,2011-09-30,2011-09-30,2011-09-30,2021-08-09,3394000.0,267162000.0,271733750.0,203126000.0,64036000.0,0.722,7.056,-23002000.0,92972000.0,92972000.0,95697000.0,14429000.0,8.096,0.127,0.0,0.0,0.0,0.0,0.0,8942000.0,0.0,0.0,0.0,15262000.0,24204000.0,0.123,24204000.0,15262000.0,15337000.0,0.42,0.41,0.42,237053000.0,238581750.0,237053000.0,243002586.0,16.0,10.04,17660000.0,0.526,1.0,100418000.0,0.512,0.0,-75000.0,149101000.0,165599500.0,23558000.0,83579000.0,67859000.0,15720000.0,30109000.0,25089000.0,5020000.0,340687586.0,48697000.0,0.0,-45820000.0,0.0,0.0,-45818000.0,53131000.0,76133000.0,40662000.0,722000.0,14429000.0,14429000.0,14429000.0,0.0,0.0,0.074,85451000.0,14967000.0,9515000.0,0.0,1.437,23.611,24.238,47608000.0,0.0,10.18,1.737,1.744,16420000.0,77495000.0,196115000.0,196115000.0,43371000.0,0.053,0.06,0.092,0.078,15270000.0,38947000.0,1.0,33466364.0,33594000,34240000.0,5.838,267162000.0,363000.0,908000.0,5020000.0,7.953,178037000.0
40,MPWR,MRT,2011-06-30,2011-06-30,2011-06-30,2021-08-09,2979000.0,263160000.0,278051250.0,207774000.0,55386000.0,0.752,6.711,-15297000.0,97685000.0,97685000.0,100406000.0,22175000.0,6.7,0.159,0.0,0.0,0.0,0.0,0.0,8787000.0,0.0,0.0,0.0,23883000.0,32670000.0,0.156,32670000.0,23883000.0,23799000.0,0.63,0.6,0.63,227130000.0,242655750.0,227130000.0,454391932.0,19.0,13.909,31960000.0,0.944,1.0,108590000.0,0.52,0.0,84000.0,134466000.0,182010500.0,24715000.0,82861000.0,65641000.0,17220000.0,36030000.0,31009000.0,5021000.0,528453932.0,48723000.0,0.0,-61416000.0,0.0,0.0,-61082000.0,61519000.0,76816000.0,47257000.0,1029000.0,22175000.0,22175000.0,22175000.0,0.0,0.0,0.106,85239000.0,23351000.0,10929000.0,0.0,2.327,23.831,24.476,37433000.0,0.0,15.42,2.529,2.497,17589000.0,72022000.0,208996000.0,208996000.0,42870000.0,0.08,0.091,0.131,0.114,15931000.0,38994000.0,1.0,34270683.0,33846000,34903000.0,6.175,263160000.0,491000.0,1624000.0,5021000.0,7.775,176765000.0
41,MPWR,MRT,2011-03-31,2011-03-31,2011-03-31,2021-08-09,2266000.0,275010000.0,283523750.0,219669000.0,55341000.0,0.751,6.945,-22265000.0,74062000.0,74062000.0,98592000.0,25100000.0,8.215,0.131,0.0,0.0,0.0,0.0,0.0,8563000.0,0.0,0.0,0.0,26964000.0,35527000.0,0.167,35527000.0,26964000.0,26876000.0,0.71,0.67,0.71,243249000.0,248365250.0,243249000.0,453120464.0,17.0,12.754,26226000.0,0.749,1.0,114466000.0,0.537,0.0,88000.0,174208000.0,200039750.0,23117000.0,119227000.0,101957000.0,17270000.0,31761000.0,26740000.0,5021000.0,501130464.0,25197000.0,0.0,-29659000.0,0.0,0.0,-28183000.0,4189000.0,26473000.0,48491000.0,700000.0,25100000.0,25100000.0,25100000.0,0.0,0.0,0.118,88348000.0,26118000.0,10505000.0,0.0,2.06,19.965,19.986,37326000.0,0.0,14.19,2.352,2.333,17642000.0,68540000.0,213058000.0,213058000.0,43418000.0,0.089,0.101,0.135,0.127,18551000.0,40266000.0,1.0,35315748.0,35024000,36105000.0,6.083,275010000.0,244000.0,1776000.0,5018000.0,7.852,192929000.0
42,MPWR,MRT,2010-12-31,2010-12-31,2010-12-31,2021-08-09,1979000.0,281603000.0,279600000.0,224373000.0,57230000.0,0.783,6.891,-22779000.0,48010000.0,48010000.0,97383000.0,29563000.0,7.745,0.141,0.0,0.0,0.0,0.0,0.0,8016000.0,0.0,0.0,0.0,31420000.0,39436000.0,0.18,39436000.0,31420000.0,31420000.0,0.83,0.78,0.83,246895000.0,244774750.0,246895000.0,547817246.0,17.0,13.891,25715000.0,0.718,1.0,121457000.0,0.555,0.0,0.0,204623000.0,202736500.0,25789000.0,148889000.0,129709000.0,19180000.0,34708000.0,28970000.0,5738000.0,592092246.0,1293000.0,0.0,-15303000.0,0.0,0.0,-14047000.0,-33751000.0,-10953000.0,48494000.0,597000.0,29563000.0,29563000.0,29563000.0,0.0,0.0,0.135,90959000.0,30498000.0,8979000.0,0.0,2.398,20.028,19.904,37262000.0,0.0,16.52,2.706,2.705,18347000.0,66647000.0,218840000.0,218840000.0,44372000.0,0.106,0.121,0.155,0.144,18903000.0,41169000.0,1.0,35840935.0,35830000,37826000.0,6.108,281603000.0,243000.0,1857000.0,5015000.0,7.859,195403000.0
43,MPWR,MRT,2010-09-30,2010-09-30,2010-09-30,2021-08-09,1443000.0,292432000.0,269654500.0,239666000.0,52766000.0,0.81,7.001,-21198000.0,44275000.0,44275000.0,93275000.0,30636000.0,7.173,0.154,0.0,0.0,0.0,0.0,0.0,7330000.0,0.0,0.0,0.0,31674000.0,39004000.0,0.179,39004000.0,31674000.0,31866000.0,0.86,0.82,0.86,253349000.0,236290250.0,253349000.0,548276135.0,17.0,14.057,33187000.0,0.917,1.0,125055000.0,0.573,0.0,-192000.0,214745000.0,194376250.0,19459000.0,160146000.0,140731000.0,19415000.0,39083000.0,33412000.0,5671000.0,597238135.0,-7718000.0,0.0,919000.0,0.0,0.0,2427000.0,-64790000.0,-43270000.0,54385000.0,260000.0,30636000.0,30636000.0,30636000.0,0.0,0.0,0.14,94097000.0,30958000.0,17755000.0,0.0,2.357,19.495,18.988,32461000.0,0.0,16.33,2.735,2.706,32289000.0,63066000.0,218330000.0,218330000.0,44482000.0,0.114,0.13,0.163,0.145,19953000.0,42489000.0,1.0,36573064.0,36185000,37727000.0,6.034,292432000.0,183000.0,1230000.0,4915000.0,8.082,206254000.0
44,MPWR,MRT,2010-06-30,2010-06-30,2010-06-30,2021-08-09,790000.0,285050000.0,253898250.0,237396000.0,47654000.0,0.79,6.888,-19615000.0,48962000.0,48962000.0,82286000.0,29979000.0,8.046,0.14,0.0,0.0,0.0,0.0,0.0,7028000.0,0.0,0.0,0.0,31285000.0,38313000.0,0.191,38313000.0,31285000.0,31560000.0,0.85,0.81,0.85,249968000.0,223288500.0,249968000.0,594313874.0,19.0,15.512,23465000.0,0.647,1.0,118167000.0,0.589,0.0,-275000.0,206583000.0,179228750.0,14458000.0,160324000.0,140829000.0,19495000.0,35082000.0,29505000.0,5577000.0,643178874.0,-7854000.0,0.0,21148000.0,0.0,0.0,22565000.0,-73592000.0,-61005000.0,43080000.0,93000.0,29979000.0,29979000.0,29979000.0,0.0,0.0,0.15,87519000.0,30648000.0,11001000.0,0.0,2.573,21.454,21.012,27253000.0,0.0,17.86,3.209,3.233,30322000.0,49848000.0,200453000.0,200453000.0,43271000.0,0.118,0.134,0.175,0.156,19408000.0,41631000.0,1.0,36012255.0,36291000,38355000.0,5.523,285050000.0,180000.0,1581000.0,4915000.0,7.855,207891000.0
45,MPWR,MRT,2010-03-31,2010-03-31,2010-03-31,2021-08-09,587000.0,259315000.0,236756000.0,217176000.0,42139000.0,0.785,6.462,-12665000.0,48865000.0,48865000.0,75853000.0,26758000.0,8.532,0.133,0.0,0.0,0.0,0.0,0.0,6759000.0,0.0,0.0,0.0,27486000.0,34245000.0,0.184,34245000.0,27486000.0,27580000.0,0.76,0.73,0.76,228887000.0,205800750.0,228887000.0,739037638.0,27.0,21.581,26912000.0,0.76,1.0,110083000.0,0.592,0.0,-94000.0,184995000.0,157744250.0,14550000.0,146279000.0,126724000.0,19555000.0,30428000.0,25455000.0,4973000.0,785754638.0,-19229000.0,0.0,16559000.0,0.0,0.0,17408000.0,-76482000.0,-70864000.0,39577000.0,268000.0,26758000.0,26758000.0,26758000.0,0.0,0.0,0.144,83177000.0,26906000.0,11681000.0,0.0,3.433,29.365,29.342,21696000.0,0.0,22.3,4.226,4.248,24541000.0,43440000.0,185936000.0,185936000.0,41218000.0,0.113,0.13,0.174,0.148,16997000.0,39337000.0,1.0,35235634.0,35421000,37783000.0,5.249,259315000.0,180000.0,822000.0,4915000.0,7.321,191721000.0
46,MPWR,MRT,2009-12-31,2009-12-31,2009-12-31,2021-08-09,354000.0,241821000.0,221926500.0,203499000.0,38322000.0,0.744,6.207,-9954000.0,46717000.0,46717000.0,67330000.0,19674000.0,8.507,0.136,0.0,0.0,0.0,0.0,0.0,6573000.0,0.0,0.0,0.0,20148000.0,26721000.0,0.162,26721000.0,20148000.0,20148000.0,0.57,0.54,0.57,212957000.0,190746750.0,212957000.0,784592863.0,39.0,29.362,21810000.0,0.636,1.0,97678000.0,0.592,0.0,0.0,171182000.0,135997750.0,19616000.0,138359000.0,118914000.0,19445000.0,28864000.0,23922000.0,4942000.0,836585863.0,-36549000.0,0.0,12975000.0,0.0,0.0,13618000.0,-82128000.0,-79231000.0,31764000.0,197000.0,19674000.0,19674000.0,19674000.0,0.0,0.0,0.119,78148000.0,19530000.0,7787000.0,0.0,3.928,42.522,42.053,17968000.0,0.0,23.97,5.07,4.984,15521000.0,37085000.0,165008000.0,165008000.0,38295000.0,0.089,0.103,0.148,0.122,16256000.0,36752000.0,1.0,34901371.0,34310000,36634000.0,4.809,241821000.0,180000.0,474000.0,4915000.0,7.048,179577000.0
47,MPWR,MRT,2009-09-30,2009-09-30,2009-09-30,2021-08-09,439000.0,229407000.0,210296000.0,192473000.0,36934000.0,0.728,5.827,-8938000.0,51993000.0,51993000.0,62686000.0,18254000.0,8.275,0.139,0.0,0.0,0.0,0.0,0.0,6381000.0,0.0,0.0,0.0,18182000.0,24563000.0,0.16,24563000.0,18182000.0,18334000.0,0.52,0.5,0.52,201342000.0,178668750.0,201342000.0,741720991.0,41.0,30.197,27420000.0,0.794,1.0,90484000.0,0.591,0.0,-152000.0,154155000.0,112900000.0,20358000.0,117228000.0,97763000.0,19465000.0,28065000.0,23259000.0,4806000.0,805886991.0,-23924000.0,0.0,5188000.0,0.0,0.0,5991000.0,-66311000.0,-42953000.0,36358000.0,125000.0,18254000.0,18254000.0,18254000.0,0.0,0.0,0.119,73136000.0,17348000.0,8867000.0,0.0,4.003,44.149,45.096,17012000.0,0.0,23.45,5.261,5.29,19493000.0,32431000.0,153170000.0,153170000.0,37185000.0,0.087,0.102,0.161,0.119,15523000.0,34623000.0,1.0,34366183.0,34552000,37247000.0,4.433,229407000.0,95000.0,80000.0,4798000.0,6.639,169214000.0
48,MPWR,MRT,2009-06-30,2009-06-30,2009-06-30,2021-08-09,303000.0,216481000.0,201899750.0,162064000.0,54417000.0,0.763,5.284,-5878000.0,64166000.0,64166000.0,62019000.0,16149000.0,5.117,0.203,0.0,0.0,0.0,0.0,0.0,6118000.0,0.0,0.0,0.0,16200000.0,22318000.0,0.145,22318000.0,16200000.0,16039000.0,0.47,0.45,0.47,180017000.0,168779750.0,180017000.0,683459198.0,42.0,30.624,29758000.0,0.873,1.0,92076000.0,0.598,0.0,161000.0,120645000.0,97167000.0,20082000.0,99603000.0,61968000.0,37635000.0,36464000.0,31670000.0,4794000.0,758903198.0,-18779000.0,0.0,-531000.0,0.0,0.0,-345000.0,-54153000.0,-28531000.0,35636000.0,12000.0,16149000.0,16149000.0,16149000.0,0.0,0.0,0.105,77233000.0,14843000.0,10280000.0,0.0,4.216,46.994,47.681,16326000.0,0.0,22.41,4.925,4.955,12448000.0,19869000.0,154095000.0,154095000.0,36525000.0,0.08,0.096,0.167,0.105,15755000.0,34745000.0,1.0,33864489.0,34070000,36389000.0,4.523,216481000.0,94000.0,-110000.0,4785000.0,6.354,130394000.0
49,MPWR,MRT,2009-03-31,2009-03-31,2009-03-31,2021-08-09,-248000.0,199997000.0,196143750.0,148237000.0,51760000.0,0.787,5.006,-5104000.0,75444000.0,75444000.0,60571000.0,17563000.0,5.585,0.186,0.0,0.0,0.0,0.0,0.0,5931000.0,0.0,0.0,0.0,17984000.0,23915000.0,0.155,23915000.0,17984000.0,17896000.0,0.52,0.49,0.52,168671000.0,161423500.0,168671000.0,433845748.0,24.0,18.141,29008000.0,0.861,1.0,93853000.0,0.608,0.0,88000.0,98009000.0,85271500.0,18559000.0,75342000.0,38002000.0,37340000.0,31326000.0,26544000.0,4782000.0,524471748.0,3794000.0,0.0,-1760000.0,0.0,0.0,-888000.0,-29157000.0,-4579000.0,34112000.0,-126000.0,17563000.0,17563000.0,17563000.0,0.0,0.0,0.114,77755000.0,16098000.0,8363000.0,0.0,3.109,29.862,29.808,13967000.0,0.0,15.5,3.396,3.382,13367000.0,16683000.0,154424000.0,154424000.0,35395000.0,0.09,0.109,0.211,0.116,15254000.0,34336000.0,1.0,33836887.0,33696000,33696000.0,4.583,199997000.0,93000.0,333000.0,4773000.0,5.935,121693000.0
50,MPWR,MRT,2008-12-31,2008-12-31,2008-12-31,2021-08-09,-64000.0,195299000.0,189268500.0,143247000.0,52052000.0,0.848,4.913,-5233000.0,90626000.0,90626000.0,61184000.0,24226000.0,5.535,0.186,0.0,0.0,0.0,0.0,0.0,5725000.0,0.0,0.0,0.0,25442000.0,31167000.0,0.194,31167000.0,25442000.0,25442000.0,0.72,0.67,0.72,164645000.0,154068750.0,164645000.0,349534690.0,14.0,11.215,34357000.0,1.025,1.0,99327000.0,0.619,0.0,0.0,78791000.0,79042750.0,18887000.0,59347000.0,21922000.0,37425000.0,30654000.0,25882000.0,4772000.0,425451690.0,152000.0,0.0,-10550000.0,0.0,0.0,-9785000.0,-29615000.0,-4898000.0,39590000.0,-38000.0,24226000.0,24226000.0,24226000.0,0.0,0.0,0.151,76820000.0,22507000.0,4674000.0,0.0,2.584,17.562,17.514,14163000.0,0.0,12.61,2.651,2.633,9115000.0,17411000.0,160511000.0,160511000.0,34850000.0,0.128,0.157,0.322,0.159,14503000.0,35256000.0,1.0,33739230.0,33509000,36120000.0,4.79,195299000.0,94000.0,1216000.0,4762000.0,5.828,117365000.0
51,MPWR,MRT,2008-09-30,2008-09-30,2008-09-30,2021-08-09,-745000.0,195822000.0,183591250.0,143142000.0,52680000.0,0.895,4.777,-5598000.0,75917000.0,75917000.0,60528000.0,30274000.0,4.991,0.21,0.0,0.0,0.0,0.0,0.0,5433000.0,0.0,0.0,0.0,32292000.0,37725000.0,0.23,37725000.0,32292000.0,31806000.0,0.93,0.85,0.93,161786000.0,147291750.0,161786000.0,502128316.0,16.0,13.31,26625000.0,0.786,1.0,103761000.0,0.632,0.0,486000.0,91223000.0,72523500.0,22305000.0,45536000.0,8711000.0,36825000.0,34036000.0,28682000.0,5354000.0,585083316.0,-1491000.0,0.0,-976000.0,0.0,0.0,-153000.0,-33730000.0,-23078000.0,32223000.0,142000.0,30274000.0,30274000.0,30274000.0,0.0,0.0,0.184,75600000.0,28161000.0,8155000.0,0.0,3.616,19.326,18.677,14474000.0,0.0,17.37,3.561,3.581,18781000.0,14178000.0,164289000.0,164289000.0,33087000.0,0.165,0.206,0.445,0.197,14177000.0,35350000.0,1.0,33683553.0,33869000,36602000.0,4.851,195822000.0,852000.0,1532000.0,5316000.0,5.782,114460000.0
52,MPWR,MRT,2008-06-30,2008-06-30,2008-06-30,2021-08-09,976000.0,193457000.0,174025250.0,129713000.0,63744000.0,0.894,4.532,-5993000.0,82955000.0,82955000.0,56989000.0,28810000.0,3.465,0.285,0.0,0.0,0.0,0.0,0.0,5068000.0,0.0,0.0,0.0,30725000.0,35793000.0,0.23,35793000.0,30725000.0,30636000.0,0.9,0.81,0.9,150592000.0,136834250.0,150592000.0,643356803.0,21.0,17.974,26428000.0,0.795,1.0,98597000.0,0.634,0.0,89000.0,73063000.0,61592250.0,24120000.0,43875000.0,4735000.0,39140000.0,42865000.0,37439000.0,5426000.0,715006803.0,7283000.0,0.0,5480000.0,0.0,0.0,8088000.0,-33246000.0,-20173000.0,32421000.0,142000.0,28810000.0,28810000.0,28810000.0,0.0,0.0,0.185,72542000.0,26055000.0,12626000.0,0.0,4.748,24.818,24.022,14606000.0,0.0,21.62,4.596,4.617,13033000.0,3720000.0,155586000.0,155586000.0,31156000.0,0.166,0.211,0.499,0.197,13589000.0,33861000.0,1.0,33071545.0,33229000,36232000.0,4.682,193457000.0,852000.0,1826000.0,5319000.0,5.822,92274000.0
53,MPWR,MRT,2008-03-31,2008-03-31,2008-03-31,2021-08-09,767000.0,172496000.0,160273250.0,108595000.0,63901000.0,0.904,4.177,-6428000.0,71650000.0,71650000.0,52862000.0,17844000.0,3.913,0.239,0.0,0.0,0.0,0.0,0.0,4640000.0,0.0,0.0,0.0,19471000.0,24111000.0,0.166,24111000.0,19471000.0,19472000.0,0.56,0.48,0.56,139252000.0,124471500.0,139252000.0,504063693.0,26.0,20.906,19739000.0,0.592,1.0,92055000.0,0.635,0.0,-1000.0,73094000.0,52789250.0,16390000.0,43912000.0,4772000.0,39140000.0,33244000.0,27752000.0,5492000.0,594527693.0,1411000.0,0.0,6419000.0,0.0,0.0,8352000.0,-33329000.0,-19676000.0,26167000.0,142000.0,17844000.0,17844000.0,17844000.0,0.0,0.0,0.123,77613000.0,14442000.0,7667000.0,0.0,4.269,33.318,31.482,14880000.0,0.0,17.63,4.103,4.056,11314000.0,-880000.0,144917000.0,144917000.0,28982000.0,0.111,0.143,0.369,0.134,12527000.0,32068000.0,1.0,33722501.0,33340000,35891000.0,4.347,172496000.0,850000.0,1628000.0,5317000.0,5.174,80843000.0
54,MPWR,MRT,2007-12-31,2007-12-31,2007-12-31,2021-08-09,465000.0,172590000.0,149440500.0,148760000.0,23830000.0,0.897,4.338,-6595000.0,90464000.0,90464000.0,48781000.0,11580000.0,5.058,0.255,0.0,0.0,0.0,0.0,0.0,4184000.0,0.0,0.0,0.0,14272000.0,18456000.0,0.138,18456000.0,14272000.0,14272000.0,0.37,0.33,0.37,137537000.0,114961500.0,137537000.0,628875754.0,44.0,34.074,19530000.0,0.616,1.0,85223000.0,0.636,0.0,0.0,52714000.0,45711000.0,17487000.0,27765000.0,27765000.0,0.0,35053000.0,29412000.0,5641000.0,706283754.0,32298000.0,0.0,17294000.0,0.0,0.0,19978000.0,-13947000.0,-2000.0,26125000.0,142000.0,11580000.0,11580000.0,11580000.0,0.0,0.0,0.086,75553000.0,9670000.0,6154000.0,0.0,5.135,60.992,58.027,14175000.0,0.0,21.47,5.271,5.079,8239000.0,-6815000.0,134004000.0,134004000.0,27342000.0,0.077,0.101,0.312,0.107,12190000.0,29537000.0,1.0,32896309.0,31703000,35090000.0,4.227,172590000.0,848000.0,2692000.0,5318000.0,5.444,119348000.0
55,MPWR,MRT,2007-09-30,2007-09-30,2007-09-30,2021-08-09,110000.0,157558000.0,135624750.0,133954000.0,23604000.0,0.899,3.749,-5769000.0,77408000.0,77408000.0,44392000.0,1094000.0,4.102,0.313,0.0,0.0,0.0,0.0,0.0,3723000.0,0.0,0.0,0.0,6901000.0,10624000.0,0.087,10624000.0,6901000.0,7131000.0,0.03,0.0,0.03,119956000.0,104333500.0,119956000.0,742766363.0,108.0,69.914,13126000.0,0.41,1.0,77521000.0,0.636,0.0,-230000.0,47498000.0,44148000.0,15837000.0,24383000.0,24383000.0,0.0,37602000.0,32652000.0,4950000.0,811078363.0,46929000.0,0.0,13865000.0,0.0,0.0,16527000.0,11508000.0,15268000.0,18895000.0,-29000.0,1094000.0,1094000.0,1094000.0,0.0,0.0,0.009,74496000.0,3025000.0,10050000.0,0.0,6.761,741.388,846.667,13723000.0,0.0,25.4,6.653,6.666,12771000.0,-16522000.0,121913000.0,121913000.0,25759000.0,0.008,0.01,0.156,0.057,11679000.0,27978000.0,1.0,31932219.0,31995000,35953000.0,3.81,157558000.0,1068000.0,6037000.0,4494000.0,4.924,101302000.0
56,MPWR,MRT,2007-06-30,2007-06-30,2007-06-30,2021-08-09,-59000.0,138449000.0,124648750.0,115729000.0,22720000.0,0.874,3.223,-4733000.0,68312000.0,68312000.0,39112000.0,-9771000.0,3.584,0.369,0.0,0.0,0.0,0.0,0.0,3332000.0,0.0,0.0,0.0,-2840000.0,492000.0,0.005,492000.0,-2840000.0,-2689000.0,-0.31,-0.31,-0.31,101141000.0,97273500.0,101141000.0,484457746.0,-171.0,984.67,21039000.0,0.67,1.0,69868000.0,0.641,0.0,-151000.0,37851000.0,47921500.0,11940000.0,24003000.0,24003000.0,0.0,37308000.0,32286000.0,5022000.0,547471746.0,46710000.0,0.0,8636000.0,0.0,0.0,8693000.0,12272000.0,15347000.0,25772000.0,-29000.0,-9771000.0,-9771000.0,-9771000.0,0.0,0.0,-0.09,76023000.0,-6155000.0,8162000.0,0.0,5.413,-56.03,-56.29,12753000.0,0.0,17.45,5.024,5.025,8017000.0,-24792000.0,108980000.0,108980000.0,24167000.0,-0.078,-0.1,-0.059,-0.026,12940000.0,26784000.0,1.0,31373739.0,31382000,31382000.0,3.473,138449000.0,1218000.0,7082000.0,4550000.0,4.412,83443000.0
57,MPWR,MRT,2007-03-31,2007-03-31,2007-03-31,2021-08-09,-168000.0,129165000.0,116902750.0,107716000.0,21449000.0,0.896,3.32,-5994000.0,63014000.0,63014000.0,37697000.0,-2346000.0,5.041,0.276,0.0,0.0,0.0,0.0,0.0,3051000.0,0.0,0.0,0.0,5732000.0,8783000.0,0.084,8783000.0,5732000.0,5795000.0,-0.07,-0.08,-0.07,101212000.0,94332250.0,101212000.0,351804017.0,61.0,40.055,11137000.0,0.365,1.0,67051000.0,0.64,0.0,-63000.0,44781000.0,55461000.0,9358000.0,24500000.0,24500000.0,0.0,27953000.0,21370000.0,6583000.0,402620017.0,36951000.0,0.0,8128000.0,0.0,0.0,10044000.0,9766000.0,14224000.0,17131000.0,-58000.0,-2346000.0,-2346000.0,-2346000.0,0.0,0.0,-0.022,64091000.0,2960000.0,6964000.0,0.0,3.978,-171.62,-184.286,11528000.0,0.0,12.9,3.844,3.754,7778000.0,-18416000.0,104748000.0,104748000.0,23166000.0,-0.02,-0.025,0.103,0.055,11786000.0,26364000.0,1.0,31210854.0,30482000,30482000.0,3.436,129165000.0,1218000.0,8141000.0,4551000.0,4.237,86346000.0
58,MPWR,MRT,2006-12-31,2006-12-31,2006-12-31,2021-08-09,-198000.0,117327000.0,111109750.0,97160000.0,20167000.0,0.945,3.221,-7473000.0,50816000.0,50816000.0,38107000.0,-2425000.0,4.846,0.235,0.0,0.0,0.0,0.0,0.0,2724000.0,0.0,0.0,0.0,3599000.0,6323000.0,0.06,6323000.0,3599000.0,3599000.0,-0.08,-0.08,-0.08,95025000.0,89516750.0,95025000.0,305991105.0,85.0,48.393,6350000.0,0.215,1.0,66908000.0,0.637,0.0,0.0,46462000.0,58374750.0,6738000.0,27674000.0,27674000.0,0.0,22302000.0,20049000.0,2253000.0,336470105.0,25725000.0,0.0,5332000.0,0.0,0.0,7167000.0,4764000.0,11140000.0,13823000.0,-29000.0,-2425000.0,-2425000.0,-2425000.0,0.0,0.0,-0.023,65673000.0,1235000.0,5909000.0,0.0,3.541,-138.751,-138.875,11358000.0,0.0,11.11,3.204,3.121,9156000.0,-17458000.0,105015000.0,105015000.0,22301000.0,-0.022,-0.027,0.062,0.034,11929000.0,27594000.0,1.0,30285338.0,29502000,29502000.0,3.56,117327000.0,1658000.0,6024000.0,611000.0,3.977,77111000.0
59,MPWR,MRT,2006-09-30,2006-09-30,2006-09-30,2021-08-09,-85000.0,113654000.0,106971750.0,95551000.0,18103000.0,1.039,3.084,-6519000.0,30479000.0,30479000.0,40284000.0,2612000.0,4.642,0.239,0.0,0.0,0.0,0.0,0.0,2365000.0,0.0,0.0,0.0,7868000.0,10233000.0,0.092,10233000.0,7868000.0,7777000.0,0.1,0.09,0.1,91716000.0,85302500.0,91716000.0,262269688.0,33.0,25.63,6667000.0,0.224,1.0,70866000.0,0.638,0.0,91000.0,62592000.0,59379000.0,7385000.0,39650000.0,39650000.0,0.0,21938000.0,20583000.0,1355000.0,283871688.0,-14339000.0,0.0,5574000.0,0.0,0.0,7104000.0,-34502000.0,-24176000.0,13186000.0,-159000.0,2612000.0,2612000.0,2612000.0,0.0,0.0,0.023,65383000.0,5483000.0,5472000.0,0.0,3.095,108.68,94.6,11247000.0,0.0,9.46,2.554,2.531,9577000.0,-16314000.0,111150000.0,111150000.0,20237000.0,0.024,0.031,0.133,0.071,11233000.0,26474000.0,1.0,30007578.0,29736000,29736000.0,3.738,113654000.0,3516000.0,5165000.0,0.0,3.822,74968000.0
60,MPWR,MRT,2006-06-30,2006-06-30,2006-06-30,2021-08-09,23000.0,107465000.0,101228000.0,89507000.0,17958000.0,1.122,3.039,-6185000.0,21602000.0,21602000.0,41495000.0,13846000.0,5.013,0.202,0.0,0.0,0.0,0.0,0.0,2125000.0,0.0,0.0,0.0,22949000.0,25074000.0,0.221,25074000.0,22949000.0,22855000.0,0.49,0.46,0.49,89376000.0,80069250.0,89376000.0,324138992.0,14.0,12.927,4396000.0,0.149,1.0,72106000.0,0.635,0.0,94000.0,68009000.0,50276750.0,9076000.0,39350000.0,39350000.0,0.0,18089000.0,17854000.0,235000.0,350076992.0,-13071000.0,0.0,5341000.0,0.0,0.0,8411000.0,-31866000.0,-22250000.0,10581000.0,-246000.0,13846000.0,13846000.0,13846000.0,0.0,0.0,0.122,51281000.0,20825000.0,6100000.0,0.0,3.917,25.284,24.143,10963000.0,0.0,11.83,3.082,3.063,9874000.0,-14442000.0,113601000.0,113601000.0,18385000.0,0.137,0.173,0.456,0.202,7706000.0,24477000.0,1.0,29592307.0,29412000,33604000.0,3.862,107465000.0,3489000.0,9009000.0,0.0,3.654,71653000.0
61,MPWR,MRT,2006-03-31,2006-03-31,2006-03-31,2021-08-09,-17000.0,105993000.0,95464750.0,89596000.0,16397000.0,1.144,2.844,-3754000.0,25938000.0,25938000.0,39830000.0,6083000.0,3.793,0.293,0.0,0.0,0.0,0.0,0.0,1842000.0,0.0,0.0,0.0,9258000.0,11100000.0,0.102,11100000.0,9258000.0,9229000.0,0.21,0.19,0.21,81950000.0,72629000.0,81950000.0,521019712.0,56.0,46.939,14697000.0,0.51,1.0,69427000.0,0.635,0.0,29000.0,56436000.0,39562750.0,8543000.0,38724000.0,38724000.0,0.0,24043000.0,23619000.0,424000.0,546110712.0,-7077000.0,0.0,3381000.0,0.0,0.0,3985000.0,-29312000.0,-22124000.0,18451000.0,-201000.0,6083000.0,6083000.0,6083000.0,0.0,0.0,0.056,61987000.0,7440000.0,10655000.0,0.0,6.664,89.777,88.762,9480000.0,0.0,18.64,4.998,4.916,7364000.0,-15502000.0,109257000.0,109257000.0,16711000.0,0.064,0.084,0.234,0.085,7817000.0,22306000.0,1.0,29297785.0,28816000,28816000.0,3.792,105993000.0,3774000.0,3146000.0,857000.0,3.678,65977000.0
62,MPWR,MRT,2005-12-31,2005-12-31,2005-12-31,2021-08-09,-138000.0,100775000.0,87725292.0,87717000.0,13058000.0,1.13,2.792,-1878000.0,28029000.0,28029000.0,36003000.0,5107000.0,3.939,0.289,0.0,0.0,0.0,0.0,0.0,1669000.0,0.0,0.0,0.0,8056000.0,9725000.0,0.098,9725000.0,8056000.0,8056000.0,0.18,0.17,0.18,78168000.0,68214364.0,78168000.0,388542473.0,48.0,39.953,15333000.0,0.548,1.0,63128000.0,0.637,0.0,0.0,50479000.0,33325032.0,6165000.0,38814000.0,38814000.0,0.0,22607000.0,22267000.0,340000.0,423215473.0,-6928000.0,0.0,2714000.0,0.0,0.0,2714000.0,-26589000.0,-21814000.0,17211000.0,-264000.0,5107000.0,5107000.0,5107000.0,0.0,0.0,0.052,56664000.0,6464000.0,6583000.0,0.0,5.414,82.87,83.278,6238000.0,0.0,14.99,4.269,4.234,9537000.0,-15094000.0,99131000.0,99131000.0,14826000.0,0.058,0.075,0.242,0.081,6789000.0,18434000.0,1.0,28233187.0,27998000,30871000.0,3.541,100775000.0,3671000.0,2949000.0,3044000.0,3.599,65450000.0
63,MPWR,MRT,2005-09-30,2005-09-30,2005-09-30,2021-08-09,-67000.0,90679000.0,80627542.0,78894000.0,11785000.0,1.01,2.52,-2740000.0,44818000.0,44818000.0,29975000.0,2128000.0,4.009,0.281,0.0,0.0,0.0,0.0,0.0,1592000.0,0.0,0.0,0.0,1569000.0,3161000.0,0.039,3161000.0,1569000.0,1316000.0,0.33,0.31,0.33,70783000.0,64657114.0,70783000.0,205026758.0,131.0,64.861,8445000.0,0.301,1.0,51424000.0,0.632,0.0,253000.0,26183000.0,28725532.0,5716000.0,15475000.0,15475000.0,0.0,19896000.0,19678000.0,218000.0,239699758.0,29635000.0,0.0,36654000.0,0.0,0.0,36654000.0,-18399000.0,-14976000.0,11185000.0,195000.0,2128000.0,1950000.0,1950000.0,0.0,0.0,0.024,51103000.0,321000.0,5995000.0,0.0,3.386,122.923,25.727,4595000.0,178000.0,8.49,2.945,2.93,9761000.0,-18927000.0,81399000.0,81399000.0,14433000.0,0.024,0.03,0.055,0.019,7552000.0,16300000.0,1.0,28233187.0,28093000,30642000.0,2.897,90679000.0,3189000.0,-812000.0,1524000.0,3.228,59216000.0
64,MPWR,MRT,2005-06-30,2005-06-30,2005-06-30,2021-08-09,225000.0,84412000.0,66727062.0,72164000.0,12248000.0,0.996,2.151,-3862000.0,34673000.0,34673000.0,25243000.0,-8341000.0,2.935,0.416,0.0,0.0,0.0,0.0,0.0,1401000.0,0.0,0.0,0.0,-14615000.0,-13214000.0,-0.199,-13214000.0,-14615000.0,-14794000.0,-0.21,-0.21,-0.21,59615000.0,48218389.0,59615000.0,214403174.0,-15.0,-16.225,3625000.0,0.131,1.0,41187000.0,0.62,0.0,179000.0,25153000.0,24413374.0,6343000.0,17100000.0,17100000.0,0.0,24797000.0,24586000.0,211000.0,247417801.0,23079000.0,0.0,35970000.0,0.0,0.0,35955000.0,-20628000.0,-16101000.0,7487000.0,265000.0,-8341000.0,-8854000.0,-8854000.0,0.0,0.0,-0.133,56607000.0,-15420000.0,4004000.0,0.0,4.15,-27.944,-42.286,4853000.0,513000.0,8.88,3.724,3.706,6687000.0,-28288000.0,66430000.0,66430000.0,13776000.0,-0.133,-0.184,-0.599,-0.22,9142000.0,14603000.0,1.0,27862365.0,27721000,27721000.0,2.396,84412000.0,7187000.0,-6453000.0,2000.0,3.045,47578000.0
65,MPWR,MRT,2005-03-31,2005-03-31,2005-03-31,2021-08-09,208495.0,75035168.0,,63143969.0,11891199.0,,2.335,-3638719.0,33014627.0,33014627.0,21827000.0,-2310000.0,5.993,0.167,0.0,0.0,0.0,0.0,0.0,1213963.0,0.0,0.0,0.0,-4044000.0,-2830037.0,-0.051,-2830037.0,-4044000.0,-4178000.0,-0.12,-0.12,-0.12,64291457.0,,64291457.0,213400343.0,-53.0,-75.405,4426125.0,0.161,1.0,33610000.0,0.606,0.0,134000.0,31485130.0,,6484187.0,16600000.0,16600000.0,0.0,10743711.0,10535411.0,208300.0,245418936.0,24576818.0,0.0,35691601.0,0.0,0.0,35659601.0,-19350449.0,-15100000.0,8064844.0,202822.0,-2310000.0,-3158000.0,-3158000.0,0.0,0.0,-0.057,38172000.0,-4562000.0,4759419.0,0.0,3.817,-77.713,-73.583,4562669.0,848000.0,8.83,4.427,4.386,4125886.0,-21584031.0,55437000.0,55437000.0,13368000.0,,,,-0.073,10498115.0,13074000.0,1.0,27793764.0,27537000,27537000.0,2.013,75035168.0,2488000.0,-1868000.0,227163.0,2.725,52608558.0
66,MPWR,MRT,2004-12-31,2004-12-31,2004-12-31,2021-08-09,243000.0,72384000.0,47493630.0,60921000.0,11463000.0,1.002,7.002,-3184000.0,32019000.0,32019000.0,19594000.0,-3719000.0,7.354,0.132,0.0,0.0,0.0,0.0,0.0,1106000.0,0.0,0.0,0.0,-5064000.0,-3958000.0,-0.083,-3958000.0,-5064000.0,-5157000.0,-0.54,-0.54,-0.54,63939000.0,32585000.0,63939000.0,235267946.0,-46.0,-59.441,5784000.0,0.633,1.0,28001000.0,0.588,0.0,93000.0,32081000.0,20077269.0,5398000.0,17000000.0,17000000.0,0.0,8445000.0,8284000.0,161000.0,250951367.0,20384000.0,0.0,35718000.0,0.0,0.0,35718000.0,-24538000.0,-15500000.0,8968000.0,236000.0,-3719000.0,-4902000.0,-4902000.0,0.0,0.0,-0.103,33236000.0,-5235000.0,3396000.0,0.0,3.925,-51.194,-17.222,4180000.0,1183000.0,9.3,5.273,1.784,3995000.0,-20201000.0,47595000.0,47595000.0,12854000.0,-0.103,-0.15,-0.252,-0.106,12054000.0,12549000.0,1.0,26984018.0,9132000,9132000.0,5.212,72384000.0,1901000.0,-1438000.0,374000.0,7.926,52637000.0
67,MPWR,MRT,2004-09-30,2004-09-30,2004-09-30,2021-08-09,-68673.0,35077079.0,,23986910.0,11090169.0,,0.737,-2436041.0,15683421.0,15683421.0,17151909.0,-4459277.0,2.293,5.976,0.0,0.0,0.0,0.0,0.0,1021453.0,0.0,,0.0,-4483707.0,-3462254.0,-0.085,-3462254.0,-4483707.0,-4459277.0,-0.87,-0.87,-0.87,5028099.0,,5028099.0,,,,8082833.0,1.186,1.0,23806970.0,0.581,0.0,-24430.0,8934364.0,,4091152.0,0.0,0.0,0.0,30048980.0,10459294.0,19589686.0,,6408471.0,0.0,813891.0,0.0,0.0,813891.0,-4872615.0,3523426.0,10518874.0,-51679.0,-4459277.0,-5799524.0,-5799524.0,0.0,0.0,-0.142,27044797.0,-3237827.0,6970086.0,0.0,,,,3426806.0,1340247.0,,,,3590196.0,-20830359.0,40958879.0,40958879.0,11216681.0,,,,-0.109,11024692.0,11681254.0,1.0,26984018.0,6818000,6818000.0,6.007,35077079.0,0.0,0.0,0.0,5.145,13527616.0
68,MPWR,MRT,2004-06-30,2004-06-30,2004-06-30,2021-08-09,,,,,,,,,,,,,,,,,,,,,,,0.0,,,,,,,,,,,,,,,,,,1.0,,,,,,,,,,,,,,,,,,,,,,,,,,,,,,,,,,,,,,,,,,,,,,,,,,,,,,1.0,,6706000,,,,,,,,
69,MPWR,MRT,2004-03-31,2004-03-31,2004-03-31,2021-08-09,,,,,,,,,,,,,,,,,,,,,,,0.0,,,,,,,,,,,,,,,,,,1.0,,,,,,,,,,,,,,,,,,,,,,,,,,,,,,,,,,,,,,,,,,,,,,,,,,,,,,1.0,,6482056,,,,,,,,
70,MPWR,MRT,2003-12-31,2003-12-31,2003-12-31,2021-08-09,1693.0,22603261.0,22108754.0,19637472.0,2965789.0,1.095,0.2,-1634000.0,11635409.0,11635409.0,10966000.0,-3279000.0,6.785,17.362,0.0,0.0,0.0,0.0,0.0,953000.0,0.0,,0.0,-3279000.0,-2326000.0,-0.096,-2326000.0,-3279000.0,-3279000.0,-0.75,-0.75,-0.75,1231000.0,1605235.0,1231000.0,,,,-3800000.0,-0.619,1.0,13238000.0,0.547,0.0,0.0,8073538.0,4981282.0,1598754.0,1507190.0,1507190.0,0.0,21372261.0,2894314.0,18477947.0,,-5588000.0,0.0,482000.0,0.0,0.0,505000.0,-3935000.0,-1514000.0,-2166000.0,8000.0,-3279000.0,-4619000.0,-4619000.0,0.0,0.0,-0.191,16687000.0,-3449000.0,1792410.0,0.0,,,,2148891.0,1340000.0,,,,4566106.0,-15298662.0,24204000.0,24204000.0,6597000.0,-0.209,-2.877,-0.658,-0.135,3364000.0,5758000.0,1.0,,6143000,6143000.0,3.94,22603261.0,0.0,0.0,0.0,3.68,16743158.0
71,MPWR,MRT,2002-12-31,2002-12-31,2002-12-31,2021-08-09,0.0,21614247.0,,20069477.0,1544770.0,,0.338,-1074536.0,17223494.0,17223494.0,6831000.0,-3237000.0,8.022,9.919,0.0,0.0,0.0,0.0,0.0,635911.0,0.0,,0.0,-3237000.0,-2601089.0,-0.213,-2601089.0,-3237000.0,-3237000.0,-0.63,-0.63,-0.63,1979470.0,,1979470.0,,,,-3427391.0,-0.585,1.0,5375000.0,0.44,0.0,0.0,1889027.0,,1267092.0,0.0,0.0,0.0,19634777.0,2501726.0,17133051.0,,11959466.0,0.0,48990.0,-1289368.0,0.0,15386857.0,-1074536.0,0.0,-2352855.0,0.0,-3237000.0,-3684000.0,-3684000.0,0.0,0.0,-0.302,8669000.0,-3294000.0,1590906.0,0.0,,,,1467936.0,447000.0,,,,1315033.0,-10679595.0,12206000.0,12206000.0,4466000.0,,,,-0.265,173194.0,2600000.0,1.0,,5863000,5863000.0,2.082,21614247.0,0.0,0.0,0.0,3.687,17567751.0
72,MPWR,MRT,2001-12-31,2001-12-31,2001-12-31,2021-08-09,,,,,,,,-492212.0,,,5975000.0,-3573000.0,,,,,,,,316755.0,,,0.0,-3573000.0,-3256245.0,-0.401,-3256245.0,-3573000.0,-3573000.0,-0.63,-0.63,-0.63,,,,,,,-2847511.0,-0.501,1.0,2155000.0,0.265,,0.0,,,,,,,,,,,4359933.0,0.0,144151.0,2300530.0,0.0,7207444.0,-492212.0,0.0,-2355299.0,0.0,-3573000.0,-3573000.0,-3573000.0,0.0,0.0,-0.439,5556000.0,-3401000.0,,0.0,,,,,0.0,,,,,,8130000.0,8130000.0,2618000.0,,,,-0.439,186096.0,1980000.0,1.0,,5682000,5682000.0,1.431,,,0.0,,,
