None,ticker,dimension,calendardate,datekey,reportperiod,lastupdated,accoci,assets,assetsavg,assetsc,assetsnc,assetturnover,bvps,capex,cashneq,cashnequsd,cor,consolinc,currentratio,de,debt,debtc,debtnc,debtusd,deferredrev,depamor,deposits,divyield,dps,ebit,ebitda,ebitdamargin,ebitdausd,ebitusd,ebt,eps,epsdil,epsusd,equity,equityavg,equityusd,ev,evebit,evebitda,fcf,fcfps,fxusd,gp,grossmargin,intangibles,intexp,invcap,invcapavg,inventory,investments,investmentsc,investmentsnc,liabilities,liabilitiesc,liabilitiesnc,marketcap,ncf,ncfbus,ncfcommon,ncfdebt,ncfdiv,ncff,ncfi,ncfinv,ncfo,ncfx,netinc,netinccmn,netinccmnusd,netincdis,netincnci,netmargin,opex,opinc,payables,payoutratio,pb,pe,pe1,ppnenet,prefdivis,price,ps,ps1,receivables,retearn,revenue,revenueusd,rnd,roa,roe,roic,ros,sbcomp,sgna,sharefactor,sharesbas,shareswa,shareswadil,sps,tangibles,taxassets,taxexp,taxliabilities,tbvps,workingcapital
0,BK,MRY,2020-12-31,2020-12-31,2020-12-31,2021-08-05,-985000000.0,469633000000.0,452125500000.0,,,0.035,51.413,-1222000000.0,159075000000.0,159075000000.0,0.0,3626000000.0,,9.247,37639000000.0,,,37639000000.0,0.0,1630000000.0,341545000000.0,0.029,1.24,4459000000.0,6089000000.0,0.385,6089000000.0,4459000000.0,4459000000.0,3.84,3.83,3.84,45801000000.0,43890000000.0,45801000000.0,-44485396436.0,-10.0,-7.306,3816000000.0,4.284,1.0,15808000000.0,1.0,20508000000.0,0.0,327689000000.0,327788000000.0,0.0,258731000000.0,,,423513000000.0,,,37607603564.0,2152000000.0,0.0,-931000000.0,-820000000.0,-1117000000.0,75508000000.0,-78455000000.0,-76505000000.0,5038000000.0,61000000.0,3617000000.0,3423000000.0,3423000000.0,0.0,9000000.0,0.217,10544000000.0,5264000000.0,25085000000.0,0.323,0.821,10.987,11.052,3602000000.0,194000000.0,42.44,2.379,2.392,0.0,34241000000.0,15808000000.0,15808000000.0,0.0,0.008,0.078,0.014,0.282,0.0,8055000000.0,1.0,886135805.0,890839000,892514000.0,17.745,449125000000.0,0.0,842000000.0,0.0,504.16,
1,BK,MRY,2019-12-31,2019-12-31,2019-12-31,2021-08-05,-2638000000.0,381508000000.0,370494000000.0,,,0.044,44.149,-1210000000.0,109853000000.0,109853000000.0,0.0,4467000000.0,,8.191,43460000000.0,,,43460000000.0,0.0,1315000000.0,259466000000.0,0.023,1.18,5561000000.0,6876000000.0,0.418,6876000000.0,5561000000.0,5561000000.0,4.53,4.51,4.53,41483000000.0,41340250000.0,41483000000.0,-5505730521.0,-1.0,-0.801,-1114000000.0,-1.186,1.0,16462000000.0,1.0,20493000000.0,0.0,294622000000.0,301937250000.0,0.0,221617000000.0,,,339780000000.0,,,46414269479.0,-991000000.0,0.0,-3241000000.0,-6691000000.0,-1120000000.0,9459000000.0,-10548000000.0,-10014000000.0,96000000.0,2000000.0,4441000000.0,4272000000.0,4272000000.0,0.0,26000000.0,0.26,10450000000.0,6012000000.0,18758000000.0,0.26,1.119,10.865,11.11,3625000000.0,169000000.0,50.33,2.819,2.873,0.0,31894000000.0,16462000000.0,16462000000.0,0.0,0.012,0.103,0.018,0.338,0.0,8185000000.0,1.0,922198877.0,939623000,943109000.0,17.52,361015000000.0,0.0,1120000000.0,0.0,384.213,
2,BK,MRY,2018-12-31,2018-12-31,2018-12-31,2021-08-05,-3171000000.0,362873000000.0,359792000000.0,,,0.046,40.52,-1085000000.0,88000000000.0,88000000000.0,0.0,4254000000.0,,7.924,48572000000.0,,,48572000000.0,0.0,1339000000.0,238778000000.0,0.022,1.04,5204000000.0,6543000000.0,0.399,6543000000.0,5204000000.0,5204000000.0,4.06,4.04,4.06,40638000000.0,41357750000.0,40638000000.0,-5809243310.0,-1.0,-0.888,4911000000.0,4.897,1.0,16392000000.0,1.0,20570000000.0,0.0,302875000000.0,289665250000.0,0.0,230039000000.0,,,322005000000.0,,,46541756690.0,1125000000.0,84000000.0,-3149000000.0,-832000000.0,-1052000000.0,-8098000000.0,3299000000.0,4453000000.0,5996000000.0,-72000000.0,4266000000.0,4097000000.0,4097000000.0,0.0,-12000000.0,0.25,10761000000.0,5631000000.0,19731000000.0,0.256,1.145,11.36,11.594,1832000000.0,169000000.0,47.07,2.839,2.88,0.0,28652000000.0,16392000000.0,16392000000.0,0.0,0.011,0.099,0.018,0.317,0.0,8337000000.0,1.0,988777495.0,1002922000,1007141000.0,16.344,342303000000.0,0.0,938000000.0,0.0,341.306,
3,BK,MRY,2017-12-31,2017-12-31,2017-12-31,2021-08-05,-2357000000.0,371758000000.0,354626500000.0,,,0.044,39.884,-1197000000.0,108871000000.0,108871000000.0,0.0,4114000000.0,,8.0,49245000000.0,,,49245000000.0,0.0,1474000000.0,244322000000.0,0.016,0.86,4586000000.0,6060000000.0,0.39,6060000000.0,4586000000.0,4586000000.0,3.74,3.72,3.74,41251000000.0,40221500000.0,41251000000.0,3108843933.0,1.0,0.513,3470000000.0,3.355,1.0,15543000000.0,1.0,20975000000.0,0.0,291157000000.0,281858500000.0,0.0,215908000000.0,,,330012000000.0,,,55153843933.0,-1071000000.0,0.0,-2221000000.0,12980000000.0,-901000000.0,26778000000.0,-32705000000.0,-31277000000.0,4667000000.0,189000000.0,4090000000.0,3915000000.0,3915000000.0,0.0,24000000.0,0.252,10543000000.0,5000000000.0,20184000000.0,0.23,1.337,14.088,14.401,1634000000.0,175000000.0,53.86,3.548,3.584,0.0,25635000000.0,15543000000.0,15543000000.0,0.0,0.011,0.097,0.016,0.295,0.0,8108000000.0,1.0,1024022353.0,1034281000,1040290000.0,15.028,350783000000.0,0.0,496000000.0,0.0,339.156,
4,BK,MRY,2016-12-31,2016-12-31,2016-12-31,2021-08-05,-3765000000.0,333469000000.0,363201000000.0,,,0.042,36.398,-760000000.0,77949000000.0,77949000000.0,0.0,3548000000.0,,7.572,35206000000.0,,,35206000000.0,0.0,1502000000.0,221490000000.0,0.015,0.72,4724000000.0,6226000000.0,0.409,6226000000.0,4724000000.0,4724000000.0,3.16,3.15,3.16,38811000000.0,38881000000.0,38811000000.0,-16216390897.0,-3.0,-2.605,5507000000.0,5.165,1.0,15237000000.0,1.0,20914000000.0,0.0,269812000000.0,276620250000.0,0.0,210550000000.0,,,293889000000.0,,,50096609103.0,-2613000000.0,-41000000.0,-1933000000.0,-2423000000.0,-778000000.0,-59050000000.0,50284000000.0,51546000000.0,6267000000.0,-114000000.0,3547000000.0,3425000000.0,3425000000.0,0.0,1000000.0,0.225,10523000000.0,4714000000.0,20987000000.0,0.228,1.291,14.627,14.994,1303000000.0,122000000.0,47.38,3.288,3.316,0.0,22621000000.0,15237000000.0,15237000000.0,0.0,0.009,0.088,0.017,0.31,0.0,8079000000.0,1.0,1057336621.0,1066286000,1072013000.0,14.29,312555000000.0,0.0,1177000000.0,0.0,293.125,
5,BK,MRY,2015-12-31,2015-12-31,2015-12-31,2021-08-05,-2600000000.0,393780000000.0,391373250000.0,,,0.039,34.431,-601000000.0,134886000000.0,134886000000.0,0.0,3222000000.0,,9.328,37072000000.0,,,37072000000.0,0.0,1457000000.0,279610000000.0,0.016,0.68,4171000000.0,5628000000.0,0.37,5628000000.0,4171000000.0,4171000000.0,2.73,2.71,2.73,38037000000.0,37951250000.0,38037000000.0,-34708494158.0,-8.0,-6.167,3526000000.0,3.192,1.0,15194000000.0,1.0,21460000000.0,0.0,274506000000.0,278790500000.0,0.0,215694000000.0,,,354805000000.0,,,45051505842.0,-433000000.0,8000000.0,-2003000000.0,5185000000.0,-760000000.0,15185000000.0,-19787000000.0,-22777000000.0,4127000000.0,42000000.0,3158000000.0,3053000000.0,3053000000.0,0.0,64000000.0,0.201,10799000000.0,4395000000.0,21900000000.0,0.249,1.184,14.756,15.099,1379000000.0,105000000.0,41.22,2.965,2.997,0.0,19974000000.0,15194000000.0,15194000000.0,0.0,0.008,0.08,0.015,0.275,0.0,8214000000.0,1.0,1092952592.0,1104719000,1112511000.0,13.754,372320000000.0,0.0,1013000000.0,0.0,337.027,
6,BK,MRY,2014-12-31,2014-12-31,2014-12-31,2021-08-05,-1634000000.0,385303000000.0,385145000000.0,,,0.041,33.137,-206000000.0,123147000000.0,123147000000.0,0.0,2651000000.0,,9.257,32519000000.0,,,32519000000.0,0.0,1292000000.0,265869000000.0,0.016,0.66,3479000000.0,4771000000.0,0.304,4771000000.0,3479000000.0,3479000000.0,2.17,2.15,2.17,37441000000.0,38051000000.0,37441000000.0,-51275958201.0,-15.0,-10.747,4278000000.0,3.786,1.0,15692000000.0,1.0,21996000000.0,0.0,272679000000.0,260757750000.0,0.0,217065000000.0,,,346600000000.0,,,45670041799.0,510000000.0,36000000.0,-1273000000.0,7644000000.0,-760000000.0,7829000000.0,-11675000000.0,-16392000000.0,4484000000.0,-128000000.0,2567000000.0,2494000000.0,2494000000.0,0.0,84000000.0,0.159,12177000000.0,3515000000.0,21181000000.0,0.304,1.22,18.312,18.696,1394000000.0,73000000.0,40.57,2.91,2.921,0.0,17683000000.0,15692000000.0,15692000000.0,0.0,0.006,0.066,0.013,0.222,0.0,8384000000.0,1.0,1125709682.0,1129897000,1137480000.0,13.888,363307000000.0,0.0,912000000.0,0.0,321.54,
7,BK,MRY,2013-12-31,2013-12-31,2013-12-31,2021-08-05,-892000000.0,374516000000.0,365728750000.0,,,0.041,32.587,-609000000.0,146119000000.0,146119000000.0,0.0,2185000000.0,,8.961,30271000000.0,,,30271000000.0,0.0,1389000000.0,261129000000.0,0.017,0.58,3696000000.0,5085000000.0,0.341,5085000000.0,3696000000.0,3696000000.0,1.74,1.73,1.74,37497000000.0,36507000000.0,37497000000.0,-72762657008.0,-20.0,-14.309,-1251000000.0,-1.087,1.0,14900000000.0,1.0,22525000000.0,0.0,236143000000.0,238965500000.0,0.0,182155000000.0,,,336006000000.0,,,40129342992.0,1733000000.0,65000000.0,-738000000.0,2776000000.0,-680000000.0,15621000000.0,-13200000000.0,-12096000000.0,-642000000.0,-46000000.0,2104000000.0,2040000000.0,2040000000.0,0.0,81000000.0,0.137,11306000000.0,3594000000.0,15707000000.0,0.333,1.07,19.671,20.08,1655000000.0,64000000.0,34.94,2.693,2.698,0.0,15952000000.0,14900000000.0,14900000000.0,0.0,0.006,0.056,0.015,0.248,0.0,8554000000.0,1.0,1148521551.0,1150689000,1154441000.0,12.949,351991000000.0,0.0,1592000000.0,0.0,305.896,
8,BK,MRY,2012-12-31,2012-12-31,2012-12-31,2021-08-05,-643000000.0,358990000000.0,332346500000.0,,,0.044,30.966,-646000000.0,138747000000.0,138747000000.0,0.0,2515000000.0,,8.826,27675000000.0,,,27675000000.0,0.0,1246000000.0,246095000000.0,0.02,0.52,3279000000.0,4525000000.0,0.312,4525000000.0,3279000000.0,3279000000.0,2.03,2.03,2.03,36431000000.0,35295500000.0,36431000000.0,-54270801154.0,-17.0,-11.994,983000000.0,0.836,1.0,14501000000.0,1.0,22884000000.0,0.0,225034000000.0,220994750000.0,0.0,174119000000.0,,,321548000000.0,,,30033198846.0,552000000.0,-29000000.0,-1083000000.0,2714000000.0,-623000000.0,28288000000.0,-29387000000.0,-28303000000.0,1629000000.0,22000000.0,2437000000.0,2419000000.0,2419000000.0,0.0,78000000.0,0.167,11333000000.0,3168000000.0,16095000000.0,0.256,0.824,12.416,12.66,1659000000.0,18000000.0,25.7,2.071,2.085,0.0,14622000000.0,14501000000.0,14501000000.0,0.0,0.007,0.069,0.015,0.226,0.0,8182000000.0,1.0,1168606959.0,1176485000,1178430000.0,12.326,336106000000.0,0.0,842000000.0,0.0,285.687,
9,BK,MRY,2011-12-31,2011-12-31,2011-12-31,2021-08-05,-1627000000.0,325266000000.0,304650750000.0,,,0.048,27.373,-629000000.0,130739000000.0,130739000000.0,0.0,2569000000.0,,8.71,28384000000.0,,,28384000000.0,0.0,776000000.0,219094000000.0,0.024,0.48,3564000000.0,4340000000.0,0.299,4340000000.0,3564000000.0,3564000000.0,2.03,2.03,2.03,33417000000.0,33555250000.0,33417000000.0,-72530494630.0,-20.0,-16.712,1582000000.0,1.296,1.0,14529000000.0,1.0,23056000000.0,0.0,199855000000.0,191666250000.0,0.0,148695000000.0,,,291065000000.0,,,24143505370.0,500000000.0,-64000000.0,-830000000.0,5956000000.0,-593000000.0,78765000000.0,-80178000000.0,-78251000000.0,2211000000.0,-298000000.0,2516000000.0,2516000000.0,2516000000.0,0.0,53000000.0,0.173,11112000000.0,3417000000.0,12671000000.0,0.236,0.722,9.596,9.808,1681000000.0,0.0,19.91,1.662,1.673,0.0,12812000000.0,14529000000.0,14529000000.0,0.0,0.008,0.075,0.019,0.245,0.0,8158000000.0,1.0,1212632113.0,1220804000,1223026000.0,11.901,302210000000.0,0.0,1048000000.0,0.0,247.55,
10,BK,MRY,2010-12-31,2010-12-31,2010-12-31,2021-08-05,-1355000000.0,247259000000.0,239415000000.0,,,0.057,26.681,-216000000.0,72424000000.0,72424000000.0,0.0,2581000000.0,,6.617,24987000000.0,,,24987000000.0,0.0,629000000.0,145339000000.0,0.012,0.36,3565000000.0,4194000000.0,0.308,4194000000.0,3565000000.0,3565000000.0,2.06,2.05,2.06,32354000000.0,31146500000.0,32354000000.0,-20039276848.0,-6.0,-4.778,3834000000.0,3.162,1.0,13638000000.0,1.0,23738000000.0,0.0,176084000000.0,164634500000.0,0.0,129183000000.0,,,214102000000.0,,,37461723152.0,-57000000.0,-2660000000.0,687000000.0,2015000000.0,-440000000.0,10790000000.0,-14937000000.0,-11529000000.0,4050000000.0,40000000.0,2518000000.0,2518000000.0,2518000000.0,66000000.0,63000000.0,0.185,10170000000.0,3468000000.0,9962000000.0,0.175,1.158,14.878,14.66,1693000000.0,0.0,30.2,2.747,2.685,0.0,10898000000.0,13638000000.0,13638000000.0,0.0,0.011,0.081,0.022,0.261,0.0,7488000000.0,1.0,1240454409.0,1212630000,1216214000.0,11.247,223521000000.0,0.0,1047000000.0,0.0,184.327,
11,BK,MRY,2009-12-31,2009-12-31,2009-12-31,2021-08-05,-1835000000.0,212224000000.0,207680250000.0,,,0.035,24.58,-312000000.0,67396000000.0,67396000000.0,0.0,-1083000000.0,,6.323,21071000000.0,,,21071000000.0,0.0,711000000.0,135050000000.0,0.018,0.51,-2479000000.0,-1768000000.0,-0.241,-1768000000.0,-2479000000.0,-2479000000.0,-1.16,-1.16,-1.16,28977000000.0,28189500000.0,28977000000.0,-12523296495.0,5.0,7.083,3469000000.0,2.943,1.0,7322000000.0,1.0,21837000000.0,0.0,144062000000.0,138197500000.0,0.0,101771000000.0,,,183221000000.0,,,33682703505.0,-1157000000.0,-364000000.0,1359000000.0,-326000000.0,-599000000.0,-27973000000.0,23088000000.0,24320000000.0,3781000000.0,-53000000.0,-1084000000.0,-1367000000.0,-1367000000.0,270000000.0,1000000.0,-0.187,9530000000.0,-2208000000.0,10721000000.0,-0.44,1.162,-24.64,-24.112,1602000000.0,283000000.0,27.97,4.6,4.503,0.0,8912000000.0,7322000000.0,7322000000.0,0.0,-0.007,-0.048,-0.018,-0.339,0.0,6804000000.0,1.0,1204243958.0,1178907000,1178907000.0,6.211,190387000000.0,0.0,-1395000000.0,0.0,161.495,
12,BK,MRY,2008-12-31,2008-12-31,2008-12-31,2021-08-05,-5401000000.0,237512000000.0,227795500000.0,,,0.059,24.426,-262000000.0,97285000000.0,97285000000.0,0.0,1443000000.0,,7.466,23721000000.0,,,23721000000.0,0.0,878000000.0,159673000000.0,0.034,0.96,1910000000.0,2788000000.0,0.207,2788000000.0,1910000000.0,1910000000.0,1.2,1.2,1.2,28050000000.0,28151750000.0,28050000000.0,-29218439525.0,-15.0,-10.48,2652000000.0,2.309,1.0,13469000000.0,1.0,21754000000.0,0.0,142194000000.0,159907000000.0,0.0,101145000000.0,,,209423000000.0,,,32510560475.0,-1746000000.0,-201000000.0,-86000000.0,1256000000.0,-1107000000.0,51753000000.0,-55975000000.0,-55389000000.0,2914000000.0,-438000000.0,1419000000.0,1386000000.0,1386000000.0,-14000000.0,24000000.0,0.103,11523000000.0,1946000000.0,9274000000.0,0.8,1.159,23.456,23.608,1686000000.0,66000000.0,28.33,2.414,2.415,0.0,10225000000.0,13469000000.0,13469000000.0,0.0,0.006,0.049,0.012,0.142,0.0,7381000000.0,1.0,1147566554.0,1148358000,1148358000.0,11.729,215758000000.0,0.0,491000000.0,0.0,187.884,
13,BK,MRY,2007-12-31,2007-12-31,2007-12-31,2021-08-05,-574000000.0,197656000000.0,151952250000.0,,,0.074,31.849,-312000000.0,40947000000.0,40947000000.0,0.0,2058000000.0,,5.722,24985000000.0,,,24985000000.0,0.0,820000000.0,118125000000.0,0.019,0.92,3026000000.0,3846000000.0,0.34,3846000000.0,3026000000.0,3026000000.0,2.19,2.17,2.19,29403000000.0,20429000000.0,29403000000.0,40707112573.0,13.0,10.584,3658000000.0,3.962,1.0,11309000000.0,1.0,22733000000.0,0.0,158961000000.0,125821500000.0,0.0,114830000000.0,,,168253000000.0,,,55522112573.0,3795000000.0,1431000000.0,382000000.0,2021000000.0,-884000000.0,21468000000.0,-21574000000.0,-21736000000.0,3970000000.0,-69000000.0,2039000000.0,2039000000.0,2039000000.0,-10000000.0,19000000.0,0.18,7688000000.0,3621000000.0,7578000000.0,0.42,1.888,27.23,22.265,1731000000.0,0.0,48.76,4.91,3.98,0.0,10015000000.0,11309000000.0,11309000000.0,0.0,0.013,0.1,0.024,0.268,0.0,5788000000.0,1.0,1138681554.0,923199000,930676000.0,12.25,174923000000.0,0.0,987000000.0,0.0,189.475,
14,BK,MRY,2006-12-31,2006-12-31,2006-12-31,2021-08-05,-317000000.0,103206000000.0,105583500000.0,,,0.065,16.012,-72000000.0,16012000000.0,16012000000.0,0.0,2847000000.0,,8.03,11188000000.0,,,11188000000.0,0.0,490000000.0,62146000000.0,0.022,0.86,3541000000.0,4031000000.0,0.588,4031000000.0,3541000000.0,3541000000.0,3.99,3.94,3.99,11429000000.0,10513250000.0,11429000000.0,21688006902.0,6.0,5.38,3839000000.0,5.378,1.0,6858000000.0,1.0,6461000000.0,0.0,91921000000.0,96071500000.0,0.0,69270000000.0,,,91777000000.0,,,29600006902.0,-42000000.0,-140000000.0,-492000000.0,286000000.0,-656000000.0,2479000000.0,-6347000000.0,-5947000000.0,3911000000.0,-85000000.0,2847000000.0,2847000000.0,2847000000.0,-1371000000.0,0.0,0.415,4355000000.0,2503000000.0,7266000000.0,0.216,2.59,10.397,9.867,1050000000.0,0.0,39.37,4.316,4.098,0.0,9280000000.0,6858000000.0,6858000000.0,0.0,0.027,0.271,0.037,0.516,0.0,3598000000.0,1.0,751841679.0,713795000,722407000.0,9.608,96745000000.0,0.0,694000000.0,0.0,135.536,
15,BK,MRY,2005-12-31,2005-12-31,2005-12-31,2021-08-05,-134000000.0,102118000000.0,100871000000.0,,,0.06,13.685,-131000000.0,11526000000.0,11526000000.0,0.0,1571000000.0,,9.34,9767000000.0,,,9767000000.0,0.0,515000000.0,49787000000.0,0.027,0.87,2206000000.0,2721000000.0,0.449,2721000000.0,2206000000.0,2206000000.0,2.18,2.16,2.18,9876000000.0,9572500000.0,9876000000.0,26294672070.0,12.0,9.664,-1246000000.0,-1.727,1.0,6062000000.0,1.0,4321000000.0,0.0,96038000000.0,96067750000.0,0.0,68174000000.0,,,92242000000.0,,,24521672070.0,-374000000.0,-265000000.0,-185000000.0,1772000000.0,-644000000.0,8054000000.0,-7622000000.0,-7650000000.0,-1115000000.0,309000000.0,1571000000.0,1571000000.0,1571000000.0,-228000000.0,0.0,0.259,2778000000.0,3284000000.0,8623000000.0,0.399,2.483,15.609,14.61,1004000000.0,0.0,31.85,4.045,3.792,212000000.0,7089000000.0,6062000000.0,6062000000.0,0.0,0.016,0.164,0.023,0.364,0.0,2393000000.0,1.0,769911211.0,721666000,729108000.0,8.4,97797000000.0,0.0,635000000.0,0.0,135.516,
16,BK,MRY,2004-12-31,2004-12-31,2004-12-31,2021-08-05,-6000000.0,94529000000.0,94473000000.0,,,0.059,11.941,-251000000.0,12078000000.0,12078000000.0,0.0,1440000000.0,,9.175,7998000000.0,,,7998000000.0,0.0,480000000.0,58721000000.0,0.024,0.79,2027000000.0,2507000000.0,0.453,2507000000.0,2027000000.0,2027000000.0,1.87,1.85,1.87,9290000000.0,8972250000.0,9290000000.0,22452073563.0,11.0,8.956,3107000000.0,3.994,1.0,5538000000.0,1.0,4270000000.0,0.0,86179000000.0,86276250000.0,0.0,69327000000.0,,,85239000000.0,,,25964073563.0,43000000.0,-137000000.0,108000000.0,-1867000000.0,-608000000.0,-805000000.0,-2245000000.0,-1969000000.0,3358000000.0,-265000000.0,1440000000.0,1440000000.0,1440000000.0,-187000000.0,0.0,0.26,3698000000.0,1840000000.0,8664000000.0,0.422,2.795,18.031,17.872,1097000000.0,0.0,33.42,4.688,4.695,137000000.0,6162000000.0,5538000000.0,5538000000.0,0.0,0.015,0.16,0.023,0.366,0.0,2614000000.0,1.0,776902261.0,778000000,778000000.0,7.118,90259000000.0,0.0,587000000.0,0.0,116.014,
17,BK,MRY,2003-12-31,2003-12-31,2003-12-31,2021-08-05,72000000.0,92397000000.0,91685500000.0,,,0.059,11.003,-118000000.0,12129000000.0,12129000000.0,0.0,1157000000.0,,9.963,8166000000.0,,,8166000000.0,0.0,430000000.0,56406000000.0,0.023,0.76,1752000000.0,2182000000.0,0.4,2182000000.0,1752000000.0,1752000000.0,1.54,1.52,1.54,8428000000.0,7909500000.0,8428000000.0,24797920000.0,14.0,11.365,3697000000.0,4.826,1.0,5450000000.0,1.0,4092000000.0,0.0,84342000000.0,86005750000.0,0.0,67657000000.0,,,83969000000.0,,,25369920000.0,-905000000.0,-1844000000.0,1212000000.0,1401000000.0,-563000000.0,1849000000.0,-6506000000.0,-5349000000.0,3815000000.0,-63000000.0,1157000000.0,1157000000.0,1157000000.0,0.0,0.0,0.212,3698000000.0,1752000000.0,10192000000.0,0.494,3.01,21.927,21.506,1079000000.0,0.0,33.12,4.655,4.655,170000000.0,5330000000.0,5450000000.0,5450000000.0,0.0,0.013,0.146,0.02,0.321,0.0,2540000000.0,1.0,766000000.0,766000000,,7.115,88305000000.0,0.0,595000000.0,0.0,115.281,
18,BK,MRY,2002-12-31,2002-12-31,2002-12-31,2021-08-05,134000000.0,77740000000.0,79077750000.0,,,0.052,9.216,-207000000.0,9852000000.0,9852000000.0,0.0,902000000.0,,10.631,6903000000.0,,,6903000000.0,0.0,232000000.0,55387000000.0,0.032,0.76,1372000000.0,1604000000.0,0.389,1604000000.0,1372000000.0,1372000000.0,1.25,1.24,1.25,6684000000.0,6570250000.0,6684000000.0,17950312094.0,13.0,11.191,3168000000.0,4.368,1.0,4123000000.0,1.0,2575000000.0,0.0,72216000000.0,76104250000.0,0.0,57678000000.0,,,71056000000.0,,,17377312094.0,1526000000.0,-511000000.0,-40000000.0,-2866000000.0,-549000000.0,-4917000000.0,3161000000.0,4462000000.0,3375000000.0,-93000000.0,902000000.0,902000000.0,902000000.0,0.0,0.0,0.219,2751000000.0,1372000000.0,870000000.0,0.608,2.6,19.265,19.168,1192000000.0,0.0,23.96,4.215,4.215,351000000.0,4736000000.0,4123000000.0,4123000000.0,0.0,0.011,0.137,0.018,0.333,0.0,2014000000.0,1.0,725263443.0,725263443,,5.685,75165000000.0,0.0,470000000.0,0.0,103.638,
19,BK,MRY,2001-12-31,2001-12-31,2001-12-31,2021-08-05,80000000.0,81025000000.0,80151500000.0,,,0.061,8.577,-160000000.0,9841000000.0,9841000000.0,0.0,1343000000.0,,11.826,9453000000.0,,,9453000000.0,0.0,284000000.0,55711000000.0,0.028,1.15,2058000000.0,2342000000.0,0.48,2342000000.0,2058000000.0,2058000000.0,1.84,1.81,1.84,6317000000.0,6281250000.0,6317000000.0,33684737973.0,16.0,14.383,4943000000.0,6.712,1.0,4877000000.0,1.0,2084000000.0,0.0,78553000000.0,80758750000.0,0.0,61058000000.0,,,74708000000.0,,,30047737973.0,97000000.0,-614000000.0,-526000000.0,2624000000.0,-526000000.0,1328000000.0,-6509000000.0,-5320000000.0,5103000000.0,175000000.0,1343000000.0,1343000000.0,1343000000.0,0.0,0.0,0.275,2819000000.0,2058000000.0,0.0,0.625,4.757,22.374,22.174,992000000.0,0.0,40.8,6.161,6.161,313000000.0,4383000000.0,4877000000.0,4877000000.0,0.0,0.017,0.214,0.025,0.422,0.0,2090000000.0,1.0,736464166.0,736464166,,6.622,78941000000.0,0.0,715000000.0,0.0,107.189,
20,BK,MRY,2000-12-31,2000-12-31,2000-12-31,2021-08-05,207000000.0,77114000000.0,76306250000.0,,,0.063,8.309,-103000000.0,8462000000.0,8462000000.0,0.0,1429000000.0,,11.535,7781000000.0,,,7781000000.0,0.0,247000000.0,56376000000.0,0.012,0.689,2251000000.0,2498000000.0,0.521,2498000000.0,2251000000.0,2251000000.0,1.95,1.92,1.95,6152000000.0,5700500000.0,6152000000.0,42647080518.0,19.0,17.072,-2269000000.0,-3.064,1.0,4797000000.0,1.0,1710000000.0,0.0,74723000000.0,77169250000.0,0.0,60887000000.0,,,70962000000.0,,,40865080518.0,-151000000.0,-240000000.0,-113000000.0,-505000000.0,-483000000.0,648000000.0,1410000000.0,2240000000.0,-2166000000.0,-43000000.0,1429000000.0,1429000000.0,1429000000.0,0.0,0.0,0.298,2546000000.0,2251000000.0,0.0,0.353,6.643,28.597,28.303,924000000.0,0.0,55.19,8.519,8.519,447000000.0,3566000000.0,4797000000.0,4797000000.0,0.0,0.019,0.251,0.029,0.469,0.0,1783000000.0,1.0,740443568.0,740443568,,6.479,75404000000.0,0.0,822000000.0,0.0,101.836,
21,BK,MRY,1999-12-31,1999-12-31,1999-12-31,2021-08-05,30000000.0,74756000000.0,67650500000.0,,,0.073,6.984,-87000000.0,10126000000.0,10126000000.0,0.0,1739000000.0,,13.244,6341000000.0,,,6341000000.0,0.0,215000000.0,55751000000.0,0.015,0.615,2840000000.0,3055000000.0,0.618,3055000000.0,2840000000.0,2840000000.0,2.31,2.27,2.31,5143000000.0,5156250000.0,5143000000.0,28688928120.0,10.0,9.391,-1069000000.0,-1.452,1.0,4947000000.0,1.0,0.0,0.0,70971000000.0,67576750000.0,0.0,57949000000.0,,,68113000000.0,,,29455928120.0,-723000000.0,4377000000.0,-1325000000.0,859000000.0,-437000000.0,1312000000.0,-1066000000.0,-5535000000.0,-982000000.0,13000000.0,1739000000.0,1739000000.0,1739000000.0,0.0,0.0,0.352,2107000000.0,2840000000.0,0.0,0.266,5.727,16.938,17.316,893000000.0,0.0,40.0,5.954,5.954,739000000.0,2620000000.0,4947000000.0,4947000000.0,0.0,0.026,0.337,0.042,0.574,0.0,1512000000.0,1.0,736398203.0,736398203,,6.718,74756000000.0,0.0,1101000000.0,0.0,101.516,
22,BK,MRY,1998-12-31,1998-12-31,1998-12-31,2021-08-05,312000000.0,63503000000.0,62482250000.0,,,0.063,7.162,-38000000.0,8503000000.0,8503000000.0,0.0,1192000000.0,,10.418,9144000000.0,,,9144000000.0,0.0,187000000.0,44632000000.0,0.014,0.573,1891000000.0,2078000000.0,0.531,2078000000.0,1891000000.0,1891000000.0,1.59,1.53,1.59,5448000000.0,5060500000.0,5448000000.0,30447685026.0,16.0,14.652,1528000000.0,2.009,1.0,3914000000.0,1.0,0.0,0.0,64144000000.0,63410500000.0,0.0,49083000000.0,,,56755000000.0,,,30616685026.0,-1770000000.0,-166000000.0,-370000000.0,-810000000.0,-403000000.0,1916000000.0,-5174000000.0,-4702000000.0,1566000000.0,-78000000.0,1192000000.0,1192000000.0,1192000000.0,0.0,0.0,0.305,1928000000.0,1986000000.0,0.0,0.36,5.62,25.685,25.314,856000000.0,0.0,40.25,7.822,7.822,946000000.0,1318000000.0,3914000000.0,3914000000.0,0.0,0.019,0.236,0.03,0.483,0.0,1430000000.0,1.0,760662982.0,760662982,,5.146,63503000000.0,0.0,699000000.0,0.0,83.484,
23,BK,MRY,1997-12-31,1997-12-31,1997-12-31,2021-08-05,285000000.0,59961000000.0,57863000000.0,,,0.064,6.191,-35000000.0,7895000000.0,7895000000.0,0.0,1104000000.0,,10.787,11007000000.0,,,11007000000.0,0.0,200000000.0,41357000000.0,0.018,0.519,1764000000.0,1964000000.0,0.529,1964000000.0,1764000000.0,1764000000.0,1.44,1.36,1.44,5002000000.0,5064500000.0,5002000000.0,,,,791000000.0,0.979,1.0,3712000000.0,1.0,0.0,0.0,63073000000.0,60365500000.0,0.0,46550000000.0,,,53959000000.0,,,21421929769.0,-263000000.0,-269000000.0,-946000000.0,828000000.0,-383000000.0,1988000000.0,-3151000000.0,-2754000000.0,826000000.0,74000000.0,1095000000.0,1095000000.0,1095000000.0,0.0,9000000.0,0.295,1874000000.0,1838000000.0,0.0,0.36,4.283,19.563,20.073,835000000.0,0.0,28.905,5.771,6.292,1187000000.0,529000000.0,3712000000.0,3712000000.0,0.0,0.019,0.216,0.029,0.475,0.0,1327000000.0,1.0,741115024.0,808000000,808000000.0,4.594,59961000000.0,0.0,669000000.0,0.0,74.209,
24,BK,MRY,1996-12-31,1996-12-31,1996-12-31,2021-08-05,0.0,55765000000.0,,,,,6.075,-44000000.0,7419000000.0,7419000000.0,0.0,1020000000.0,,9.76,9312000000.0,,,9312000000.0,0.0,237000000.0,39343000000.0,0.026,0.445,1644000000.0,1881000000.0,0.539,1881000000.0,1644000000.0,1644000000.0,1.3,1.2,1.3,5127000000.0,,5127000000.0,,,,868000000.0,1.028,1.0,3491000000.0,1.0,0.0,0.0,57658000000.0,,0.0,43267000000.0,,,50038000000.0,,,,1321000000.0,-400000000.0,-922000000.0,-1888000000.0,-338000000.0,374000000.0,67000000.0,557000000.0,912000000.0,-32000000.0,1010000000.0,1010000000.0,1010000000.0,0.0,10000000.0,0.289,1835000000.0,1656000000.0,0.0,0.342,,,12.981,875000000.0,0.0,16.875,,4.08,985000000.0,2798000000.0,3491000000.0,3491000000.0,0.0,,,,0.471,0.0,1274000000.0,1.0,,844000000,844000000.0,4.136,55765000000.0,0.0,634000000.0,0.0,66.072,
25,BK,MRY,1995-12-31,1995-12-31,1995-12-31,2021-08-05,,,,,,,,-51000000.0,,,0.0,914000000.0,,,,,,,,198000000.0,,0.03,0.36,1472000000.0,1670000000.0,0.524,1670000000.0,1472000000.0,1472000000.0,1.175,1.09,1.175,,,,,,,1869000000.0,2.236,1.0,3190000000.0,1.0,,0.0,,,,,,,,,,,1808000000.0,-168000000.0,-93000000.0,1514000000.0,-272000000.0,2297000000.0,-2404000000.0,-2274000000.0,1920000000.0,-5000000.0,904000000.0,904000000.0,904000000.0,0.0,10000000.0,0.283,1708000000.0,1482000000.0,,0.306,,,10.372,,0.0,12.188,,3.194,,,3190000000.0,3190000000.0,0.0,,,,0.461,0.0,1175000000.0,1.0,,836000000,836000000.0,3.816,,,568000000.0,,,
0,BK,MRQ,2021-06-30,2021-06-30,2021-06-30,2021-08-05,-1670000000.0,466963000000.0,,,,,52.079,-218000000.0,147625000000.0,147625000000.0,0.0,1027000000.0,,9.301,38505000000.0,,,38505000000.0,0.0,472000000.0,338670000000.0,0.024,0.31,1263000000.0,1735000000.0,0.438,1735000000.0,1263000000.0,1263000000.0,1.14,1.13,1.14,45281000000.0,,45281000000.0,-63588116208.0,-14.0,-10.121,2611000000.0,3.003,1.0,3960000000.0,1.0,20451000000.0,0.0,337392000000.0,,0.0,264466000000.0,,,421169000000.0,,,44850883792.0,101000000.0,0.0,-609000000.0,-2506000000.0,-273000000.0,-1941000000.0,-779000000.0,-256000000.0,2829000000.0,-8000000.0,1022000000.0,991000000.0,991000000.0,0.0,5000000.0,0.25,2646000000.0,1314000000.0,23704000000.0,0.272,0.991,13.088,13.204,3442000000.0,31000000.0,51.23,2.88,2.861,0.0,35540000000.0,3960000000.0,3960000000.0,0.0,,,,,0.0,2025000000.0,1.0,875480847.0,869460000,873475000.0,4.555,446512000000.0,0.0,241000000.0,0.0,513.551,
1,BK,MRQ,2021-03-31,2021-03-31,2021-03-31,2021-08-05,-1819000000.0,464984000000.0,,,,,50.936,-220000000.0,149287000000.0,149287000000.0,0.0,932000000.0,,9.334,40848000000.0,,,40848000000.0,0.0,466000000.0,336768000000.0,0.026,0.31,1148000000.0,1614000000.0,0.412,1614000000.0,1148000000.0,1148000000.0,0.97,0.97,0.97,44954000000.0,,44954000000.0,-79880613007.0,-18.0,-13.087,-3394000000.0,-3.846,1.0,3921000000.0,1.0,20452000000.0,0.0,336093000000.0,,0.0,261396000000.0,,,419581000000.0,,,41555386993.0,-49000000.0,8000000.0,-670000000.0,2408000000.0,-277000000.0,-1520000000.0,4678000000.0,3937000000.0,-3174000000.0,-33000000.0,927000000.0,858000000.0,858000000.0,0.0,5000000.0,0.219,2727000000.0,1194000000.0,23827000000.0,0.32,0.924,12.453,12.611,3521000000.0,69000000.0,47.29,2.66,2.672,0.0,34822000000.0,3921000000.0,3921000000.0,0.0,,,,,0.0,2087000000.0,1.0,878735187.0,882558000,885655000.0,4.443,444532000000.0,0.0,221000000.0,0.0,503.686,
2,BK,MRQ,2020-12-31,2020-12-31,2020-12-31,2021-08-05,-985000000.0,469633000000.0,,,,,51.466,-266000000.0,159075000000.0,159075000000.0,0.0,755000000.0,,9.247,37639000000.0,,,37639000000.0,0.0,455000000.0,341545000000.0,0.029,0.31,898000000.0,1353000000.0,0.352,1353000000.0,898000000.0,898000000.0,0.79,0.79,0.79,45801000000.0,,45801000000.0,-44485396436.0,-10.0,-7.306,-1131000000.0,-1.271,1.0,3843000000.0,1.0,20508000000.0,0.0,327689000000.0,,0.0,258731000000.0,,,423513000000.0,,,37607603564.0,2424000000.0,0.0,12000000.0,-4120000000.0,-279000000.0,37373000000.0,-34155000000.0,-33578000000.0,-865000000.0,71000000.0,750000000.0,702000000.0,702000000.0,0.0,5000000.0,0.183,2809000000.0,1034000000.0,25085000000.0,0.392,0.821,10.987,11.052,3602000000.0,48000000.0,42.44,2.379,2.392,0.0,34241000000.0,3843000000.0,3843000000.0,0.0,,,,,0.0,2134000000.0,1.0,886135805.0,889928000,891846000.0,4.318,449125000000.0,0.0,148000000.0,0.0,504.676,
3,BK,MRQ,2020-09-30,2020-09-30,2020-09-30,2021-08-05,-1359000000.0,428398000000.0,,,,,50.497,-333000000.0,125212000000.0,125212000000.0,0.0,944000000.0,,8.528,43119000000.0,,,43119000000.0,0.0,431000000.0,296312000000.0,0.036,0.31,1150000000.0,1581000000.0,0.411,1581000000.0,1150000000.0,1150000000.0,0.98,0.98,0.98,44917000000.0,,44917000000.0,-55981508741.0,-10.0,-8.122,445000000.0,0.5,1.0,3847000000.0,1.0,20383000000.0,0.0,325922000000.0,,0.0,253226000000.0,,,383051000000.0,,,30420491259.0,9000000.0,0.0,6000000.0,-3103000000.0,-278000000.0,-15255000000.0,14446000000.0,14921000000.0,778000000.0,40000000.0,937000000.0,876000000.0,876000000.0,0.0,7000000.0,0.228,2562000000.0,1285000000.0,23514000000.0,0.316,0.677,7.398,7.547,3617000000.0,61000000.0,34.34,1.817,1.824,0.0,33821000000.0,3847000000.0,3847000000.0,0.0,,,,,0.0,1974000000.0,1.0,885861714.0,889499000,891069000.0,4.325,408015000000.0,0.0,213000000.0,0.0,458.702,
4,BK,MRQ,2020-06-30,2020-06-30,2020-06-30,2021-08-05,-1943000000.0,442316000000.0,,,,,49.152,-359000000.0,130773000000.0,130773000000.0,0.0,965000000.0,,9.116,44371000000.0,,,44371000000.0,0.0,390000000.0,305470000000.0,0.032,0.31,1166000000.0,1556000000.0,0.388,1556000000.0,1166000000.0,1166000000.0,1.01,1.01,1.01,43697000000.0,,43697000000.0,-91697634968.0,-17.0,-13.228,6451000000.0,7.256,1.0,4010000000.0,1.0,20298000000.0,0.0,335616000000.0,,0.0,260565000000.0,,,398350000000.0,,,34222365032.0,-2819000000.0,0.0,3000000.0,1928000000.0,-278000000.0,-29490000000.0,19855000000.0,20140000000.0,6810000000.0,6000000.0,950000000.0,901000000.0,901000000.0,0.0,15000000.0,0.225,2566000000.0,1444000000.0,25012000000.0,0.307,0.783,8.075,8.33,3598000000.0,49000000.0,38.65,2.042,2.051,0.0,33224000000.0,4010000000.0,4010000000.0,0.0,,,,,0.0,1958000000.0,1.0,885442821.0,889020000,890561000.0,4.511,422018000000.0,0.0,216000000.0,0.0,474.7,
5,BK,MRQ,2020-03-31,2020-03-31,2020-03-31,2021-08-05,-2827000000.0,468155000000.0,,,,,46.017,-264000000.0,169207000000.0,169207000000.0,0.0,962000000.0,,10.372,43287000000.0,,,43287000000.0,0.0,354000000.0,336717000000.0,0.036,0.31,1245000000.0,1599000000.0,0.389,1599000000.0,1245000000.0,1245000000.0,1.05,1.05,1.05,41145000000.0,,41145000000.0,-41240723259.0,-7.0,-5.9,-1949000000.0,-2.18,1.0,4108000000.0,1.0,20310000000.0,0.0,321925000000.0,,0.0,241782000000.0,,,426776000000.0,,,29982276741.0,2538000000.0,0.0,-952000000.0,4475000000.0,-282000000.0,82880000000.0,-78601000000.0,-77988000000.0,-1685000000.0,-56000000.0,980000000.0,944000000.0,944000000.0,0.0,-18000000.0,0.23,2607000000.0,1501000000.0,24016000000.0,0.295,0.729,6.963,7.259,3514000000.0,36000000.0,33.68,1.798,1.806,0.0,32601000000.0,4108000000.0,4108000000.0,0.0,,,,,0.0,1989000000.0,1.0,890210117.0,894122000,896689000.0,4.594,447845000000.0,0.0,265000000.0,0.0,500.877,
6,BK,MRQ,2019-12-31,2019-12-31,2019-12-31,2021-08-05,-2638000000.0,381508000000.0,,,,,45.516,-98000000.0,109853000000.0,109853000000.0,0.0,1449000000.0,,8.191,43460000000.0,,,43460000000.0,0.0,344000000.0,259466000000.0,0.023,0.31,1813000000.0,2157000000.0,0.451,2157000000.0,1813000000.0,1813000000.0,1.51,1.5,1.51,41483000000.0,,41483000000.0,-5505730521.0,-1.0,-0.801,-2569000000.0,-2.819,1.0,4778000000.0,1.0,20493000000.0,0.0,294622000000.0,,0.0,221617000000.0,,,339780000000.0,,,46414269479.0,-1725000000.0,0.0,-1025000000.0,-85000000.0,-286000000.0,6005000000.0,-5318000000.0,-5308000000.0,-2471000000.0,59000000.0,1440000000.0,1391000000.0,1391000000.0,0.0,9000000.0,0.291,2845000000.0,1933000000.0,18758000000.0,0.205,1.119,10.865,11.11,3625000000.0,49000000.0,50.33,2.819,2.873,0.0,31894000000.0,4778000000.0,4778000000.0,0.0,,,,,0.0,2222000000.0,1.0,922198877.0,911387000,916808000.0,5.243,361015000000.0,0.0,373000000.0,0.0,396.116,
7,BK,MRQ,2019-09-30,2019-09-30,2019-09-30,2021-08-05,-2893000000.0,373168000000.0,,,,,44.06,-395000000.0,95946000000.0,95946000000.0,0.0,1041000000.0,,8.067,44026000000.0,,,44026000000.0,0.0,336000000.0,249660000000.0,0.025,0.31,1284000000.0,1620000000.0,0.42,1620000000.0,1284000000.0,1284000000.0,1.07,1.07,1.07,41120000000.0,,41120000000.0,2645750241.0,1.0,0.435,4686000000.0,5.021,1.0,3861000000.0,1.0,20372000000.0,0.0,300876000000.0,,0.0,230997000000.0,,,331698000000.0,,,42617750241.0,1400000000.0,0.0,-962000000.0,-7467000000.0,-294000000.0,-9791000000.0,6156000000.0,6903000000.0,5081000000.0,-46000000.0,1038000000.0,1002000000.0,1002000000.0,0.0,3000000.0,0.26,2479000000.0,1382000000.0,18364000000.0,0.29,1.036,11.478,11.682,3149000000.0,36000000.0,45.21,2.716,2.689,0.0,30789000000.0,3861000000.0,3861000000.0,0.0,,,,,0.0,1980000000.0,1.0,942662027.0,933264000,935677000.0,4.137,352796000000.0,0.0,246000000.0,0.0,378.024,
8,BK,MRQ,2019-06-30,2019-06-30,2019-06-30,2021-08-05,-2688000000.0,381168000000.0,,,,,43.66,-453000000.0,90747000000.0,90747000000.0,0.0,1021000000.0,,8.17,50775000000.0,,,50775000000.0,0.0,333000000.0,252877000000.0,0.025,0.28,1281000000.0,1614000000.0,0.411,1614000000.0,1281000000.0,1281000000.0,1.01,1.01,1.01,41533000000.0,,41533000000.0,8254387382.0,2.0,1.348,-2018000000.0,-2.121,1.0,3924000000.0,1.0,20497000000.0,0.0,320699000000.0,,0.0,242222000000.0,,,339333000000.0,,,42274387382.0,-701000000.0,0.0,-743000000.0,3728000000.0,-270000000.0,33082000000.0,-32196000000.0,-32254000000.0,-1565000000.0,-22000000.0,1017000000.0,969000000.0,969000000.0,0.0,4000000.0,0.247,2532000000.0,1392000000.0,18946000000.0,0.277,1.018,11.166,11.408,2970000000.0,48000000.0,44.15,2.659,2.642,0.0,30081000000.0,3924000000.0,3924000000.0,0.0,,,,,0.0,1952000000.0,1.0,957517268.0,951281000,953928000.0,4.125,360671000000.0,0.0,264000000.0,0.0,379.142,
9,BK,MRQ,2019-03-31,2019-03-31,2019-03-31,2021-08-05,-2990000000.0,346132000000.0,,,,,42.836,-264000000.0,80360000000.0,80360000000.0,0.0,956000000.0,,7.39,46340000000.0,,,46340000000.0,0.0,302000000.0,222382000000.0,0.021,0.28,1183000000.0,1485000000.0,0.381,1485000000.0,1183000000.0,1183000000.0,0.94,0.94,0.94,41225000000.0,,41225000000.0,8709893009.0,2.0,1.396,-1213000000.0,-1.26,1.0,3899000000.0,1.0,20560000000.0,0.0,291552000000.0,,0.0,217871000000.0,,,304663000000.0,,,48137893009.0,35000000.0,0.0,-511000000.0,-2867000000.0,-270000000.0,-19837000000.0,20810000000.0,20645000000.0,-949000000.0,11000000.0,946000000.0,910000000.0,910000000.0,0.0,10000000.0,0.233,2594000000.0,1305000000.0,19310000000.0,0.298,1.168,12.432,12.931,3010000000.0,36000000.0,50.43,2.988,3.012,0.0,29382000000.0,3899000000.0,3899000000.0,0.0,,,,,0.0,2031000000.0,1.0,954548741.0,962397000,965960000.0,4.051,325572000000.0,0.0,237000000.0,0.0,338.293,
10,BK,MRQ,2018-12-31,2018-12-31,2018-12-31,2021-08-05,-3171000000.0,362873000000.0,,,,,41.266,-289000000.0,88000000000.0,88000000000.0,0.0,870000000.0,,7.924,48572000000.0,,,48572000000.0,0.0,328000000.0,238778000000.0,0.022,0.28,1031000000.0,1359000000.0,0.339,1359000000.0,1031000000.0,1031000000.0,0.85,0.84,0.85,40638000000.0,,40638000000.0,-5809243310.0,-1.0,-0.888,2895000000.0,2.94,1.0,4007000000.0,1.0,20570000000.0,0.0,302875000000.0,,0.0,230039000000.0,,,322005000000.0,,,46541756690.0,1909000000.0,0.0,-1356000000.0,7389000000.0,-278000000.0,13458000000.0,-14718000000.0,-14439000000.0,3184000000.0,-15000000.0,881000000.0,832000000.0,832000000.0,0.0,-11000000.0,0.208,2872000000.0,1135000000.0,19731000000.0,0.329,1.145,11.36,11.594,1832000000.0,49000000.0,47.07,2.839,2.88,0.0,28652000000.0,4007000000.0,4007000000.0,0.0,,,,,0.0,2245000000.0,1.0,988777495.0,984787000,988838000.0,4.069,342303000000.0,0.0,150000000.0,0.0,347.591,
11,BK,MRQ,2018-09-30,2018-09-30,2018-09-30,2021-08-05,-2983000000.0,349770000000.0,,,,,41.568,-291000000.0,94291000000.0,94291000000.0,0.0,1114000000.0,,7.409,41940000000.0,,,41940000000.0,0.0,334000000.0,231590000000.0,0.02,0.28,1331000000.0,1665000000.0,0.409,1665000000.0,1331000000.0,1331000000.0,1.07,1.06,1.07,41560000000.0,,41560000000.0,1397174491.0,0.0,0.221,953000000.0,0.953,1.0,4069000000.0,1.0,20648000000.0,0.0,276771000000.0,,0.0,209014000000.0,,,307909000000.0,,,50987174491.0,-671000000.0,0.0,-588000000.0,-5426000000.0,-283000000.0,-4721000000.0,2803000000.0,2898000000.0,1244000000.0,3000000.0,1111000000.0,1075000000.0,1075000000.0,0.0,3000000.0,0.264,2632000000.0,1437000000.0,18683000000.0,0.262,1.227,11.612,11.858,1832000000.0,36000000.0,50.99,3.164,3.164,0.0,28098000000.0,4069000000.0,4069000000.0,0.0,,,,,0.0,2000000000.0,1.0,999944587.0,999808000,1003665000.0,4.07,329122000000.0,0.0,220000000.0,0.0,329.185,
12,BK,MRQ,2018-06-30,2018-06-30,2018-06-30,2021-08-05,-2795000000.0,352928000000.0,,,,,41.087,-332000000.0,96611000000.0,96611000000.0,0.0,1108000000.0,,7.497,47021000000.0,,,47021000000.0,0.0,342000000.0,230560000000.0,0.018,0.24,1389000000.0,1731000000.0,0.418,1731000000.0,1389000000.0,1389000000.0,1.04,1.03,1.04,41505000000.0,,41505000000.0,-1722233667.0,0.0,-0.27,2088000000.0,2.067,1.0,4138000000.0,1.0,20726000000.0,0.0,282612000000.0,,0.0,210241000000.0,,,311182000000.0,,,54505766333.0,1148000000.0,0.0,-629000000.0,-8902000000.0,-245000000.0,-17806000000.0,16644000000.0,16834000000.0,2420000000.0,-110000000.0,1103000000.0,1055000000.0,1055000000.0,0.0,5000000.0,0.255,2637000000.0,1501000000.0,19123000000.0,0.231,1.313,12.679,12.933,1752000000.0,48000000.0,53.93,3.394,3.392,0.0,27306000000.0,4138000000.0,4138000000.0,0.0,,,,,0.0,2035000000.0,1.0,1010676179.0,1010179000,1014357000.0,4.096,332202000000.0,0.0,286000000.0,0.0,328.855,
13,BK,MRQ,2018-03-31,2018-03-31,2018-03-31,2021-08-05,-2343000000.0,373597000000.0,,,,,41.039,-173000000.0,111253000000.0,111253000000.0,0.0,1162000000.0,,7.944,55025000000.0,,,55025000000.0,0.0,335000000.0,241844000000.0,0.018,0.24,1453000000.0,1788000000.0,0.428,1788000000.0,1453000000.0,1453000000.0,1.11,1.1,1.11,41728000000.0,,41728000000.0,-7593623003.0,-2.0,-1.203,-1025000000.0,-1.008,1.0,4178000000.0,1.0,20966000000.0,0.0,296403000000.0,,0.0,216822000000.0,,,331473000000.0,,,52032376997.0,-1261000000.0,84000000.0,-576000000.0,6107000000.0,-246000000.0,971000000.0,-1430000000.0,-840000000.0,-852000000.0,50000000.0,1171000000.0,1135000000.0,1135000000.0,0.0,-9000000.0,0.272,2620000000.0,1558000000.0,20172000000.0,0.216,1.247,12.478,12.85,1702000000.0,36000000.0,51.53,3.277,3.3,0.0,26496000000.0,4178000000.0,4178000000.0,0.0,,,,,0.0,2057000000.0,1.0,1009749214.0,1016797000,1021731000.0,4.109,352631000000.0,0.0,282000000.0,0.0,346.806,
14,BK,MRQ,2017-12-31,2017-12-31,2017-12-31,2021-08-05,-2357000000.0,371758000000.0,,,,,40.252,-264000000.0,108871000000.0,108871000000.0,0.0,1181000000.0,,8.0,49245000000.0,,,49245000000.0,0.0,430000000.0,244322000000.0,0.016,0.24,722000000.0,1152000000.0,0.309,1152000000.0,722000000.0,722000000.0,1.08,1.08,1.08,41251000000.0,,41251000000.0,3108843933.0,1.0,0.513,1027000000.0,1.002,1.0,3728000000.0,1.0,20975000000.0,0.0,291157000000.0,,0.0,215908000000.0,,,330012000000.0,,,55153843933.0,-2332000000.0,0.0,-593000000.0,3847000000.0,-248000000.0,15549000000.0,-19204000000.0,-18651000000.0,1291000000.0,32000000.0,1175000000.0,1126000000.0,1126000000.0,0.0,6000000.0,0.302,2592000000.0,1136000000.0,20184000000.0,0.222,1.337,14.088,14.401,1634000000.0,49000000.0,53.86,3.548,3.584,0.0,25635000000.0,3728000000.0,3728000000.0,0.0,,,,,0.0,2012000000.0,1.0,1024022353.0,1024831000,1030405000.0,3.638,350783000000.0,0.0,-453000000.0,0.0,342.284,
15,BK,MRQ,2017-09-30,2017-09-30,2017-09-30,2021-08-05,-2781000000.0,354397000000.0,,,,,39.14,-211000000.0,96621000000.0,96621000000.0,0.0,1020000000.0,,7.731,44576000000.0,,,44576000000.0,0.0,351000000.0,230996000000.0,0.015,0.24,1366000000.0,1717000000.0,0.428,1717000000.0,1366000000.0,1366000000.0,0.94,0.94,0.94,40523000000.0,,40523000000.0,3168941777.0,1.0,0.492,5001000000.0,4.83,1.0,4016000000.0,1.0,21004000000.0,0.0,281348000000.0,,0.0,211505000000.0,,,313293000000.0,,,54777941777.0,1579000000.0,0.0,-513000000.0,3296000000.0,-253000000.0,-3844000000.0,167000000.0,593000000.0,5212000000.0,44000000.0,1018000000.0,983000000.0,983000000.0,0.0,2000000.0,0.245,2654000000.0,1362000000.0,21176000000.0,0.255,1.352,15.17,15.503,1631000000.0,35000000.0,53.02,3.51,3.518,0.0,24757000000.0,4016000000.0,4016000000.0,0.0,,,,,0.0,2038000000.0,1.0,1033156201.0,1035337000,1041138000.0,3.879,333393000000.0,0.0,348000000.0,0.0,322.014,
16,BK,MRQ,2017-06-30,2017-06-30,2017-06-30,2021-08-05,-3093000000.0,354815000000.0,,,,,38.591,-436000000.0,92456000000.0,92456000000.0,0.0,976000000.0,,7.863,40847000000.0,,,40847000000.0,0.0,346000000.0,235677000000.0,0.015,0.19,1307000000.0,1653000000.0,0.418,1653000000.0,1307000000.0,1307000000.0,0.88,0.88,0.88,39974000000.0,,39974000000.0,9108525560.0,2.0,1.422,-1048000000.0,-1.012,1.0,3956000000.0,1.0,20963000000.0,0.0,282243000000.0,,0.0,213487000000.0,,,314317000000.0,,,53054525560.0,-385000000.0,0.0,-388000000.0,-357000000.0,-199000000.0,11041000000.0,-10891000000.0,-10238000000.0,-612000000.0,77000000.0,975000000.0,926000000.0,926000000.0,0.0,1000000.0,0.234,2655000000.0,1301000000.0,21622000000.0,0.216,1.327,14.729,15.095,1640000000.0,49000000.0,51.02,3.416,3.403,0.0,24027000000.0,3956000000.0,3956000000.0,0.0,,,,,0.0,2013000000.0,1.0,1039877020.0,1035829000,1041879000.0,3.819,333852000000.0,0.0,332000000.0,0.0,322.304,
17,BK,MRQ,2017-03-31,2017-03-31,2017-03-31,2021-08-05,-3524000000.0,337536000000.0,,,,,37.591,-286000000.0,85006000000.0,85006000000.0,0.0,937000000.0,,7.607,41060000000.0,,,41060000000.0,0.0,347000000.0,221291000000.0,0.016,0.19,1191000000.0,1538000000.0,0.4,1538000000.0,1191000000.0,1191000000.0,0.83,0.83,0.83,39138000000.0,,39138000000.0,6256045321.0,1.0,0.993,-1510000000.0,-1.45,1.0,3843000000.0,1.0,20904000000.0,0.0,272686000000.0,,0.0,207226000000.0,,,297705000000.0,,,48999045321.0,67000000.0,0.0,-727000000.0,6194000000.0,-201000000.0,4032000000.0,-2777000000.0,-2981000000.0,-1224000000.0,36000000.0,922000000.0,880000000.0,880000000.0,0.0,15000000.0,0.229,2642000000.0,1201000000.0,21306000000.0,0.229,1.252,13.996,14.488,1307000000.0,42000000.0,47.23,3.192,3.204,0.0,23300000000.0,3843000000.0,3843000000.0,0.0,,,,,0.0,2045000000.0,1.0,1037455967.0,1041158000,1047746000.0,3.691,316632000000.0,0.0,269000000.0,0.0,304.115,
18,BK,MRQ,2016-12-31,2016-12-31,2016-12-31,2021-08-05,-3765000000.0,333469000000.0,,,,,36.936,-330000000.0,77949000000.0,77949000000.0,0.0,872000000.0,,7.572,35206000000.0,,,35206000000.0,0.0,384000000.0,221490000000.0,0.015,0.19,1150000000.0,1534000000.0,0.405,1534000000.0,1150000000.0,1150000000.0,0.77,0.77,0.77,38811000000.0,,38811000000.0,-16216390897.0,-3.0,-2.605,4380000000.0,4.168,1.0,3790000000.0,1.0,20914000000.0,0.0,269812000000.0,,0.0,210550000000.0,,,293889000000.0,,,50096609103.0,-1033000000.0,-4000000.0,-532000000.0,2314000000.0,-202000000.0,-34872000000.0,29226000000.0,29782000000.0,4710000000.0,-97000000.0,870000000.0,822000000.0,822000000.0,0.0,2000000.0,0.217,2631000000.0,1159000000.0,20987000000.0,0.247,1.291,14.627,14.994,1303000000.0,48000000.0,47.38,3.288,3.316,0.0,22621000000.0,3790000000.0,3790000000.0,0.0,,,,,0.0,2083000000.0,1.0,1057336621.0,1050773000,1056602000.0,3.607,312555000000.0,0.0,280000000.0,0.0,297.452,
19,BK,MRQ,2016-09-30,2016-09-30,2016-09-30,2021-08-05,-2785000000.0,374114000000.0,,,,,37.369,-81000000.0,99732000000.0,99732000000.0,0.0,993000000.0,,8.408,33419000000.0,,,33419000000.0,0.0,370000000.0,261378000000.0,0.018,0.19,1311000000.0,1681000000.0,0.427,1681000000.0,1311000000.0,1311000000.0,0.9,0.9,0.9,39695000000.0,,39695000000.0,-32331144170.0,-7.0,-5.449,14000000.0,0.013,1.0,3941000000.0,1.0,21120000000.0,0.0,286681000000.0,,0.0,225911000000.0,,,333741000000.0,,,42578855830.0,-852000000.0,1000000.0,-434000000.0,1293000000.0,-206000000.0,3528000000.0,-4638000000.0,-4164000000.0,95000000.0,163000000.0,987000000.0,974000000.0,974000000.0,0.0,6000000.0,0.247,2643000000.0,1298000000.0,21162000000.0,0.211,1.073,13.142,13.428,1338000000.0,13000000.0,39.88,2.806,2.792,0.0,22002000000.0,3941000000.0,3941000000.0,0.0,,,,,0.0,2013000000.0,1.0,1067674419.0,1062248000,1067682000.0,3.71,352994000000.0,0.0,324000000.0,0.0,332.308,
20,BK,MRQ,2016-06-30,2016-06-30,2016-06-30,2021-08-05,-2552000000.0,372351000000.0,,,,,35.95,-201000000.0,107192000000.0,107192000000.0,0.0,875000000.0,,8.638,32282000000.0,,,32282000000.0,0.0,384000000.0,259678000000.0,0.018,0.17,1163000000.0,1547000000.0,0.41,1547000000.0,1163000000.0,1163000000.0,0.76,0.75,0.76,38559000000.0,,38559000000.0,-35854339747.0,-8.0,-6.243,-533000000.0,-0.497,1.0,3776000000.0,1.0,21239000000.0,0.0,276202000000.0,,0.0,218122000000.0,,,333054000000.0,,,41844660253.0,1881000000.0,-38000000.0,-438000000.0,-5981000000.0,-184000000.0,-3219000000.0,5616000000.0,5512000000.0,-332000000.0,-184000000.0,873000000.0,825000000.0,825000000.0,0.0,2000000.0,0.218,2620000000.0,1156000000.0,21172000000.0,0.224,1.085,13.56,13.826,1399000000.0,48000000.0,38.85,2.786,2.774,0.0,21233000000.0,3776000000.0,3776000000.0,0.0,,,,,0.0,1982000000.0,1.0,1077082632.0,1072583000,1078271000.0,3.52,351112000000.0,0.0,290000000.0,0.0,327.352,
21,BK,MRQ,2016-03-31,2016-03-31,2016-03-31,2021-08-05,-2390000000.0,372870000000.0,,,,,35.622,-148000000.0,115016000000.0,115016000000.0,0.0,808000000.0,,8.674,37317000000.0,,,37317000000.0,0.0,364000000.0,257342000000.0,0.018,0.17,1100000000.0,1464000000.0,0.392,1464000000.0,1100000000.0,1100000000.0,0.73,0.73,0.73,38459000000.0,,38459000000.0,-58192251343.0,-14.0,-10.222,1646000000.0,1.525,1.0,3730000000.0,1.0,21385000000.0,0.0,273786000000.0,,0.0,214126000000.0,,,333585000000.0,,,39621748657.0,-2609000000.0,0.0,-529000000.0,-49000000.0,-186000000.0,-24487000000.0,20080000000.0,20416000000.0,1794000000.0,4000000.0,817000000.0,804000000.0,804000000.0,0.0,-9000000.0,0.216,2629000000.0,1101000000.0,22008000000.0,0.233,1.03,12.818,13.201,1377000000.0,13000000.0,36.83,2.624,2.634,0.0,20593000000.0,3730000000.0,3730000000.0,0.0,,,,,0.0,2001000000.0,1.0,1075800941.0,1079641000,1085284000.0,3.455,351485000000.0,0.0,283000000.0,0.0,325.557,
22,BK,MRQ,2015-12-31,2015-12-31,2015-12-31,2021-08-05,-2600000000.0,393780000000.0,,,,,34.938,-190000000.0,134886000000.0,134886000000.0,0.0,696000000.0,,9.328,37072000000.0,,,37072000000.0,0.0,373000000.0,279610000000.0,0.016,0.17,868000000.0,1241000000.0,0.333,1241000000.0,868000000.0,868000000.0,0.58,0.58,0.58,38037000000.0,,38037000000.0,-34708494158.0,-8.0,-6.167,-48000000.0,-0.044,1.0,3726000000.0,1.0,21460000000.0,0.0,274506000000.0,,0.0,215694000000.0,,,354805000000.0,,,45051505842.0,-1697000000.0,0.0,-362000000.0,6061000000.0,-186000000.0,17700000000.0,-19539000000.0,-21625000000.0,142000000.0,0.0,693000000.0,637000000.0,637000000.0,0.0,3000000.0,0.171,2692000000.0,1034000000.0,21900000000.0,0.293,1.184,14.756,15.099,1379000000.0,56000000.0,41.22,2.965,2.997,0.0,19974000000.0,3726000000.0,3726000000.0,0.0,,,,,0.0,2100000000.0,1.0,1092952592.0,1088708000,1096119000.0,3.422,372320000000.0,0.0,175000000.0,0.0,341.983,
23,BK,MRQ,2015-09-30,2015-09-30,2015-09-30,2021-08-05,-2355000000.0,377371000000.0,,,,,34.763,-112000000.0,110662000000.0,110662000000.0,0.0,827000000.0,,8.86,30902000000.0,,,30902000000.0,0.0,376000000.0,266768000000.0,0.017,0.17,1115000000.0,1491000000.0,0.393,1491000000.0,1115000000.0,1115000000.0,0.74,0.74,0.74,38170000000.0,,38170000000.0,-56247833689.0,-16.0,-11.614,1239000000.0,1.128,1.0,3790000000.0,1.0,21593000000.0,0.0,276018000000.0,,0.0,220866000000.0,,,338172000000.0,,,43320166311.0,-119000000.0,17000000.0,-626000000.0,-305000000.0,-191000000.0,-19344000000.0,17802000000.0,17034000000.0,1351000000.0,72000000.0,833000000.0,820000000.0,820000000.0,0.0,-6000000.0,0.216,2680000000.0,1110000000.0,22236000000.0,0.23,1.135,16.503,16.731,1361000000.0,13000000.0,39.15,2.861,2.839,0.0,19525000000.0,3790000000.0,3790000000.0,0.0,,,,,0.0,2021000000.0,1.0,1106517658.0,1098003000,1105645000.0,3.452,355778000000.0,0.0,282000000.0,0.0,324.023,
24,BK,MRQ,2015-06-30,2015-06-30,2015-06-30,2021-08-05,-2225000000.0,395254000000.0,,,,,34.36,-137000000.0,130669000000.0,130669000000.0,0.0,889000000.0,,9.298,31101000000.0,,,31101000000.0,0.0,368000000.0,284430000000.0,0.016,0.17,1129000000.0,1497000000.0,0.389,1497000000.0,1129000000.0,1129000000.0,0.74,0.73,0.74,38270000000.0,,38270000000.0,-39549155126.0,-10.0,-7.433,2568000000.0,2.306,1.0,3852000000.0,1.0,21807000000.0,0.0,273879000000.0,,0.0,219499000000.0,,,355830000000.0,,,47069844874.0,1186000000.0,0.0,-702000000.0,2207000000.0,-191000000.0,6593000000.0,-8105000000.0,-7059000000.0,2705000000.0,-7000000.0,853000000.0,830000000.0,830000000.0,0.0,36000000.0,0.215,2727000000.0,1125000000.0,22050000000.0,0.23,1.23,16.372,16.589,1412000000.0,23000000.0,41.97,2.953,2.932,0.0,18895000000.0,3852000000.0,3852000000.0,0.0,,,,,0.0,2024000000.0,1.0,1121511672.0,1113790000,1122135000.0,3.458,373447000000.0,0.0,276000000.0,0.0,335.294,
25,BK,MRQ,2015-03-31,2015-03-31,2015-03-31,2021-08-05,-2182000000.0,399088000000.0,,,,,33.37,-162000000.0,115808000000.0,115808000000.0,0.0,810000000.0,,9.65,29189000000.0,,,29189000000.0,0.0,340000000.0,281259000000.0,0.017,0.17,1059000000.0,1399000000.0,0.374,1399000000.0,1059000000.0,1059000000.0,0.67,0.67,0.67,37328000000.0,,37328000000.0,-45804970951.0,-13.0,-9.289,-233000000.0,-0.208,1.0,3738000000.0,1.0,21710000000.0,0.0,290759000000.0,,0.0,236715000000.0,,,360208000000.0,,,44823029049.0,197000000.0,-9000000.0,-313000000.0,-2778000000.0,-192000000.0,10236000000.0,-9945000000.0,-11127000000.0,-71000000.0,-23000000.0,779000000.0,766000000.0,766000000.0,0.0,31000000.0,0.205,2700000000.0,1038000000.0,21959000000.0,0.254,1.201,17.246,17.727,1410000000.0,13000000.0,40.24,2.837,2.849,0.0,18257000000.0,3738000000.0,3738000000.0,0.0,,,,,0.0,2069000000.0,1.0,1113892372.0,1118602000,1126306000.0,3.342,377378000000.0,0.0,280000000.0,0.0,337.366,
26,BK,MRQ,2014-12-31,2014-12-31,2014-12-31,2021-08-05,-1634000000.0,385303000000.0,,,,,33.412,-196000000.0,123147000000.0,123147000000.0,0.0,257000000.0,,9.257,32519000000.0,,,32519000000.0,0.0,316000000.0,265869000000.0,0.016,0.17,140000000.0,456000000.0,0.121,456000000.0,140000000.0,140000000.0,0.19,0.18,0.19,37441000000.0,,37441000000.0,-51275958201.0,-15.0,-10.747,990000000.0,0.883,1.0,3761000000.0,1.0,21996000000.0,0.0,272679000000.0,,0.0,217065000000.0,,,346600000000.0,,,45670041799.0,560000000.0,-3000000.0,-332000000.0,1213000000.0,-194000000.0,418000000.0,-1016000000.0,-2161000000.0,1186000000.0,-28000000.0,233000000.0,209000000.0,209000000.0,0.0,24000000.0,0.056,3524000000.0,237000000.0,21181000000.0,0.895,1.22,18.312,18.696,1394000000.0,24000000.0,40.57,2.91,2.921,0.0,17683000000.0,3761000000.0,3761000000.0,0.0,,,,,0.0,2108000000.0,1.0,1125709682.0,1120570000,1130766000.0,3.356,363307000000.0,0.0,-93000000.0,0.0,324.216,
27,BK,MRQ,2014-09-30,2014-09-30,2014-09-30,2021-08-05,-916000000.0,386296000000.0,,,,,34.12,370000000.0,129068000000.0,129068000000.0,0.0,1106000000.0,,9.017,32122000000.0,,,32122000000.0,0.0,330000000.0,264896000000.0,0.017,0.17,1639000000.0,1969000000.0,0.429,1969000000.0,1639000000.0,1639000000.0,0.93,0.93,0.93,38451000000.0,,38451000000.0,-77349278012.0,-19.0,-14.42,1283000000.0,1.138,1.0,4591000000.0,1.0,22207000000.0,0.0,267143000000.0,,0.0,210843000000.0,,,346698000000.0,,,43826721988.0,237000000.0,0.0,-284000000.0,3050000000.0,-196000000.0,-16224000000.0,15659000000.0,11755000000.0,913000000.0,-111000000.0,1083000000.0,1070000000.0,1070000000.0,0.0,23000000.0,0.233,2968000000.0,1623000000.0,20155000000.0,0.183,1.14,15.664,16.004,1351000000.0,13000000.0,38.73,2.828,2.816,0.0,17670000000.0,4591000000.0,4591000000.0,0.0,,,,,0.0,2095000000.0,1.0,1131596230.0,1126946000,1134871000.0,4.074,364089000000.0,0.0,556000000.0,0.0,323.076,
28,BK,MRQ,2014-06-30,2014-06-30,2014-06-30,2021-08-05,-402000000.0,400740000000.0,,,,,33.81,-179000000.0,153289000000.0,153289000000.0,0.0,594000000.0,,9.426,32113000000.0,,,32113000000.0,0.0,313000000.0,282439000000.0,0.017,0.17,794000000.0,1107000000.0,0.298,1107000000.0,794000000.0,794000000.0,0.48,0.48,0.48,38326000000.0,,38326000000.0,-56864823108.0,-17.0,-12.012,3261000000.0,2.877,1.0,3711000000.0,1.0,22510000000.0,0.0,257054000000.0,,0.0,199171000000.0,,,361266000000.0,,,42741176892.0,81000000.0,40000000.0,-339000000.0,665000000.0,-197000000.0,30352000000.0,-33719000000.0,-33665000000.0,3440000000.0,8000000.0,577000000.0,554000000.0,554000000.0,0.0,17000000.0,0.149,2946000000.0,765000000.0,17242000000.0,0.354,1.115,15.889,16.225,1590000000.0,23000000.0,37.48,2.916,2.898,0.0,16796000000.0,3711000000.0,3711000000.0,0.0,,,,,0.0,2055000000.0,1.0,1140372916.0,1133556000,1139800000.0,3.274,378230000000.0,0.0,217000000.0,0.0,333.667,
29,BK,MRQ,2014-03-31,2014-03-31,2014-03-31,2021-08-05,-689000000.0,368241000000.0,,,,,33.361,-201000000.0,131489000000.0,131489000000.0,0.0,694000000.0,,8.668,31883000000.0,,,31883000000.0,0.0,333000000.0,252227000000.0,0.017,0.15,906000000.0,1239000000.0,0.341,1239000000.0,906000000.0,906000000.0,0.57,0.57,0.57,37986000000.0,,37986000000.0,-75792067432.0,-20.0,-14.626,-1256000000.0,-1.103,1.0,3629000000.0,1.0,22480000000.0,0.0,246155000000.0,,0.0,186595000000.0,,,329272000000.0,,,40055932568.0,-368000000.0,-1000000.0,-318000000.0,2716000000.0,-173000000.0,-6717000000.0,7401000000.0,7679000000.0,-1055000000.0,3000000.0,674000000.0,661000000.0,661000000.0,0.0,20000000.0,0.182,2739000000.0,890000000.0,16822000000.0,0.263,1.054,13.5,13.894,1613000000.0,13000000.0,35.29,2.684,2.692,0.0,16439000000.0,3629000000.0,3629000000.0,0.0,,,,,0.0,2126000000.0,1.0,1135050512.0,1138645000,1144510000.0,3.187,345761000000.0,0.0,232000000.0,0.0,303.66,
30,BK,MRQ,2013-12-31,2013-12-31,2013-12-31,2021-08-05,-892000000.0,374516000000.0,,,,,32.812,-237000000.0,146119000000.0,146119000000.0,0.0,556000000.0,,8.961,30271000000.0,,,30271000000.0,0.0,338000000.0,261129000000.0,0.017,0.15,711000000.0,1049000000.0,0.294,1049000000.0,711000000.0,711000000.0,0.44,0.43,0.44,37497000000.0,,37497000000.0,-72762657008.0,-20.0,-14.309,-824000000.0,-0.721,1.0,3569000000.0,1.0,22525000000.0,0.0,236143000000.0,,0.0,182155000000.0,,,336006000000.0,,,40129342992.0,-844000000.0,-2000000.0,-223000000.0,-472000000.0,-175000000.0,4377000000.0,-4663000000.0,-4091000000.0,-587000000.0,29000000.0,539000000.0,513000000.0,513000000.0,0.0,17000000.0,0.144,2877000000.0,692000000.0,15707000000.0,0.341,1.07,19.671,20.08,1655000000.0,26000000.0,34.94,2.693,2.698,0.0,15952000000.0,3569000000.0,3569000000.0,0.0,,,,,0.0,2205000000.0,1.0,1148521551.0,1142775000,1146911000.0,3.123,351991000000.0,0.0,172000000.0,0.0,308.014,
31,BK,MRQ,2013-09-30,2013-09-30,2013-09-30,2021-08-05,-1339000000.0,371952000000.0,,,,,32.174,-114000000.0,144213000000.0,144213000000.0,0.0,983000000.0,,9.036,31321000000.0,,,31321000000.0,0.0,345000000.0,255560000000.0,0.019,0.15,994000000.0,1339000000.0,0.357,1339000000.0,994000000.0,994000000.0,0.82,0.82,0.82,36959000000.0,,36959000000.0,-59250108729.0,-15.0,-11.247,790000000.0,0.688,1.0,3749000000.0,1.0,22552000000.0,0.0,236508000000.0,,0.0,179406000000.0,,,333969000000.0,,,34732891271.0,364000000.0,72000000.0,-80000000.0,-935000000.0,-175000000.0,7313000000.0,-7905000000.0,-8949000000.0,904000000.0,52000000.0,975000000.0,962000000.0,962000000.0,0.0,8000000.0,0.257,2779000000.0,970000000.0,15293000000.0,0.183,0.94,16.223,16.588,1569000000.0,13000000.0,30.19,2.312,2.309,0.0,15639000000.0,3749000000.0,3749000000.0,0.0,,,,,0.0,2107000000.0,1.0,1150476690.0,1148724000,1152679000.0,3.264,349400000000.0,0.0,19000000.0,0.0,304.164,
32,BK,MRQ,2013-06-30,2013-06-30,2013-06-30,2021-08-05,-1651000000.0,360505000000.0,,,,,31.133,-132000000.0,126235000000.0,126235000000.0,0.0,883000000.0,,9.018,32252000000.0,,,32252000000.0,0.0,373000000.0,244882000000.0,0.019,0.15,1182000000.0,1555000000.0,0.391,1555000000.0,1182000000.0,1182000000.0,0.71,0.71,0.71,35882000000.0,,35882000000.0,-61573859813.0,-16.0,-11.859,1653000000.0,1.434,1.0,3979000000.0,1.0,22507000000.0,0.0,244015000000.0,,0.0,187102000000.0,,,323574000000.0,,,32556140187.0,2500000000.0,-1000000.0,-300000000.0,3500000000.0,-177000000.0,8686000000.0,-7893000000.0,-6896000000.0,1785000000.0,-78000000.0,843000000.0,831000000.0,831000000.0,0.0,40000000.0,0.209,2822000000.0,1157000000.0,15267000000.0,0.211,0.907,17.144,17.422,1595000000.0,12000000.0,28.05,2.184,2.169,0.0,14859000000.0,3979000000.0,3979000000.0,0.0,,,,,0.0,2156000000.0,1.0,1160646709.0,1152545000,1155981000.0,3.452,337998000000.0,0.0,339000000.0,0.0,293.262,
33,BK,MRQ,2013-03-31,2013-03-31,2013-03-31,2021-08-05,-915000000.0,355942000000.0,,,,,30.799,-126000000.0,123453000000.0,123453000000.0,0.0,-237000000.0,,8.946,29323000000.0,,,29323000000.0,0.0,333000000.0,239672000000.0,0.019,0.13,809000000.0,1142000000.0,0.317,1142000000.0,809000000.0,809000000.0,-0.23,-0.23,-0.23,35690000000.0,,35690000000.0,-78548964836.0,-24.0,-17.475,-2870000000.0,-2.477,1.0,3603000000.0,1.0,22616000000.0,0.0,239196000000.0,,0.0,185172000000.0,,,319268000000.0,,,32523035164.0,-287000000.0,-4000000.0,-135000000.0,683000000.0,-153000000.0,-4755000000.0,7261000000.0,7840000000.0,-2744000000.0,-49000000.0,-253000000.0,-266000000.0,-266000000.0,0.0,16000000.0,-0.074,2828000000.0,775000000.0,14986000000.0,-0.565,0.911,21.201,21.698,1624000000.0,13000000.0,27.99,2.242,2.236,0.0,14202000000.0,3603000000.0,3603000000.0,0.0,,,,,0.0,2086000000.0,1.0,1161951953.0,1158819000,1158819000.0,3.109,333326000000.0,0.0,1062000000.0,0.0,287.643,
34,BK,MRQ,2012-12-31,2012-12-31,2012-12-31,2021-08-05,-643000000.0,358990000000.0,,,,,31.376,-198000000.0,138747000000.0,138747000000.0,0.0,638000000.0,,8.826,27675000000.0,,,27675000000.0,0.0,335000000.0,246095000000.0,0.02,0.13,897000000.0,1232000000.0,0.334,1232000000.0,897000000.0,897000000.0,0.52,0.52,0.52,36431000000.0,,36431000000.0,-54270801154.0,-17.0,-11.994,158000000.0,0.136,1.0,3691000000.0,1.0,22884000000.0,0.0,225034000000.0,,0.0,174119000000.0,,,321548000000.0,,,30033198846.0,-264000000.0,-22000000.0,-135000000.0,-4224000000.0,-154000000.0,18382000000.0,-19012000000.0,-18071000000.0,356000000.0,10000000.0,627000000.0,614000000.0,614000000.0,0.0,11000000.0,0.166,2825000000.0,866000000.0,16095000000.0,0.25,0.824,12.416,12.66,1659000000.0,13000000.0,25.7,2.071,2.085,0.0,14622000000.0,3691000000.0,3691000000.0,0.0,,,,,0.0,2105000000.0,1.0,1168606959.0,1161098000,1163793000.0,3.179,336106000000.0,0.0,270000000.0,0.0,289.473,
35,BK,MRQ,2012-09-30,2012-09-30,2012-09-30,2021-08-05,-471000000.0,339944000000.0,,,,,30.964,-177000000.0,118687000000.0,118687000000.0,0.0,750000000.0,,8.361,34383000000.0,,,34383000000.0,0.0,313000000.0,222949000000.0,0.023,0.13,950000000.0,1263000000.0,0.348,1263000000.0,950000000.0,950000000.0,0.61,0.61,0.61,36218000000.0,,36218000000.0,-62151040326.0,-20.0,-14.7,722000000.0,0.617,1.0,3633000000.0,1.0,22866000000.0,0.0,232774000000.0,,0.0,175164000000.0,,,302805000000.0,,,26720959674.0,469000000.0,-3000000.0,-280000000.0,3078000000.0,-155000000.0,4125000000.0,-4582000000.0,-4581000000.0,899000000.0,27000000.0,725000000.0,720000000.0,720000000.0,0.0,25000000.0,0.198,2705000000.0,928000000.0,13675000000.0,0.213,0.738,11.568,11.66,1690000000.0,5000000.0,22.62,1.864,1.846,0.0,14153000000.0,3633000000.0,3633000000.0,0.0,,,,,0.0,2018000000.0,1.0,1181297952.0,1169674000,1171534000.0,3.106,317078000000.0,0.0,225000000.0,0.0,271.082,
36,BK,MRQ,2012-06-30,2012-06-30,2012-06-30,2021-08-05,-1280000000.0,330283000000.0,,,,,29.232,-147000000.0,120508000000.0,120508000000.0,0.0,496000000.0,,8.54,31636000000.0,,,31636000000.0,0.0,299000000.0,221144000000.0,0.024,0.13,559000000.0,858000000.0,0.24,858000000.0,559000000.0,559000000.0,0.39,0.39,0.39,34533000000.0,,34533000000.0,-43283873835.0,-14.0,-10.588,113000000.0,0.096,1.0,3579000000.0,1.0,22871000000.0,0.0,218540000000.0,,0.0,164254000000.0,,,294898000000.0,,,26180126165.0,189000000.0,-4000000.0,-279000000.0,129000000.0,-156000000.0,30133000000.0,-30160000000.0,-30498000000.0,260000000.0,-44000000.0,466000000.0,466000000.0,466000000.0,0.0,30000000.0,0.13,3047000000.0,532000000.0,13305000000.0,0.333,0.758,11.682,11.801,1711000000.0,0.0,21.95,1.82,1.803,0.0,13588000000.0,3579000000.0,3579000000.0,0.0,,,,,0.0,2018000000.0,1.0,1192716454.0,1181350000,1182985000.0,3.03,307412000000.0,0.0,93000000.0,0.0,260.221,
37,BK,MRQ,2012-03-31,2012-03-31,2012-03-31,2021-08-05,-1229000000.0,300169000000.0,,,,,28.477,-124000000.0,101217000000.0,101217000000.0,0.0,631000000.0,,7.804,31753000000.0,,,31753000000.0,0.0,299000000.0,192462000000.0,0.022,0.13,873000000.0,1172000000.0,0.326,1172000000.0,873000000.0,873000000.0,0.52,0.52,0.52,34000000000.0,,34000000000.0,-73283336923.0,-21.0,-16.644,-10000000.0,-0.008,1.0,3598000000.0,1.0,23074000000.0,0.0,207631000000.0,,0.0,153601000000.0,,,265340000000.0,,,29071663077.0,158000000.0,0.0,-389000000.0,3731000000.0,-158000000.0,-24352000000.0,24367000000.0,24847000000.0,114000000.0,29000000.0,619000000.0,619000000.0,619000000.0,0.0,12000000.0,0.172,2756000000.0,842000000.0,12959000000.0,0.25,0.855,11.582,11.714,1715000000.0,0.0,24.13,1.992,1.974,0.0,13277000000.0,3598000000.0,3598000000.0,0.0,,,,,0.0,2041000000.0,1.0,1204793331.0,1193931000,1195558000.0,3.014,277095000000.0,0.0,254000000.0,0.0,232.086,
38,BK,MRQ,2011-12-31,2011-12-31,2011-12-31,2021-08-05,-1627000000.0,325266000000.0,,,,,27.736,-62000000.0,130739000000.0,130739000000.0,0.0,478000000.0,,8.71,28384000000.0,,,28384000000.0,0.0,219000000.0,219094000000.0,0.024,0.13,716000000.0,935000000.0,0.265,935000000.0,716000000.0,716000000.0,0.42,0.42,0.42,33417000000.0,,33417000000.0,-72530494630.0,-20.0,-16.712,2832000000.0,2.351,1.0,3522000000.0,1.0,23056000000.0,0.0,199855000000.0,,0.0,148695000000.0,,,291065000000.0,,,24143505370.0,-2516000000.0,-27000000.0,-63000000.0,-2764000000.0,-158000000.0,5640000000.0,-11046000000.0,-10210000000.0,2894000000.0,-4000000.0,505000000.0,505000000.0,505000000.0,0.0,-107000000.0,0.143,2828000000.0,694000000.0,12671000000.0,0.31,0.722,9.596,9.808,1681000000.0,0.0,19.91,1.662,1.673,0.0,12812000000.0,3522000000.0,3522000000.0,0.0,,,,,0.0,2022000000.0,1.0,1212632113.0,1204820000,1204978000.0,2.923,302210000000.0,0.0,211000000.0,0.0,250.834,
39,BK,MRQ,2011-09-30,2011-09-30,2011-09-30,2021-08-05,-1004000000.0,322187000000.0,,,,,27.752,-205000000.0,127446000000.0,127446000000.0,0.0,664000000.0,,8.537,30772000000.0,,,30772000000.0,0.0,191000000.0,210890000000.0,0.024,0.13,932000000.0,1123000000.0,0.305,1123000000.0,932000000.0,932000000.0,0.53,0.53,0.53,33695000000.0,,33695000000.0,-72405266762.0,-19.0,-15.927,-1885000000.0,-1.553,1.0,3684000000.0,1.0,23425000000.0,0.0,202088000000.0,,0.0,147191000000.0,,,287658000000.0,,,22915733238.0,1131000000.0,-17000000.0,-462000000.0,5807000000.0,-161000000.0,20225000000.0,-17108000000.0,-17062000000.0,-1680000000.0,-306000000.0,651000000.0,651000000.0,651000000.0,0.0,26000000.0,0.177,2771000000.0,913000000.0,13097000000.0,0.245,0.68,8.519,8.567,1705000000.0,0.0,18.59,1.557,1.533,0.0,12464000000.0,3684000000.0,3684000000.0,0.0,,,,,0.0,2056000000.0,1.0,1232691406.0,1214126000,1215527000.0,3.034,298762000000.0,0.0,281000000.0,0.0,246.072,
40,BK,MRQ,2011-06-30,2011-06-30,2011-06-30,2021-08-05,-751000000.0,304706000000.0,,,,,27.512,-203000000.0,122270000000.0,122270000000.0,0.0,757000000.0,,7.976,26949000000.0,,,26949000000.0,0.0,183000000.0,197953000000.0,0.016,0.13,990000000.0,1173000000.0,0.31,1173000000.0,990000000.0,990000000.0,0.59,0.59,0.59,33851000000.0,,33851000000.0,-31816034066.0,-9.0,-7.179,368000000.0,0.299,1.0,3787000000.0,1.0,23705000000.0,0.0,185680000000.0,,0.0,134744000000.0,,,269983000000.0,,,31812965934.0,1502000000.0,-8000000.0,-261000000.0,2021000000.0,-162000000.0,36470000000.0,-35544000000.0,-34734000000.0,571000000.0,5000000.0,713000000.0,735000000.0,735000000.0,0.0,44000000.0,0.194,2816000000.0,971000000.0,11512000000.0,0.22,0.94,11.955,11.916,1729000000.0,-22000000.0,25.62,2.202,2.182,0.0,11977000000.0,3787000000.0,3787000000.0,0.0,,,,,0.0,2080000000.0,1.0,1241723885.0,1230406000,1233710000.0,3.078,281001000000.0,0.0,277000000.0,0.0,228.381,
41,BK,MRQ,2011-03-31,2011-03-31,2011-03-31,2021-08-05,-1003000000.0,266444000000.0,,,,,26.95,-159000000.0,87453000000.0,87453000000.0,0.0,670000000.0,,6.985,23824000000.0,,,23824000000.0,0.0,183000000.0,162496000000.0,0.012,0.09,859000000.0,1042000000.0,0.295,1042000000.0,859000000.0,859000000.0,0.5,0.5,0.5,33258000000.0,,33258000000.0,-10343561019.0,-3.0,-2.388,267000000.0,0.216,1.0,3536000000.0,1.0,23773000000.0,0.0,179042000000.0,,0.0,132454000000.0,,,232304000000.0,,,37093438981.0,383000000.0,-12000000.0,-44000000.0,892000000.0,-112000000.0,16430000000.0,-16480000000.0,-16245000000.0,426000000.0,7000000.0,580000000.0,625000000.0,625000000.0,0.0,90000000.0,0.177,2697000000.0,839000000.0,10550000000.0,0.18,1.115,14.355,14.224,1662000000.0,-45000000.0,29.87,2.666,2.649,0.0,11405000000.0,3536000000.0,3536000000.0,0.0,,,,,0.0,2000000000.0,1.0,1241829226.0,1234076000,1238284000.0,2.865,242671000000.0,0.0,279000000.0,0.0,196.642,
42,BK,MRQ,2010-12-31,2010-12-31,2010-12-31,2021-08-05,-1355000000.0,247259000000.0,,,,,26.245,-102000000.0,72424000000.0,72424000000.0,0.0,694000000.0,,6.617,24987000000.0,,,24987000000.0,0.0,216000000.0,145339000000.0,0.012,0.09,992000000.0,1208000000.0,0.325,1208000000.0,992000000.0,992000000.0,0.55,0.54,0.55,32354000000.0,,32354000000.0,-20039276848.0,-6.0,-4.778,1059000000.0,0.859,1.0,3714000000.0,1.0,23738000000.0,0.0,176084000000.0,,0.0,129183000000.0,,,214102000000.0,,,37461723152.0,-18000000.0,0.0,9000000.0,2124000000.0,-112000000.0,-2502000000.0,1314000000.0,1913000000.0,1161000000.0,9000000.0,727000000.0,679000000.0,679000000.0,11000000.0,-33000000.0,0.183,2803000000.0,911000000.0,9962000000.0,0.164,1.158,14.878,14.66,1693000000.0,48000000.0,30.2,2.747,2.685,0.0,10898000000.0,3714000000.0,3714000000.0,0.0,,,,,0.0,2073000000.0,1.0,1240454409.0,1232787000,1235792000.0,3.013,223521000000.0,0.0,265000000.0,0.0,181.314,
43,BK,MRQ,2010-09-30,2010-09-30,2010-09-30,2021-08-05,-969000000.0,254157000000.0,,,,,26.561,-38000000.0,79751000000.0,79751000000.0,0.0,611000000.0,,6.882,22250000000.0,,,22250000000.0,0.0,156000000.0,148981000000.0,0.014,0.09,853000000.0,1009000000.0,0.296,1009000000.0,853000000.0,853000000.0,0.51,0.51,0.51,32153000000.0,,32153000000.0,-25335090875.0,-8.0,-6.794,2993000000.0,2.472,1.0,3408000000.0,1.0,23891000000.0,0.0,172765000000.0,,0.0,128177000000.0,,,221266000000.0,,,31722909125.0,124000000.0,-2678000000.0,669000000.0,-244000000.0,-109000000.0,-1053000000.0,-1906000000.0,268000000.0,3031000000.0,52000000.0,633000000.0,622000000.0,622000000.0,3000000.0,-22000000.0,0.183,2611000000.0,797000000.0,10895000000.0,0.176,0.987,13.044,12.936,1677000000.0,11000000.0,26.13,2.411,2.404,0.0,10386000000.0,3408000000.0,3408000000.0,0.0,,,,,0.0,1918000000.0,1.0,1214041681.0,1210534000,1212684000.0,2.815,230266000000.0,0.0,220000000.0,0.0,190.219,
44,BK,MRQ,2010-06-30,2010-06-30,2010-06-30,2021-08-05,-1509000000.0,235693000000.0,,,,,25.234,-33000000.0,78544000000.0,78544000000.0,0.0,692000000.0,,6.731,21486000000.0,,,21486000000.0,0.0,144000000.0,143667000000.0,0.015,0.09,928000000.0,1072000000.0,0.329,1072000000.0,928000000.0,928000000.0,0.54,0.54,0.54,30396000000.0,,30396000000.0,-16563497302.0,10.0,15.451,-1366000000.0,-1.134,1.0,3257000000.0,1.0,21460000000.0,0.0,157175000000.0,,0.0,114640000000.0,,,204588000000.0,,,29947502698.0,262000000.0,-115000000.0,11000000.0,412000000.0,-110000000.0,16471000000.0,-14857000000.0,-14256000000.0,-1333000000.0,-19000000.0,624000000.0,658000000.0,658000000.0,10000000.0,68000000.0,0.202,2316000000.0,941000000.0,10200000000.0,0.167,0.985,-46.215,-45.722,1548000000.0,-34000000.0,24.69,3.698,3.673,0.0,9875000000.0,3257000000.0,3257000000.0,0.0,,,,,0.0,1772000000.0,1.0,1212940571.0,1204557000,1208830000.0,2.704,214233000000.0,0.0,304000000.0,0.0,177.852,
45,BK,MRQ,2010-03-31,2010-03-31,2010-03-31,2021-08-05,-1614000000.0,220551000000.0,,,,,24.684,-43000000.0,68197000000.0,68197000000.0,0.0,584000000.0,,6.404,21686000000.0,,,21686000000.0,0.0,113000000.0,131627000000.0,0.012,0.09,792000000.0,905000000.0,0.278,905000000.0,792000000.0,792000000.0,0.46,0.46,0.46,29683000000.0,,29683000000.0,-9015798174.0,4.0,5.839,1148000000.0,0.955,1.0,3259000000.0,1.0,21526000000.0,0.0,152514000000.0,,0.0,111159000000.0,,,190096000000.0,,,37309201826.0,-425000000.0,133000000.0,-2000000.0,-277000000.0,-109000000.0,-2126000000.0,512000000.0,546000000.0,1191000000.0,-2000000.0,534000000.0,559000000.0,559000000.0,42000000.0,50000000.0,0.172,2440000000.0,819000000.0,10328000000.0,0.196,1.257,-33.017,-33.204,1583000000.0,-25000000.0,30.88,4.822,4.8,0.0,9340000000.0,3259000000.0,3259000000.0,0.0,,,,,0.0,1725000000.0,1.0,1208199541.0,1202533000,1206286000.0,2.71,199025000000.0,0.0,258000000.0,0.0,165.505,
46,BK,MRQ,2009-12-31,2009-12-31,2009-12-31,2021-08-05,-1835000000.0,212224000000.0,,,,,24.135,-33000000.0,67396000000.0,67396000000.0,0.0,594000000.0,,6.323,21071000000.0,,,21071000000.0,0.0,191000000.0,135050000000.0,0.018,0.09,552000000.0,743000000.0,0.23,743000000.0,552000000.0,552000000.0,0.51,0.51,0.51,28977000000.0,,28977000000.0,-12523296495.0,5.0,7.083,1222000000.0,1.018,1.0,3236000000.0,1.0,21837000000.0,0.0,144062000000.0,,0.0,101771000000.0,,,183221000000.0,,,33682703505.0,366000000.0,-353000000.0,143000000.0,-255000000.0,-109000000.0,836000000.0,-1712000000.0,-877000000.0,1255000000.0,-13000000.0,593000000.0,593000000.0,593000000.0,119000000.0,1000000.0,0.183,2564000000.0,672000000.0,10721000000.0,0.176,1.162,-24.64,-24.112,1602000000.0,-283000000.0,27.97,4.6,4.503,0.0,8912000000.0,3236000000.0,3236000000.0,0.0,,,,,0.0,1796000000.0,1.0,1204243958.0,1200603000,1200603000.0,2.695,190387000000.0,0.0,-41000000.0,0.0,158.576,
47,BK,MRQ,2009-09-30,2009-09-30,2009-09-30,2021-08-05,-1947000000.0,212007000000.0,,,,,23.63,-94000000.0,67688000000.0,67688000000.0,0.0,-2457000000.0,,6.492,21482000000.0,,,21482000000.0,0.0,193000000.0,133936000000.0,0.023,0.09,-3985000000.0,-3792000000.0,2.293,-3792000000.0,-3985000000.0,-3985000000.0,-2.05,-2.05,-2.05,28295000000.0,,28295000000.0,-7738023962.0,2.0,3.224,2119000000.0,1.77,1.0,-1654000000.0,1.0,21596000000.0,0.0,144205000000.0,,0.0,102023000000.0,,,183691000000.0,,,34869976038.0,-425000000.0,0.0,-125000000.0,1365000000.0,-112000000.0,3386000000.0,-6044000000.0,-5544000000.0,2213000000.0,20000000.0,-2458000000.0,-2458000000.0,-2458000000.0,19000000.0,1000000.0,1.486,2311000000.0,-3965000000.0,10458000000.0,-0.044,1.232,-18.049,-18.119,1682000000.0,0.0,28.99,5.051,5.028,0.0,8462000000.0,-1654000000.0,-1654000000.0,0.0,,,,,0.0,1685000000.0,1.0,1202827735.0,1197414000,1197414000.0,-1.381,190411000000.0,0.0,-1527000000.0,0.0,159.019,
48,BK,MRQ,2009-06-30,2009-06-30,2009-06-30,2021-08-05,-5608000000.0,203012000000.0,,,,,23.291,-59000000.0,63646000000.0,63646000000.0,0.0,410000000.0,,6.442,21038000000.0,,,21038000000.0,0.0,176000000.0,130589000000.0,0.028,0.09,424000000.0,600000000.0,0.207,600000000.0,424000000.0,424000000.0,0.15,0.15,0.15,27276000000.0,,27276000000.0,-22312391638.0,-20.0,-11.906,679000000.0,0.58,1.0,2896000000.0,1.0,21717000000.0,0.0,138687000000.0,,0.0,98037000000.0,,,175708000000.0,,,33807608362.0,111000000.0,-5000000.0,1342000000.0,3973000000.0,-101000000.0,-2964000000.0,2292000000.0,1949000000.0,738000000.0,45000000.0,412000000.0,176000000.0,176000000.0,91000000.0,-2000000.0,0.061,2383000000.0,513000000.0,8492000000.0,0.6,1.239,40.781,41.282,1685000000.0,472000000.0,29.31,2.784,2.827,0.0,11028000000.0,2896000000.0,2896000000.0,0.0,,,,,0.0,1657000000.0,1.0,1153449620.0,1171081000,1174466000.0,2.473,181295000000.0,0.0,12000000.0,0.0,154.81,
49,BK,MRQ,2009-03-31,2009-03-31,2009-03-31,2021-08-05,-5990000000.0,203478000000.0,,,,,24.615,-126000000.0,74971000000.0,74971000000.0,0.0,370000000.0,,6.212,18851000000.0,,,18851000000.0,0.0,151000000.0,133594000000.0,0.034,0.24,530000000.0,681000000.0,0.239,681000000.0,530000000.0,530000000.0,0.28,0.28,0.28,28210000000.0,,28210000000.0,-41105090780.0,-31.0,-19.262,-551000000.0,-0.481,1.0,2852000000.0,1.0,21522000000.0,0.0,125836000000.0,,0.0,89765000000.0,,,175241000000.0,,,32458909220.0,-1209000000.0,-6000000.0,-1000000.0,-5409000000.0,-277000000.0,-29231000000.0,28552000000.0,28792000000.0,-425000000.0,-105000000.0,369000000.0,322000000.0,322000000.0,41000000.0,1000000.0,0.113,2280000000.0,572000000.0,8415000000.0,0.857,1.151,33.741,34.036,1718000000.0,94000000.0,28.25,2.574,2.568,0.0,10953000000.0,2852000000.0,2852000000.0,0.0,,,,,0.0,1666000000.0,1.0,1148987937.0,1146070000,1146943000.0,2.489,181956000000.0,0.0,161000000.0,0.0,158.765,
50,BK,MRQ,2008-12-31,2008-12-31,2008-12-31,2021-08-05,-5401000000.0,237512000000.0,,,,,23.992,-87000000.0,97285000000.0,97285000000.0,0.0,66000000.0,,7.466,23721000000.0,,,23721000000.0,0.0,187000000.0,159673000000.0,0.034,0.24,-76000000.0,111000000.0,0.04,111000000.0,-76000000.0,-76000000.0,0.02,0.03,0.02,28050000000.0,,28050000000.0,-29218439525.0,-15.0,-10.48,1294000000.0,1.107,1.0,2810000000.0,1.0,21754000000.0,0.0,142194000000.0,,0.0,101145000000.0,,,209423000000.0,,,32510560475.0,-40450000000.0,-33000000.0,10000000.0,-14195000000.0,-277000000.0,-23223000000.0,-18367000000.0,-18199000000.0,1381000000.0,-241000000.0,61000000.0,28000000.0,28000000.0,-4000000.0,5000000.0,0.01,3110000000.0,-300000000.0,9274000000.0,12.0,1.159,23.456,23.608,1686000000.0,66000000.0,28.33,2.414,2.415,0.0,10225000000.0,2810000000.0,2810000000.0,0.0,,,,,0.0,1756000000.0,1.0,1147566554.0,1169160000,1148226000.0,2.403,215758000000.0,0.0,-137000000.0,0.0,184.541,
51,BK,MRQ,2008-09-30,2008-09-30,2008-09-30,2021-08-05,-3115000000.0,267510000000.0,,,,,24.061,-65000000.0,97561000000.0,97561000000.0,0.0,307000000.0,,8.723,35832000000.0,,,35832000000.0,0.0,221000000.0,174168000000.0,0.029,0.24,261000000.0,482000000.0,0.134,482000000.0,261000000.0,261000000.0,0.26,0.26,0.26,27513000000.0,,27513000000.0,13019970211.0,5.0,3.35,-383000000.0,-0.335,1.0,3584000000.0,1.0,22378000000.0,0.0,183403000000.0,,0.0,127007000000.0,,,239997000000.0,,,37338970211.0,39349000000.0,0.0,-280000000.0,17547000000.0,-277000000.0,67282000000.0,-27334000000.0,-27120000000.0,-318000000.0,-281000000.0,303000000.0,303000000.0,303000000.0,0.0,4000000.0,0.085,3235000000.0,349000000.0,10971000000.0,0.923,1.357,19.882,20.491,1678000000.0,0.0,32.58,2.589,2.583,0.0,10438000000.0,3584000000.0,3584000000.0,0.0,,,,,0.0,1804000000.0,1.0,1146070295.0,1143445000,1147586000.0,3.134,245132000000.0,0.0,-42000000.0,0.0,214.38,
52,BK,MRQ,2008-06-30,2008-06-30,2008-06-30,2021-08-05,-1919000000.0,201225000000.0,,,,,25.168,-47000000.0,43886000000.0,43886000000.0,0.0,315000000.0,,6.043,19567000000.0,,,19567000000.0,0.0,239000000.0,127204000000.0,0.025,0.24,621000000.0,860000000.0,0.256,860000000.0,621000000.0,621000000.0,0.27,0.27,0.27,28569000000.0,,28569000000.0,21232622910.0,6.0,4.696,899000000.0,0.792,1.0,3364000000.0,1.0,22838000000.0,0.0,154068000000.0,,0.0,116641000000.0,,,172656000000.0,,,43270622910.0,-1699000000.0,164000000.0,391000000.0,-222000000.0,-277000000.0,2494000000.0,-5134000000.0,-5105000000.0,946000000.0,-5000000.0,309000000.0,309000000.0,309000000.0,-6000000.0,6000000.0,0.092,2650000000.0,714000000.0,9596000000.0,0.889,1.515,19.535,19.911,1698000000.0,0.0,37.83,2.997,2.974,0.0,10463000000.0,3364000000.0,3364000000.0,0.0,,,,,0.0,1953000000.0,1.0,1143817682.0,1135153000,1142936000.0,2.963,178387000000.0,0.0,312000000.0,0.0,157.148,
53,BK,MRQ,2008-03-31,2008-03-31,2008-03-31,2021-08-05,-1837000000.0,204935000000.0,,,,,25.104,-63000000.0,45404000000.0,45404000000.0,0.0,755000000.0,,6.197,23366000000.0,,,23366000000.0,0.0,231000000.0,127210000000.0,0.023,0.24,1107000000.0,1338000000.0,0.359,1338000000.0,1107000000.0,1107000000.0,0.65,0.65,0.65,28475000000.0,,28475000000.0,31667336215.0,9.0,7.173,842000000.0,0.742,1.0,3731000000.0,1.0,22934000000.0,0.0,159963000000.0,,0.0,116814000000.0,,,176460000000.0,,,47629336215.0,1054000000.0,-332000000.0,-207000000.0,-1874000000.0,-276000000.0,5200000000.0,-5140000000.0,-4965000000.0,905000000.0,89000000.0,746000000.0,746000000.0,746000000.0,3000000.0,9000000.0,0.2,2542000000.0,1189000000.0,7727000000.0,0.369,1.673,20.259,18.547,1714000000.0,0.0,41.73,3.629,3.607,0.0,10435000000.0,3731000000.0,3731000000.0,0.0,,,,,0.0,1878000000.0,1.0,1141369188.0,1134280000,1143761000.0,3.289,182001000000.0,0.0,361000000.0,0.0,160.455,
54,BK,MRQ,2007-12-31,2007-12-31,2007-12-31,2021-08-05,-574000000.0,197656000000.0,,,,,31.849,-80000000.0,40947000000.0,40947000000.0,0.0,539000000.0,,5.722,24985000000.0,,,24985000000.0,0.0,370000000.0,118125000000.0,0.019,0.24,837000000.0,1207000000.0,0.322,1207000000.0,837000000.0,837000000.0,0.41,0.41,0.41,29403000000.0,,29403000000.0,40707112573.0,13.0,10.584,-357000000.0,-0.387,1.0,3745000000.0,1.0,22733000000.0,0.0,158961000000.0,,0.0,114830000000.0,,,168253000000.0,,,55522112573.0,625000000.0,-574000000.0,49000000.0,-839000000.0,-274000000.0,3181000000.0,-2291000000.0,-419000000.0,-277000000.0,12000000.0,520000000.0,520000000.0,520000000.0,-18000000.0,19000000.0,0.139,2588000000.0,1157000000.0,7578000000.0,0.585,1.888,27.23,22.265,1731000000.0,0.0,48.76,4.91,3.98,0.0,10015000000.0,3745000000.0,3745000000.0,0.0,,,,,0.0,1922000000.0,1.0,1138681554.0,923199000,930676000.0,4.057,174923000000.0,0.0,317000000.0,0.0,189.475,
55,BK,MRQ,2007-09-30,2007-09-30,2007-09-30,2021-08-05,-488000000.0,183972000000.0,,,,,25.654,-115000000.0,34168000000.0,34168000000.0,0.0,640000000.0,,5.353,19353000000.0,,,19353000000.0,0.0,224000000.0,108205000000.0,0.02,0.24,892000000.0,1116000000.0,0.31,1116000000.0,892000000.0,892000000.0,0.57,0.56,0.57,28957000000.0,,28957000000.0,38225729501.0,10.0,8.305,3088000000.0,2.736,1.0,3600000000.0,1.0,22318000000.0,0.0,146839000000.0,,0.0,108690000000.0,,,155015000000.0,,,50224729501.0,2745000000.0,2073000000.0,133000000.0,-923000000.0,-274000000.0,-4263000000.0,3915000000.0,1870000000.0,3203000000.0,-110000000.0,640000000.0,640000000.0,640000000.0,2000000.0,0.0,0.178,2596000000.0,1004000000.0,7917000000.0,0.421,1.734,15.975,10.819,1701000000.0,0.0,44.14,5.303,5.261,0.0,9773000000.0,3600000000.0,3600000000.0,0.0,,,,,0.0,1801000000.0,1.0,1137850691.0,1128734000,1141145000.0,3.189,161654000000.0,0.0,252000000.0,0.0,143.217,
56,BK,MRQ,2007-06-30,2007-06-30,2007-06-30,2021-08-05,-408000000.0,126333000000.0,,,,,16.586,-60000000.0,26147000000.0,26147000000.0,0.0,445000000.0,,9.68,14148000000.0,,,14148000000.0,0.0,99000000.0,81353000000.0,0.021,0.22,655000000.0,754000000.0,0.368,754000000.0,655000000.0,655000000.0,0.62,0.62,0.62,11829000000.0,,11829000000.0,40241080000.0,11.0,9.839,-1063000000.0,-1.49,1.0,2047000000.0,1.0,6557000000.0,0.0,107777000000.0,,0.0,80693000000.0,,,114504000000.0,,,43802080000.0,1106000000.0,-10000000.0,96000000.0,3460000000.0,-168000000.0,25562000000.0,-23456000000.0,-22702000000.0,-1003000000.0,3000000.0,445000000.0,445000000.0,445000000.0,3000000.0,0.0,0.217,730000000.0,1317000000.0,7900000000.0,0.355,3.703,15.337,10.36,1119000000.0,0.0,41.44,5.849,3.946,0.0,9571000000.0,2047000000.0,2047000000.0,0.0,,,,,0.0,653000000.0,1.0,1057000000.0,713187000,722881000.0,2.87,119776000000.0,0.0,210000000.0,0.0,167.945,
57,BK,MRQ,2007-03-31,2007-03-31,2007-03-31,2021-08-05,-337000000.0,99848000000.0,,,,,16.232,-57000000.0,15633000000.0,15633000000.0,0.0,434000000.0,,7.662,12072000000.0,,,12072000000.0,0.0,127000000.0,59016000000.0,0.021,0.22,642000000.0,769000000.0,0.401,769000000.0,642000000.0,642000000.0,0.61,0.6,0.61,11527000000.0,,11527000000.0,26041163550.0,7.0,6.373,1990000000.0,2.802,1.0,1917000000.0,1.0,6578000000.0,0.0,89709000000.0,,0.0,67082000000.0,,,88321000000.0,,,30650163550.0,-681000000.0,-58000000.0,104000000.0,323000000.0,-168000000.0,-3012000000.0,258000000.0,-485000000.0,2047000000.0,26000000.0,434000000.0,434000000.0,434000000.0,3000000.0,0.0,0.226,1058000000.0,859000000.0,6739000000.0,0.361,2.659,10.721,10.112,1064000000.0,0.0,40.55,4.274,4.016,0.0,9294000000.0,1917000000.0,1917000000.0,0.0,,,,,0.0,968000000.0,1.0,755861000.0,710147000,719976000.0,2.699,93270000000.0,0.0,208000000.0,0.0,131.339,
58,BK,MRQ,2006-12-31,2006-12-31,2006-12-31,2021-08-05,-317000000.0,103206000000.0,,,,,16.121,52000000.0,16012000000.0,16012000000.0,0.0,1625000000.0,,8.03,11188000000.0,,,11188000000.0,0.0,144000000.0,62146000000.0,0.022,0.22,1820000000.0,1964000000.0,1.03,1964000000.0,1820000000.0,1820000000.0,2.28,2.25,2.28,11429000000.0,,11429000000.0,21688006902.0,6.0,5.38,-855000000.0,-1.206,1.0,1907000000.0,1.0,6461000000.0,0.0,91921000000.0,,0.0,69270000000.0,,,91777000000.0,,,29600006902.0,768000000.0,219000000.0,-267000000.0,1122000000.0,-165000000.0,1346000000.0,416000000.0,404000000.0,-907000000.0,-87000000.0,1625000000.0,1625000000.0,1625000000.0,-1198000000.0,0.0,0.852,952000000.0,955000000.0,7266000000.0,0.096,2.59,10.397,9.867,1050000000.0,0.0,39.37,4.316,4.098,0.0,9280000000.0,1907000000.0,1907000000.0,0.0,,,,,0.0,935000000.0,1.0,751841679.0,708965000,716881000.0,2.69,96745000000.0,0.0,195000000.0,0.0,136.459,
59,BK,MRQ,2006-09-30,2006-09-30,2006-09-30,2021-08-05,-66000000.0,106636000000.0,,,,,14.661,-41000000.0,18825000000.0,18825000000.0,0.0,352000000.0,,9.188,10913000000.0,,,10913000000.0,0.0,127000000.0,54953000000.0,0.024,0.22,476000000.0,603000000.0,0.373,603000000.0,476000000.0,476000000.0,0.49,0.49,0.49,10467000000.0,,10467000000.0,22539993031.0,10.0,8.477,2184000000.0,3.059,1.0,1618000000.0,1.0,4673000000.0,0.0,94051000000.0,,0.0,64039000000.0,,,96169000000.0,,,26907993031.0,-914000000.0,-10000000.0,45000000.0,-99000000.0,-168000000.0,-2686000000.0,-502000000.0,-681000000.0,2225000000.0,49000000.0,352000000.0,352000000.0,352000000.0,-54000000.0,0.0,0.218,1196000000.0,422000000.0,6673000000.0,0.449,2.571,16.538,15.133,1009000000.0,0.0,35.26,4.546,4.253,311000000.0,7820000000.0,1618000000.0,1618000000.0,0.0,,,,,0.0,902000000.0,1.0,763130829.0,713946000,723272000.0,2.266,101963000000.0,0.0,124000000.0,0.0,142.816,
60,BK,MRQ,2006-06-30,2006-06-30,2006-06-30,2021-08-05,-231000000.0,108881000000.0,,,,,14.095,-42000000.0,14988000000.0,14988000000.0,0.0,448000000.0,,9.827,10620000000.0,,,10620000000.0,0.0,102000000.0,56741000000.0,0.026,0.21,648000000.0,750000000.0,0.434,750000000.0,648000000.0,648000000.0,0.63,0.62,0.63,10056000000.0,,10056000000.0,24137891398.0,11.0,8.861,2018000000.0,2.829,1.0,1729000000.0,1.0,4669000000.0,0.0,99844000000.0,,0.0,70968000000.0,,,98825000000.0,,,24534891398.0,211000000.0,-10000000.0,-292000000.0,-629000000.0,-159000000.0,3423000000.0,-5301000000.0,-5147000000.0,2060000000.0,29000000.0,448000000.0,448000000.0,448000000.0,-57000000.0,0.0,0.259,672000000.0,1057000000.0,6638000000.0,0.333,2.44,14.745,13.702,963000000.0,0.0,32.2,4.214,3.946,210000000.0,7636000000.0,1729000000.0,1729000000.0,0.0,,,,,0.0,593000000.0,1.0,761953149.0,713451000,721430000.0,2.423,104212000000.0,0.0,200000000.0,0.0,146.067,
61,BK,MRQ,2006-03-31,2006-03-31,2006-03-31,2021-08-05,-189000000.0,103611000000.0,,,,,13.224,-41000000.0,11043000000.0,11043000000.0,0.0,422000000.0,,9.257,10646000000.0,,,10646000000.0,0.0,117000000.0,65224000000.0,0.023,0.21,597000000.0,714000000.0,0.445,714000000.0,597000000.0,597000000.0,0.55,0.55,0.55,10101000000.0,,10101000000.0,25378489160.0,12.0,9.628,492000000.0,0.644,1.0,1604000000.0,1.0,4744000000.0,0.0,98470000000.0,,0.0,78833000000.0,,,93510000000.0,,,27791489160.0,-107000000.0,-339000000.0,22000000.0,-108000000.0,-164000000.0,396000000.0,-960000000.0,-523000000.0,533000000.0,-76000000.0,422000000.0,422000000.0,422000000.0,-62000000.0,0.0,0.263,1069000000.0,535000000.0,7556000000.0,0.382,2.751,17.219,16.089,1059000000.0,0.0,36.04,4.946,4.899,272000000.0,7347000000.0,1604000000.0,1604000000.0,0.0,,,,,0.0,854000000.0,1.0,771129000.0,763851000,773630000.0,2.1,98867000000.0,0.0,175000000.0,0.0,129.432,
62,BK,MRQ,2005-12-31,2005-12-31,2005-12-31,2021-08-05,-134000000.0,102118000000.0,,,,,13.685,-60000000.0,11526000000.0,11526000000.0,0.0,405000000.0,,9.34,9767000000.0,,,9767000000.0,0.0,145000000.0,49787000000.0,0.027,0.21,447000000.0,592000000.0,0.612,592000000.0,447000000.0,447000000.0,0.66,0.65,0.66,9876000000.0,,9876000000.0,26294672070.0,12.0,9.664,-968000000.0,-1.341,1.0,968000000.0,1.0,4321000000.0,0.0,96038000000.0,,0.0,68174000000.0,,,92242000000.0,,,24521672070.0,19000000.0,-8000000.0,81000000.0,-1993000000.0,-162000000.0,1578000000.0,-643000000.0,-948000000.0,-908000000.0,-8000000.0,405000000.0,405000000.0,405000000.0,-228000000.0,0.0,0.418,-557000000.0,1525000000.0,8623000000.0,0.318,2.483,15.609,14.61,1004000000.0,0.0,31.85,4.045,3.792,212000000.0,7089000000.0,968000000.0,968000000.0,0.0,,,,,0.0,28000000.0,1.0,769911211.0,721666000,729108000.0,1.341,97797000000.0,0.0,42000000.0,0.0,135.516,
63,BK,MRQ,2005-09-30,2005-09-30,2005-09-30,2021-08-05,-107000000.0,101766000000.0,,,,,12.494,-29000000.0,10551000000.0,10551000000.0,0.0,389000000.0,,9.592,12324000000.0,,,12324000000.0,0.0,122000000.0,61077000000.0,0.029,0.21,546000000.0,668000000.0,0.439,668000000.0,546000000.0,546000000.0,0.51,0.51,0.51,9608000000.0,,9608000000.0,23042980000.0,11.0,8.738,482000000.0,0.627,1.0,1521000000.0,1.0,4426000000.0,0.0,99113000000.0,,0.0,77676000000.0,,,92158000000.0,,,22880980000.0,536000000.0,-187000000.0,-9000000.0,1600000000.0,-161000000.0,-1354000000.0,1369000000.0,1553000000.0,511000000.0,10000000.0,389000000.0,389000000.0,389000000.0,56000000.0,0.0,0.256,1031000000.0,490000000.0,8103000000.0,0.412,2.381,15.083,14.854,1040000000.0,0.0,29.41,4.044,3.997,175000000.0,6846000000.0,1521000000.0,1521000000.0,0.0,,,,,0.0,718000000.0,1.0,778000000.0,769000000,769000000.0,1.978,97340000000.0,0.0,157000000.0,0.0,126.58,
64,BK,MRQ,2005-06-30,2005-06-30,2005-06-30,2021-08-05,-24000000.0,103063000000.0,,,,,12.268,-26000000.0,10018000000.0,10018000000.0,0.0,398000000.0,,9.882,10180000000.0,,,10180000000.0,0.0,102000000.0,63997000000.0,0.03,0.2,560000000.0,662000000.0,0.434,662000000.0,560000000.0,560000000.0,0.52,0.52,0.52,9471000000.0,,9471000000.0,20305840000.0,10.0,7.721,-314000000.0,-0.407,1.0,1526000000.0,1.0,4277000000.0,0.0,98948000000.0,,0.0,79724000000.0,,,93592000000.0,,,22390840000.0,360000000.0,-39000000.0,-171000000.0,764000000.0,-154000000.0,6122000000.0,-5863000000.0,-5794000000.0,-288000000.0,389000000.0,398000000.0,398000000.0,398000000.0,55000000.0,0.0,0.261,1021000000.0,505000000.0,8647000000.0,0.385,2.364,15.109,14.912,1050000000.0,0.0,28.78,3.953,3.923,120000000.0,6618000000.0,1526000000.0,1526000000.0,0.0,,,,,0.0,716000000.0,1.0,778000000.0,772000000,772000000.0,1.977,98786000000.0,0.0,162000000.0,0.0,127.961,
65,BK,MRQ,2005-03-31,2005-03-31,2005-03-31,2021-08-05,-87000000.0,96537000000.0,,,,,11.983,-16000000.0,11399000000.0,11399000000.0,0.0,379000000.0,,9.341,9314000000.0,,,9314000000.0,0.0,146000000.0,58963000000.0,0.029,0.25,566000000.0,712000000.0,0.433,712000000.0,566000000.0,566000000.0,0.49,0.49,0.49,9335000000.0,,9335000000.0,18346600000.0,9.0,6.955,-446000000.0,-0.573,1.0,1643000000.0,1.0,4280000000.0,0.0,90172000000.0,,0.0,71296000000.0,,,87202000000.0,,,22426600000.0,-1289000000.0,-31000000.0,-86000000.0,1401000000.0,-167000000.0,1708000000.0,-2485000000.0,-2461000000.0,-430000000.0,-82000000.0,379000000.0,379000000.0,379000000.0,0.0,0.0,0.231,1077000000.0,566000000.0,8684000000.0,0.51,2.402,15.413,15.37,1070000000.0,0.0,29.05,3.931,3.967,138000000.0,6374000000.0,1643000000.0,1643000000.0,0.0,,,,,0.0,771000000.0,1.0,772000000.0,779000000,779000000.0,2.109,92257000000.0,0.0,187000000.0,0.0,118.43,
66,BK,MRQ,2004-12-31,2004-12-31,2004-12-31,2021-08-05,-6000000.0,94529000000.0,,,,,11.941,-37000000.0,12078000000.0,12078000000.0,0.0,351000000.0,,9.175,7998000000.0,,,7998000000.0,0.0,113000000.0,58721000000.0,0.024,0.2,482000000.0,595000000.0,0.615,595000000.0,482000000.0,482000000.0,0.46,0.45,0.46,9290000000.0,,9290000000.0,22452073563.0,11.0,8.956,-94000000.0,-0.121,1.0,968000000.0,1.0,4270000000.0,0.0,86179000000.0,,0.0,69327000000.0,,,85239000000.0,,,25964073563.0,829000000.0,-37000000.0,72000000.0,299000000.0,-153000000.0,-318000000.0,1291000000.0,1276000000.0,-57000000.0,-87000000.0,351000000.0,351000000.0,351000000.0,-187000000.0,0.0,0.363,673000000.0,295000000.0,8664000000.0,0.435,2.795,18.031,17.872,1097000000.0,0.0,33.42,4.688,4.695,137000000.0,6162000000.0,968000000.0,968000000.0,0.0,,,,,0.0,454000000.0,1.0,776902261.0,778000000,778000000.0,1.244,90259000000.0,0.0,131000000.0,0.0,116.014,
67,BK,MRQ,2004-09-30,2004-09-30,2004-09-30,2021-08-05,28000000.0,93175000000.0,,,,,11.638,-90000000.0,11913000000.0,11913000000.0,0.0,354000000.0,,9.291,8401000000.0,,,8401000000.0,0.0,133000000.0,58440000000.0,0.027,0.2,528000000.0,661000000.0,0.433,661000000.0,528000000.0,528000000.0,0.46,0.46,0.46,9054000000.0,,9054000000.0,18508188499.0,9.0,7.418,-107000000.0,-0.138,1.0,1527000000.0,1.0,4170000000.0,0.0,85493000000.0,,0.0,68866000000.0,,,84121000000.0,,,22703188499.0,-45000000.0,-13000000.0,-12000000.0,-2075000000.0,-154000000.0,-4913000000.0,4898000000.0,4986000000.0,-17000000.0,-13000000.0,354000000.0,354000000.0,354000000.0,0.0,0.0,0.232,999000000.0,528000000.0,7732000000.0,0.435,2.508,16.263,16.116,1426000000.0,0.0,29.17,3.755,3.754,238000000.0,5964000000.0,1527000000.0,1527000000.0,0.0,,,,,0.0,714000000.0,1.0,778306085.0,778000000,778000000.0,1.963,89005000000.0,0.0,174000000.0,0.0,114.402,
68,BK,MRQ,2004-06-30,2004-06-30,2004-06-30,2021-08-05,-53000000.0,97536000000.0,,,,,11.277,-82000000.0,12948000000.0,12948000000.0,0.0,371000000.0,,10.103,8753000000.0,,,8753000000.0,0.0,115000000.0,61060000000.0,0.026,0.2,555000000.0,670000000.0,0.428,670000000.0,555000000.0,555000000.0,0.48,0.48,0.48,8785000000.0,,8785000000.0,18476080000.0,10.0,7.903,1510000000.0,1.938,1.0,1567000000.0,1.0,4165000000.0,0.0,89176000000.0,,0.0,72146000000.0,,,88751000000.0,,,22729080000.0,487000000.0,-41000000.0,20000000.0,257000000.0,-155000000.0,5291000000.0,-6238000000.0,-5728000000.0,1592000000.0,-158000000.0,371000000.0,371000000.0,371000000.0,0.0,0.0,0.237,1012000000.0,555000000.0,9439000000.0,0.417,2.587,17.457,17.444,1404000000.0,0.0,29.48,3.821,3.86,311000000.0,5764000000.0,1567000000.0,1567000000.0,0.0,,,,,0.0,716000000.0,1.0,771000000.0,779000000,779000000.0,2.012,93371000000.0,0.0,184000000.0,0.0,119.86,
69,BK,MRQ,2004-03-31,2004-03-31,2004-03-31,2021-08-05,158000000.0,92652000000.0,,,,,11.26,-42000000.0,12518000000.0,12518000000.0,0.0,364000000.0,,9.577,8265000000.0,,,8265000000.0,0.0,119000000.0,56082000000.0,0.024,0.19,463000000.0,582000000.0,0.394,582000000.0,463000000.0,463000000.0,0.47,0.47,0.47,8760000000.0,,8760000000.0,19725000000.0,11.0,8.869,1798000000.0,2.311,1.0,1476000000.0,1.0,4142000000.0,0.0,84257000000.0,,0.0,67605000000.0,,,83892000000.0,,,23688000000.0,-1228000000.0,-46000000.0,28000000.0,-348000000.0,-146000000.0,-865000000.0,-2196000000.0,-2503000000.0,1840000000.0,-7000000.0,364000000.0,364000000.0,364000000.0,0.0,0.0,0.247,1013000000.0,463000000.0,9934000000.0,0.404,2.704,19.321,19.688,1388000000.0,0.0,31.5,4.13,4.272,263000000.0,5548000000.0,1476000000.0,1476000000.0,0.0,,,,,0.0,730000000.0,1.0,752000000.0,778000000,778000000.0,1.897,88510000000.0,0.0,99000000.0,0.0,113.766,
70,BK,MRQ,2003-12-31,2003-12-31,2003-12-31,2021-08-05,72000000.0,92397000000.0,,,,,11.003,-27000000.0,12129000000.0,12129000000.0,0.0,307000000.0,,9.963,8166000000.0,,,8166000000.0,0.0,123000000.0,56406000000.0,0.023,0.19,459000000.0,582000000.0,0.394,582000000.0,459000000.0,459000000.0,0.4,0.39,0.4,8428000000.0,,8428000000.0,24797920000.0,14.0,11.365,2808000000.0,3.666,1.0,1476000000.0,1.0,4092000000.0,0.0,84342000000.0,,0.0,67657000000.0,,,83969000000.0,,,25369920000.0,113000000.0,-71000000.0,76000000.0,-334000000.0,-145000000.0,-3565000000.0,907000000.0,1026000000.0,2835000000.0,-64000000.0,307000000.0,307000000.0,307000000.0,0.0,0.0,0.208,1017000000.0,459000000.0,10192000000.0,0.475,3.01,21.927,21.506,1079000000.0,0.0,33.12,4.655,4.655,170000000.0,5330000000.0,1476000000.0,1476000000.0,0.0,,,,,0.0,692000000.0,1.0,766000000.0,766000000,,1.927,88305000000.0,0.0,152000000.0,0.0,115.281,
71,BK,MRQ,2003-09-30,2003-09-30,2003-09-30,2021-08-05,105000000.0,95193000000.0,,,,,10.624,-24000000.0,9051000000.0,9051000000.0,0.0,260000000.0,,10.576,8479000000.0,,,8479000000.0,0.0,113000000.0,58943000000.0,0.026,0.19,391000000.0,504000000.0,0.352,504000000.0,391000000.0,391000000.0,0.34,0.34,0.34,8223000000.0,,8223000000.0,19454610000.0,13.0,10.567,-14000000.0,-0.018,1.0,1430000000.0,1.0,3972000000.0,0.0,90649000000.0,,0.0,73157000000.0,,,86970000000.0,,,21861610000.0,-593000000.0,-4000000.0,46000000.0,823000000.0,-145000000.0,-5171000000.0,4700000000.0,4528000000.0,10000000.0,-132000000.0,260000000.0,260000000.0,260000000.0,0.0,0.0,0.182,1039000000.0,391000000.0,10170000000.0,0.559,2.659,23.012,22.742,1088000000.0,0.0,29.11,4.526,4.665,233000000.0,5168000000.0,1430000000.0,1430000000.0,0.0,,,,,0.0,676000000.0,1.0,751000000.0,774000000,774000000.0,1.848,91221000000.0,0.0,131000000.0,0.0,117.857,
72,BK,MRQ,2003-06-30,2003-06-30,2003-06-30,2021-08-05,158000000.0,99604000000.0,,,,,10.717,-37000000.0,11067000000.0,11067000000.0,0.0,295000000.0,,11.277,8660000000.0,,,8660000000.0,0.0,105000000.0,64655000000.0,0.026,0.19,451000000.0,556000000.0,0.411,556000000.0,451000000.0,451000000.0,0.39,0.39,0.39,8113000000.0,,8113000000.0,19637500000.0,17.0,12.953,1770000000.0,2.338,1.0,1354000000.0,1.0,3973000000.0,0.0,93224000000.0,,0.0,75692000000.0,,,91491000000.0,,,20757500000.0,-130000000.0,-1716000000.0,1046000000.0,193000000.0,-136000000.0,8357000000.0,-10409000000.0,-8817000000.0,1807000000.0,115000000.0,295000000.0,295000000.0,295000000.0,0.0,0.0,0.218,903000000.0,451000000.0,9407000000.0,0.487,2.559,26.993,27.381,1108000000.0,0.0,28.75,4.908,5.146,191000000.0,5053000000.0,1354000000.0,1354000000.0,0.0,,,,,0.0,634000000.0,1.0,722000000.0,757000000,757000000.0,1.789,95631000000.0,0.0,156000000.0,0.0,126.329,
73,BK,MRQ,2003-03-31,2003-03-31,2003-03-31,2021-08-05,122000000.0,79548000000.0,,,,,9.468,-30000000.0,8513000000.0,8513000000.0,0.0,295000000.0,,10.572,7393000000.0,,,7393000000.0,0.0,89000000.0,56944000000.0,0.037,0.19,451000000.0,540000000.0,0.454,540000000.0,451000000.0,451000000.0,0.41,0.41,0.41,6874000000.0,,6874000000.0,12090439644.0,9.0,7.82,-867000000.0,-1.194,1.0,1190000000.0,1.0,2620000000.0,0.0,75808000000.0,,0.0,61036000000.0,,,72674000000.0,,,14889439644.0,-295000000.0,-53000000.0,44000000.0,719000000.0,-137000000.0,2228000000.0,-1704000000.0,-2086000000.0,-837000000.0,18000000.0,295000000.0,295000000.0,295000000.0,0.0,0.0,0.248,739000000.0,451000000.0,0.0,0.463,2.166,17.832,17.672,977000000.0,0.0,20.5,3.616,3.614,256000000.0,4894000000.0,1190000000.0,1190000000.0,0.0,,,,,0.0,537000000.0,1.0,726314129.0,726000000,726000000.0,1.639,76928000000.0,0.0,156000000.0,0.0,105.961,
74,BK,MRQ,2002-12-31,2002-12-31,2002-12-31,2021-08-05,134000000.0,77740000000.0,,,,,9.216,-43000000.0,9852000000.0,9852000000.0,0.0,100000000.0,,10.631,6903000000.0,,,6903000000.0,0.0,85000000.0,55387000000.0,0.032,0.19,156000000.0,241000000.0,0.282,241000000.0,156000000.0,156000000.0,0.14,0.14,0.14,6684000000.0,,6684000000.0,17950312094.0,13.0,11.191,1724000000.0,2.377,1.0,856000000.0,1.0,2575000000.0,0.0,72216000000.0,,0.0,57678000000.0,,,71056000000.0,,,17377312094.0,995000000.0,-163000000.0,77000000.0,-1271000000.0,-137000000.0,-3210000000.0,2442000000.0,2964000000.0,1767000000.0,-4000000.0,100000000.0,100000000.0,100000000.0,0.0,0.0,0.117,700000000.0,156000000.0,870000000.0,1.357,2.6,19.265,19.168,1192000000.0,0.0,23.96,4.215,4.215,351000000.0,4736000000.0,856000000.0,856000000.0,0.0,,,,,0.0,536000000.0,1.0,725263443.0,725263443,,1.18,75165000000.0,0.0,56000000.0,0.0,103.638,
75,BK,MRQ,2002-09-30,2002-09-30,2002-09-30,2021-08-05,123000000.0,80987000000.0,,,,,9.124,-38000000.0,8199000000.0,8199000000.0,0.0,79000000.0,,11.21,8772000000.0,,,8772000000.0,0.0,56000000.0,56969000000.0,0.041,0.19,123000000.0,179000000.0,0.216,179000000.0,123000000.0,123000000.0,0.11,0.11,0.11,6633000000.0,,6633000000.0,20134685163.0,12.0,10.352,-2478000000.0,-3.409,1.0,829000000.0,1.0,2403000000.0,0.0,79157000000.0,,0.0,63422000000.0,,,74354000000.0,,,20873685163.0,868000000.0,-25000000.0,-10000000.0,-1525000000.0,-137000000.0,-182000000.0,3563000000.0,3959000000.0,-2440000000.0,-73000000.0,79000000.0,79000000.0,79000000.0,0.0,0.0,0.095,706000000.0,123000000.0,0.0,1.727,3.147,18.423,18.306,976000000.0,0.0,28.74,4.76,4.765,299000000.0,4773000000.0,829000000.0,829000000.0,0.0,,,,,0.0,505000000.0,1.0,726293847.0,727000000,727000000.0,1.14,78584000000.0,0.0,44000000.0,0.0,108.094,
76,BK,MRQ,2002-06-30,2002-06-30,2002-06-30,2021-08-05,32000000.0,80805000000.0,,,,,9.067,-34000000.0,10650000000.0,10650000000.0,0.0,361000000.0,,11.225,9911000000.0,,,9911000000.0,0.0,39000000.0,55291000000.0,0.035,0.19,547000000.0,586000000.0,0.471,586000000.0,547000000.0,547000000.0,0.5,0.5,0.5,6610000000.0,,6610000000.0,25386384881.0,13.0,11.555,4583000000.0,6.287,1.0,1243000000.0,1.0,2372000000.0,0.0,77694000000.0,,0.0,60981000000.0,,,74195000000.0,,,24567384881.0,-903000000.0,-111000000.0,7000000.0,446000000.0,-138000000.0,1102000000.0,-6574000000.0,-6450000000.0,4617000000.0,-48000000.0,361000000.0,361000000.0,361000000.0,0.0,0.0,0.29,696000000.0,547000000.0,0.0,0.38,3.717,18.942,18.855,1013000000.0,0.0,33.75,5.172,5.18,502000000.0,4831000000.0,1243000000.0,1243000000.0,0.0,,,,,0.0,502000000.0,1.0,727922515.0,729000000,729000000.0,1.705,78433000000.0,0.0,186000000.0,0.0,107.59,
77,BK,MRQ,2002-03-31,2002-03-31,2002-03-31,2021-08-05,6000000.0,76779000000.0,,,,,8.704,-92000000.0,8320000000.0,8320000000.0,0.0,362000000.0,,11.084,9139000000.0,,,9139000000.0,0.0,52000000.0,53675000000.0,0.028,0.19,546000000.0,598000000.0,0.501,598000000.0,546000000.0,546000000.0,0.5,0.5,0.5,6354000000.0,,6354000000.0,30145294808.0,15.0,13.251,-661000000.0,-0.905,1.0,1194000000.0,1.0,2248000000.0,0.0,75350000000.0,,0.0,58870000000.0,,,70425000000.0,,,30533294808.0,566000000.0,-212000000.0,-114000000.0,-516000000.0,-137000000.0,-2627000000.0,3730000000.0,3989000000.0,-569000000.0,32000000.0,362000000.0,362000000.0,362000000.0,0.0,0.0,0.303,648000000.0,546000000.0,0.0,0.38,4.805,23.114,23.088,1053000000.0,0.0,42.02,6.398,6.428,602000000.0,4608000000.0,1194000000.0,1194000000.0,0.0,,,,,0.0,471000000.0,1.0,726637192.0,730000000,730000000.0,1.636,74531000000.0,0.0,184000000.0,0.0,102.097,
78,BK,MRQ,2001-12-31,2001-12-31,2001-12-31,2021-08-05,80000000.0,81025000000.0,,,,,8.577,-78000000.0,9841000000.0,9841000000.0,0.0,331000000.0,,11.826,9453000000.0,,,9453000000.0,0.0,82000000.0,55711000000.0,0.028,0.61,500000000.0,582000000.0,0.52,582000000.0,500000000.0,500000000.0,0.46,0.45,0.46,6317000000.0,,6317000000.0,33684737973.0,16.0,14.383,2242000000.0,3.044,1.0,1119000000.0,1.0,2084000000.0,0.0,78553000000.0,,0.0,61058000000.0,,,74708000000.0,,,30047737973.0,-67000000.0,-67000000.0,-281000000.0,-2334000000.0,-129000000.0,-7028000000.0,4615000000.0,5063000000.0,2320000000.0,26000000.0,331000000.0,331000000.0,331000000.0,0.0,0.0,0.296,698000000.0,421000000.0,0.0,1.326,4.757,22.374,22.174,992000000.0,0.0,40.8,6.161,6.161,313000000.0,4383000000.0,1119000000.0,1119000000.0,0.0,,,,,0.0,556000000.0,1.0,736464166.0,736464166,,1.519,78941000000.0,0.0,169000000.0,0.0,107.189,
79,BK,MRQ,2001-09-30,2001-09-30,2001-09-30,2021-08-05,152000000.0,89677000000.0,,,,,8.727,-26000000.0,9250000000.0,9250000000.0,0.0,243000000.0,,12.635,12887000000.0,,,12887000000.0,0.0,75000000.0,60261000000.0,0.021,0.18,356000000.0,431000000.0,0.361,431000000.0,356000000.0,356000000.0,0.33,0.33,0.33,6467000000.0,,6467000000.0,25288242025.0,12.0,10.519,-76000000.0,-0.103,1.0,1194000000.0,1.0,0.0,0.0,93314000000.0,,0.0,67929000000.0,,,81710000000.0,,,25781242025.0,-706000000.0,-27000000.0,45000000.0,3464000000.0,-133000000.0,9451000000.0,-10012000000.0,-9867000000.0,-50000000.0,-95000000.0,243000000.0,243000000.0,243000000.0,0.0,0.0,0.204,814000000.0,380000000.0,0.0,0.545,3.987,18.628,18.421,940000000.0,0.0,35.0,5.272,5.304,338000000.0,4181000000.0,1194000000.0,1194000000.0,0.0,,,,,0.0,592000000.0,1.0,736606915.0,741000000,741000000.0,1.611,89677000000.0,0.0,113000000.0,0.0,121.022,
80,BK,MRQ,2001-06-30,2001-06-30,2001-06-30,2021-08-05,126000000.0,76831000000.0,,,,,8.472,-29000000.0,10009000000.0,10009000000.0,0.0,385000000.0,,10.984,9516000000.0,,,9516000000.0,0.0,63000000.0,53708000000.0,0.015,0.18,601000000.0,664000000.0,0.525,664000000.0,601000000.0,601000000.0,0.53,0.52,0.53,6286000000.0,,6286000000.0,37063014752.0,16.0,14.195,1399000000.0,1.885,1.0,1265000000.0,1.0,0.0,0.0,76338000000.0,,0.0,58334000000.0,,,69045000000.0,,,35306014752.0,1148000000.0,-280000000.0,-17000000.0,1277000000.0,-133000000.0,4079000000.0,-4442000000.0,-4185000000.0,1428000000.0,83000000.0,385000000.0,385000000.0,385000000.0,0.0,0.0,0.304,664000000.0,601000000.0,0.0,0.34,5.617,23.475,23.188,935000000.0,0.0,48.0,7.154,7.217,712000000.0,4071000000.0,1265000000.0,1265000000.0,0.0,,,,,0.0,471000000.0,1.0,735541974.0,742000000,742000000.0,1.705,76831000000.0,0.0,216000000.0,0.0,103.546,
81,BK,MRQ,2001-03-31,2001-03-31,2001-03-31,2021-08-05,130000000.0,73073000000.0,,,,,8.149,-27000000.0,6415000000.0,6415000000.0,0.0,384000000.0,,10.82,8172000000.0,,,8172000000.0,0.0,64000000.0,50914000000.0,0.014,0.18,602000000.0,666000000.0,0.531,666000000.0,602000000.0,602000000.0,0.53,0.52,0.53,6055000000.0,,6055000000.0,34093818961.0,15.0,13.266,1378000000.0,1.855,1.0,1255000000.0,1.0,0.0,0.0,74830000000.0,,0.0,58778000000.0,,,65518000000.0,,,36274818961.0,-278000000.0,-240000000.0,-273000000.0,217000000.0,-131000000.0,-5174000000.0,3330000000.0,3669000000.0,1405000000.0,161000000.0,384000000.0,384000000.0,384000000.0,0.0,0.0,0.306,653000000.0,602000000.0,0.0,0.34,5.991,24.593,24.256,928000000.0,0.0,49.24,7.421,7.485,622000000.0,3819000000.0,1255000000.0,1255000000.0,0.0,,,,,0.0,474000000.0,1.0,736694130.0,743000000,743000000.0,1.689,73073000000.0,0.0,218000000.0,0.0,98.349,
82,BK,MRQ,2000-12-31,2000-12-31,2000-12-31,2021-08-05,207000000.0,77114000000.0,,,,,8.309,-41000000.0,8462000000.0,8462000000.0,0.0,372000000.0,,11.535,7781000000.0,,,7781000000.0,0.0,63000000.0,56376000000.0,0.012,0.18,580000000.0,643000000.0,0.547,643000000.0,580000000.0,580000000.0,0.51,0.5,0.51,6152000000.0,,6152000000.0,42647080518.0,19.0,17.072,-199000000.0,-0.269,1.0,1176000000.0,1.0,1710000000.0,0.0,74723000000.0,,0.0,60887000000.0,,,70962000000.0,,,40865080518.0,-1097000000.0,-128000000.0,-24000000.0,-1104000000.0,-132000000.0,1665000000.0,-2543000000.0,-2056000000.0,-158000000.0,-61000000.0,372000000.0,372000000.0,372000000.0,0.0,0.0,0.316,681000000.0,495000000.0,0.0,0.353,6.643,28.597,28.303,924000000.0,0.0,55.19,8.519,8.519,447000000.0,3566000000.0,1176000000.0,1176000000.0,0.0,,,,,0.0,469000000.0,1.0,740443568.0,740443568,,1.588,75404000000.0,0.0,208000000.0,0.0,101.836,
83,BK,MRQ,2000-09-30,2000-09-30,2000-09-30,2021-08-05,189000000.0,75409000000.0,,,,,7.924,-35000000.0,9269000000.0,9269000000.0,0.0,363000000.0,,11.487,11051000000.0,,,11051000000.0,0.0,62000000.0,53299000000.0,0.012,0.17,576000000.0,638000000.0,0.515,638000000.0,576000000.0,576000000.0,0.5,0.49,0.5,5919000000.0,,5919000000.0,44420520846.0,20.0,18.288,173000000.0,0.232,1.0,1239000000.0,1.0,0.0,0.0,77191000000.0,,0.0,56897000000.0,,,67990000000.0,,,41710520846.0,55000000.0,-8000000.0,33000000.0,-423000000.0,-116000000.0,-2054000000.0,1867000000.0,1947000000.0,208000000.0,34000000.0,363000000.0,363000000.0,363000000.0,0.0,0.0,0.293,635000000.0,604000000.0,0.0,0.34,7.047,30.116,29.894,901000000.0,0.0,56.5,9.026,9.133,914000000.0,3326000000.0,1239000000.0,1239000000.0,0.0,,,,,0.0,445000000.0,1.0,738239307.0,747000000,747000000.0,1.659,75409000000.0,0.0,213000000.0,0.0,100.949,
84,BK,MRQ,2000-06-30,2000-06-30,2000-06-30,2021-08-05,57000000.0,76661000000.0,,,,,7.392,-8000000.0,8896000000.0,8896000000.0,0.0,356000000.0,,12.648,11606000000.0,,,11606000000.0,0.0,61000000.0,55337000000.0,0.014,0.17,562000000.0,623000000.0,0.511,623000000.0,562000000.0,562000000.0,0.49,0.48,0.49,5507000000.0,,5507000000.0,35645837868.0,12.0,11.295,-1903000000.0,-2.554,1.0,1218000000.0,1.0,0.0,0.0,79371000000.0,,0.0,59918000000.0,,,69654000000.0,,,34294837868.0,294000000.0,-11000000.0,19000000.0,-462000000.0,-118000000.0,-117000000.0,2402000000.0,2462000000.0,-1895000000.0,-96000000.0,356000000.0,356000000.0,356000000.0,0.0,0.0,0.292,628000000.0,590000000.0,0.0,0.347,6.227,19.106,19.136,885000000.0,0.0,46.5,6.545,6.611,1194000000.0,3079000000.0,1218000000.0,1218000000.0,0.0,,,,,0.0,438000000.0,1.0,737523395.0,745000000,745000000.0,1.635,76661000000.0,0.0,206000000.0,0.0,102.901,
85,BK,MRQ,2000-03-31,2000-03-31,2000-03-31,2021-08-05,31000000.0,76041000000.0,,,,,7.05,-19000000.0,10098000000.0,10098000000.0,0.0,338000000.0,,13.269,11449000000.0,,,11449000000.0,0.0,61000000.0,55436000000.0,0.015,0.17,534000000.0,595000000.0,0.511,595000000.0,534000000.0,534000000.0,0.46,0.46,0.46,5224000000.0,,5224000000.0,29199396281.0,10.0,9.416,-340000000.0,-0.459,1.0,1164000000.0,1.0,0.0,0.0,77392000000.0,,0.0,58430000000.0,,,69317000000.0,,,30631396281.0,597000000.0,-93000000.0,-141000000.0,1484000000.0,-117000000.0,1154000000.0,-316000000.0,-113000000.0,-321000000.0,80000000.0,338000000.0,338000000.0,338000000.0,0.0,0.0,0.29,602000000.0,562000000.0,0.0,0.37,5.864,17.384,17.61,894000000.0,0.0,41.56,6.037,6.069,969000000.0,2841000000.0,1164000000.0,1164000000.0,0.0,,,,,0.0,430000000.0,1.0,737040334.0,741000000,741000000.0,1.571,76041000000.0,0.0,196000000.0,0.0,102.619,
86,BK,MRQ,1999-12-31,1999-12-31,1999-12-31,2021-08-05,30000000.0,74756000000.0,,,,,6.984,-39000000.0,10126000000.0,10126000000.0,0.0,328000000.0,,13.244,6341000000.0,,,6341000000.0,0.0,59000000.0,55751000000.0,0.015,0.17,514000000.0,573000000.0,0.573,573000000.0,514000000.0,514000000.0,0.44,0.43,0.44,5143000000.0,,5143000000.0,28688928120.0,10.0,9.391,-682000000.0,-0.926,1.0,1000000000.0,1.0,0.0,0.0,70971000000.0,,0.0,57949000000.0,,,68113000000.0,,,29455928120.0,-3154000000.0,-419000000.0,71000000.0,198000000.0,-119000000.0,1874000000.0,-4440000000.0,-4023000000.0,-643000000.0,55000000.0,328000000.0,328000000.0,328000000.0,0.0,0.0,0.328,570000000.0,430000000.0,0.0,0.386,5.727,16.938,17.316,893000000.0,0.0,40.0,5.954,5.954,739000000.0,2620000000.0,1000000000.0,1000000000.0,0.0,,,,,0.0,399000000.0,1.0,736398203.0,736398203,,1.358,74756000000.0,0.0,186000000.0,0.0,101.516,
87,BK,MRQ,1999-09-30,1999-09-30,1999-09-30,2021-08-05,63000000.0,63158000000.0,,,,,6.493,-17000000.0,10973000000.0,10973000000.0,0.0,773000000.0,,11.594,10206000000.0,,,10206000000.0,0.0,50000000.0,44795000000.0,0.018,0.148,1315000000.0,1365000000.0,0.735,1365000000.0,1315000000.0,1315000000.0,1.04,1.02,1.04,4896000000.0,,4896000000.0,26453098135.0,9.0,8.748,-843000000.0,-1.118,1.0,1858000000.0,1.0,0.0,0.0,62391000000.0,,0.0,46475000000.0,,,56762000000.0,,,24588098135.0,811000000.0,4852000000.0,-898000000.0,-1211000000.0,-105000000.0,-5094000000.0,6714000000.0,1753000000.0,-826000000.0,17000000.0,773000000.0,773000000.0,773000000.0,0.0,0.0,0.416,515000000.0,1343000000.0,0.0,0.142,5.022,14.254,14.667,848000000.0,0.0,33.44,4.944,5.07,399000000.0,2411000000.0,1858000000.0,1858000000.0,0.0,,,,,0.0,366000000.0,1.0,735290016.0,754000000,754000000.0,2.464,63158000000.0,0.0,542000000.0,0.0,83.764,
88,BK,MRQ,1999-06-30,1999-06-30,1999-06-30,2021-08-05,217000000.0,67771000000.0,,,,,6.831,-17000000.0,10118000000.0,10118000000.0,0.0,323000000.0,,11.551,11983000000.0,,,11983000000.0,0.0,57000000.0,47477000000.0,0.016,0.148,511000000.0,568000000.0,0.54,568000000.0,511000000.0,511000000.0,0.42,0.42,0.42,5280000000.0,,5280000000.0,30323454705.0,15.0,13.891,178000000.0,0.23,1.0,1052000000.0,1.0,0.0,0.0,69636000000.0,,0.0,48096000000.0,,,60991000000.0,,,27931454705.0,1073000000.0,-29000000.0,-204000000.0,1059000000.0,-107000000.0,3513000000.0,-2597000000.0,-2532000000.0,195000000.0,-38000000.0,323000000.0,323000000.0,323000000.0,0.0,0.0,0.307,513000000.0,539000000.0,0.0,0.352,5.29,22.292,22.372,854000000.0,0.0,36.69,6.818,6.922,853000000.0,1744000000.0,1052000000.0,1052000000.0,0.0,,,,,0.0,372000000.0,1.0,761282494.0,773000000,773000000.0,1.361,67771000000.0,0.0,188000000.0,0.0,87.673,
89,BK,MRQ,1999-03-31,1999-03-31,1999-03-31,2021-08-05,254000000.0,64917000000.0,,,,,6.811,-14000000.0,9331000000.0,9331000000.0,0.0,316000000.0,,10.952,11723000000.0,,,11723000000.0,0.0,49000000.0,44843000000.0,0.016,0.148,500000000.0,549000000.0,0.529,549000000.0,500000000.0,500000000.0,0.41,0.41,0.41,5306000000.0,,5306000000.0,29473877607.0,15.0,13.851,278000000.0,0.357,1.0,1037000000.0,1.0,0.0,0.0,67309000000.0,,0.0,48682000000.0,,,58111000000.0,,,27532877607.0,547000000.0,-27000000.0,-294000000.0,813000000.0,-106000000.0,1019000000.0,-743000000.0,-733000000.0,292000000.0,-21000000.0,316000000.0,316000000.0,316000000.0,0.0,0.0,0.305,509000000.0,528000000.0,0.0,0.361,5.189,22.476,22.323,856000000.0,0.0,35.94,6.868,6.984,1213000000.0,1528000000.0,1037000000.0,1037000000.0,0.0,,,,,0.0,376000000.0,1.0,766078954.0,779000000,779000000.0,1.331,64917000000.0,0.0,184000000.0,0.0,83.334,
90,BK,MRQ,1998-12-31,1998-12-31,1998-12-31,2021-08-05,312000000.0,63503000000.0,,,,,7.162,-20000000.0,8503000000.0,8503000000.0,0.0,313000000.0,,10.418,9144000000.0,,,9144000000.0,0.0,49000000.0,44632000000.0,0.014,0.148,493000000.0,542000000.0,0.528,542000000.0,493000000.0,493000000.0,0.41,0.4,0.41,5448000000.0,,5448000000.0,30447685026.0,16.0,14.652,1321000000.0,1.737,1.0,1026000000.0,1.0,0.0,0.0,64144000000.0,,0.0,49083000000.0,,,56755000000.0,,,30616685026.0,-3694000000.0,279000000.0,135000000.0,-1378000000.0,-105000000.0,-884000000.0,-4093000000.0,-4164000000.0,1341000000.0,-58000000.0,313000000.0,313000000.0,313000000.0,0.0,0.0,0.305,508000000.0,518000000.0,0.0,0.361,5.62,25.685,25.314,856000000.0,0.0,40.25,7.822,7.822,946000000.0,1318000000.0,1026000000.0,1026000000.0,0.0,,,,,0.0,378000000.0,1.0,760662982.0,760662982,,1.349,63503000000.0,0.0,180000000.0,0.0,83.484,
91,BK,MRQ,1998-09-30,1998-09-30,1998-09-30,2021-08-05,221000000.0,63812000000.0,,,,,6.436,-21000000.0,10360000000.0,10360000000.0,0.0,301000000.0,,11.467,10191000000.0,,,10191000000.0,0.0,48000000.0,44492000000.0,0.021,0.148,476000000.0,524000000.0,0.534,524000000.0,476000000.0,476000000.0,0.4,0.39,0.4,5014000000.0,,5014000000.0,21839935348.0,12.0,10.602,-120000000.0,-0.154,1.0,982000000.0,1.0,0.0,0.0,63643000000.0,,0.0,47382000000.0,,,57498000000.0,,,20460935348.0,364000000.0,-26000000.0,3000000.0,-1034000000.0,-104000000.0,-192000000.0,663000000.0,739000000.0,-99000000.0,-8000000.0,301000000.0,301000000.0,301000000.0,0.0,0.0,0.307,481000000.0,501000000.0,0.0,0.37,4.081,17.399,17.551,850000000.0,0.0,27.38,5.276,5.5,1121000000.0,1110000000.0,982000000.0,982000000.0,0.0,,,,,0.0,357000000.0,1.0,747294936.0,779000000,779000000.0,1.261,63812000000.0,0.0,175000000.0,0.0,81.915,
92,BK,MRQ,1998-06-30,1998-06-30,1998-06-30,2021-08-05,354000000.0,63003000000.0,,,,,6.345,-19000000.0,9229000000.0,9229000000.0,0.0,295000000.0,,11.42,10608000000.0,,,10608000000.0,0.0,46000000.0,43408000000.0,0.018,0.138,467000000.0,513000000.0,0.532,513000000.0,467000000.0,467000000.0,0.39,0.38,0.39,4968000000.0,,4968000000.0,24747048487.0,13.0,12.233,168000000.0,0.215,1.0,964000000.0,1.0,0.0,0.0,64382000000.0,,0.0,47809000000.0,,,56735000000.0,,,22885048487.0,889000000.0,-65000000.0,-83000000.0,1086000000.0,-98000000.0,3745000000.0,-3024000000.0,-2940000000.0,187000000.0,-19000000.0,295000000.0,295000000.0,295000000.0,0.0,0.0,0.306,472000000.0,492000000.0,0.0,0.354,4.606,19.987,20.026,843000000.0,0.0,30.44,5.981,6.23,974000000.0,3912000000.0,964000000.0,964000000.0,0.0,,,,,0.0,351000000.0,1.0,751808426.0,783000000,783000000.0,1.231,63003000000.0,0.0,172000000.0,0.0,80.464,
93,BK,MRQ,1998-03-31,1998-03-31,1998-03-31,2021-08-05,332000000.0,59611000000.0,,,,,6.161,22000000.0,8057000000.0,8057000000.0,0.0,284000000.0,,11.118,9919000000.0,,,9919000000.0,0.0,44000000.0,40589000000.0,0.017,0.138,456000000.0,500000000.0,0.53,500000000.0,456000000.0,456000000.0,0.38,0.36,0.38,4812000000.0,,4812000000.0,26386717329.0,15.0,13.273,159000000.0,0.204,1.0,943000000.0,1.0,0.0,0.0,61473000000.0,,0.0,45980000000.0,,,53499000000.0,,,23274717329.0,671000000.0,-354000000.0,-425000000.0,516000000.0,-96000000.0,-753000000.0,1280000000.0,1663000000.0,137000000.0,7000000.0,284000000.0,284000000.0,284000000.0,0.0,0.0,0.301,467000000.0,476000000.0,0.0,0.363,4.837,20.855,21.22,838000000.0,0.0,31.405,6.17,6.502,993000000.0,3716000000.0,943000000.0,943000000.0,0.0,,,,,0.0,344000000.0,1.0,741115024.0,781000000,781000000.0,1.207,59611000000.0,0.0,172000000.0,0.0,76.327,
94,BK,MRQ,1997-12-31,1997-12-31,1997-12-31,2021-08-05,285000000.0,59961000000.0,,,,,6.191,-5000000.0,7895000000.0,7895000000.0,0.0,298000000.0,,10.787,11007000000.0,,,11007000000.0,0.0,46000000.0,41357000000.0,0.018,0.138,477000000.0,523000000.0,0.529,523000000.0,477000000.0,477000000.0,0.39,0.38,0.39,5002000000.0,,5002000000.0,,,,-278000000.0,-0.344,1.0,989000000.0,1.0,0.0,0.0,63073000000.0,,0.0,46550000000.0,,,53959000000.0,,,21421929769.0,720000000.0,-91000000.0,-114000000.0,-341000000.0,-99000000.0,-1367000000.0,2282000000.0,2396000000.0,-273000000.0,78000000.0,296000000.0,296000000.0,296000000.0,0.0,2000000.0,0.299,490000000.0,499000000.0,0.0,0.354,4.283,19.563,20.073,835000000.0,0.0,28.905,5.771,6.292,1187000000.0,529000000.0,989000000.0,989000000.0,0.0,,,,,0.0,342000000.0,1.0,741115024.0,808000000,,1.224,59961000000.0,0.0,181000000.0,0.0,74.209,
95,BK,MRQ,1997-09-30,1997-09-30,1997-09-30,2021-08-05,,,,,,,,-13000000.0,,,0.0,273000000.0,,,,,,,,52000000.0,,0.021,0.127,435000000.0,487000000.0,0.524,487000000.0,435000000.0,435000000.0,0.36,0.34,0.36,,,,,,,619000000.0,0.773,1.0,930000000.0,1.0,,0.0,,,,,,,,,,,-2733000000.0,-45000000.0,-232000000.0,276000000.0,-93000000.0,-1306000000.0,-2060000000.0,-1963000000.0,632000000.0,1000000.0,270000000.0,270000000.0,270000000.0,0.0,3000000.0,0.29,473000000.0,457000000.0,,0.353,,,,,0.0,24.0,,,,,930000000.0,930000000.0,0.0,,,,,0.0,334000000.0,1.0,,801000000,801000000.0,1.161,,,165000000.0,,,
96,BK,MRQ,1997-06-30,1997-06-30,1997-06-30,2021-08-05,,,,,,,,-8000000.0,,,0.0,269000000.0,,,,,,,,50000000.0,,0.022,0.127,428000000.0,478000000.0,0.525,478000000.0,428000000.0,428000000.0,0.35,0.33,0.35,,,,,,,21000000.0,0.026,1.0,910000000.0,1.0,,0.0,,,,,,,,,,,-519000000.0,-48000000.0,-351000000.0,319000000.0,-95000000.0,2411000000.0,-2968000000.0,-2986000000.0,29000000.0,9000000.0,266000000.0,266000000.0,266000000.0,0.0,3000000.0,0.292,465000000.0,445000000.0,,0.363,,,,,0.0,21.815,,,,,910000000.0,910000000.0,0.0,,,,,0.0,329000000.0,1.0,,810000000,810000000.0,1.123,,,162000000.0,,,
97,BK,MRQ,1997-03-31,1997-03-31,1997-03-31,2021-08-05,,,,,,,,-9000000.0,,,0.0,265000000.0,,,,,,,,52000000.0,,0.025,0.127,423000000.0,475000000.0,0.538,475000000.0,423000000.0,423000000.0,0.34,0.32,0.34,,,,,,,429000000.0,0.521,1.0,883000000.0,1.0,,0.0,,,,,,,,,,,2269000000.0,-85000000.0,-249000000.0,574000000.0,-96000000.0,2250000000.0,-405000000.0,-201000000.0,438000000.0,-14000000.0,263000000.0,263000000.0,263000000.0,0.0,2000000.0,0.298,446000000.0,437000000.0,,0.374,,,,,0.0,18.375,,,,,883000000.0,883000000.0,0.0,,,,,0.0,322000000.0,1.0,,824000000,824000000.0,1.072,,,160000000.0,,,
98,BK,MRQ,1996-12-31,1996-12-31,1996-12-31,2021-08-05,0.0,55765000000.0,,,,,6.075,,7419000000.0,7419000000.0,,,,9.76,9312000000.0,,,9312000000.0,0.0,,39343000000.0,0.026,0.117,,,,,,,,,,5127000000.0,,5127000000.0,,,,,,1.0,,,0.0,,57658000000.0,,0.0,43267000000.0,,,50038000000.0,,,,,,,,,,,,,,,,,,,,,,0.0,,,,12.981,875000000.0,,16.875,,4.08,985000000.0,2798000000.0,,,,,,,,,,1.0,,844000000,,,55765000000.0,0.0,,0.0,66.072,
0,BK,MRT,2021-06-30,2021-06-30,2021-06-30,2021-08-05,-1670000000.0,466963000000.0,457494500000.0,,,0.034,52.079,-1037000000.0,147625000000.0,147625000000.0,0.0,3658000000.0,,9.301,38505000000.0,,,38505000000.0,0.0,1824000000.0,338670000000.0,0.024,1.24,4459000000.0,6283000000.0,0.404,6283000000.0,4459000000.0,4459000000.0,3.88,3.87,3.88,45281000000.0,45238250000.0,45281000000.0,-63588116208.0,-14.0,-10.121,-1469000000.0,-1.69,1.0,15571000000.0,1.0,20451000000.0,0.0,337392000000.0,331774000000.0,0.0,264466000000.0,,,421169000000.0,,,44850883792.0,2485000000.0,8000000.0,-1261000000.0,-7321000000.0,-1107000000.0,18657000000.0,-15810000000.0,-14976000000.0,-432000000.0,70000000.0,3636000000.0,3427000000.0,3427000000.0,0.0,22000000.0,0.22,10744000000.0,4827000000.0,23704000000.0,0.32,0.991,13.088,13.204,3442000000.0,209000000.0,51.23,2.88,2.861,0.0,35540000000.0,15571000000.0,15571000000.0,0.0,0.007,0.076,0.013,0.286,0.0,8220000000.0,1.0,875480847.0,869460000,873475000.0,17.909,446512000000.0,0.0,823000000.0,0.0,513.551,
1,BK,MRT,2021-03-31,2021-03-31,2021-03-31,2021-08-05,-1819000000.0,464984000000.0,451332750000.0,,,0.035,50.936,-1178000000.0,149287000000.0,149287000000.0,0.0,3596000000.0,,9.334,40848000000.0,,,40848000000.0,0.0,1742000000.0,336768000000.0,0.026,1.24,4362000000.0,6104000000.0,0.391,6104000000.0,4362000000.0,4362000000.0,3.75,3.75,3.75,44954000000.0,44842250000.0,44954000000.0,-79880613007.0,-18.0,-13.087,2371000000.0,2.687,1.0,15621000000.0,1.0,20452000000.0,0.0,336093000000.0,331330000000.0,0.0,261396000000.0,,,419581000000.0,,,41555386993.0,-435000000.0,8000000.0,-649000000.0,-2887000000.0,-1112000000.0,-8892000000.0,4824000000.0,5420000000.0,3549000000.0,84000000.0,3564000000.0,3337000000.0,3337000000.0,0.0,32000000.0,0.214,10664000000.0,4957000000.0,23827000000.0,0.331,0.924,12.453,12.611,3521000000.0,227000000.0,47.29,2.66,2.672,0.0,34822000000.0,15621000000.0,15621000000.0,0.0,0.007,0.074,0.013,0.279,0.0,8153000000.0,1.0,878735187.0,882558000,885655000.0,17.7,444532000000.0,0.0,798000000.0,0.0,503.686,
2,BK,MRT,2020-12-31,2020-12-31,2020-12-31,2021-08-05,-985000000.0,469633000000.0,452125500000.0,,,0.035,51.413,-1222000000.0,159075000000.0,159075000000.0,0.0,3626000000.0,,9.247,37639000000.0,,,37639000000.0,0.0,1630000000.0,341545000000.0,0.029,1.24,4459000000.0,6089000000.0,0.385,6089000000.0,4459000000.0,4459000000.0,3.84,3.83,3.84,45801000000.0,43890000000.0,45801000000.0,-44485396436.0,-10.0,-7.306,3816000000.0,4.284,1.0,15808000000.0,1.0,20508000000.0,0.0,327689000000.0,327788000000.0,0.0,258731000000.0,,,423513000000.0,,,37607603564.0,2152000000.0,0.0,-931000000.0,-820000000.0,-1117000000.0,75508000000.0,-78455000000.0,-76505000000.0,5038000000.0,61000000.0,3617000000.0,3423000000.0,3423000000.0,0.0,9000000.0,0.217,10544000000.0,5264000000.0,25085000000.0,0.323,0.821,10.987,11.052,3602000000.0,194000000.0,42.44,2.379,2.392,0.0,34241000000.0,15808000000.0,15808000000.0,0.0,0.008,0.078,0.014,0.282,0.0,8055000000.0,1.0,886135805.0,890839000,892514000.0,17.745,449125000000.0,0.0,842000000.0,0.0,504.16,
3,BK,MRT,2020-09-30,2020-09-30,2020-09-30,2021-08-05,-1359000000.0,428398000000.0,430094250000.0,,,0.039,50.497,-1054000000.0,125212000000.0,125212000000.0,0.0,4320000000.0,,8.528,43119000000.0,,,43119000000.0,0.0,1519000000.0,296312000000.0,0.036,1.24,5374000000.0,6893000000.0,0.412,6893000000.0,5374000000.0,5374000000.0,4.55,4.54,4.55,44917000000.0,42810500000.0,44917000000.0,-55981508741.0,-10.0,-8.122,2378000000.0,2.673,1.0,16743000000.0,1.0,20383000000.0,0.0,325922000000.0,319521250000.0,0.0,253226000000.0,,,383051000000.0,,,30420491259.0,-1997000000.0,0.0,-1968000000.0,3215000000.0,-1124000000.0,44140000000.0,-49618000000.0,-48235000000.0,3432000000.0,49000000.0,4307000000.0,4112000000.0,4112000000.0,0.0,13000000.0,0.246,10580000000.0,6163000000.0,23514000000.0,0.273,0.677,7.398,7.547,3617000000.0,195000000.0,34.34,1.817,1.824,0.0,33821000000.0,16743000000.0,16743000000.0,0.0,0.01,0.096,0.017,0.321,0.0,8143000000.0,1.0,885861714.0,889499000,891069000.0,18.823,408015000000.0,0.0,1067000000.0,0.0,458.702,
4,BK,MRT,2020-06-30,2020-06-30,2020-06-30,2021-08-05,-1943000000.0,442316000000.0,416286750000.0,,,0.04,49.152,-1116000000.0,130773000000.0,130773000000.0,0.0,4417000000.0,,9.116,44371000000.0,,,44371000000.0,0.0,1424000000.0,305470000000.0,0.032,1.24,5508000000.0,6932000000.0,0.414,6932000000.0,5508000000.0,5508000000.0,4.64,4.63,4.64,43697000000.0,41861250000.0,43697000000.0,-91697634968.0,-17.0,-13.228,6619000000.0,7.445,1.0,16757000000.0,1.0,20298000000.0,0.0,335616000000.0,313259750000.0,0.0,260565000000.0,,,398350000000.0,,,34222365032.0,-606000000.0,0.0,-2936000000.0,-1149000000.0,-1140000000.0,49604000000.0,-57908000000.0,-56253000000.0,7735000000.0,-37000000.0,4408000000.0,4238000000.0,4238000000.0,0.0,9000000.0,0.253,10497000000.0,6260000000.0,25012000000.0,0.267,0.783,8.075,8.33,3598000000.0,170000000.0,38.65,2.042,2.051,0.0,33224000000.0,16757000000.0,16757000000.0,0.0,0.01,0.101,0.018,0.329,0.0,8149000000.0,1.0,885442821.0,889020000,890561000.0,18.849,422018000000.0,0.0,1100000000.0,0.0,474.7,
5,BK,MRT,2020-03-31,2020-03-31,2020-03-31,2021-08-05,-2827000000.0,468155000000.0,400999750000.0,,,0.042,46.017,-1210000000.0,169207000000.0,169207000000.0,0.0,4473000000.0,,10.372,43287000000.0,,,43287000000.0,0.0,1367000000.0,336717000000.0,0.036,1.21,5623000000.0,6990000000.0,0.419,6990000000.0,5623000000.0,5623000000.0,4.64,4.63,4.64,41145000000.0,41320250000.0,41145000000.0,-41240723259.0,-7.0,-5.9,-1850000000.0,-2.069,1.0,16671000000.0,1.0,20310000000.0,0.0,321925000000.0,309530500000.0,0.0,241782000000.0,,,426776000000.0,,,29982276741.0,1512000000.0,0.0,-3682000000.0,651000000.0,-1132000000.0,112176000000.0,-109959000000.0,-108647000000.0,-640000000.0,-65000000.0,4475000000.0,4306000000.0,4306000000.0,0.0,-2000000.0,0.258,10463000000.0,6208000000.0,24016000000.0,0.261,0.729,6.963,7.259,3514000000.0,169000000.0,33.68,1.798,1.806,0.0,32601000000.0,16671000000.0,16671000000.0,0.0,0.011,0.104,0.018,0.337,0.0,8143000000.0,1.0,890210117.0,894122000,896689000.0,18.645,447845000000.0,0.0,1148000000.0,0.0,500.877,
6,BK,MRT,2019-12-31,2019-12-31,2019-12-31,2021-08-05,-2638000000.0,381508000000.0,370494000000.0,,,0.044,44.149,-1210000000.0,109853000000.0,109853000000.0,0.0,4467000000.0,,8.191,43460000000.0,,,43460000000.0,0.0,1315000000.0,259466000000.0,0.023,1.18,5561000000.0,6876000000.0,0.418,6876000000.0,5561000000.0,5561000000.0,4.53,4.51,4.53,41483000000.0,41340250000.0,41483000000.0,-5505730521.0,-1.0,-0.801,-1114000000.0,-1.186,1.0,16462000000.0,1.0,20493000000.0,0.0,294622000000.0,301937250000.0,0.0,221617000000.0,,,339780000000.0,,,46414269479.0,-991000000.0,0.0,-3241000000.0,-6691000000.0,-1120000000.0,9459000000.0,-10548000000.0,-10014000000.0,96000000.0,2000000.0,4441000000.0,4272000000.0,4272000000.0,0.0,26000000.0,0.26,10450000000.0,6012000000.0,18758000000.0,0.26,1.119,10.865,11.11,3625000000.0,169000000.0,50.33,2.819,2.873,0.0,31894000000.0,16462000000.0,16462000000.0,0.0,0.012,0.103,0.018,0.338,0.0,8185000000.0,1.0,922198877.0,939623000,943109000.0,17.52,361015000000.0,0.0,1120000000.0,0.0,384.213,
7,BK,MRT,2019-09-30,2019-09-30,2019-09-30,2021-08-05,-2893000000.0,373168000000.0,365835250000.0,,,0.043,44.06,-1401000000.0,95946000000.0,95946000000.0,0.0,3888000000.0,,8.067,44026000000.0,,,44026000000.0,0.0,1299000000.0,249660000000.0,0.025,1.15,4779000000.0,6078000000.0,0.387,6078000000.0,4779000000.0,4779000000.0,3.87,3.86,3.87,41120000000.0,41129000000.0,41120000000.0,2645750241.0,1.0,0.435,4350000000.0,4.661,1.0,15691000000.0,1.0,20372000000.0,0.0,300876000000.0,304000500000.0,0.0,230997000000.0,,,331698000000.0,,,42617750241.0,2643000000.0,0.0,-3572000000.0,783000000.0,-1112000000.0,16912000000.0,-19948000000.0,-19145000000.0,5751000000.0,-72000000.0,3882000000.0,3713000000.0,3713000000.0,0.0,6000000.0,0.237,10477000000.0,5214000000.0,18364000000.0,0.297,1.036,11.478,11.682,3149000000.0,169000000.0,45.21,2.716,2.689,0.0,30789000000.0,15691000000.0,15691000000.0,0.0,0.01,0.09,0.016,0.305,0.0,8208000000.0,1.0,942662027.0,933264000,935677000.0,16.813,352796000000.0,0.0,897000000.0,0.0,378.024,
8,BK,MRT,2019-06-30,2019-06-30,2019-06-30,2021-08-05,-2688000000.0,381168000000.0,359985750000.0,,,0.044,43.66,-1297000000.0,90747000000.0,90747000000.0,0.0,3961000000.0,,8.17,50775000000.0,,,50775000000.0,0.0,1297000000.0,252877000000.0,0.025,1.12,4826000000.0,6123000000.0,0.385,6123000000.0,4826000000.0,4826000000.0,3.87,3.85,3.87,41533000000.0,41239000000.0,41533000000.0,8254387382.0,2.0,1.348,617000000.0,0.649,1.0,15899000000.0,1.0,20497000000.0,0.0,320699000000.0,297974250000.0,0.0,242222000000.0,,,339333000000.0,,,42274387382.0,572000000.0,0.0,-3198000000.0,2824000000.0,-1101000000.0,21982000000.0,-23301000000.0,-23150000000.0,1914000000.0,-23000000.0,3955000000.0,3786000000.0,3786000000.0,0.0,6000000.0,0.238,10630000000.0,5269000000.0,18946000000.0,0.289,1.018,11.166,11.408,2970000000.0,169000000.0,44.15,2.659,2.642,0.0,30081000000.0,15899000000.0,15899000000.0,0.0,0.011,0.092,0.016,0.304,0.0,8228000000.0,1.0,957517268.0,951281000,953928000.0,16.713,360671000000.0,0.0,871000000.0,0.0,379.142,
9,BK,MRT,2019-03-31,2019-03-31,2019-03-31,2021-08-05,-2990000000.0,346132000000.0,352925750000.0,,,0.046,42.836,-1176000000.0,80360000000.0,80360000000.0,0.0,4048000000.0,,7.39,46340000000.0,,,46340000000.0,0.0,1306000000.0,222382000000.0,0.021,1.08,4934000000.0,6240000000.0,0.387,6240000000.0,4934000000.0,4934000000.0,3.9,3.87,3.9,41225000000.0,41232000000.0,41225000000.0,8709893009.0,2.0,1.396,4723000000.0,4.908,1.0,16113000000.0,1.0,20560000000.0,0.0,291552000000.0,288452500000.0,0.0,217871000000.0,,,304663000000.0,,,48137893009.0,2421000000.0,0.0,-3084000000.0,-9806000000.0,-1076000000.0,-28906000000.0,25539000000.0,25938000000.0,5899000000.0,-111000000.0,4041000000.0,3872000000.0,3872000000.0,0.0,7000000.0,0.24,10735000000.0,5378000000.0,19310000000.0,0.277,1.168,12.432,12.931,3010000000.0,169000000.0,50.43,2.988,3.012,0.0,29382000000.0,16113000000.0,16113000000.0,0.0,0.011,0.094,0.017,0.306,0.0,8311000000.0,1.0,954548741.0,962397000,965960000.0,16.743,325572000000.0,0.0,893000000.0,0.0,338.293,
10,BK,MRT,2018-12-31,2018-12-31,2018-12-31,2021-08-05,-3171000000.0,362873000000.0,359792000000.0,,,0.046,40.52,-1085000000.0,88000000000.0,88000000000.0,0.0,4254000000.0,,7.924,48572000000.0,,,48572000000.0,0.0,1339000000.0,238778000000.0,0.022,1.04,5204000000.0,6543000000.0,0.399,6543000000.0,5204000000.0,5204000000.0,4.06,4.04,4.06,40638000000.0,41357750000.0,40638000000.0,-5809243310.0,-1.0,-0.888,4911000000.0,4.897,1.0,16392000000.0,1.0,20570000000.0,0.0,302875000000.0,289665250000.0,0.0,230039000000.0,,,322005000000.0,,,46541756690.0,1125000000.0,84000000.0,-3149000000.0,-832000000.0,-1052000000.0,-8098000000.0,3299000000.0,4453000000.0,5996000000.0,-72000000.0,4266000000.0,4097000000.0,4097000000.0,0.0,-12000000.0,0.25,10761000000.0,5631000000.0,19731000000.0,0.256,1.145,11.36,11.594,1832000000.0,169000000.0,47.07,2.839,2.88,0.0,28652000000.0,16392000000.0,16392000000.0,0.0,0.011,0.099,0.018,0.317,0.0,8337000000.0,1.0,988777495.0,1002922000,1007141000.0,16.344,342303000000.0,0.0,938000000.0,0.0,341.306,
11,BK,MRT,2018-09-30,2018-09-30,2018-09-30,2021-08-05,-2983000000.0,349770000000.0,362013250000.0,,,0.045,41.568,-1060000000.0,94291000000.0,94291000000.0,0.0,4565000000.0,,7.409,41940000000.0,,,41940000000.0,0.0,1441000000.0,231590000000.0,0.02,1.0,4895000000.0,6336000000.0,0.393,6336000000.0,4895000000.0,4895000000.0,4.3,4.27,4.3,41560000000.0,41511000000.0,41560000000.0,1397174491.0,0.0,0.221,3043000000.0,3.044,1.0,16113000000.0,1.0,20648000000.0,0.0,276771000000.0,286735750000.0,0.0,209014000000.0,,,307909000000.0,,,50987174491.0,-3116000000.0,84000000.0,-2386000000.0,-4374000000.0,-1022000000.0,-6007000000.0,-1187000000.0,241000000.0,4103000000.0,-25000000.0,4560000000.0,4391000000.0,4391000000.0,0.0,5000000.0,0.273,10481000000.0,5632000000.0,18683000000.0,0.233,1.227,11.612,11.858,1832000000.0,169000000.0,50.99,3.164,3.164,0.0,28098000000.0,16113000000.0,16113000000.0,0.0,0.012,0.106,0.017,0.304,0.0,8104000000.0,1.0,999944587.0,999808000,1003665000.0,16.116,329122000000.0,0.0,335000000.0,0.0,329.185,
12,BK,MRT,2018-06-30,2018-06-30,2018-06-30,2021-08-05,-2795000000.0,352928000000.0,363170000000.0,,,0.044,41.087,-980000000.0,96611000000.0,96611000000.0,0.0,4471000000.0,,7.497,47021000000.0,,,47021000000.0,0.0,1458000000.0,230560000000.0,0.018,0.96,4930000000.0,6388000000.0,0.398,6388000000.0,4930000000.0,4930000000.0,4.17,4.15,4.17,41505000000.0,41251750000.0,41505000000.0,-1722233667.0,0.0,-0.27,7091000000.0,7.02,1.0,16060000000.0,1.0,20726000000.0,0.0,282612000000.0,287880000000.0,0.0,210241000000.0,,,311182000000.0,,,54505766333.0,-866000000.0,84000000.0,-2311000000.0,4348000000.0,-992000000.0,-5130000000.0,-3823000000.0,-2064000000.0,8071000000.0,16000000.0,4467000000.0,4299000000.0,4299000000.0,0.0,4000000.0,0.268,10503000000.0,5557000000.0,19123000000.0,0.23,1.313,12.679,12.933,1752000000.0,168000000.0,53.93,3.394,3.392,0.0,27306000000.0,16060000000.0,16060000000.0,0.0,0.012,0.104,0.017,0.307,0.0,8142000000.0,1.0,1010676179.0,1010179000,1014357000.0,15.898,332202000000.0,0.0,463000000.0,0.0,328.855,
13,BK,MRT,2018-03-31,2018-03-31,2018-03-31,2021-08-05,-2343000000.0,373597000000.0,363641750000.0,,,0.044,41.039,-1084000000.0,111253000000.0,111253000000.0,0.0,4339000000.0,,7.944,55025000000.0,,,55025000000.0,0.0,1462000000.0,241844000000.0,0.018,0.91,4848000000.0,6310000000.0,0.397,6310000000.0,4848000000.0,4848000000.0,4.01,4.0,4.01,41728000000.0,40869000000.0,41728000000.0,-7593623003.0,-2.0,-1.203,3955000000.0,3.89,1.0,15878000000.0,1.0,20966000000.0,0.0,296403000000.0,287787750000.0,0.0,216822000000.0,,,331473000000.0,,,52032376997.0,-2399000000.0,84000000.0,-2070000000.0,12893000000.0,-946000000.0,23717000000.0,-31358000000.0,-29136000000.0,5039000000.0,203000000.0,4339000000.0,4170000000.0,4170000000.0,0.0,0.0,0.263,10521000000.0,5357000000.0,20172000000.0,0.227,1.247,12.478,12.85,1702000000.0,169000000.0,51.53,3.277,3.3,0.0,26496000000.0,15878000000.0,15878000000.0,0.0,0.011,0.102,0.017,0.305,0.0,8120000000.0,1.0,1009749214.0,1016797000,1021731000.0,15.616,352631000000.0,0.0,509000000.0,0.0,346.806,
14,BK,MRT,2017-12-31,2017-12-31,2017-12-31,2021-08-05,-2357000000.0,371758000000.0,354626500000.0,,,0.044,39.884,-1197000000.0,108871000000.0,108871000000.0,0.0,4114000000.0,,8.0,49245000000.0,,,49245000000.0,0.0,1474000000.0,244322000000.0,0.016,0.86,4586000000.0,6060000000.0,0.39,6060000000.0,4586000000.0,4586000000.0,3.74,3.72,3.74,41251000000.0,40221500000.0,41251000000.0,3108843933.0,1.0,0.513,3470000000.0,3.355,1.0,15543000000.0,1.0,20975000000.0,0.0,291157000000.0,281858500000.0,0.0,215908000000.0,,,330012000000.0,,,55153843933.0,-1071000000.0,0.0,-2221000000.0,12980000000.0,-901000000.0,26778000000.0,-32705000000.0,-31277000000.0,4667000000.0,189000000.0,4090000000.0,3915000000.0,3915000000.0,0.0,24000000.0,0.252,10543000000.0,5000000000.0,20184000000.0,0.23,1.337,14.088,14.401,1634000000.0,175000000.0,53.86,3.548,3.584,0.0,25635000000.0,15543000000.0,15543000000.0,0.0,0.011,0.097,0.016,0.295,0.0,8108000000.0,1.0,1024022353.0,1034281000,1040290000.0,15.028,350783000000.0,0.0,496000000.0,0.0,339.156,
15,BK,MRT,2017-09-30,2017-09-30,2017-09-30,2021-08-05,-2781000000.0,354397000000.0,345054250000.0,,,0.045,39.14,-1263000000.0,96621000000.0,96621000000.0,0.0,3805000000.0,,7.731,44576000000.0,,,44576000000.0,0.0,1428000000.0,230996000000.0,0.015,0.81,5014000000.0,6442000000.0,0.413,6442000000.0,5014000000.0,5014000000.0,3.42,3.42,3.42,40523000000.0,39611500000.0,40523000000.0,3168941777.0,1.0,0.492,6823000000.0,6.59,1.0,15605000000.0,1.0,21004000000.0,0.0,281348000000.0,276522250000.0,0.0,211505000000.0,,,313293000000.0,,,54777941777.0,228000000.0,-4000000.0,-2160000000.0,11447000000.0,-855000000.0,-23643000000.0,15725000000.0,17156000000.0,8086000000.0,60000000.0,3785000000.0,3611000000.0,3611000000.0,0.0,20000000.0,0.231,10582000000.0,5023000000.0,21176000000.0,0.237,1.352,15.17,15.503,1631000000.0,174000000.0,53.02,3.51,3.518,0.0,24757000000.0,15605000000.0,15605000000.0,0.0,0.01,0.091,0.018,0.321,0.0,8179000000.0,1.0,1033156201.0,1035337000,1041138000.0,15.072,333393000000.0,0.0,1229000000.0,0.0,322.014,
16,BK,MRT,2017-06-30,2017-06-30,2017-06-30,2021-08-05,-3093000000.0,354815000000.0,349983500000.0,,,0.044,38.591,-1133000000.0,92456000000.0,92456000000.0,0.0,3778000000.0,,7.863,40847000000.0,,,40847000000.0,0.0,1447000000.0,235677000000.0,0.015,0.76,4959000000.0,6406000000.0,0.412,6406000000.0,4959000000.0,4959000000.0,3.38,3.38,3.38,39974000000.0,39404500000.0,39974000000.0,9108525560.0,2.0,1.422,1836000000.0,1.772,1.0,15530000000.0,1.0,20963000000.0,0.0,282243000000.0,277855500000.0,0.0,213487000000.0,,,314317000000.0,,,53054525560.0,-2203000000.0,-3000000.0,-2081000000.0,9444000000.0,-808000000.0,-16271000000.0,10920000000.0,12399000000.0,2969000000.0,179000000.0,3754000000.0,3602000000.0,3602000000.0,0.0,24000000.0,0.232,10571000000.0,4959000000.0,21622000000.0,0.225,1.327,14.729,15.095,1640000000.0,152000000.0,51.02,3.416,3.403,0.0,24027000000.0,15530000000.0,15530000000.0,0.0,0.01,0.091,0.018,0.319,0.0,8154000000.0,1.0,1039877020.0,1035829000,1041879000.0,14.993,333852000000.0,0.0,1205000000.0,0.0,322.304,
17,BK,MRT,2017-03-31,2017-03-31,2017-03-31,2021-08-05,-3524000000.0,337536000000.0,354367500000.0,,,0.043,37.591,-898000000.0,85006000000.0,85006000000.0,0.0,3677000000.0,,7.607,41060000000.0,,,41060000000.0,0.0,1485000000.0,221291000000.0,0.016,0.74,4815000000.0,6300000000.0,0.41,6300000000.0,4815000000.0,4815000000.0,3.26,3.25,3.26,39138000000.0,39050750000.0,39138000000.0,6256045321.0,1.0,0.993,2351000000.0,2.258,1.0,15350000000.0,1.0,20904000000.0,0.0,272686000000.0,276345250000.0,0.0,207226000000.0,,,297705000000.0,,,48999045321.0,63000000.0,-41000000.0,-2131000000.0,3820000000.0,-793000000.0,-30531000000.0,27427000000.0,28149000000.0,3249000000.0,-82000000.0,3652000000.0,3501000000.0,3501000000.0,0.0,25000000.0,0.228,10536000000.0,4814000000.0,21306000000.0,0.227,1.252,13.996,14.488,1307000000.0,151000000.0,47.23,3.192,3.204,0.0,23300000000.0,15350000000.0,15350000000.0,0.0,0.01,0.09,0.017,0.314,0.0,8123000000.0,1.0,1037455967.0,1041158000,1047746000.0,14.743,316632000000.0,0.0,1163000000.0,0.0,304.115,
18,BK,MRT,2016-12-31,2016-12-31,2016-12-31,2021-08-05,-3765000000.0,333469000000.0,363201000000.0,,,0.042,36.398,-760000000.0,77949000000.0,77949000000.0,0.0,3548000000.0,,7.572,35206000000.0,,,35206000000.0,0.0,1502000000.0,221490000000.0,0.015,0.72,4724000000.0,6226000000.0,0.409,6226000000.0,4724000000.0,4724000000.0,3.16,3.15,3.16,38811000000.0,38881000000.0,38811000000.0,-16216390897.0,-3.0,-2.605,5507000000.0,5.165,1.0,15237000000.0,1.0,20914000000.0,0.0,269812000000.0,276620250000.0,0.0,210550000000.0,,,293889000000.0,,,50096609103.0,-2613000000.0,-41000000.0,-1933000000.0,-2423000000.0,-778000000.0,-59050000000.0,50284000000.0,51546000000.0,6267000000.0,-114000000.0,3547000000.0,3425000000.0,3425000000.0,0.0,1000000.0,0.225,10523000000.0,4714000000.0,20987000000.0,0.228,1.291,14.627,14.994,1303000000.0,122000000.0,47.38,3.288,3.316,0.0,22621000000.0,15237000000.0,15237000000.0,0.0,0.009,0.088,0.017,0.31,0.0,8079000000.0,1.0,1057336621.0,1066286000,1072013000.0,14.29,312555000000.0,0.0,1177000000.0,0.0,293.125,
19,BK,MRT,2016-09-30,2016-09-30,2016-09-30,2021-08-05,-2785000000.0,374114000000.0,378278750000.0,,,0.04,37.369,-620000000.0,99732000000.0,99732000000.0,0.0,3372000000.0,,8.408,33419000000.0,,,33419000000.0,0.0,1491000000.0,261378000000.0,0.018,0.7,4442000000.0,5933000000.0,0.391,5933000000.0,4442000000.0,4442000000.0,2.97,2.96,2.97,39695000000.0,38687500000.0,39695000000.0,-32331144170.0,-7.0,-5.449,1079000000.0,1.016,1.0,15173000000.0,1.0,21120000000.0,0.0,286681000000.0,277793750000.0,0.0,225911000000.0,,,333741000000.0,,,42578855830.0,-3277000000.0,-37000000.0,-1763000000.0,1324000000.0,-762000000.0,-6478000000.0,1519000000.0,139000000.0,1699000000.0,-17000000.0,3370000000.0,3240000000.0,3240000000.0,0.0,2000000.0,0.214,10584000000.0,4589000000.0,21162000000.0,0.236,1.073,13.142,13.428,1338000000.0,130000000.0,39.88,2.806,2.792,0.0,22002000000.0,15173000000.0,15173000000.0,0.0,0.009,0.084,0.016,0.293,0.0,8096000000.0,1.0,1067674419.0,1062248000,1067682000.0,14.284,352994000000.0,0.0,1072000000.0,0.0,332.308,
20,BK,MRT,2016-06-30,2016-06-30,2016-06-30,2021-08-05,-2552000000.0,372351000000.0,379093000000.0,,,0.04,35.95,-651000000.0,107192000000.0,107192000000.0,0.0,3206000000.0,,8.638,32282000000.0,,,32282000000.0,0.0,1497000000.0,259678000000.0,0.018,0.68,4246000000.0,5743000000.0,0.382,5743000000.0,4246000000.0,4246000000.0,2.81,2.8,2.81,38559000000.0,38306250000.0,38559000000.0,-35854339747.0,-8.0,-6.243,2304000000.0,2.148,1.0,15022000000.0,1.0,21239000000.0,0.0,276202000000.0,275128000000.0,0.0,218122000000.0,,,333054000000.0,,,41844660253.0,-2544000000.0,-21000000.0,-1955000000.0,-274000000.0,-747000000.0,-29350000000.0,23959000000.0,21337000000.0,2955000000.0,-108000000.0,3216000000.0,3086000000.0,3086000000.0,0.0,-10000000.0,0.205,10621000000.0,4401000000.0,21172000000.0,0.242,1.085,13.56,13.826,1399000000.0,130000000.0,38.85,2.786,2.774,0.0,21233000000.0,15022000000.0,15022000000.0,0.0,0.008,0.081,0.015,0.283,0.0,8104000000.0,1.0,1077082632.0,1072583000,1078271000.0,14.005,351112000000.0,0.0,1030000000.0,0.0,327.352,
21,BK,MRT,2016-03-31,2016-03-31,2016-03-31,2021-08-05,-2390000000.0,372870000000.0,384818750000.0,,,0.039,35.622,-587000000.0,115016000000.0,115016000000.0,0.0,3220000000.0,,8.674,37317000000.0,,,37317000000.0,0.0,1481000000.0,257342000000.0,0.018,0.68,4212000000.0,5693000000.0,0.377,5693000000.0,4212000000.0,4212000000.0,2.79,2.78,2.79,38459000000.0,38234000000.0,38459000000.0,-58192251343.0,-14.0,-10.222,5405000000.0,5.006,1.0,15098000000.0,1.0,21385000000.0,0.0,273786000000.0,274547250000.0,0.0,214126000000.0,,,333585000000.0,,,39621748657.0,-3239000000.0,17000000.0,-2219000000.0,7914000000.0,-754000000.0,-19538000000.0,10238000000.0,8766000000.0,5992000000.0,69000000.0,3196000000.0,3091000000.0,3091000000.0,0.0,24000000.0,0.205,10728000000.0,4370000000.0,22008000000.0,0.244,1.03,12.818,13.201,1377000000.0,105000000.0,36.83,2.624,2.634,0.0,20593000000.0,15098000000.0,15098000000.0,0.0,0.008,0.081,0.015,0.279,0.0,8146000000.0,1.0,1075800941.0,1079641000,1085284000.0,13.984,351485000000.0,0.0,1016000000.0,0.0,325.557,
22,BK,MRT,2015-12-31,2015-12-31,2015-12-31,2021-08-05,-2600000000.0,393780000000.0,391373250000.0,,,0.039,34.431,-601000000.0,134886000000.0,134886000000.0,0.0,3222000000.0,,9.328,37072000000.0,,,37072000000.0,0.0,1457000000.0,279610000000.0,0.016,0.68,4171000000.0,5628000000.0,0.37,5628000000.0,4171000000.0,4171000000.0,2.73,2.71,2.73,38037000000.0,37951250000.0,38037000000.0,-34708494158.0,-8.0,-6.167,3526000000.0,3.192,1.0,15194000000.0,1.0,21460000000.0,0.0,274506000000.0,278790500000.0,0.0,215694000000.0,,,354805000000.0,,,45051505842.0,-433000000.0,8000000.0,-2003000000.0,5185000000.0,-760000000.0,15185000000.0,-19787000000.0,-22777000000.0,4127000000.0,42000000.0,3158000000.0,3053000000.0,3053000000.0,0.0,64000000.0,0.201,10799000000.0,4395000000.0,21900000000.0,0.249,1.184,14.756,15.099,1379000000.0,105000000.0,41.22,2.965,2.997,0.0,19974000000.0,15194000000.0,15194000000.0,0.0,0.008,0.08,0.015,0.275,0.0,8214000000.0,1.0,1092952592.0,1104719000,1112511000.0,13.754,372320000000.0,0.0,1013000000.0,0.0,337.027,
23,BK,MRT,2015-09-30,2015-09-30,2015-09-30,2021-08-05,-2355000000.0,377371000000.0,389254000000.0,,,0.039,34.763,-607000000.0,110662000000.0,110662000000.0,0.0,2783000000.0,,8.86,30902000000.0,,,30902000000.0,0.0,1400000000.0,266768000000.0,0.017,0.68,3443000000.0,4843000000.0,0.32,4843000000.0,3443000000.0,3443000000.0,2.34,2.32,2.34,38170000000.0,37802250000.0,38170000000.0,-56247833689.0,-16.0,-11.614,4564000000.0,4.157,1.0,15141000000.0,1.0,21593000000.0,0.0,276018000000.0,278333750000.0,0.0,220866000000.0,,,338172000000.0,,,43320166311.0,1824000000.0,5000000.0,-1973000000.0,337000000.0,-768000000.0,-2097000000.0,-1264000000.0,-3313000000.0,5171000000.0,14000000.0,2698000000.0,2625000000.0,2625000000.0,0.0,85000000.0,0.173,11631000000.0,3510000000.0,22236000000.0,0.291,1.135,16.503,16.731,1361000000.0,73000000.0,39.15,2.861,2.839,0.0,19525000000.0,15141000000.0,15141000000.0,0.0,0.007,0.069,0.012,0.227,0.0,8222000000.0,1.0,1106517658.0,1098003000,1105645000.0,13.79,355778000000.0,0.0,745000000.0,0.0,324.023,
24,BK,MRT,2015-06-30,2015-06-30,2015-06-30,2021-08-05,-2225000000.0,395254000000.0,391485250000.0,,,0.041,34.36,-125000000.0,130669000000.0,130669000000.0,0.0,3062000000.0,,9.298,31101000000.0,,,31101000000.0,0.0,1354000000.0,284430000000.0,0.016,0.68,3967000000.0,5321000000.0,0.334,5321000000.0,3967000000.0,3967000000.0,2.53,2.51,2.53,38270000000.0,37872500000.0,38270000000.0,-39549155126.0,-10.0,-7.433,4608000000.0,4.137,1.0,15942000000.0,1.0,21807000000.0,0.0,273879000000.0,276115000000.0,0.0,219499000000.0,,,355830000000.0,,,47069844874.0,2180000000.0,-12000000.0,-1631000000.0,3692000000.0,-773000000.0,1023000000.0,-3407000000.0,-8592000000.0,4733000000.0,-169000000.0,2948000000.0,2875000000.0,2875000000.0,0.0,114000000.0,0.18,11919000000.0,4023000000.0,22050000000.0,0.269,1.23,16.372,16.589,1412000000.0,73000000.0,41.97,2.953,2.932,0.0,18895000000.0,15942000000.0,15942000000.0,0.0,0.007,0.076,0.014,0.249,0.0,8296000000.0,1.0,1121511672.0,1113790000,1122135000.0,14.313,373447000000.0,0.0,1019000000.0,0.0,335.294,
25,BK,MRT,2015-03-31,2015-03-31,2015-03-31,2021-08-05,-2182000000.0,399088000000.0,392856750000.0,,,0.04,33.37,-167000000.0,115808000000.0,115808000000.0,0.0,2767000000.0,,9.65,29189000000.0,,,29189000000.0,0.0,1299000000.0,281259000000.0,0.017,0.68,3632000000.0,4931000000.0,0.312,4931000000.0,3632000000.0,3632000000.0,2.27,2.26,2.27,37328000000.0,37886500000.0,37328000000.0,-45804970951.0,-13.0,-9.289,5301000000.0,4.739,1.0,15801000000.0,1.0,21710000000.0,0.0,290759000000.0,271908750000.0,0.0,236715000000.0,,,360208000000.0,,,44823029049.0,1075000000.0,28000000.0,-1268000000.0,2150000000.0,-779000000.0,24782000000.0,-29021000000.0,-35198000000.0,5468000000.0,-154000000.0,2672000000.0,2599000000.0,2599000000.0,0.0,95000000.0,0.164,12138000000.0,3663000000.0,21959000000.0,0.3,1.201,17.246,17.727,1410000000.0,73000000.0,40.24,2.837,2.849,0.0,18257000000.0,15801000000.0,15801000000.0,0.0,0.007,0.069,0.013,0.23,0.0,8327000000.0,1.0,1113892372.0,1118602000,1126306000.0,14.126,377378000000.0,0.0,960000000.0,0.0,337.366,
26,BK,MRT,2014-12-31,2014-12-31,2014-12-31,2021-08-05,-1634000000.0,385303000000.0,385145000000.0,,,0.041,33.137,-206000000.0,123147000000.0,123147000000.0,0.0,2651000000.0,,9.257,32519000000.0,,,32519000000.0,0.0,1292000000.0,265869000000.0,0.016,0.66,3479000000.0,4771000000.0,0.304,4771000000.0,3479000000.0,3479000000.0,2.17,2.15,2.17,37441000000.0,38051000000.0,37441000000.0,-51275958201.0,-15.0,-10.747,4278000000.0,3.786,1.0,15692000000.0,1.0,21996000000.0,0.0,272679000000.0,260757750000.0,0.0,217065000000.0,,,346600000000.0,,,45670041799.0,510000000.0,36000000.0,-1273000000.0,7644000000.0,-760000000.0,7829000000.0,-11675000000.0,-16392000000.0,4484000000.0,-128000000.0,2567000000.0,2494000000.0,2494000000.0,0.0,84000000.0,0.159,12177000000.0,3515000000.0,21181000000.0,0.304,1.22,18.312,18.696,1394000000.0,73000000.0,40.57,2.91,2.921,0.0,17683000000.0,15692000000.0,15692000000.0,0.0,0.006,0.066,0.013,0.222,0.0,8384000000.0,1.0,1125709682.0,1129897000,1137480000.0,13.888,363307000000.0,0.0,912000000.0,0.0,321.54,
27,BK,MRT,2014-09-30,2014-09-30,2014-09-30,2021-08-05,-916000000.0,386296000000.0,382448250000.0,,,0.041,34.12,-247000000.0,129068000000.0,129068000000.0,0.0,2950000000.0,,9.017,32122000000.0,,,32122000000.0,0.0,1314000000.0,264896000000.0,0.017,0.64,4050000000.0,5364000000.0,0.346,5364000000.0,4050000000.0,4050000000.0,2.42,2.41,2.42,38451000000.0,38065000000.0,38451000000.0,-77349278012.0,-19.0,-14.42,2464000000.0,2.186,1.0,15500000000.0,1.0,22207000000.0,0.0,267143000000.0,251623750000.0,0.0,210843000000.0,,,346698000000.0,,,43826721988.0,-894000000.0,37000000.0,-1164000000.0,5959000000.0,-741000000.0,11788000000.0,-15322000000.0,-18322000000.0,2711000000.0,-71000000.0,2873000000.0,2798000000.0,2798000000.0,0.0,77000000.0,0.181,11530000000.0,3970000000.0,20155000000.0,0.264,1.14,15.664,16.004,1351000000.0,75000000.0,38.73,2.828,2.816,0.0,17670000000.0,15500000000.0,15500000000.0,0.0,0.007,0.074,0.016,0.261,0.0,8481000000.0,1.0,1131596230.0,1126946000,1134871000.0,13.754,364089000000.0,0.0,1177000000.0,0.0,323.076,
28,BK,MRT,2014-06-30,2014-06-30,2014-06-30,2021-08-05,-402000000.0,400740000000.0,378862250000.0,,,0.039,33.81,-731000000.0,153289000000.0,153289000000.0,0.0,2827000000.0,,9.426,32113000000.0,,,32113000000.0,0.0,1329000000.0,282439000000.0,0.017,0.62,3405000000.0,4734000000.0,0.323,4734000000.0,3405000000.0,3405000000.0,2.31,2.3,2.31,38326000000.0,37692000000.0,38326000000.0,-56864823108.0,-17.0,-12.012,1971000000.0,1.739,1.0,14658000000.0,1.0,22510000000.0,0.0,257054000000.0,243965000000.0,0.0,199171000000.0,,,361266000000.0,,,42741176892.0,-767000000.0,109000000.0,-960000000.0,1974000000.0,-720000000.0,35325000000.0,-38886000000.0,-39026000000.0,2702000000.0,92000000.0,2765000000.0,2690000000.0,2690000000.0,0.0,62000000.0,0.184,11341000000.0,3317000000.0,17242000000.0,0.268,1.115,15.889,16.225,1590000000.0,75000000.0,37.48,2.916,2.898,0.0,16796000000.0,14658000000.0,14658000000.0,0.0,0.007,0.071,0.014,0.232,0.0,8493000000.0,1.0,1140372916.0,1133556000,1139800000.0,12.931,378230000000.0,0.0,640000000.0,0.0,333.667,
29,BK,MRT,2014-03-31,2014-03-31,2014-03-31,2021-08-05,-689000000.0,368241000000.0,368803500000.0,,,0.04,33.361,-684000000.0,131489000000.0,131489000000.0,0.0,3116000000.0,,8.668,31883000000.0,,,31883000000.0,0.0,1389000000.0,252227000000.0,0.017,0.6,3793000000.0,5182000000.0,0.347,5182000000.0,3793000000.0,3793000000.0,2.54,2.53,2.54,37986000000.0,37081000000.0,37986000000.0,-75792067432.0,-20.0,-14.626,363000000.0,0.319,1.0,14926000000.0,1.0,22480000000.0,0.0,246155000000.0,240705250000.0,0.0,186595000000.0,,,329272000000.0,,,40055932568.0,1652000000.0,68000000.0,-921000000.0,4809000000.0,-700000000.0,13659000000.0,-13060000000.0,-12257000000.0,1047000000.0,6000000.0,3031000000.0,2967000000.0,2967000000.0,0.0,85000000.0,0.199,11217000000.0,3709000000.0,16822000000.0,0.236,1.054,13.5,13.894,1613000000.0,64000000.0,35.29,2.684,2.692,0.0,16439000000.0,14926000000.0,14926000000.0,0.0,0.008,0.08,0.016,0.254,0.0,8594000000.0,1.0,1135050512.0,1138645000,1144510000.0,13.109,345761000000.0,0.0,762000000.0,0.0,303.66,
30,BK,MRT,2013-12-31,2013-12-31,2013-12-31,2021-08-05,-892000000.0,374516000000.0,365728750000.0,,,0.041,32.587,-609000000.0,146119000000.0,146119000000.0,0.0,2185000000.0,,8.961,30271000000.0,,,30271000000.0,0.0,1389000000.0,261129000000.0,0.017,0.58,3696000000.0,5085000000.0,0.341,5085000000.0,3696000000.0,3696000000.0,1.74,1.73,1.74,37497000000.0,36507000000.0,37497000000.0,-72762657008.0,-20.0,-14.309,-1251000000.0,-1.087,1.0,14900000000.0,1.0,22525000000.0,0.0,236143000000.0,238965500000.0,0.0,182155000000.0,,,336006000000.0,,,40129342992.0,1733000000.0,65000000.0,-738000000.0,2776000000.0,-680000000.0,15621000000.0,-13200000000.0,-12096000000.0,-642000000.0,-46000000.0,2104000000.0,2040000000.0,2040000000.0,0.0,81000000.0,0.137,11306000000.0,3594000000.0,15707000000.0,0.333,1.07,19.671,20.08,1655000000.0,64000000.0,34.94,2.693,2.698,0.0,15952000000.0,14900000000.0,14900000000.0,0.0,0.006,0.056,0.015,0.248,0.0,8554000000.0,1.0,1148521551.0,1150689000,1154441000.0,12.949,351991000000.0,0.0,1592000000.0,0.0,305.896,
31,BK,MRT,2013-09-30,2013-09-30,2013-09-30,2021-08-05,-1339000000.0,371952000000.0,361847250000.0,,,0.042,32.174,-570000000.0,144213000000.0,144213000000.0,0.0,2267000000.0,,9.036,31321000000.0,,,31321000000.0,0.0,1386000000.0,255560000000.0,0.019,0.56,3882000000.0,5268000000.0,0.351,5268000000.0,3882000000.0,3882000000.0,1.82,1.82,1.82,36959000000.0,36240500000.0,36959000000.0,-59250108729.0,-15.0,-11.247,-269000000.0,-0.234,1.0,15022000000.0,1.0,22552000000.0,0.0,236508000000.0,236188250000.0,0.0,179406000000.0,,,333969000000.0,,,34732891271.0,2313000000.0,45000000.0,-650000000.0,-976000000.0,-659000000.0,29626000000.0,-27549000000.0,-26076000000.0,301000000.0,-65000000.0,2192000000.0,2141000000.0,2141000000.0,0.0,75000000.0,0.143,11254000000.0,3768000000.0,15293000000.0,0.308,0.94,16.223,16.588,1569000000.0,51000000.0,30.19,2.312,2.309,0.0,15639000000.0,15022000000.0,15022000000.0,0.0,0.006,0.059,0.016,0.258,0.0,8454000000.0,1.0,1150476690.0,1148724000,1152679000.0,13.077,349400000000.0,0.0,1690000000.0,0.0,304.164,
32,BK,MRT,2013-06-30,2013-06-30,2013-06-30,2021-08-05,-1651000000.0,360505000000.0,353845250000.0,,,0.042,31.133,-633000000.0,126235000000.0,126235000000.0,0.0,2034000000.0,,9.018,32252000000.0,,,32252000000.0,0.0,1354000000.0,244882000000.0,0.019,0.54,3838000000.0,5192000000.0,0.348,5192000000.0,3838000000.0,3838000000.0,1.61,1.61,1.61,35882000000.0,36055250000.0,35882000000.0,-61573859813.0,-16.0,-11.859,-337000000.0,-0.292,1.0,14906000000.0,1.0,22507000000.0,0.0,244015000000.0,235254750000.0,0.0,187102000000.0,,,323574000000.0,,,32556140187.0,2418000000.0,-30000000.0,-850000000.0,3037000000.0,-639000000.0,26438000000.0,-24226000000.0,-21708000000.0,296000000.0,-90000000.0,1942000000.0,1899000000.0,1899000000.0,0.0,92000000.0,0.127,11180000000.0,3726000000.0,15267000000.0,0.335,0.907,17.144,17.422,1595000000.0,43000000.0,28.05,2.184,2.169,0.0,14859000000.0,14906000000.0,14906000000.0,0.0,0.005,0.053,0.016,0.257,0.0,8365000000.0,1.0,1160646709.0,1152545000,1155981000.0,12.933,337998000000.0,0.0,1896000000.0,0.0,293.262,
33,BK,MRT,2013-03-31,2013-03-31,2013-03-31,2021-08-05,-915000000.0,355942000000.0,346289750000.0,,,0.042,30.799,-648000000.0,123453000000.0,123453000000.0,0.0,1647000000.0,,8.946,29323000000.0,,,29323000000.0,0.0,1280000000.0,239672000000.0,0.019,0.52,3215000000.0,4495000000.0,0.31,4495000000.0,3215000000.0,3215000000.0,1.29,1.29,1.29,35690000000.0,35718000000.0,35690000000.0,-78548964836.0,-24.0,-17.475,-1877000000.0,-1.62,1.0,14506000000.0,1.0,22616000000.0,0.0,239196000000.0,228886000000.0,0.0,185172000000.0,,,319268000000.0,,,32523035164.0,107000000.0,-33000000.0,-829000000.0,-334000000.0,-618000000.0,47885000000.0,-46493000000.0,-45310000000.0,-1229000000.0,-56000000.0,1565000000.0,1534000000.0,1534000000.0,0.0,82000000.0,0.106,11405000000.0,3101000000.0,14986000000.0,0.403,0.911,21.201,21.698,1624000000.0,31000000.0,27.99,2.242,2.236,0.0,14202000000.0,14506000000.0,14506000000.0,0.0,0.004,0.043,0.014,0.222,0.0,8227000000.0,1.0,1161951953.0,1158819000,1158819000.0,12.518,333326000000.0,0.0,1650000000.0,0.0,287.643,
34,BK,MRT,2012-12-31,2012-12-31,2012-12-31,2021-08-05,-643000000.0,358990000000.0,332346500000.0,,,0.044,30.966,-646000000.0,138747000000.0,138747000000.0,0.0,2515000000.0,,8.826,27675000000.0,,,27675000000.0,0.0,1246000000.0,246095000000.0,0.02,0.52,3279000000.0,4525000000.0,0.312,4525000000.0,3279000000.0,3279000000.0,2.03,2.03,2.03,36431000000.0,35295500000.0,36431000000.0,-54270801154.0,-17.0,-11.994,983000000.0,0.836,1.0,14501000000.0,1.0,22884000000.0,0.0,225034000000.0,220994750000.0,0.0,174119000000.0,,,321548000000.0,,,30033198846.0,552000000.0,-29000000.0,-1083000000.0,2714000000.0,-623000000.0,28288000000.0,-29387000000.0,-28303000000.0,1629000000.0,22000000.0,2437000000.0,2419000000.0,2419000000.0,0.0,78000000.0,0.167,11333000000.0,3168000000.0,16095000000.0,0.256,0.824,12.416,12.66,1659000000.0,18000000.0,25.7,2.071,2.085,0.0,14622000000.0,14501000000.0,14501000000.0,0.0,0.007,0.069,0.015,0.226,0.0,8182000000.0,1.0,1168606959.0,1176485000,1178430000.0,12.326,336106000000.0,0.0,842000000.0,0.0,285.687,
35,BK,MRT,2012-09-30,2012-09-30,2012-09-30,2021-08-05,-471000000.0,339944000000.0,323915500000.0,,,0.044,30.964,-510000000.0,118687000000.0,118687000000.0,0.0,2355000000.0,,8.361,34383000000.0,,,34383000000.0,0.0,1130000000.0,222949000000.0,0.023,0.52,3098000000.0,4228000000.0,0.295,4228000000.0,3098000000.0,3098000000.0,1.94,1.94,1.94,36218000000.0,34542000000.0,36218000000.0,-62151040326.0,-20.0,-14.7,3657000000.0,3.127,1.0,14332000000.0,1.0,22866000000.0,0.0,232774000000.0,214700000000.0,0.0,175164000000.0,,,302805000000.0,,,26720959674.0,-1700000000.0,-34000000.0,-1011000000.0,4174000000.0,-627000000.0,15546000000.0,-21421000000.0,-20442000000.0,4167000000.0,8000000.0,2315000000.0,2310000000.0,2310000000.0,0.0,-40000000.0,0.161,11336000000.0,2996000000.0,13675000000.0,0.268,0.738,11.568,11.66,1690000000.0,5000000.0,22.62,1.864,1.846,0.0,14153000000.0,14332000000.0,14332000000.0,0.0,0.007,0.067,0.014,0.216,0.0,8099000000.0,1.0,1181297952.0,1169674000,1171534000.0,12.253,317078000000.0,0.0,783000000.0,0.0,271.082,
36,BK,MRT,2012-06-30,2012-06-30,2012-06-30,2021-08-05,-1280000000.0,330283000000.0,319476250000.0,,,0.045,29.232,-538000000.0,120508000000.0,120508000000.0,0.0,2269000000.0,,8.54,31636000000.0,,,31636000000.0,0.0,1008000000.0,221144000000.0,0.024,0.52,3080000000.0,4088000000.0,0.284,4088000000.0,3080000000.0,3080000000.0,1.86,1.86,1.86,34533000000.0,33911250000.0,34533000000.0,-43283873835.0,-14.0,-10.588,1050000000.0,0.889,1.0,14383000000.0,1.0,22871000000.0,0.0,218540000000.0,207028500000.0,0.0,164254000000.0,,,294898000000.0,,,26180126165.0,-1038000000.0,-48000000.0,-1193000000.0,6903000000.0,-633000000.0,31646000000.0,-33947000000.0,-32923000000.0,1588000000.0,-325000000.0,2241000000.0,2241000000.0,2241000000.0,0.0,-39000000.0,0.156,11402000000.0,2981000000.0,13305000000.0,0.28,0.758,11.682,11.801,1711000000.0,0.0,21.95,1.82,1.803,0.0,13588000000.0,14383000000.0,14383000000.0,0.0,0.007,0.066,0.015,0.214,0.0,8137000000.0,1.0,1192716454.0,1181350000,1182985000.0,12.175,307412000000.0,0.0,839000000.0,0.0,260.221,
37,BK,MRT,2012-03-31,2012-03-31,2012-03-31,2021-08-05,-1229000000.0,300169000000.0,313082000000.0,,,0.047,28.477,-594000000.0,101217000000.0,101217000000.0,0.0,2530000000.0,,7.804,31753000000.0,,,31753000000.0,0.0,892000000.0,192462000000.0,0.022,0.52,3511000000.0,4403000000.0,0.302,4403000000.0,3511000000.0,3511000000.0,2.06,2.06,2.06,34000000000.0,33740750000.0,34000000000.0,-73283336923.0,-21.0,-16.644,1305000000.0,1.093,1.0,14591000000.0,1.0,23074000000.0,0.0,207631000000.0,198813500000.0,0.0,153601000000.0,,,265340000000.0,,,29071663077.0,275000000.0,-52000000.0,-1175000000.0,8795000000.0,-639000000.0,37983000000.0,-39331000000.0,-37159000000.0,1899000000.0,-276000000.0,2488000000.0,2510000000.0,2510000000.0,0.0,-25000000.0,0.172,11171000000.0,3420000000.0,12959000000.0,0.252,0.855,11.582,11.714,1715000000.0,-22000000.0,24.13,1.992,1.974,0.0,13277000000.0,14591000000.0,14591000000.0,0.0,0.008,0.074,0.018,0.241,0.0,8199000000.0,1.0,1204793331.0,1193931000,1195558000.0,12.221,277095000000.0,0.0,1023000000.0,0.0,232.086,
38,BK,MRT,2011-12-31,2011-12-31,2011-12-31,2021-08-05,-1627000000.0,325266000000.0,304650750000.0,,,0.048,27.373,-629000000.0,130739000000.0,130739000000.0,0.0,2569000000.0,,8.71,28384000000.0,,,28384000000.0,0.0,776000000.0,219094000000.0,0.024,0.48,3564000000.0,4340000000.0,0.299,4340000000.0,3564000000.0,3564000000.0,2.03,2.03,2.03,33417000000.0,33555250000.0,33417000000.0,-72530494630.0,-20.0,-16.712,1582000000.0,1.296,1.0,14529000000.0,1.0,23056000000.0,0.0,199855000000.0,191666250000.0,0.0,148695000000.0,,,291065000000.0,,,24143505370.0,500000000.0,-64000000.0,-830000000.0,5956000000.0,-593000000.0,78765000000.0,-80178000000.0,-78251000000.0,2211000000.0,-298000000.0,2516000000.0,2516000000.0,2516000000.0,0.0,53000000.0,0.173,11112000000.0,3417000000.0,12671000000.0,0.236,0.722,9.596,9.808,1681000000.0,0.0,19.91,1.662,1.673,0.0,12812000000.0,14529000000.0,14529000000.0,0.0,0.008,0.075,0.019,0.245,0.0,8158000000.0,1.0,1212632113.0,1220804000,1223026000.0,11.901,302210000000.0,0.0,1048000000.0,0.0,247.55,
39,BK,MRT,2011-09-30,2011-09-30,2011-09-30,2021-08-05,-1004000000.0,322187000000.0,285149000000.0,,,0.052,27.752,-669000000.0,127446000000.0,127446000000.0,0.0,2785000000.0,,8.537,30772000000.0,,,30772000000.0,0.0,773000000.0,210890000000.0,0.024,0.44,3773000000.0,4546000000.0,0.309,4546000000.0,3773000000.0,3773000000.0,2.17,2.16,2.17,33695000000.0,33289500000.0,33695000000.0,-72405266762.0,-19.0,-15.927,-191000000.0,-0.157,1.0,14721000000.0,1.0,23425000000.0,0.0,202088000000.0,185723500000.0,0.0,147191000000.0,,,287658000000.0,,,22915733238.0,2998000000.0,-37000000.0,-758000000.0,10844000000.0,-547000000.0,70623000000.0,-67818000000.0,-66128000000.0,478000000.0,-285000000.0,2671000000.0,2690000000.0,2690000000.0,11000000.0,127000000.0,0.183,11087000000.0,3634000000.0,13097000000.0,0.203,0.68,8.519,8.567,1705000000.0,-19000000.0,18.59,1.557,1.533,0.0,12464000000.0,14721000000.0,14721000000.0,0.0,0.009,0.081,0.02,0.256,0.0,8209000000.0,1.0,1232691406.0,1214126000,1215527000.0,12.125,298762000000.0,0.0,1102000000.0,0.0,246.072,
40,BK,MRT,2011-06-30,2011-06-30,2011-06-30,2021-08-05,-751000000.0,304706000000.0,268141500000.0,,,0.054,27.512,-502000000.0,122270000000.0,122270000000.0,0.0,2732000000.0,,7.976,26949000000.0,,,26949000000.0,0.0,738000000.0,197953000000.0,0.016,0.4,3694000000.0,4432000000.0,0.307,4432000000.0,3694000000.0,3694000000.0,2.15,2.14,2.15,33851000000.0,32904000000.0,33851000000.0,-31816034066.0,-9.0,-7.179,4687000000.0,3.809,1.0,14445000000.0,1.0,23705000000.0,0.0,185680000000.0,178392750000.0,0.0,134744000000.0,,,269983000000.0,,,31812965934.0,1991000000.0,-2698000000.0,373000000.0,4793000000.0,-495000000.0,49345000000.0,-52616000000.0,-48798000000.0,5189000000.0,73000000.0,2653000000.0,2661000000.0,2661000000.0,14000000.0,79000000.0,0.184,10927000000.0,3518000000.0,11512000000.0,0.186,0.94,11.955,11.916,1729000000.0,-8000000.0,25.62,2.202,2.182,0.0,11977000000.0,14445000000.0,14445000000.0,0.0,0.01,0.081,0.021,0.256,0.0,8071000000.0,1.0,1241723885.0,1230406000,1233710000.0,11.74,281001000000.0,0.0,1041000000.0,0.0,228.381,
41,BK,MRT,2011-03-31,2011-03-31,2011-03-31,2021-08-05,-1003000000.0,266444000000.0,250888250000.0,,,0.055,26.95,-332000000.0,87453000000.0,87453000000.0,0.0,2667000000.0,,6.985,23824000000.0,,,23824000000.0,0.0,699000000.0,162496000000.0,0.012,0.36,3632000000.0,4331000000.0,0.311,4331000000.0,3632000000.0,3632000000.0,2.1,2.09,2.1,33258000000.0,32040250000.0,33258000000.0,-10343561019.0,-3.0,-2.388,2953000000.0,2.393,1.0,13915000000.0,1.0,23773000000.0,0.0,179042000000.0,171266500000.0,0.0,132454000000.0,,,232304000000.0,,,37093438981.0,751000000.0,-2805000000.0,645000000.0,3184000000.0,-443000000.0,29346000000.0,-31929000000.0,-28320000000.0,3285000000.0,49000000.0,2564000000.0,2584000000.0,2584000000.0,24000000.0,103000000.0,0.186,10427000000.0,3488000000.0,10550000000.0,0.171,1.115,14.355,14.224,1662000000.0,-20000000.0,29.87,2.666,2.649,0.0,11405000000.0,13915000000.0,13915000000.0,0.0,0.01,0.081,0.021,0.261,0.0,7763000000.0,1.0,1241829226.0,1234076000,1238284000.0,11.276,242671000000.0,0.0,1068000000.0,0.0,196.642,
42,BK,MRT,2010-12-31,2010-12-31,2010-12-31,2021-08-05,-1355000000.0,247259000000.0,239415000000.0,,,0.057,26.681,-216000000.0,72424000000.0,72424000000.0,0.0,2581000000.0,,6.617,24987000000.0,,,24987000000.0,0.0,629000000.0,145339000000.0,0.012,0.36,3565000000.0,4194000000.0,0.308,4194000000.0,3565000000.0,3565000000.0,2.06,2.05,2.06,32354000000.0,31146500000.0,32354000000.0,-20039276848.0,-6.0,-4.778,3834000000.0,3.162,1.0,13638000000.0,1.0,23738000000.0,0.0,176084000000.0,164634500000.0,0.0,129183000000.0,,,214102000000.0,,,37461723152.0,-57000000.0,-2660000000.0,687000000.0,2015000000.0,-440000000.0,10790000000.0,-14937000000.0,-11529000000.0,4050000000.0,40000000.0,2518000000.0,2518000000.0,2518000000.0,66000000.0,63000000.0,0.185,10170000000.0,3468000000.0,9962000000.0,0.175,1.158,14.878,14.66,1693000000.0,0.0,30.2,2.747,2.685,0.0,10898000000.0,13638000000.0,13638000000.0,0.0,0.011,0.081,0.022,0.261,0.0,7488000000.0,1.0,1240454409.0,1212630000,1216214000.0,11.247,223521000000.0,0.0,1047000000.0,0.0,184.327,
43,BK,MRT,2010-09-30,2010-09-30,2010-09-30,2021-08-05,-969000000.0,254157000000.0,230656250000.0,,,0.057,26.561,-147000000.0,79751000000.0,79751000000.0,0.0,2481000000.0,,6.882,22250000000.0,,,22250000000.0,0.0,604000000.0,148981000000.0,0.014,0.36,3125000000.0,3729000000.0,0.283,3729000000.0,3125000000.0,3125000000.0,2.02,2.02,2.02,32153000000.0,30302250000.0,32153000000.0,-25335090875.0,-8.0,-6.794,3997000000.0,3.302,1.0,13160000000.0,1.0,23891000000.0,0.0,172765000000.0,156629000000.0,0.0,128177000000.0,,,221266000000.0,,,31722909125.0,327000000.0,-3013000000.0,821000000.0,-364000000.0,-437000000.0,14128000000.0,-17963000000.0,-14319000000.0,4144000000.0,18000000.0,2384000000.0,2432000000.0,2432000000.0,174000000.0,97000000.0,0.185,9931000000.0,3229000000.0,10895000000.0,0.178,0.987,13.044,12.936,1677000000.0,-331000000.0,26.13,2.411,2.404,0.0,10386000000.0,13160000000.0,13160000000.0,0.0,0.011,0.08,0.02,0.237,0.0,7211000000.0,1.0,1214041681.0,1210534000,1212684000.0,10.871,230266000000.0,0.0,741000000.0,0.0,190.219,
44,BK,MRT,2010-06-30,2010-06-30,2010-06-30,2021-08-05,-1509000000.0,235693000000.0,220118750000.0,,,0.037,25.234,-203000000.0,78544000000.0,78544000000.0,0.0,-587000000.0,,6.731,21486000000.0,,,21486000000.0,0.0,641000000.0,143667000000.0,0.015,0.36,-1713000000.0,-1072000000.0,-0.132,-1072000000.0,-1713000000.0,-1713000000.0,-0.54,-0.54,-0.54,30396000000.0,29337750000.0,30396000000.0,-16563497302.0,10.0,15.451,3123000000.0,2.593,1.0,8098000000.0,1.0,21460000000.0,0.0,157175000000.0,149489000000.0,0.0,114640000000.0,,,204588000000.0,,,29947502698.0,-222000000.0,-335000000.0,27000000.0,1245000000.0,-440000000.0,18567000000.0,-22101000000.0,-20131000000.0,3326000000.0,-14000000.0,-707000000.0,-648000000.0,-648000000.0,190000000.0,120000000.0,-0.08,9631000000.0,-1533000000.0,10200000000.0,-0.667,0.985,-46.215,-45.722,1548000000.0,-342000000.0,24.69,3.698,3.673,0.0,9875000000.0,8098000000.0,8098000000.0,0.0,-0.003,-0.022,-0.011,-0.212,0.0,6978000000.0,1.0,1212940571.0,1204557000,1208830000.0,6.723,214233000000.0,0.0,-1006000000.0,0.0,177.852,
45,BK,MRT,2010-03-31,2010-03-31,2010-03-31,2021-08-05,-1614000000.0,220551000000.0,211948500000.0,,,0.037,24.684,-229000000.0,68197000000.0,68197000000.0,0.0,-869000000.0,,6.404,21686000000.0,,,21686000000.0,0.0,673000000.0,131627000000.0,0.012,0.36,-2217000000.0,-1544000000.0,-0.2,-1544000000.0,-2217000000.0,-2217000000.0,-0.93,-0.93,-0.93,29683000000.0,28557750000.0,29683000000.0,-9015798174.0,4.0,5.839,5168000000.0,4.298,1.0,7737000000.0,1.0,21526000000.0,0.0,152514000000.0,144867000000.0,0.0,111159000000.0,,,190096000000.0,,,37309201826.0,-373000000.0,-225000000.0,1358000000.0,4806000000.0,-431000000.0,-868000000.0,-4952000000.0,-3926000000.0,5397000000.0,50000000.0,-919000000.0,-1130000000.0,-1130000000.0,271000000.0,50000000.0,-0.146,9698000000.0,-1961000000.0,10328000000.0,-0.387,1.257,-33.017,-33.204,1583000000.0,164000000.0,30.88,4.822,4.8,0.0,9340000000.0,7737000000.0,7737000000.0,0.0,-0.005,-0.04,-0.015,-0.287,0.0,6863000000.0,1.0,1208199541.0,1202533000,1206286000.0,6.434,199025000000.0,0.0,-1298000000.0,0.0,165.505,
46,BK,MRT,2009-12-31,2009-12-31,2009-12-31,2021-08-05,-1835000000.0,212224000000.0,207680250000.0,,,0.035,24.58,-312000000.0,67396000000.0,67396000000.0,0.0,-1083000000.0,,6.323,21071000000.0,,,21071000000.0,0.0,711000000.0,135050000000.0,0.018,0.51,-2479000000.0,-1768000000.0,-0.241,-1768000000.0,-2479000000.0,-2479000000.0,-1.16,-1.16,-1.16,28977000000.0,28189500000.0,28977000000.0,-12523296495.0,5.0,7.083,3469000000.0,2.943,1.0,7322000000.0,1.0,21837000000.0,0.0,144062000000.0,138197500000.0,0.0,101771000000.0,,,183221000000.0,,,33682703505.0,-1157000000.0,-364000000.0,1359000000.0,-326000000.0,-599000000.0,-27973000000.0,23088000000.0,24320000000.0,3781000000.0,-53000000.0,-1084000000.0,-1367000000.0,-1367000000.0,270000000.0,1000000.0,-0.187,9530000000.0,-2208000000.0,10721000000.0,-0.44,1.162,-24.64,-24.112,1602000000.0,283000000.0,27.97,4.6,4.503,0.0,8912000000.0,7322000000.0,7322000000.0,0.0,-0.007,-0.048,-0.018,-0.339,0.0,6804000000.0,1.0,1204243958.0,1178907000,1178907000.0,6.211,190387000000.0,0.0,-1395000000.0,0.0,161.495,
47,BK,MRT,2009-09-30,2009-09-30,2009-09-30,2021-08-05,-1947000000.0,212007000000.0,214002250000.0,,,0.032,23.63,-366000000.0,67688000000.0,67688000000.0,0.0,-1611000000.0,,6.492,21482000000.0,,,21482000000.0,0.0,707000000.0,133936000000.0,0.023,0.66,-3107000000.0,-2400000000.0,-0.348,-2400000000.0,-3107000000.0,-3107000000.0,-1.6,-1.59,-1.6,28295000000.0,27957750000.0,28295000000.0,-7738023962.0,2.0,3.224,3541000000.0,2.957,1.0,6904000000.0,1.0,21596000000.0,0.0,144205000000.0,137730500000.0,0.0,102023000000.0,,,183691000000.0,,,34869976038.0,-41973000000.0,-44000000.0,1226000000.0,-14266000000.0,-767000000.0,-52032000000.0,6433000000.0,6998000000.0,3907000000.0,-281000000.0,-1616000000.0,-1932000000.0,-1932000000.0,147000000.0,5000000.0,-0.28,10084000000.0,-3180000000.0,10458000000.0,-0.412,1.232,-18.049,-18.119,1682000000.0,632000000.0,28.99,5.051,5.028,0.0,8462000000.0,6904000000.0,6904000000.0,0.0,-0.009,-0.069,-0.023,-0.45,0.0,6764000000.0,1.0,1202827735.0,1197414000,1197414000.0,5.766,190411000000.0,0.0,-1491000000.0,0.0,159.019,
48,BK,MRT,2009-06-30,2009-06-30,2009-06-30,2021-08-05,-5608000000.0,203012000000.0,227878000000.0,,,0.053,23.291,-337000000.0,63646000000.0,63646000000.0,0.0,1153000000.0,,6.442,21038000000.0,,,21038000000.0,0.0,735000000.0,130589000000.0,0.028,0.81,1139000000.0,1874000000.0,0.154,1874000000.0,1139000000.0,1139000000.0,0.71,0.72,0.71,27276000000.0,27762250000.0,27276000000.0,-22312391638.0,-20.0,-11.906,1039000000.0,0.887,1.0,12142000000.0,1.0,21717000000.0,0.0,138687000000.0,147530000000.0,0.0,98037000000.0,,,175708000000.0,,,33807608362.0,-2199000000.0,-44000000.0,1071000000.0,1916000000.0,-932000000.0,11864000000.0,-14857000000.0,-14578000000.0,1376000000.0,-582000000.0,1145000000.0,829000000.0,829000000.0,128000000.0,8000000.0,0.068,11008000000.0,1134000000.0,8492000000.0,1.141,1.239,40.781,41.282,1685000000.0,632000000.0,29.31,2.784,2.827,0.0,11028000000.0,12142000000.0,12142000000.0,0.0,0.004,0.03,0.008,0.094,0.0,6883000000.0,1.0,1153449620.0,1171081000,1174466000.0,10.368,181295000000.0,0.0,-6000000.0,0.0,154.81,
49,BK,MRT,2009-03-31,2009-03-31,2009-03-31,2021-08-05,-5990000000.0,203478000000.0,227431250000.0,,,0.055,24.615,-325000000.0,74971000000.0,74971000000.0,0.0,1058000000.0,,6.212,18851000000.0,,,18851000000.0,0.0,798000000.0,133594000000.0,0.034,0.96,1336000000.0,2134000000.0,0.169,2134000000.0,1336000000.0,1336000000.0,0.83,0.84,0.83,28210000000.0,28085500000.0,28210000000.0,-41105090780.0,-31.0,-19.262,1259000000.0,1.099,1.0,12610000000.0,1.0,21522000000.0,0.0,125836000000.0,151375250000.0,0.0,89765000000.0,,,175241000000.0,,,32458909220.0,-4009000000.0,125000000.0,120000000.0,-2279000000.0,-1108000000.0,17322000000.0,-22283000000.0,-21632000000.0,1584000000.0,-632000000.0,1042000000.0,962000000.0,962000000.0,31000000.0,16000000.0,0.076,11275000000.0,1335000000.0,8415000000.0,1.157,1.151,33.741,34.036,1718000000.0,160000000.0,28.25,2.574,2.568,0.0,10953000000.0,12610000000.0,12610000000.0,0.0,0.004,0.034,0.009,0.106,0.0,7179000000.0,1.0,1148987937.0,1146070000,1146943000.0,11.003,181956000000.0,0.0,294000000.0,0.0,158.765,
50,BK,MRT,2008-12-31,2008-12-31,2008-12-31,2021-08-05,-5401000000.0,237512000000.0,227795500000.0,,,0.059,24.426,-262000000.0,97285000000.0,97285000000.0,0.0,1443000000.0,,7.466,23721000000.0,,,23721000000.0,0.0,878000000.0,159673000000.0,0.034,0.96,1910000000.0,2788000000.0,0.207,2788000000.0,1910000000.0,1910000000.0,1.2,1.2,1.2,28050000000.0,28151750000.0,28050000000.0,-29218439525.0,-15.0,-10.48,2652000000.0,2.309,1.0,13469000000.0,1.0,21754000000.0,0.0,142194000000.0,159907000000.0,0.0,101145000000.0,,,209423000000.0,,,32510560475.0,-1746000000.0,-201000000.0,-86000000.0,1256000000.0,-1107000000.0,51753000000.0,-55975000000.0,-55389000000.0,2914000000.0,-438000000.0,1419000000.0,1386000000.0,1386000000.0,-14000000.0,24000000.0,0.103,11523000000.0,1946000000.0,9274000000.0,0.8,1.159,23.456,23.608,1686000000.0,66000000.0,28.33,2.414,2.415,0.0,10225000000.0,13469000000.0,13469000000.0,0.0,0.006,0.049,0.012,0.142,0.0,7381000000.0,1.0,1147566554.0,1148358000,1148358000.0,11.729,215758000000.0,0.0,491000000.0,0.0,187.884,
51,BK,MRT,2008-09-30,2008-09-30,2008-09-30,2021-08-05,-3115000000.0,267510000000.0,217831500000.0,,,0.066,24.061,-255000000.0,97561000000.0,97561000000.0,0.0,1916000000.0,,8.723,35832000000.0,,,35832000000.0,0.0,1061000000.0,174168000000.0,0.029,0.96,2826000000.0,3887000000.0,0.269,3887000000.0,2826000000.0,2826000000.0,1.59,1.59,1.59,27513000000.0,28490000000.0,27513000000.0,13019970211.0,5.0,3.35,1001000000.0,0.875,1.0,14424000000.0,1.0,22378000000.0,0.0,183403000000.0,164098750000.0,0.0,127007000000.0,,,239997000000.0,,,37338970211.0,39329000000.0,-742000000.0,-47000000.0,14612000000.0,-1104000000.0,78157000000.0,-39899000000.0,-37609000000.0,1256000000.0,-185000000.0,1878000000.0,1878000000.0,1878000000.0,-21000000.0,38000000.0,0.13,11015000000.0,3409000000.0,10971000000.0,0.604,1.357,19.882,20.491,1678000000.0,0.0,32.58,2.589,2.583,0.0,10438000000.0,14424000000.0,14424000000.0,0.0,0.009,0.066,0.017,0.196,0.0,7557000000.0,1.0,1146070295.0,1143445000,1147586000.0,12.615,245132000000.0,0.0,948000000.0,0.0,214.38,
52,BK,MRT,2008-06-30,2008-06-30,2008-06-30,2021-08-05,-1919000000.0,201225000000.0,196947000000.0,,,0.073,25.168,-305000000.0,43886000000.0,43886000000.0,0.0,2249000000.0,,6.043,19567000000.0,,,19567000000.0,0.0,1064000000.0,127204000000.0,0.025,0.96,3457000000.0,4521000000.0,0.313,4521000000.0,3457000000.0,3457000000.0,1.9,1.89,1.9,28569000000.0,28851000000.0,28569000000.0,21232622910.0,6.0,4.696,4472000000.0,3.94,1.0,14440000000.0,1.0,22838000000.0,0.0,154068000000.0,154957750000.0,0.0,116641000000.0,,,172656000000.0,,,43270622910.0,2725000000.0,1331000000.0,366000000.0,-3858000000.0,-1101000000.0,6612000000.0,-8650000000.0,-8619000000.0,4777000000.0,-14000000.0,2215000000.0,2215000000.0,2215000000.0,-19000000.0,34000000.0,0.153,10376000000.0,4064000000.0,9596000000.0,0.505,1.515,19.535,19.911,1698000000.0,0.0,37.83,2.997,2.974,0.0,10463000000.0,14440000000.0,14440000000.0,0.0,0.011,0.077,0.022,0.239,0.0,7554000000.0,1.0,1143817682.0,1135153000,1142936000.0,12.721,178387000000.0,0.0,1242000000.0,0.0,157.148,
53,BK,MRT,2008-03-31,2008-03-31,2008-03-31,2021-08-05,-1837000000.0,204935000000.0,178224000000.0,,,0.074,25.104,-318000000.0,45404000000.0,45404000000.0,0.0,2379000000.0,,6.197,23366000000.0,,,23366000000.0,0.0,924000000.0,127210000000.0,0.023,0.94,3491000000.0,4415000000.0,0.336,4415000000.0,3491000000.0,3491000000.0,2.25,2.24,2.25,28475000000.0,24666000000.0,28475000000.0,31667336215.0,9.0,7.173,2510000000.0,2.213,1.0,13123000000.0,1.0,22934000000.0,0.0,159963000000.0,143385000000.0,0.0,116814000000.0,,,176460000000.0,,,47629336215.0,5530000000.0,1157000000.0,71000000.0,-176000000.0,-992000000.0,29680000000.0,-26972000000.0,-26216000000.0,2828000000.0,-6000000.0,2351000000.0,2351000000.0,2351000000.0,-10000000.0,28000000.0,0.179,8456000000.0,4667000000.0,7727000000.0,0.418,1.673,20.259,18.547,1714000000.0,0.0,41.73,3.629,3.607,0.0,10435000000.0,13123000000.0,13123000000.0,0.0,0.013,0.095,0.024,0.266,0.0,6254000000.0,1.0,1141369188.0,1134280000,1143761000.0,11.569,182001000000.0,0.0,1140000000.0,0.0,160.455,
54,BK,MRT,2007-12-31,2007-12-31,2007-12-31,2021-08-05,-574000000.0,197656000000.0,151952250000.0,,,0.074,31.849,-312000000.0,40947000000.0,40947000000.0,0.0,2058000000.0,,5.722,24985000000.0,,,24985000000.0,0.0,820000000.0,118125000000.0,0.019,0.92,3026000000.0,3846000000.0,0.34,3846000000.0,3026000000.0,3026000000.0,2.19,2.17,2.19,29403000000.0,20429000000.0,29403000000.0,40707112573.0,13.0,10.584,3658000000.0,3.962,1.0,11309000000.0,1.0,22733000000.0,0.0,158961000000.0,125821500000.0,0.0,114830000000.0,,,168253000000.0,,,55522112573.0,3795000000.0,1431000000.0,382000000.0,2021000000.0,-884000000.0,21468000000.0,-21574000000.0,-21736000000.0,3970000000.0,-69000000.0,2039000000.0,2039000000.0,2039000000.0,-10000000.0,19000000.0,0.18,7688000000.0,3621000000.0,7578000000.0,0.42,1.888,27.23,22.265,1731000000.0,0.0,48.76,4.91,3.98,0.0,10015000000.0,11309000000.0,11309000000.0,0.0,0.013,0.1,0.024,0.268,0.0,5788000000.0,1.0,1138681554.0,923199000,930676000.0,12.25,174923000000.0,0.0,987000000.0,0.0,189.475,
55,BK,MRT,2007-09-30,2007-09-30,2007-09-30,2021-08-05,-488000000.0,183972000000.0,128339750000.0,,,0.074,25.654,-180000000.0,34168000000.0,34168000000.0,0.0,3144000000.0,,5.353,19353000000.0,,,19353000000.0,0.0,594000000.0,108205000000.0,0.02,0.9,4009000000.0,4603000000.0,0.486,4603000000.0,4009000000.0,4009000000.0,4.08,4.03,4.08,28957000000.0,15935500000.0,28957000000.0,38225729501.0,10.0,8.305,3160000000.0,2.8,1.0,9471000000.0,1.0,22318000000.0,0.0,146839000000.0,109061500000.0,0.0,108690000000.0,,,155015000000.0,,,50224729501.0,3938000000.0,2224000000.0,66000000.0,3982000000.0,-775000000.0,19633000000.0,-18867000000.0,-20913000000.0,3340000000.0,-168000000.0,3144000000.0,3144000000.0,3144000000.0,-1190000000.0,0.0,0.332,5336000000.0,4135000000.0,7917000000.0,0.221,1.734,15.975,10.819,1701000000.0,0.0,44.14,5.303,5.261,0.0,9773000000.0,9471000000.0,9471000000.0,0.0,0.024,0.197,0.037,0.423,0.0,4357000000.0,1.0,1137850691.0,1128734000,1141145000.0,8.391,161654000000.0,0.0,865000000.0,0.0,143.217,
56,BK,MRT,2007-06-30,2007-06-30,2007-06-30,2021-08-05,-408000000.0,126333000000.0,109005750000.0,,,0.069,16.586,-106000000.0,26147000000.0,26147000000.0,0.0,2856000000.0,,9.68,14148000000.0,,,14148000000.0,0.0,497000000.0,81353000000.0,0.021,0.88,3593000000.0,4090000000.0,0.546,4090000000.0,3593000000.0,3593000000.0,4.0,3.96,4.0,11829000000.0,11313000000.0,11829000000.0,40241080000.0,11.0,9.839,2256000000.0,3.163,1.0,7489000000.0,1.0,6557000000.0,0.0,107777000000.0,95864500000.0,0.0,80693000000.0,,,114504000000.0,,,43802080000.0,279000000.0,141000000.0,-22000000.0,4806000000.0,-669000000.0,21210000000.0,-23284000000.0,-23464000000.0,2362000000.0,-9000000.0,2856000000.0,2856000000.0,2856000000.0,-1246000000.0,0.0,0.381,3936000000.0,3553000000.0,7900000000.0,0.22,3.703,15.337,10.36,1119000000.0,0.0,41.44,5.849,3.946,0.0,9571000000.0,7489000000.0,7489000000.0,0.0,0.026,0.252,0.037,0.48,0.0,3458000000.0,1.0,1057000000.0,713187000,722881000.0,10.501,119776000000.0,0.0,737000000.0,0.0,167.945,
57,BK,MRT,2007-03-31,2007-03-31,2007-03-31,2021-08-05,-337000000.0,99848000000.0,104642750000.0,,,0.069,16.232,-88000000.0,15633000000.0,15633000000.0,0.0,2859000000.0,,7.662,12072000000.0,,,12072000000.0,0.0,500000000.0,59016000000.0,0.021,0.87,3586000000.0,4086000000.0,0.57,4086000000.0,3586000000.0,3586000000.0,4.01,3.96,4.01,11527000000.0,10869750000.0,11527000000.0,26041163550.0,7.0,6.373,5337000000.0,7.515,1.0,7171000000.0,1.0,6578000000.0,0.0,89709000000.0,93881250000.0,0.0,67082000000.0,,,88321000000.0,,,30650163550.0,-616000000.0,141000000.0,-410000000.0,717000000.0,-660000000.0,-929000000.0,-5129000000.0,-5909000000.0,5425000000.0,17000000.0,2859000000.0,2859000000.0,2859000000.0,-1306000000.0,0.0,0.399,3878000000.0,3293000000.0,6739000000.0,0.217,2.659,10.721,10.112,1064000000.0,0.0,40.55,4.274,4.016,0.0,9294000000.0,7171000000.0,7171000000.0,0.0,0.027,0.263,0.038,0.5,0.0,3398000000.0,1.0,755861000.0,710147000,719976000.0,10.098,93270000000.0,0.0,727000000.0,0.0,131.339,
58,BK,MRT,2006-12-31,2006-12-31,2006-12-31,2021-08-05,-317000000.0,103206000000.0,105583500000.0,,,0.065,16.012,-72000000.0,16012000000.0,16012000000.0,0.0,2847000000.0,,8.03,11188000000.0,,,11188000000.0,0.0,490000000.0,62146000000.0,0.022,0.86,3541000000.0,4031000000.0,0.588,4031000000.0,3541000000.0,3541000000.0,3.99,3.94,3.99,11429000000.0,10513250000.0,11429000000.0,21688006902.0,6.0,5.38,3839000000.0,5.378,1.0,6858000000.0,1.0,6461000000.0,0.0,91921000000.0,96071500000.0,0.0,69270000000.0,,,91777000000.0,,,29600006902.0,-42000000.0,-140000000.0,-492000000.0,286000000.0,-656000000.0,2479000000.0,-6347000000.0,-5947000000.0,3911000000.0,-85000000.0,2847000000.0,2847000000.0,2847000000.0,-1371000000.0,0.0,0.415,4355000000.0,2503000000.0,7266000000.0,0.216,2.59,10.397,9.867,1050000000.0,0.0,39.37,4.316,4.098,0.0,9280000000.0,6858000000.0,6858000000.0,0.0,0.027,0.271,0.037,0.516,0.0,3598000000.0,1.0,751841679.0,713795000,722407000.0,9.608,96745000000.0,0.0,694000000.0,0.0,135.536,
59,BK,MRT,2006-09-30,2006-09-30,2006-09-30,2021-08-05,-66000000.0,106636000000.0,105311500000.0,,,0.056,14.661,-184000000.0,18825000000.0,18825000000.0,0.0,1627000000.0,,9.188,10913000000.0,,,10913000000.0,0.0,491000000.0,54953000000.0,0.024,0.85,2168000000.0,2659000000.0,0.449,2659000000.0,2168000000.0,2168000000.0,2.33,2.31,2.33,10467000000.0,10125000000.0,10467000000.0,22539993031.0,10.0,8.477,3726000000.0,5.219,1.0,5919000000.0,1.0,4673000000.0,0.0,94051000000.0,97100750000.0,0.0,64039000000.0,,,96169000000.0,,,26907993031.0,-791000000.0,-367000000.0,-144000000.0,-2829000000.0,-653000000.0,2711000000.0,-7406000000.0,-7299000000.0,3910000000.0,-6000000.0,1627000000.0,1627000000.0,1627000000.0,-401000000.0,0.0,0.275,2380000000.0,3539000000.0,6673000000.0,0.365,2.571,16.538,15.133,1009000000.0,0.0,35.26,4.546,4.253,311000000.0,7820000000.0,5919000000.0,5919000000.0,0.0,0.015,0.161,0.022,0.366,0.0,2377000000.0,1.0,763130829.0,713946000,723272000.0,8.291,101963000000.0,0.0,541000000.0,0.0,142.816,
60,BK,MRT,2006-06-30,2006-06-30,2006-06-30,2021-08-05,-231000000.0,108881000000.0,104094000000.0,,,0.056,14.095,-172000000.0,14988000000.0,14988000000.0,0.0,1664000000.0,,9.827,10620000000.0,,,10620000000.0,0.0,486000000.0,56741000000.0,0.026,0.84,2238000000.0,2724000000.0,0.468,2724000000.0,2238000000.0,2238000000.0,2.35,2.33,2.35,10056000000.0,9910250000.0,10056000000.0,24137891398.0,11.0,8.861,2024000000.0,2.837,1.0,5822000000.0,1.0,4669000000.0,0.0,99844000000.0,98366250000.0,0.0,70968000000.0,,,98825000000.0,,,24534891398.0,659000000.0,-544000000.0,-198000000.0,-1130000000.0,-646000000.0,4043000000.0,-5535000000.0,-5065000000.0,2196000000.0,-45000000.0,1664000000.0,1664000000.0,1664000000.0,-291000000.0,0.0,0.286,2215000000.0,3607000000.0,6638000000.0,0.357,2.44,14.745,13.702,963000000.0,0.0,32.2,4.214,3.946,210000000.0,7636000000.0,5822000000.0,5822000000.0,0.0,0.016,0.168,0.023,0.384,0.0,2193000000.0,1.0,761953149.0,713451000,721430000.0,8.16,104212000000.0,0.0,574000000.0,0.0,146.067,
61,BK,MRT,2006-03-31,2006-03-31,2006-03-31,2021-08-05,-189000000.0,103611000000.0,102639500000.0,,,0.055,13.224,-156000000.0,11043000000.0,11043000000.0,0.0,1614000000.0,,9.257,10646000000.0,,,10646000000.0,0.0,486000000.0,65224000000.0,0.023,0.83,2150000000.0,2636000000.0,0.469,2636000000.0,2150000000.0,2150000000.0,2.24,2.23,2.24,10101000000.0,9764000000.0,10101000000.0,25378489160.0,12.0,9.628,-308000000.0,-0.403,1.0,5619000000.0,1.0,4744000000.0,0.0,98470000000.0,98142250000.0,0.0,78833000000.0,,,93510000000.0,,,27791489160.0,808000000.0,-573000000.0,-77000000.0,263000000.0,-641000000.0,6742000000.0,-6097000000.0,-5712000000.0,-152000000.0,315000000.0,1614000000.0,1614000000.0,1614000000.0,-179000000.0,0.0,0.287,2564000000.0,3055000000.0,7556000000.0,0.371,2.751,17.219,16.089,1059000000.0,0.0,36.04,4.946,4.899,272000000.0,7347000000.0,5619000000.0,5619000000.0,0.0,0.016,0.165,0.022,0.383,0.0,2316000000.0,1.0,771129000.0,763851000,773630000.0,7.356,98867000000.0,0.0,536000000.0,0.0,129.432,
62,BK,MRT,2005-12-31,2005-12-31,2005-12-31,2021-08-05,-134000000.0,102118000000.0,100871000000.0,,,0.06,13.685,-131000000.0,11526000000.0,11526000000.0,0.0,1571000000.0,,9.34,9767000000.0,,,9767000000.0,0.0,515000000.0,49787000000.0,0.027,0.87,2206000000.0,2721000000.0,0.449,2721000000.0,2206000000.0,2206000000.0,2.18,2.16,2.18,9876000000.0,9572500000.0,9876000000.0,26294672070.0,12.0,9.664,-1246000000.0,-1.727,1.0,6062000000.0,1.0,4321000000.0,0.0,96038000000.0,96067750000.0,0.0,68174000000.0,,,92242000000.0,,,24521672070.0,-374000000.0,-265000000.0,-185000000.0,1772000000.0,-644000000.0,8054000000.0,-7622000000.0,-7650000000.0,-1115000000.0,309000000.0,1571000000.0,1571000000.0,1571000000.0,-228000000.0,0.0,0.259,2778000000.0,3284000000.0,8623000000.0,0.399,2.483,15.609,14.61,1004000000.0,0.0,31.85,4.045,3.792,212000000.0,7089000000.0,6062000000.0,6062000000.0,0.0,0.016,0.164,0.023,0.364,0.0,2393000000.0,1.0,769911211.0,721666000,729108000.0,8.4,97797000000.0,0.0,635000000.0,0.0,135.516,
63,BK,MRT,2005-09-30,2005-09-30,2005-09-30,2021-08-05,-107000000.0,101766000000.0,98973750000.0,,,0.057,12.494,-108000000.0,10551000000.0,10551000000.0,0.0,1517000000.0,,9.592,12324000000.0,,,12324000000.0,0.0,483000000.0,61077000000.0,0.029,0.86,2154000000.0,2637000000.0,0.466,2637000000.0,2154000000.0,2154000000.0,1.98,1.97,1.98,9608000000.0,9426000000.0,9608000000.0,23042980000.0,11.0,8.738,-372000000.0,-0.484,1.0,5658000000.0,1.0,4426000000.0,0.0,99113000000.0,93603000000.0,0.0,77676000000.0,,,92158000000.0,,,22880980000.0,436000000.0,-294000000.0,-194000000.0,4064000000.0,-635000000.0,6158000000.0,-5688000000.0,-5426000000.0,-264000000.0,230000000.0,1517000000.0,1517000000.0,1517000000.0,-76000000.0,0.0,0.268,3802000000.0,1856000000.0,8103000000.0,0.434,2.381,15.083,14.854,1040000000.0,0.0,29.41,4.044,3.997,175000000.0,6846000000.0,5658000000.0,5658000000.0,0.0,0.015,0.161,0.023,0.381,0.0,2659000000.0,1.0,778000000.0,769000000,769000000.0,7.358,97340000000.0,0.0,637000000.0,0.0,126.58,
64,BK,MRT,2005-06-30,2005-06-30,2005-06-30,2021-08-05,-24000000.0,103063000000.0,96826000000.0,,,0.058,12.268,-169000000.0,10018000000.0,10018000000.0,0.0,1482000000.0,,9.882,10180000000.0,,,10180000000.0,0.0,494000000.0,63997000000.0,0.03,0.85,2136000000.0,2630000000.0,0.464,2630000000.0,2136000000.0,2136000000.0,1.93,1.92,1.93,9471000000.0,9287500000.0,9471000000.0,20305840000.0,10.0,7.721,-961000000.0,-1.245,1.0,5664000000.0,1.0,4277000000.0,0.0,98948000000.0,90198000000.0,0.0,79724000000.0,,,93592000000.0,,,22390840000.0,-145000000.0,-120000000.0,-197000000.0,389000000.0,-628000000.0,2599000000.0,-2159000000.0,-1993000000.0,-792000000.0,207000000.0,1482000000.0,1482000000.0,1482000000.0,-132000000.0,0.0,0.262,3770000000.0,1894000000.0,8647000000.0,0.44,2.364,15.109,14.912,1050000000.0,0.0,28.78,3.953,3.923,120000000.0,6618000000.0,5664000000.0,5664000000.0,0.0,0.015,0.16,0.024,0.377,0.0,2655000000.0,1.0,778000000.0,772000000,772000000.0,7.337,98786000000.0,0.0,654000000.0,0.0,127.961,
65,BK,MRT,2005-03-31,2005-03-31,2005-03-31,2021-08-05,-87000000.0,96537000000.0,95444250000.0,,,0.06,11.983,-225000000.0,11399000000.0,11399000000.0,0.0,1455000000.0,,9.341,9314000000.0,,,9314000000.0,0.0,507000000.0,58963000000.0,0.029,0.85,2131000000.0,2638000000.0,0.462,2638000000.0,2131000000.0,2131000000.0,1.89,1.88,1.89,9335000000.0,9116000000.0,9335000000.0,18346600000.0,9.0,6.955,863000000.0,1.108,1.0,5705000000.0,1.0,4280000000.0,0.0,90172000000.0,87755000000.0,0.0,71296000000.0,,,87202000000.0,,,22426600000.0,-18000000.0,-122000000.0,-6000000.0,-118000000.0,-629000000.0,1768000000.0,-2534000000.0,-1927000000.0,1088000000.0,-340000000.0,1455000000.0,1455000000.0,1455000000.0,-187000000.0,0.0,0.255,3761000000.0,1944000000.0,8684000000.0,0.45,2.402,15.413,15.37,1070000000.0,0.0,29.05,3.931,3.967,138000000.0,6374000000.0,5705000000.0,5705000000.0,0.0,0.015,0.16,0.024,0.374,0.0,2655000000.0,1.0,772000000.0,779000000,779000000.0,7.323,92257000000.0,0.0,676000000.0,0.0,118.43,
66,BK,MRT,2004-12-31,2004-12-31,2004-12-31,2021-08-05,-6000000.0,94529000000.0,94473000000.0,,,0.059,11.941,-251000000.0,12078000000.0,12078000000.0,0.0,1440000000.0,,9.175,7998000000.0,,,7998000000.0,0.0,480000000.0,58721000000.0,0.024,0.79,2027000000.0,2507000000.0,0.453,2507000000.0,2027000000.0,2027000000.0,1.87,1.85,1.87,9290000000.0,8972250000.0,9290000000.0,22452073563.0,11.0,8.956,3107000000.0,3.994,1.0,5538000000.0,1.0,4270000000.0,0.0,86179000000.0,86276250000.0,0.0,69327000000.0,,,85239000000.0,,,25964073563.0,43000000.0,-137000000.0,108000000.0,-1867000000.0,-608000000.0,-805000000.0,-2245000000.0,-1969000000.0,3358000000.0,-265000000.0,1440000000.0,1440000000.0,1440000000.0,-187000000.0,0.0,0.26,3698000000.0,1840000000.0,8664000000.0,0.422,2.795,18.031,17.872,1097000000.0,0.0,33.42,4.688,4.695,137000000.0,6162000000.0,5538000000.0,5538000000.0,0.0,0.015,0.16,0.023,0.366,0.0,2614000000.0,1.0,776902261.0,778000000,778000000.0,7.118,90259000000.0,0.0,587000000.0,0.0,116.014,
67,BK,MRT,2004-09-30,2004-09-30,2004-09-30,2021-08-05,28000000.0,93175000000.0,93940000000.0,,,0.064,11.638,-241000000.0,11913000000.0,11913000000.0,0.0,1396000000.0,,9.291,8401000000.0,,,8401000000.0,0.0,490000000.0,58440000000.0,0.027,0.78,2005000000.0,2495000000.0,0.413,2495000000.0,2005000000.0,2005000000.0,1.81,1.8,1.81,9054000000.0,8756750000.0,9054000000.0,18508188499.0,9.0,7.418,6009000000.0,7.724,1.0,6046000000.0,1.0,4170000000.0,0.0,85493000000.0,85817000000.0,0.0,68866000000.0,,,84121000000.0,,,22703188499.0,-673000000.0,-171000000.0,112000000.0,-2500000000.0,-600000000.0,-4052000000.0,-2629000000.0,-2219000000.0,6250000000.0,-242000000.0,1396000000.0,1396000000.0,1396000000.0,0.0,0.0,0.231,4041000000.0,2005000000.0,7732000000.0,0.431,2.508,16.263,16.116,1426000000.0,0.0,29.17,3.755,3.754,238000000.0,5964000000.0,6046000000.0,6046000000.0,0.0,0.015,0.159,0.023,0.332,0.0,2852000000.0,1.0,778306085.0,778000000,,7.771,89005000000.0,0.0,609000000.0,0.0,114.402,
68,BK,MRT,2004-06-30,2004-06-30,2004-06-30,2021-08-05,-53000000.0,97536000000.0,94444500000.0,,,0.063,11.277,-175000000.0,12948000000.0,12948000000.0,0.0,1302000000.0,,10.103,8753000000.0,,,8753000000.0,0.0,470000000.0,61060000000.0,0.026,0.77,1868000000.0,2338000000.0,0.393,2338000000.0,1868000000.0,1868000000.0,1.69,1.68,1.69,8785000000.0,8549000000.0,8785000000.0,18476080000.0,10.0,7.903,6102000000.0,7.833,1.0,5949000000.0,1.0,4165000000.0,0.0,89176000000.0,87106000000.0,0.0,72146000000.0,,,88751000000.0,,,22729080000.0,-1221000000.0,-162000000.0,170000000.0,398000000.0,-591000000.0,-4310000000.0,-2827000000.0,-2677000000.0,6277000000.0,-361000000.0,1302000000.0,1302000000.0,1302000000.0,0.0,0.0,0.219,4081000000.0,1868000000.0,9439000000.0,0.456,2.587,17.457,17.444,1404000000.0,0.0,29.48,3.821,3.86,311000000.0,5764000000.0,5949000000.0,5949000000.0,0.0,0.014,0.152,0.021,0.314,0.0,2814000000.0,1.0,771000000.0,779000000,,7.637,93371000000.0,0.0,566000000.0,0.0,119.86,
69,BK,MRT,2004-03-31,2004-03-31,2004-03-31,2021-08-05,158000000.0,92652000000.0,94961500000.0,,,0.06,11.26,-130000000.0,12518000000.0,12518000000.0,0.0,1226000000.0,,9.577,8265000000.0,,,8265000000.0,0.0,460000000.0,56082000000.0,0.024,0.76,1764000000.0,2224000000.0,0.388,2224000000.0,1764000000.0,1764000000.0,1.6,1.59,1.6,8760000000.0,8381000000.0,8760000000.0,19725000000.0,11.0,8.869,6362000000.0,8.177,1.0,5736000000.0,1.0,4142000000.0,0.0,84257000000.0,88118000000.0,0.0,67605000000.0,,,83892000000.0,,,23688000000.0,-1838000000.0,-1837000000.0,1196000000.0,334000000.0,-572000000.0,-1244000000.0,-6998000000.0,-5766000000.0,6492000000.0,-88000000.0,1226000000.0,1226000000.0,1226000000.0,0.0,0.0,0.214,3972000000.0,1764000000.0,9934000000.0,0.475,2.704,19.321,19.688,1388000000.0,0.0,31.5,4.13,4.272,263000000.0,5548000000.0,5736000000.0,5736000000.0,0.0,0.013,0.146,0.02,0.308,0.0,2732000000.0,1.0,752000000.0,778000000,,7.373,88510000000.0,0.0,538000000.0,0.0,113.766,
70,BK,MRT,2003-12-31,2003-12-31,2003-12-31,2021-08-05,72000000.0,92397000000.0,91685500000.0,,,0.059,11.003,-118000000.0,12129000000.0,12129000000.0,0.0,1157000000.0,,9.963,8166000000.0,,,8166000000.0,0.0,430000000.0,56406000000.0,0.023,0.76,1752000000.0,2182000000.0,0.4,2182000000.0,1752000000.0,1752000000.0,1.54,1.52,1.54,8428000000.0,7909500000.0,8428000000.0,24797920000.0,14.0,11.365,3697000000.0,4.826,1.0,5450000000.0,1.0,4092000000.0,0.0,84342000000.0,86005750000.0,0.0,67657000000.0,,,83969000000.0,,,25369920000.0,-905000000.0,-1844000000.0,1212000000.0,1401000000.0,-563000000.0,1849000000.0,-6506000000.0,-5349000000.0,3815000000.0,-63000000.0,1157000000.0,1157000000.0,1157000000.0,0.0,0.0,0.212,3698000000.0,1752000000.0,10192000000.0,0.494,3.01,21.927,21.506,1079000000.0,0.0,33.12,4.655,4.655,170000000.0,5330000000.0,5450000000.0,5450000000.0,0.0,0.013,0.146,0.02,0.321,0.0,2540000000.0,1.0,766000000.0,766000000,,7.115,88305000000.0,0.0,595000000.0,0.0,115.281,
71,BK,MRT,2003-09-30,2003-09-30,2003-09-30,2021-08-05,105000000.0,95193000000.0,88021250000.0,,,0.055,10.624,-134000000.0,9051000000.0,9051000000.0,0.0,950000000.0,,10.576,8479000000.0,,,8479000000.0,0.0,392000000.0,58943000000.0,0.026,0.76,1449000000.0,1841000000.0,0.381,1841000000.0,1449000000.0,1449000000.0,1.28,1.28,1.28,8223000000.0,7473500000.0,8223000000.0,19454610000.0,13.0,10.567,2613000000.0,3.376,1.0,4830000000.0,1.0,3972000000.0,0.0,90649000000.0,82974250000.0,0.0,73157000000.0,,,86970000000.0,,,21861610000.0,-23000000.0,-1936000000.0,1213000000.0,464000000.0,-555000000.0,2204000000.0,-4971000000.0,-3411000000.0,2747000000.0,-3000000.0,950000000.0,950000000.0,950000000.0,0.0,0.0,0.197,3381000000.0,1449000000.0,10170000000.0,0.594,2.659,23.012,22.742,1088000000.0,0.0,29.11,4.526,4.665,233000000.0,5168000000.0,4830000000.0,4830000000.0,0.0,0.011,0.127,0.017,0.3,0.0,2383000000.0,1.0,751000000.0,774000000,,6.24,91221000000.0,0.0,499000000.0,0.0,117.857,
72,BK,MRT,2003-06-30,2003-06-30,2003-06-30,2021-08-05,158000000.0,99604000000.0,84469750000.0,,,0.05,10.717,-148000000.0,11067000000.0,11067000000.0,0.0,769000000.0,,11.277,8660000000.0,,,8660000000.0,0.0,335000000.0,64655000000.0,0.026,0.76,1181000000.0,1516000000.0,0.358,1516000000.0,1181000000.0,1181000000.0,1.05,1.05,1.05,8113000000.0,7076000000.0,8113000000.0,19637500000.0,17.0,12.953,149000000.0,0.197,1.0,4229000000.0,1.0,3973000000.0,0.0,93224000000.0,80101250000.0,0.0,75692000000.0,,,91491000000.0,,,20757500000.0,1438000000.0,-1957000000.0,1157000000.0,-1884000000.0,-547000000.0,7193000000.0,-6108000000.0,-3980000000.0,297000000.0,56000000.0,769000000.0,769000000.0,769000000.0,0.0,0.0,0.182,3048000000.0,1181000000.0,9407000000.0,0.724,2.559,26.993,27.381,1108000000.0,0.0,28.75,4.908,5.146,191000000.0,5053000000.0,4229000000.0,4229000000.0,0.0,0.009,0.109,0.015,0.279,0.0,2212000000.0,1.0,722000000.0,757000000,,5.587,95631000000.0,0.0,412000000.0,0.0,126.329,
73,BK,MRT,2003-03-31,2003-03-31,2003-03-31,2021-08-05,122000000.0,79548000000.0,79770000000.0,,,0.052,9.468,-145000000.0,8513000000.0,8513000000.0,0.0,835000000.0,,10.572,7393000000.0,,,7393000000.0,0.0,269000000.0,56944000000.0,0.037,0.76,1277000000.0,1546000000.0,0.375,1546000000.0,1277000000.0,1277000000.0,1.16,1.16,1.16,6874000000.0,6700250000.0,6874000000.0,12090439644.0,9.0,7.82,2962000000.0,4.08,1.0,4118000000.0,1.0,2620000000.0,0.0,75808000000.0,76218750000.0,0.0,61036000000.0,,,72674000000.0,,,14889439644.0,665000000.0,-352000000.0,118000000.0,-1631000000.0,-549000000.0,-62000000.0,-2273000000.0,-1613000000.0,3107000000.0,-107000000.0,835000000.0,835000000.0,835000000.0,0.0,0.0,0.203,2841000000.0,1277000000.0,0.0,0.655,2.166,17.832,17.672,977000000.0,0.0,20.5,3.616,3.614,256000000.0,4894000000.0,4118000000.0,4118000000.0,0.0,0.01,0.125,0.017,0.31,0.0,2080000000.0,1.0,726314129.0,726000000,,5.672,76928000000.0,0.0,442000000.0,0.0,105.961,
74,BK,MRT,2002-12-31,2002-12-31,2002-12-31,2021-08-05,134000000.0,77740000000.0,79077750000.0,,,0.052,9.216,-207000000.0,9852000000.0,9852000000.0,0.0,902000000.0,,10.631,6903000000.0,,,6903000000.0,0.0,232000000.0,55387000000.0,0.032,0.76,1372000000.0,1604000000.0,0.389,1604000000.0,1372000000.0,1372000000.0,1.25,1.24,1.25,6684000000.0,6570250000.0,6684000000.0,17950312094.0,13.0,11.191,3168000000.0,4.368,1.0,4123000000.0,1.0,2575000000.0,0.0,72216000000.0,76104250000.0,0.0,57678000000.0,,,71056000000.0,,,17377312094.0,1526000000.0,-511000000.0,-40000000.0,-2866000000.0,-549000000.0,-4917000000.0,3161000000.0,4462000000.0,3375000000.0,-93000000.0,902000000.0,902000000.0,902000000.0,0.0,0.0,0.219,2751000000.0,1372000000.0,870000000.0,0.608,2.6,19.265,19.168,1192000000.0,0.0,23.96,4.215,4.215,351000000.0,4736000000.0,4123000000.0,4123000000.0,0.0,0.011,0.137,0.018,0.333,0.0,2014000000.0,1.0,725263443.0,725263443,,5.685,75165000000.0,0.0,470000000.0,0.0,103.638,
75,BK,MRT,2002-09-30,2002-09-30,2002-09-30,2021-08-05,123000000.0,80987000000.0,79899000000.0,,,0.055,9.124,-242000000.0,8199000000.0,8199000000.0,0.0,1133000000.0,,11.21,8772000000.0,,,8772000000.0,0.0,229000000.0,56969000000.0,0.041,1.18,1716000000.0,1945000000.0,0.444,1945000000.0,1716000000.0,1716000000.0,1.57,1.56,1.57,6633000000.0,6478500000.0,6633000000.0,20134685163.0,12.0,10.352,3686000000.0,5.07,1.0,4385000000.0,1.0,2403000000.0,0.0,79157000000.0,77688500000.0,0.0,63422000000.0,,,74354000000.0,,,20873685163.0,464000000.0,-415000000.0,-398000000.0,-3929000000.0,-541000000.0,-8735000000.0,5334000000.0,6561000000.0,3928000000.0,-63000000.0,1133000000.0,1133000000.0,1133000000.0,0.0,0.0,0.258,2748000000.0,1637000000.0,0.0,0.752,3.147,18.423,18.306,976000000.0,0.0,28.74,4.76,4.765,299000000.0,4773000000.0,4385000000.0,4385000000.0,0.0,0.014,0.175,0.022,0.391,0.0,2034000000.0,1.0,726293847.0,727000000,,6.032,78584000000.0,0.0,583000000.0,0.0,108.094,
76,BK,MRT,2002-06-30,2002-06-30,2002-06-30,2021-08-05,32000000.0,80805000000.0,82071500000.0,,,0.058,9.067,-230000000.0,10650000000.0,10650000000.0,0.0,1297000000.0,,11.225,9911000000.0,,,9911000000.0,0.0,248000000.0,55291000000.0,0.035,1.17,1949000000.0,2197000000.0,0.463,2197000000.0,1949000000.0,1949000000.0,1.79,1.78,1.79,6610000000.0,6437000000.0,6610000000.0,25386384881.0,13.0,11.555,6088000000.0,8.351,1.0,4750000000.0,1.0,2372000000.0,0.0,77694000000.0,81227750000.0,0.0,60981000000.0,,,74195000000.0,,,24567384881.0,-1110000000.0,-417000000.0,-343000000.0,1060000000.0,-537000000.0,898000000.0,-8241000000.0,-7265000000.0,6318000000.0,-85000000.0,1297000000.0,1297000000.0,1297000000.0,0.0,0.0,0.273,2856000000.0,1894000000.0,0.0,0.654,3.717,18.942,18.855,1013000000.0,0.0,33.75,5.172,5.18,502000000.0,4831000000.0,4750000000.0,4750000000.0,0.0,0.016,0.201,0.024,0.41,0.0,2121000000.0,1.0,727922515.0,729000000,,6.516,78433000000.0,0.0,652000000.0,0.0,107.59,
77,BK,MRT,2002-03-31,2002-03-31,2002-03-31,2021-08-05,6000000.0,76779000000.0,81078000000.0,,,0.059,8.704,-225000000.0,8320000000.0,8320000000.0,0.0,1321000000.0,,11.084,9139000000.0,,,9139000000.0,0.0,272000000.0,53675000000.0,0.028,1.16,2003000000.0,2275000000.0,0.477,2275000000.0,2003000000.0,2003000000.0,1.82,1.8,1.82,6354000000.0,6356000000.0,6354000000.0,30145294808.0,15.0,13.251,2904000000.0,3.978,1.0,4772000000.0,1.0,2248000000.0,0.0,75350000000.0,80888750000.0,0.0,58870000000.0,,,70425000000.0,,,30533294808.0,941000000.0,-586000000.0,-367000000.0,1891000000.0,-532000000.0,3875000000.0,-6109000000.0,-5000000000.0,3129000000.0,46000000.0,1321000000.0,1321000000.0,1321000000.0,0.0,0.0,0.277,2824000000.0,1948000000.0,0.0,0.637,4.805,23.114,23.088,1053000000.0,0.0,42.02,6.398,6.428,602000000.0,4608000000.0,4772000000.0,4772000000.0,0.0,0.016,0.208,0.025,0.42,0.0,2090000000.0,1.0,726637192.0,730000000,,6.537,74531000000.0,0.0,682000000.0,0.0,102.097,
78,BK,MRT,2001-12-31,2001-12-31,2001-12-31,2021-08-05,80000000.0,81025000000.0,80151500000.0,,,0.061,8.577,-160000000.0,9841000000.0,9841000000.0,0.0,1343000000.0,,11.826,9453000000.0,,,9453000000.0,0.0,284000000.0,55711000000.0,0.028,1.15,2058000000.0,2342000000.0,0.48,2342000000.0,2058000000.0,2058000000.0,1.84,1.81,1.84,6317000000.0,6281250000.0,6317000000.0,33684737973.0,16.0,14.383,4943000000.0,6.712,1.0,4877000000.0,1.0,2084000000.0,0.0,78553000000.0,80758750000.0,0.0,61058000000.0,,,74708000000.0,,,30047737973.0,97000000.0,-614000000.0,-526000000.0,2624000000.0,-526000000.0,1328000000.0,-6509000000.0,-5320000000.0,5103000000.0,175000000.0,1343000000.0,1343000000.0,1343000000.0,0.0,0.0,0.275,2819000000.0,2058000000.0,0.0,0.625,4.757,22.374,22.174,992000000.0,0.0,40.8,6.161,6.161,313000000.0,4383000000.0,4877000000.0,4877000000.0,0.0,0.017,0.214,0.025,0.422,0.0,2090000000.0,1.0,736464166.0,736464166,,6.622,78941000000.0,0.0,715000000.0,0.0,107.189,
79,BK,MRT,2001-09-30,2001-09-30,2001-09-30,2021-08-05,152000000.0,89677000000.0,79173750000.0,,,0.062,8.727,-123000000.0,9250000000.0,9250000000.0,0.0,1384000000.0,,12.635,12887000000.0,,,12887000000.0,0.0,265000000.0,60261000000.0,0.021,0.72,2139000000.0,2404000000.0,0.492,2404000000.0,2139000000.0,2139000000.0,1.9,1.87,1.9,6467000000.0,6240000000.0,6467000000.0,25288242025.0,12.0,10.519,2502000000.0,3.377,1.0,4890000000.0,1.0,0.0,0.0,93314000000.0,79801250000.0,0.0,67929000000.0,,,81710000000.0,,,25781242025.0,-933000000.0,-675000000.0,-269000000.0,3854000000.0,-529000000.0,10021000000.0,-13667000000.0,-12439000000.0,2625000000.0,88000000.0,1384000000.0,1384000000.0,1384000000.0,0.0,0.0,0.283,2812000000.0,2078000000.0,0.0,0.379,3.987,18.628,18.421,940000000.0,0.0,35.0,5.272,5.304,338000000.0,4181000000.0,4890000000.0,4890000000.0,0.0,0.017,0.222,0.027,0.437,0.0,2006000000.0,1.0,736606915.0,741000000,,6.599,89677000000.0,0.0,755000000.0,0.0,121.022,
80,BK,MRT,2001-06-30,2001-06-30,2001-06-30,2021-08-05,126000000.0,76831000000.0,75606750000.0,,,0.065,8.472,-132000000.0,10009000000.0,10009000000.0,0.0,1504000000.0,,10.984,9516000000.0,,,9516000000.0,0.0,252000000.0,53708000000.0,0.015,0.71,2359000000.0,2611000000.0,0.529,2611000000.0,2359000000.0,2359000000.0,2.07,2.03,2.07,6286000000.0,6103000000.0,6286000000.0,37063014752.0,16.0,14.195,2751000000.0,3.708,1.0,4935000000.0,1.0,0.0,0.0,76338000000.0,75770500000.0,0.0,58334000000.0,,,69045000000.0,,,35306014752.0,-172000000.0,-656000000.0,-281000000.0,-33000000.0,-512000000.0,-1484000000.0,-1788000000.0,-625000000.0,2883000000.0,217000000.0,1504000000.0,1504000000.0,1504000000.0,0.0,0.0,0.305,2633000000.0,2302000000.0,0.0,0.343,5.617,23.475,23.188,935000000.0,0.0,48.0,7.154,7.217,712000000.0,4071000000.0,4935000000.0,4935000000.0,0.0,0.02,0.246,0.031,0.478,0.0,1859000000.0,1.0,735541974.0,742000000,,6.651,76831000000.0,0.0,855000000.0,0.0,103.546,
81,BK,MRT,2001-03-31,2001-03-31,2001-03-31,2021-08-05,130000000.0,73073000000.0,75564250000.0,,,0.065,8.149,-111000000.0,6415000000.0,6415000000.0,0.0,1475000000.0,,10.82,8172000000.0,,,8172000000.0,0.0,250000000.0,50914000000.0,0.014,0.699,2320000000.0,2570000000.0,0.526,2570000000.0,2320000000.0,2320000000.0,2.03,1.99,2.03,6055000000.0,5908250000.0,6055000000.0,34093818961.0,15.0,13.266,-551000000.0,-0.742,1.0,4888000000.0,1.0,0.0,0.0,74830000000.0,76528750000.0,0.0,58778000000.0,,,65518000000.0,,,36274818961.0,-1026000000.0,-387000000.0,-245000000.0,-1772000000.0,-497000000.0,-5680000000.0,5056000000.0,6022000000.0,-440000000.0,38000000.0,1475000000.0,1475000000.0,1475000000.0,0.0,0.0,0.302,2597000000.0,2291000000.0,0.0,0.344,5.991,24.593,24.256,928000000.0,0.0,49.24,7.421,7.485,622000000.0,3819000000.0,4888000000.0,4888000000.0,0.0,0.02,0.25,0.03,0.475,0.0,1826000000.0,1.0,736694130.0,743000000,,6.579,73073000000.0,0.0,845000000.0,0.0,98.349,
82,BK,MRT,2000-12-31,2000-12-31,2000-12-31,2021-08-05,207000000.0,77114000000.0,76306250000.0,,,0.063,8.309,-103000000.0,8462000000.0,8462000000.0,0.0,1429000000.0,,11.535,7781000000.0,,,7781000000.0,0.0,247000000.0,56376000000.0,0.012,0.689,2251000000.0,2498000000.0,0.521,2498000000.0,2251000000.0,2251000000.0,1.95,1.92,1.95,6152000000.0,5700500000.0,6152000000.0,42647080518.0,19.0,17.072,-2269000000.0,-3.064,1.0,4797000000.0,1.0,1710000000.0,0.0,74723000000.0,77169250000.0,0.0,60887000000.0,,,70962000000.0,,,40865080518.0,-151000000.0,-240000000.0,-113000000.0,-505000000.0,-483000000.0,648000000.0,1410000000.0,2240000000.0,-2166000000.0,-43000000.0,1429000000.0,1429000000.0,1429000000.0,0.0,0.0,0.298,2546000000.0,2251000000.0,0.0,0.353,6.643,28.597,28.303,924000000.0,0.0,55.19,8.519,8.519,447000000.0,3566000000.0,4797000000.0,4797000000.0,0.0,0.019,0.251,0.029,0.469,0.0,1783000000.0,1.0,740443568.0,740443568,,6.479,75404000000.0,0.0,822000000.0,0.0,101.836,
83,BK,MRT,2000-09-30,2000-09-30,2000-09-30,2021-08-05,189000000.0,75409000000.0,75716750000.0,,,0.061,7.924,-101000000.0,9269000000.0,9269000000.0,0.0,1385000000.0,,11.487,11051000000.0,,,11051000000.0,0.0,243000000.0,53299000000.0,0.012,0.678,2186000000.0,2429000000.0,0.526,2429000000.0,2186000000.0,2186000000.0,1.89,1.86,1.89,5919000000.0,5448250000.0,5919000000.0,44420520846.0,20.0,18.288,-2752000000.0,-3.684,1.0,4621000000.0,1.0,0.0,0.0,77191000000.0,76231250000.0,0.0,56897000000.0,,,67990000000.0,,,41710520846.0,-2208000000.0,-531000000.0,-18000000.0,797000000.0,-470000000.0,857000000.0,-487000000.0,273000000.0,-2651000000.0,73000000.0,1385000000.0,1385000000.0,1385000000.0,0.0,0.0,0.3,2435000000.0,2186000000.0,0.0,0.359,7.047,30.116,29.894,901000000.0,0.0,56.5,9.026,9.133,914000000.0,3326000000.0,4621000000.0,4621000000.0,0.0,0.018,0.254,0.029,0.473,0.0,1712000000.0,1.0,738239307.0,747000000,,6.186,75409000000.0,0.0,801000000.0,0.0,100.949,
84,BK,MRT,2000-06-30,2000-06-30,2000-06-30,2021-08-05,57000000.0,76661000000.0,72654000000.0,,,0.072,7.392,-83000000.0,8896000000.0,8896000000.0,0.0,1795000000.0,,12.648,11606000000.0,,,11606000000.0,0.0,231000000.0,55337000000.0,0.014,0.657,2925000000.0,3156000000.0,0.602,3156000000.0,2925000000.0,2925000000.0,2.43,2.39,2.43,5507000000.0,5192500000.0,5507000000.0,35645837868.0,12.0,11.295,-3768000000.0,-5.058,1.0,5240000000.0,1.0,0.0,0.0,79371000000.0,72531250000.0,0.0,59918000000.0,,,69654000000.0,,,34294837868.0,-1452000000.0,4329000000.0,-949000000.0,9000000.0,-459000000.0,-2183000000.0,4360000000.0,79000000.0,-3685000000.0,56000000.0,1795000000.0,1795000000.0,1795000000.0,0.0,0.0,0.343,2315000000.0,2925000000.0,0.0,0.27,6.227,19.106,19.136,885000000.0,0.0,46.5,6.545,6.611,1194000000.0,3079000000.0,5240000000.0,5240000000.0,0.0,0.025,0.346,0.04,0.558,0.0,1633000000.0,1.0,737523395.0,745000000,,7.034,76661000000.0,0.0,1130000000.0,0.0,102.901,
85,BK,MRT,2000-03-31,2000-03-31,2000-03-31,2021-08-05,31000000.0,76041000000.0,70431500000.0,,,0.072,7.05,-92000000.0,10098000000.0,10098000000.0,0.0,1762000000.0,,13.269,11449000000.0,,,11449000000.0,0.0,227000000.0,55436000000.0,0.015,0.636,2874000000.0,3101000000.0,0.611,3101000000.0,2874000000.0,2874000000.0,2.36,2.33,2.36,5224000000.0,5135750000.0,5224000000.0,29199396281.0,10.0,9.416,-1687000000.0,-2.277,1.0,5074000000.0,1.0,0.0,0.0,77392000000.0,70097500000.0,0.0,58430000000.0,,,69317000000.0,,,30631396281.0,-673000000.0,4311000000.0,-1172000000.0,1530000000.0,-448000000.0,1447000000.0,-639000000.0,-4915000000.0,-1595000000.0,114000000.0,1762000000.0,1762000000.0,1762000000.0,0.0,0.0,0.347,2200000000.0,2874000000.0,0.0,0.269,5.864,17.384,17.61,894000000.0,0.0,41.56,6.037,6.069,969000000.0,2841000000.0,5074000000.0,5074000000.0,0.0,0.025,0.343,0.041,0.566,0.0,1567000000.0,1.0,737040334.0,741000000,,6.848,76041000000.0,0.0,1112000000.0,0.0,102.619,
86,BK,MRT,1999-12-31,1999-12-31,1999-12-31,2021-08-05,30000000.0,74756000000.0,67650500000.0,,,0.073,6.984,-87000000.0,10126000000.0,10126000000.0,0.0,1739000000.0,,13.244,6341000000.0,,,6341000000.0,0.0,215000000.0,55751000000.0,0.015,0.615,2840000000.0,3055000000.0,0.618,3055000000.0,2840000000.0,2840000000.0,2.31,2.27,2.31,5143000000.0,5156250000.0,5143000000.0,28688928120.0,10.0,9.391,-1069000000.0,-1.452,1.0,4947000000.0,1.0,0.0,0.0,70971000000.0,67576750000.0,0.0,57949000000.0,,,68113000000.0,,,29455928120.0,-723000000.0,4377000000.0,-1325000000.0,859000000.0,-437000000.0,1312000000.0,-1066000000.0,-5535000000.0,-982000000.0,13000000.0,1739000000.0,1739000000.0,1739000000.0,0.0,0.0,0.352,2107000000.0,2840000000.0,0.0,0.266,5.727,16.938,17.316,893000000.0,0.0,40.0,5.954,5.954,739000000.0,2620000000.0,4947000000.0,4947000000.0,0.0,0.026,0.337,0.042,0.574,0.0,1512000000.0,1.0,736398203.0,736398203,,6.718,74756000000.0,0.0,1101000000.0,0.0,101.516,
87,BK,MRT,1999-09-30,1999-09-30,1999-09-30,2021-08-05,63000000.0,63158000000.0,64837250000.0,,,0.077,6.493,-68000000.0,10973000000.0,10973000000.0,0.0,1725000000.0,,11.594,10206000000.0,,,10206000000.0,0.0,205000000.0,44795000000.0,0.018,0.594,2819000000.0,3024000000.0,0.608,3024000000.0,2819000000.0,2819000000.0,2.28,2.25,2.28,4896000000.0,5232500000.0,4896000000.0,26453098135.0,9.0,8.748,934000000.0,1.239,1.0,4973000000.0,1.0,0.0,0.0,62391000000.0,65870000000.0,0.0,46475000000.0,,,56762000000.0,,,24588098135.0,-1263000000.0,5075000000.0,-1261000000.0,-717000000.0,-423000000.0,-1446000000.0,-719000000.0,-5676000000.0,1002000000.0,-100000000.0,1725000000.0,1725000000.0,1725000000.0,0.0,0.0,0.347,2045000000.0,2928000000.0,0.0,0.261,5.022,14.254,14.667,848000000.0,0.0,33.44,4.944,5.07,399000000.0,2411000000.0,4973000000.0,4973000000.0,0.0,0.027,0.33,0.043,0.567,0.0,1492000000.0,1.0,735290016.0,754000000,,6.595,63158000000.0,0.0,1094000000.0,0.0,83.764,
88,BK,MRT,1999-06-30,1999-06-30,1999-06-30,2021-08-05,217000000.0,67771000000.0,65000750000.0,,,0.063,6.831,-72000000.0,10118000000.0,10118000000.0,0.0,1253000000.0,,11.551,11983000000.0,,,11983000000.0,0.0,203000000.0,47477000000.0,0.016,0.594,1980000000.0,2183000000.0,0.533,2183000000.0,1980000000.0,1980000000.0,1.64,1.62,1.64,5280000000.0,5262000000.0,5280000000.0,30323454705.0,15.0,13.891,1657000000.0,2.144,1.0,4097000000.0,1.0,0.0,0.0,69636000000.0,66183000000.0,0.0,48096000000.0,,,60991000000.0,,,27931454705.0,-1710000000.0,197000000.0,-360000000.0,-540000000.0,-422000000.0,3456000000.0,-6770000000.0,-6690000000.0,1729000000.0,-125000000.0,1253000000.0,1253000000.0,1253000000.0,0.0,0.0,0.306,2011000000.0,2086000000.0,0.0,0.362,5.29,22.292,22.372,854000000.0,0.0,36.69,6.818,6.922,853000000.0,1744000000.0,4097000000.0,4097000000.0,0.0,0.019,0.238,0.03,0.483,0.0,1483000000.0,1.0,761282494.0,773000000,,5.3,67771000000.0,0.0,727000000.0,0.0,87.673,
89,BK,MRT,1999-03-31,1999-03-31,1999-03-31,2021-08-05,254000000.0,64917000000.0,63808750000.0,,,0.063,6.811,-74000000.0,9331000000.0,9331000000.0,0.0,1225000000.0,,10.952,11723000000.0,,,11723000000.0,0.0,192000000.0,44843000000.0,0.016,0.583,1936000000.0,2128000000.0,0.531,2128000000.0,1936000000.0,1936000000.0,1.61,1.58,1.61,5306000000.0,5184000000.0,5306000000.0,29473877607.0,15.0,13.851,1647000000.0,2.114,1.0,4009000000.0,1.0,0.0,0.0,67309000000.0,64869500000.0,0.0,48682000000.0,,,58111000000.0,,,27532877607.0,-1894000000.0,161000000.0,-239000000.0,-513000000.0,-413000000.0,3688000000.0,-7197000000.0,-7098000000.0,1721000000.0,-106000000.0,1225000000.0,1225000000.0,1225000000.0,0.0,0.0,0.306,1970000000.0,2039000000.0,0.0,0.362,5.189,22.476,22.323,856000000.0,0.0,35.94,6.868,6.984,1213000000.0,1528000000.0,4009000000.0,4009000000.0,0.0,0.019,0.236,0.03,0.483,0.0,1462000000.0,1.0,766078954.0,779000000,,5.146,64917000000.0,0.0,711000000.0,0.0,83.334,
90,BK,MRT,1998-12-31,1998-12-31,1998-12-31,2021-08-05,312000000.0,63503000000.0,62482250000.0,,,0.063,7.162,-38000000.0,8503000000.0,8503000000.0,0.0,1192000000.0,,10.418,9144000000.0,,,9144000000.0,0.0,187000000.0,44632000000.0,0.014,0.573,1891000000.0,2078000000.0,0.531,2078000000.0,1891000000.0,1891000000.0,1.59,1.53,1.59,5448000000.0,5060500000.0,5448000000.0,30447685026.0,16.0,14.652,1528000000.0,2.009,1.0,3914000000.0,1.0,0.0,0.0,64144000000.0,63410500000.0,0.0,49083000000.0,,,56755000000.0,,,30616685026.0,-1770000000.0,-166000000.0,-370000000.0,-810000000.0,-403000000.0,1916000000.0,-5174000000.0,-4702000000.0,1566000000.0,-78000000.0,1192000000.0,1192000000.0,1192000000.0,0.0,0.0,0.305,1928000000.0,1986000000.0,0.0,0.36,5.62,25.685,25.314,856000000.0,0.0,40.25,7.822,7.822,946000000.0,1318000000.0,3914000000.0,3914000000.0,0.0,0.019,0.236,0.03,0.483,0.0,1430000000.0,1.0,760662982.0,760662982,,5.146,63503000000.0,0.0,699000000.0,0.0,83.484,
91,BK,MRT,1998-09-30,1998-09-30,1998-09-30,2021-08-05,221000000.0,63812000000.0,61596750000.0,,,0.063,6.436,-23000000.0,10360000000.0,10360000000.0,0.0,1178000000.0,,11.467,10191000000.0,,,10191000000.0,0.0,184000000.0,44492000000.0,0.021,0.562,1876000000.0,2060000000.0,0.531,2060000000.0,1876000000.0,1876000000.0,1.56,1.51,1.56,5014000000.0,4949000000.0,5014000000.0,21839935348.0,12.0,10.602,-71000000.0,-0.091,1.0,3878000000.0,1.0,0.0,0.0,63643000000.0,63142750000.0,0.0,47382000000.0,,,57498000000.0,,,20460935348.0,2644000000.0,-536000000.0,-619000000.0,227000000.0,-397000000.0,1433000000.0,1201000000.0,1858000000.0,-48000000.0,58000000.0,1176000000.0,1176000000.0,1176000000.0,0.0,2000000.0,0.303,1910000000.0,1968000000.0,0.0,0.36,4.081,17.399,17.551,850000000.0,0.0,27.38,5.276,5.5,1121000000.0,1110000000.0,3878000000.0,3878000000.0,0.0,0.019,0.238,0.03,0.484,0.0,1394000000.0,1.0,747294936.0,779000000,,4.978,63812000000.0,0.0,700000000.0,0.0,81.915,
92,BK,MRT,1998-06-30,1998-06-30,1998-06-30,2021-08-05,354000000.0,63003000000.0,,,,,6.345,-15000000.0,9229000000.0,9229000000.0,0.0,1150000000.0,,11.42,10608000000.0,,,10608000000.0,0.0,188000000.0,43408000000.0,0.018,0.541,1835000000.0,2023000000.0,0.529,2023000000.0,1835000000.0,1835000000.0,1.52,1.46,1.52,4968000000.0,,4968000000.0,24747048487.0,13.0,12.233,668000000.0,0.853,1.0,3826000000.0,1.0,0.0,0.0,64382000000.0,,0.0,47809000000.0,,,56735000000.0,,,22885048487.0,-453000000.0,-555000000.0,-854000000.0,1537000000.0,-386000000.0,319000000.0,-1522000000.0,-844000000.0,683000000.0,67000000.0,1145000000.0,1145000000.0,1145000000.0,0.0,5000000.0,0.299,1902000000.0,1924000000.0,0.0,0.356,4.606,19.987,20.026,843000000.0,0.0,30.44,5.981,6.23,974000000.0,3912000000.0,3826000000.0,3826000000.0,0.0,,,,0.48,0.0,1371000000.0,1.0,751808426.0,783000000,,4.886,63003000000.0,0.0,690000000.0,0.0,80.464,
93,BK,MRT,1998-03-31,1998-03-31,1998-03-31,2021-08-05,332000000.0,59611000000.0,,,,,6.161,-4000000.0,8057000000.0,8057000000.0,0.0,1124000000.0,,11.118,9919000000.0,,,9919000000.0,0.0,192000000.0,40589000000.0,0.017,0.53,1796000000.0,1988000000.0,0.527,1988000000.0,1796000000.0,1796000000.0,1.48,1.41,1.48,4812000000.0,,4812000000.0,26386717329.0,15.0,13.273,521000000.0,0.667,1.0,3772000000.0,1.0,0.0,0.0,61473000000.0,,0.0,45980000000.0,,,53499000000.0,,,23274717329.0,-1861000000.0,-538000000.0,-1122000000.0,770000000.0,-383000000.0,-1015000000.0,-1466000000.0,-890000000.0,525000000.0,95000000.0,1116000000.0,1116000000.0,1116000000.0,0.0,8000000.0,0.296,1895000000.0,1877000000.0,0.0,0.358,4.837,20.855,21.22,838000000.0,0.0,31.405,6.17,6.502,993000000.0,3716000000.0,3772000000.0,3772000000.0,0.0,,,,0.476,0.0,1349000000.0,1.0,741115024.0,781000000,,4.83,59611000000.0,0.0,680000000.0,0.0,76.327,
94,BK,MRT,1997-12-31,1997-12-31,1997-12-31,2021-08-05,285000000.0,59961000000.0,57863000000.0,,,0.064,6.191,-35000000.0,7895000000.0,7895000000.0,0.0,1104000000.0,,10.787,11007000000.0,,,11007000000.0,0.0,200000000.0,41357000000.0,0.018,0.519,1764000000.0,1964000000.0,0.529,1964000000.0,1764000000.0,1764000000.0,1.44,1.36,1.44,5002000000.0,5064500000.0,5002000000.0,,,,791000000.0,0.979,1.0,3712000000.0,1.0,0.0,0.0,63073000000.0,60365500000.0,0.0,46550000000.0,,,53959000000.0,,,21421929769.0,-263000000.0,-269000000.0,-946000000.0,828000000.0,-383000000.0,1988000000.0,-3151000000.0,-2754000000.0,826000000.0,74000000.0,1095000000.0,1095000000.0,1095000000.0,0.0,9000000.0,0.295,1874000000.0,1838000000.0,0.0,0.36,4.283,19.563,20.073,835000000.0,0.0,28.905,5.771,6.292,1187000000.0,529000000.0,3712000000.0,3712000000.0,0.0,0.019,0.216,0.029,0.475,0.0,1327000000.0,1.0,741115024.0,808000000,808000000.0,4.594,59961000000.0,0.0,669000000.0,0.0,74.209,
95,BK,MRT,1997-09-30,1997-09-30,1997-09-30,2021-08-05,,,,,,,,,,,,,,,,,,,,,,0.021,0.497,,,,,,,,,,,,,,,,,,1.0,,,,,,,,,,,,,,,,,,,,,,,,,,,,,,,,,,,,,,,,24.0,,,,,,,,,,,,,,1.0,,801000000,,,,,,,,
96,BK,MRT,1997-06-30,1997-06-30,1997-06-30,2021-08-05,,,,,,,,,,,,,,,,,,,,,,0.022,0.487,,,,,,,,,,,,,,,,,,1.0,,,,,,,,,,,,,,,,,,,,,,,,,,,,,,,,,,,,,,,,21.815,,,,,,,,,,,,,,1.0,,810000000,,,,,,,,
97,BK,MRT,1997-03-31,1997-03-31,1997-03-31,2021-08-05,,,,,,,,,,,,,,,,,,,,,,0.025,0.466,,,,,,,,,,,,,,,,,,1.0,,,,,,,,,,,,,,,,,,,,,,,,,,,,,,,,,,,,,,,,18.375,,,,,,,,,,,,,,1.0,,824000000,,,,,,,,
98,BK,MRT,1996-12-31,1996-12-31,1996-12-31,2021-08-05,0.0,55765000000.0,,,,,6.075,-44000000.0,7419000000.0,7419000000.0,0.0,1020000000.0,,9.76,9312000000.0,,,9312000000.0,0.0,237000000.0,39343000000.0,0.026,0.445,1644000000.0,1881000000.0,0.539,1881000000.0,1644000000.0,1644000000.0,1.3,1.2,1.3,5127000000.0,,5127000000.0,,,,868000000.0,1.028,1.0,3491000000.0,1.0,0.0,0.0,57658000000.0,,0.0,43267000000.0,,,50038000000.0,,,,1321000000.0,-400000000.0,-922000000.0,-1888000000.0,-338000000.0,374000000.0,67000000.0,557000000.0,912000000.0,-32000000.0,1010000000.0,1010000000.0,1010000000.0,0.0,10000000.0,0.289,1835000000.0,1656000000.0,0.0,0.342,,,12.981,875000000.0,0.0,16.875,,4.08,985000000.0,2798000000.0,3491000000.0,3491000000.0,0.0,,,,0.471,0.0,1274000000.0,1.0,,844000000,844000000.0,4.136,55765000000.0,0.0,634000000.0,0.0,66.072,
99,BK,MRT,1995-12-31,1995-12-31,1995-12-31,2021-08-05,,,,,,,,-51000000.0,,,0.0,914000000.0,,,,,,,,198000000.0,,0.03,0.36,1472000000.0,1670000000.0,0.524,1670000000.0,1472000000.0,1472000000.0,1.175,1.09,1.175,,,,,,,1869000000.0,2.236,1.0,3190000000.0,1.0,,0.0,,,,,,,,,,,1808000000.0,-168000000.0,-93000000.0,1514000000.0,-272000000.0,2297000000.0,-2404000000.0,-2274000000.0,1920000000.0,-5000000.0,904000000.0,904000000.0,904000000.0,0.0,10000000.0,0.283,1708000000.0,1482000000.0,,0.306,,,10.372,,0.0,12.188,,3.194,,,3190000000.0,3190000000.0,0.0,,,,0.461,0.0,1175000000.0,1.0,,836000000,836000000.0,3.816,,,568000000.0,,,
