None,ticker,dimension,calendardate,datekey,reportperiod,lastupdated,accoci,assets,assetsavg,assetsc,assetsnc,assetturnover,bvps,capex,cashneq,cashnequsd,cor,consolinc,currentratio,de,debt,debtc,debtnc,debtusd,deferredrev,depamor,deposits,divyield,dps,ebit,ebitda,ebitdamargin,ebitdausd,ebitusd,ebt,eps,epsdil,epsusd,equity,equityavg,equityusd,ev,evebit,evebitda,fcf,fcfps,fxusd,gp,grossmargin,intangibles,intexp,invcap,invcapavg,inventory,investments,investmentsc,investmentsnc,liabilities,liabilitiesc,liabilitiesnc,marketcap,ncf,ncfbus,ncfcommon,ncfdebt,ncfdiv,ncff,ncfi,ncfinv,ncfo,ncfx,netinc,netinccmn,netinccmnusd,netincdis,netincnci,netmargin,opex,opinc,payables,payoutratio,pb,pe,pe1,ppnenet,prefdivis,price,ps,ps1,receivables,retearn,revenue,revenueusd,rnd,roa,roe,roic,ros,sbcomp,sgna,sharefactor,sharesbas,shareswa,shareswadil,sps,tangibles,taxassets,taxexp,taxliabilities,tbvps,workingcapital
0,LYB,MRY,2020-12-31,2020-12-31,2020-12-31,2021-08-02,-1943000000.0,35403000000.0,32498250000.0,11634000000.0,23769000000.0,0.854,23.871,-1947000000.0,1765000000.0,1765000000.0,24359000000.0,1427000000.0,2.115,3.439,17179000000.0,671000000.0,16508000000.0,17179000000.0,0.0,1385000000.0,0.0,0.046,4.2,1910000000.0,3295000000.0,0.119,3295000000.0,1910000000.0,1384000000.0,4.24,4.24,4.24,7971000000.0,7489750000.0,7971000000.0,43622021498.0,23.0,13.239,1457000000.0,4.363,1.0,3394000000.0,0.122,2704000000.0,526000000.0,42611000000.0,38446000000.0,4344000000.0,5431000000.0,702000000.0,4729000000.0,27415000000.0,5502000000.0,21913000000.0,30607021498.0,877000000.0,15000000.0,-4000000.0,3612000000.0,-1405000000.0,2271000000.0,-4906000000.0,-2891000000.0,3404000000.0,108000000.0,1427000000.0,1420000000.0,1420000000.0,2000000.0,0.0,0.051,1835000000.0,1559000000.0,2948000000.0,0.991,3.84,21.554,21.618,15878000000.0,7000000.0,91.66,1.103,1.103,3441000000.0,4440000000.0,27753000000.0,27753000000.0,113000000.0,0.044,0.19,0.05,0.069,55000000.0,1140000000.0,1.0,333919065.0,333919065.0,,83.113,32699000000.0,0.0,-43000000.0,2332000000.0,97.925,6132000000.0
1,LYB,MRY,2019-12-31,2019-12-31,2019-12-31,2021-08-02,-1784000000.0,30435000000.0,30402250000.0,9510000000.0,20925000000.0,1.142,24.126,-2694000000.0,888000000.0,888000000.0,29301000000.0,3397000000.0,1.83,2.781,13278000000.0,448000000.0,12830000000.0,13278000000.0,0.0,1312000000.0,0.0,0.203,19.15,4392000000.0,5704000000.0,0.164,5704000000.0,4392000000.0,4045000000.0,9.59,9.58,9.59,8044000000.0,9197750000.0,8044000000.0,44315654652.0,10.0,7.769,2267000000.0,6.799,1.0,5426000000.0,0.156,2760000000.0,347000000.0,34867000000.0,32491750000.0,4588000000.0,2302000000.0,196000000.0,2106000000.0,22372000000.0,5198000000.0,17174000000.0,31500654652.0,487000000.0,5000000.0,-3752000000.0,2460000000.0,-1462000000.0,-2835000000.0,-1635000000.0,1229000000.0,4961000000.0,-4000000.0,3397000000.0,3390000000.0,3390000000.0,7000000.0,0.0,0.098,1310000000.0,4116000000.0,2928000000.0,1.997,3.916,9.292,9.852,15598000000.0,7000000.0,94.48,0.907,0.907,3102000000.0,4435000000.0,34727000000.0,34727000000.0,111000000.0,0.112,0.369,0.135,0.126,48000000.0,1199000000.0,1.0,333410824.0,333410824.0,,104.157,27675000000.0,0.0,648000000.0,2015000000.0,83.006,4312000000.0
2,LYB,MRY,2018-12-31,2018-12-31,2018-12-31,2021-08-02,-1363000000.0,28278000000.0,27723250000.0,10566000000.0,17712000000.0,1.407,26.735,-2105000000.0,401000000.0,401000000.0,32529000000.0,4690000000.0,1.917,1.755,9387000000.0,890000000.0,8497000000.0,9387000000.0,0.0,1241000000.0,0.0,0.048,4.0,5663000000.0,6904000000.0,0.177,6904000000.0,5663000000.0,5303000000.0,12.04,12.01,12.04,10257000000.0,10407750000.0,10257000000.0,40041973500.0,7.0,5.8,3366000000.0,8.773,1.0,6475000000.0,0.166,2779000000.0,360000000.0,28972000000.0,27831000000.0,4515000000.0,2995000000.0,892000000.0,2103000000.0,17998000000.0,5513000000.0,12485000000.0,31904973500.0,-1127000000.0,-1739000000.0,-1854000000.0,416000000.0,-1554000000.0,-3008000000.0,-3559000000.0,419000000.0,5471000000.0,-31000000.0,4690000000.0,4688000000.0,4688000000.0,8000000.0,0.0,0.12,1244000000.0,5231000000.0,3087000000.0,0.332,3.111,6.806,6.907,12477000000.0,2000000.0,83.16,0.818,0.818,3503000000.0,6763000000.0,39004000000.0,39004000000.0,115000000.0,0.169,0.45,0.203,0.145,39000000.0,1129000000.0,1.0,383657690.0,383657690.0,,101.664,25499000000.0,0.0,613000000.0,1975000000.0,66.463,5053000000.0
3,LYB,MRY,2017-12-31,2017-12-31,2017-12-31,2021-08-02,-1285000000.0,26206000000.0,24833750000.0,11738000000.0,14468000000.0,1.389,22.687,-1547000000.0,1528000000.0,1528000000.0,28059000000.0,4877000000.0,2.457,1.928,8619000000.0,70000000.0,8549000000.0,8619000000.0,0.0,1174000000.0,0.0,0.032,3.55,5968000000.0,7142000000.0,0.207,7142000000.0,5968000000.0,5477000000.0,12.23,12.23,12.23,8949000000.0,7400750000.0,8949000000.0,51220858310.0,9.0,7.172,3659000000.0,9.276,1.0,6425000000.0,0.186,1138000000.0,491000000.0,27382000000.0,27200500000.0,4217000000.0,3379000000.0,1307000000.0,2072000000.0,17256000000.0,4777000000.0,12479000000.0,43516858310.0,650000000.0,155000000.0,-866000000.0,-576000000.0,-1415000000.0,-2859000000.0,-1756000000.0,-259000000.0,5206000000.0,59000000.0,4879000000.0,4879000000.0,4879000000.0,18000000.0,-2000000.0,0.141,965000000.0,5460000000.0,2895000000.0,0.29,4.863,8.919,9.02,10997000000.0,0.0,110.32,1.262,1.262,3539000000.0,15746000000.0,34484000000.0,34484000000.0,106000000.0,0.196,0.659,0.219,0.173,55000000.0,859000000.0,1.0,394460282.0,394460282.0,,87.421,25068000000.0,0.0,598000000.0,1655000000.0,63.55,6961000000.0
4,LYB,MRY,2016-12-31,2016-12-31,2016-12-31,2021-08-02,-1511000000.0,23442000000.0,23467000000.0,9599000000.0,13843000000.0,1.244,14.841,-2243000000.0,878000000.0,878000000.0,23191000000.0,3837000000.0,2.114,2.872,8981000000.0,596000000.0,8385000000.0,8981000000.0,0.0,1064000000.0,0.0,0.039,3.33,5544000000.0,6608000000.0,0.226,6608000000.0,5544000000.0,5222000000.0,9.15,9.13,9.15,6048000000.0,6189250000.0,6048000000.0,43301393537.0,8.0,6.553,3363000000.0,8.252,1.0,5992000000.0,0.205,1078000000.0,322000000.0,25927000000.0,26003750000.0,3809000000.0,3157000000.0,1147000000.0,2010000000.0,17369000000.0,4540000000.0,12829000000.0,34957393537.0,-53000000.0,209000000.0,-2938000000.0,984000000.0,-1395000000.0,-3349000000.0,-2301000000.0,-140000000.0,5606000000.0,-9000000.0,3836000000.0,3836000000.0,3836000000.0,10000000.0,1000000.0,0.131,932000000.0,5060000000.0,2529000000.0,0.364,5.78,9.113,9.375,10137000000.0,0.0,85.78,1.198,1.198,2842000000.0,12282000000.0,29183000000.0,29183000000.0,99000000.0,0.163,0.62,0.213,0.19,38000000.0,833000000.0,1.0,407523823.0,407523823.0,,71.611,22364000000.0,0.0,1386000000.0,2331000000.0,54.878,5059000000.0
5,LYB,MRY,2015-12-31,2015-12-31,2015-12-31,2021-08-02,-1438000000.0,22757000000.0,23825750000.0,9789000000.0,12968000000.0,1.374,14.574,-1440000000.0,931000000.0,931000000.0,25683000000.0,4474000000.0,2.251,2.471,8028000000.0,357000000.0,7671000000.0,8028000000.0,0.0,1047000000.0,0.0,0.035,3.04,6516000000.0,7563000000.0,0.231,7563000000.0,6516000000.0,6206000000.0,9.62,9.59,9.62,6550000000.0,7320750000.0,6550000000.0,45899668219.0,7.0,6.069,4402000000.0,9.794,1.0,7052000000.0,0.215,1176000000.0,310000000.0,24329000000.0,24560250000.0,4051000000.0,3191000000.0,1064000000.0,2127000000.0,16183000000.0,4349000000.0,11834000000.0,39056668219.0,-102000000.0,0.0,-4656000000.0,1029000000.0,-1410000000.0,-4850000000.0,-1046000000.0,369000000.0,5842000000.0,-48000000.0,4476000000.0,4476000000.0,4476000000.0,5000000.0,-2000000.0,0.137,930000000.0,6122000000.0,2182000000.0,0.316,5.963,8.726,9.033,8991000000.0,0.0,86.9,1.193,1.193,2517000000.0,9841000000.0,32735000000.0,32735000000.0,102000000.0,0.188,0.611,0.265,0.199,53000000.0,828000000.0,1.0,449443823.0,449443823.0,,72.834,21581000000.0,0.0,1730000000.0,2127000000.0,48.017,5440000000.0
6,LYB,MRY,2014-12-31,2014-12-31,2014-12-31,2021-08-02,-1026000000.0,24221000000.0,26083750000.0,11645000000.0,12576000000.0,1.749,16.606,-1499000000.0,1033000000.0,1033000000.0,38939000000.0,4168000000.0,2.142,1.91,7045000000.0,350000000.0,6695000000.0,7045000000.0,0.0,1019000000.0,0.0,0.034,2.7,6066000000.0,7085000000.0,0.155,7085000000.0,6066000000.0,5714000000.0,8.03,7.99,8.03,8314000000.0,10175250000.0,8314000000.0,45374029424.0,7.0,6.404,4549000000.0,9.086,1.0,6669000000.0,0.146,1335000000.0,352000000.0,23461000000.0,24210750000.0,4517000000.0,3657000000.0,1593000000.0,2064000000.0,15877000000.0,5437000000.0,10440000000.0,39748029424.0,-3419000000.0,0.0,-5788000000.0,1236000000.0,-1403000000.0,-5907000000.0,-3531000000.0,-2038000000.0,6048000000.0,-29000000.0,4174000000.0,4174000000.0,4174000000.0,4000000.0,-6000000.0,0.092,933000000.0,5736000000.0,3064000000.0,0.336,4.781,9.523,9.887,8758000000.0,0.0,79.39,0.872,0.872,3448000000.0,6775000000.0,45608000000.0,45608000000.0,127000000.0,0.16,0.41,0.251,0.133,0.0,806000000.0,1.0,500667961.0,500667961.0,,91.094,22886000000.0,0.0,1540000000.0,2092000000.0,45.711,6208000000.0
7,LYB,MRY,2013-12-31,2013-12-31,2013-12-31,2021-08-02,96000000.0,27298000000.0,25958500000.0,14599000000.0,12699000000.0,1.697,22.539,-1561000000.0,4460000000.0,4460000000.0,37940000000.0,3853000000.0,2.65,1.185,5835000000.0,59000000.0,5776000000.0,5835000000.0,0.0,1021000000.0,0.0,0.025,2.0,5302000000.0,6323000000.0,0.144,6323000000.0,5302000000.0,4993000000.0,6.8,6.75,6.8,12478000000.0,12006250000.0,12478000000.0,45916184632.0,9.0,7.262,3274000000.0,5.914,1.0,6122000000.0,0.139,1509000000.0,309000000.0,21654000000.0,20549250000.0,5279000000.0,2114000000.0,0.0,2114000000.0,14784000000.0,5510000000.0,9274000000.0,44445184632.0,1718000000.0,0.0,-1949000000.0,1449000000.0,-1127000000.0,-1589000000.0,-1602000000.0,0.0,4835000000.0,74000000.0,3857000000.0,3857000000.0,3857000000.0,7000000.0,-4000000.0,0.088,1020000000.0,5102000000.0,3572000000.0,0.294,3.562,11.523,11.806,8457000000.0,0.0,80.28,1.009,1.009,4030000000.0,4004000000.0,44062000000.0,44062000000.0,150000000.0,0.149,0.321,0.258,0.12,0.0,870000000.0,1.0,553627113.0,553627113.0,,79.588,25789000000.0,0.0,1136000000.0,2239000000.0,46.582,9089000000.0
8,LYB,MRY,2012-12-31,2012-12-31,2012-12-31,2021-08-02,-411000000.0,24220000000.0,24119500000.0,12286000000.0,11934000000.0,1.88,19.366,-1060000000.0,2737000000.0,2737000000.0,39595000000.0,2834000000.0,2.411,1.171,4400000000.0,96000000.0,4304000000.0,4400000000.0,0.0,983000000.0,0.0,0.025,1.45,4830000000.0,5813000000.0,0.128,5813000000.0,4830000000.0,4175000000.0,4.97,4.92,4.97,11139000000.0,11563250000.0,11139000000.0,33643078609.0,7.0,5.788,3727000000.0,6.48,1.0,5757000000.0,0.127,1629000000.0,655000000.0,19158000000.0,19465500000.0,5075000000.0,2363000000.0,0.0,2363000000.0,13041000000.0,5096000000.0,7945000000.0,32837078609.0,1667000000.0,0.0,0.0,268000000.0,-2415000000.0,-2145000000.0,-1013000000.0,0.0,4787000000.0,38000000.0,2848000000.0,2848000000.0,2848000000.0,24000000.0,-14000000.0,0.063,1081000000.0,4676000000.0,3285000000.0,0.292,2.948,11.53,11.487,7696000000.0,0.0,57.09,0.724,0.724,3904000000.0,1274000000.0,45352000000.0,45352000000.0,172000000.0,0.118,0.246,0.248,0.107,0.0,909000000.0,1.0,575180918.0,575180918.0,,78.848,22591000000.0,0.0,1327000000.0,1872000000.0,39.276,7190000000.0
9,LYB,MRY,2011-12-31,2011-12-31,2011-12-31,2021-08-02,-427000000.0,22839000000.0,26882250000.0,11435000000.0,11404000000.0,1.792,18.345,-979000000.0,1118000000.0,1118000000.0,42732000000.0,2140000000.0,2.279,1.151,4032000000.0,52000000.0,3980000000.0,4032000000.0,0.0,931000000.0,0.0,0.017,0.55,4250000000.0,5181000000.0,0.108,5181000000.0,4250000000.0,3206000000.0,3.76,3.74,3.76,10593000000.0,12717000000.0,10593000000.0,18693075212.0,4.0,3.608,1881000000.0,3.257,1.0,5451000000.0,0.113,1762000000.0,1044000000.0,18973000000.0,20703750000.0,5499000000.0,2043000000.0,0.0,2043000000.0,12192000000.0,5018000000.0,7174000000.0,18761075212.0,-3157000000.0,0.0,0.0,-2098000000.0,-2893000000.0,-4955000000.0,-1021000000.0,0.0,2860000000.0,-41000000.0,2147000000.0,2147000000.0,2147000000.0,332000000.0,-7000000.0,0.045,1159000000.0,4292000000.0,3414000000.0,0.146,1.771,8.738,8.641,7333000000.0,0.0,32.49,0.389,0.389,3778000000.0,841000000.0,48183000000.0,48183000000.0,196000000.0,0.08,0.169,0.205,0.088,0.0,918000000.0,1.0,577441527.0,577441527.0,,83.442,21077000000.0,0.0,1059000000.0,1227000000.0,36.501,6417000000.0
10,LYB,MRY,2009-12-31,2009-12-31,2009-12-31,2021-08-02,-286000000.0,27761000000.0,28206000000.0,8266000000.0,19495000000.0,1.093,-15.868,-759000000.0,558000000.0,558000000.0,29499000000.0,-2865000000.0,0.797,-4.078,29478000000.0,6679000000.0,22799000000.0,29478000000.0,0.0,1774000000.0,0.0,,0.0,-2481000000.0,-707000000.0,-0.023,-707000000.0,-2481000000.0,-4276000000.0,-5.08,-5.08,-5.08,-8976000000.0,-7528500000.0,-8976000000.0,,,,-1546000000.0,-2.733,1.0,1329000000.0,0.043,1861000000.0,1795000000.0,44453000000.0,32686500000.0,3277000000.0,2130000000.0,11000000.0,2119000000.0,36608000000.0,10367000000.0,26241000000.0,,-300000000.0,-4000000.0,0.0,1122000000.0,0.0,1101000000.0,-611000000.0,23000000.0,-787000000.0,-3000000.0,-2865000000.0,-2865000000.0,-2865000000.0,-1000000.0,0.0,-0.093,3973000000.0,-2644000000.0,2128000000.0,0.0,,,,15152000000.0,0.0,,,,3287000000.0,-9313000000.0,30828000000.0,30828000000.0,145000000.0,-0.102,0.381,-0.076,-0.08,0.0,850000000.0,1.0,565673773.0,565673773.0,,54.498,25900000000.0,0.0,-1411000000.0,2251000000.0,45.786,-2101000000.0
11,LYB,MRY,2008-12-31,2008-12-31,2008-12-31,2021-08-02,-264000000.0,28651000000.0,,7438000000.0,21213000000.0,,,-827000000.0,858000000.0,858000000.0,50036000000.0,-7321000000.0,0.26,-5.689,23969000000.0,23665000000.0,304000000.0,23969000000.0,0.0,1911000000.0,0.0,,0.0,-5693000000.0,-3782000000.0,-0.075,-3782000000.0,-5693000000.0,-8169000000.0,-12.98,-12.98,-12.98,-6081000000.0,,-6081000000.0,,,,263000000.0,,1.0,670000000.0,0.013,2241000000.0,2476000000.0,20920000000.0,,3314000000.0,2411000000.0,32000000.0,2379000000.0,34597000000.0,28601000000.0,5996000000.0,,298000000.0,-1121000000.0,0.0,1083000000.0,0.0,1083000000.0,-1884000000.0,-32000000.0,1090000000.0,9000000.0,-7321000000.0,-7321000000.0,-7321000000.0,-15000000.0,0.0,-0.144,6598000000.0,-5928000000.0,2662000000.0,0.0,,,,16391000000.0,0.0,,,,2585000000.0,-6440000000.0,50706000000.0,50706000000.0,194000000.0,,,,-0.112,0.0,1197000000.0,1.0,,,,,26410000000.0,0.0,-848000000.0,3477000000.0,,-21163000000.0
12,LYB,MRY,2007-12-31,2007-12-31,2007-12-31,2021-08-02,,,,,,,,-411000000.0,,,15196000000.0,661000000.0,,,,,,,,472000000.0,,,0.0,1293000000.0,1765000000.0,0.103,1765000000.0,1293000000.0,940000000.0,1.17,1.17,1.17,,,,,,,769000000.0,,1.0,1924000000.0,0.112,,353000000.0,,,,,,,,,,,-270000000.0,-11470000000.0,0.0,12328000000.0,-522000000.0,10416000000.0,-11899000000.0,0.0,1180000000.0,33000000.0,661000000.0,661000000.0,661000000.0,0.0,0.0,0.039,990000000.0,934000000.0,,0.0,,,,,0.0,,,,,,17120000000.0,17120000000.0,135000000.0,,,,0.076,0.0,740000000.0,1.0,,,,,,,279000000.0,,,
0,LYB,MRQ,2021-06-30,2021-06-30,2021-06-30,2021-08-02,-1849000000.0,37259000000.0,,12897000000.0,24362000000.0,,31.476,-431000000.0,1383000000.0,1383000000.0,8676000000.0,2059000000.0,1.956,2.539,15537000000.0,691000000.0,14846000000.0,15537000000.0,0.0,330000000.0,0.0,0.042,1.13,2695000000.0,3025000000.0,0.262,3025000000.0,2695000000.0,2565000000.0,6.14,6.13,6.14,10524000000.0,,10524000000.0,49555992071.0,10.0,7.633,1471000000.0,4.4,1.0,2885000000.0,0.25,2608000000.0,130000000.0,42210000000.0,,4840000000.0,5038000000.0,136000000.0,4902000000.0,26721000000.0,6595000000.0,20126000000.0,34394992071.0,-80000000.0,0.0,0.0,-1298000000.0,-378000000.0,-1688000000.0,-303000000.0,151000000.0,1902000000.0,9000000.0,2059000000.0,2058000000.0,2058000000.0,-2000000.0,0.0,0.178,359000000.0,2526000000.0,3486000000.0,0.184,3.268,8.407,8.425,16279000000.0,1000000.0,102.87,0.973,0.973,4897000000.0,6837000000.0,11561000000.0,11561000000.0,32000000.0,,,,,16000000.0,327000000.0,1.0,334353962.0,334353962.0,,34.577,34651000000.0,0.0,506000000.0,2507000000.0,103.636,6302000000.0
1,LYB,MRQ,2021-03-31,2021-03-31,2021-03-31,2021-08-02,-1864000000.0,35746000000.0,,11964000000.0,23782000000.0,,26.337,-340000000.0,1463000000.0,1463000000.0,7678000000.0,1070000000.0,1.74,3.06,16624000000.0,1640000000.0,14984000000.0,16624000000.0,0.0,335000000.0,0.0,0.04,1.05,1250000000.0,1585000000.0,0.175,1585000000.0,1250000000.0,1140000000.0,3.19,3.18,3.19,8800000000.0,,8800000000.0,50180492660.0,18.0,11.863,231000000.0,0.691,1.0,1404000000.0,0.155,2621000000.0,110000000.0,41411000000.0,,4632000000.0,5177000000.0,383000000.0,4794000000.0,26932000000.0,6875000000.0,20057000000.0,34766492660.0,-302000000.0,0.0,0.0,-500000000.0,-352000000.0,-782000000.0,-59000000.0,300000000.0,571000000.0,-32000000.0,1070000000.0,1068000000.0,1068000000.0,2000000.0,0.0,0.118,316000000.0,1088000000.0,3282000000.0,0.329,3.951,14.819,14.843,15856000000.0,2000000.0,104.05,1.185,1.185,3961000000.0,5158000000.0,9082000000.0,9082000000.0,29000000.0,,,,,19000000.0,287000000.0,1.0,334132558.0,334132558.0,,27.181,33125000000.0,0.0,70000000.0,2403000000.0,99.137,5089000000.0
2,LYB,MRQ,2020-12-31,2020-12-31,2020-12-31,2021-08-02,-1943000000.0,35403000000.0,,11634000000.0,23769000000.0,,23.871,-274000000.0,1765000000.0,1765000000.0,6712000000.0,855000000.0,2.115,3.439,17179000000.0,671000000.0,16508000000.0,17179000000.0,0.0,329000000.0,0.0,0.046,1.05,1084000000.0,1413000000.0,0.178,1413000000.0,1084000000.0,894000000.0,2.55,2.55,2.55,7971000000.0,,7971000000.0,43622021498.0,23.0,13.239,469000000.0,1.405,1.0,1225000000.0,0.154,2704000000.0,190000000.0,42611000000.0,,4344000000.0,5431000000.0,702000000.0,4729000000.0,27415000000.0,5502000000.0,21913000000.0,30607021498.0,-719000000.0,15000000.0,0.0,1427000000.0,-352000000.0,1079000000.0,-2599000000.0,-2285000000.0,743000000.0,58000000.0,855000000.0,853000000.0,853000000.0,2000000.0,0.0,0.107,332000000.0,893000000.0,2948000000.0,0.412,3.84,21.554,21.618,15878000000.0,2000000.0,91.66,1.103,1.103,3441000000.0,4440000000.0,7937000000.0,7937000000.0,34000000.0,,,,,12000000.0,298000000.0,1.0,333919065.0,333919065.0,,23.769,32699000000.0,0.0,39000000.0,2332000000.0,97.925,6132000000.0
3,LYB,MRQ,2020-09-30,2020-09-30,2020-09-30,2021-08-02,-2088000000.0,31949000000.0,,10759000000.0,21190000000.0,,21.885,-425000000.0,2484000000.0,2484000000.0,5885000000.0,114000000.0,2.25,3.371,15499000000.0,618000000.0,14881000000.0,15499000000.0,0.0,358000000.0,0.0,0.06,1.05,111000000.0,469000000.0,0.069,469000000.0,111000000.0,-11000000.0,0.33,0.33,0.33,7306000000.0,,7306000000.0,36450331129.0,22.0,11.924,402000000.0,1.204,1.0,891000000.0,0.131,2632000000.0,122000000.0,37550000000.0,,4005000000.0,2981000000.0,361000000.0,2620000000.0,24626000000.0,4782000000.0,19844000000.0,23532331129.0,-94000000.0,0.0,0.0,-22000000.0,-352000000.0,-376000000.0,-580000000.0,-153000000.0,827000000.0,35000000.0,114000000.0,112000000.0,112000000.0,0.0,0.0,0.017,868000000.0,23000000.0,2479000000.0,3.182,3.221,19.993,19.801,15519000000.0,2000000.0,70.49,0.841,0.841,2974000000.0,3940000000.0,6776000000.0,6776000000.0,27000000.0,,,,,14000000.0,259000000.0,1.0,333839284.0,333839284.0,,20.297,29317000000.0,0.0,-125000000.0,1809000000.0,87.818,5977000000.0
4,LYB,MRQ,2020-06-30,2020-06-30,2020-06-30,2021-08-02,-2259000000.0,31541000000.0,,10477000000.0,21064000000.0,,22.049,-588000000.0,2578000000.0,2578000000.0,4894000000.0,314000000.0,2.362,3.284,15496000000.0,662000000.0,14834000000.0,15496000000.0,0.0,356000000.0,0.0,0.064,1.05,407000000.0,763000000.0,0.138,763000000.0,407000000.0,282000000.0,0.94,0.94,0.94,7358000000.0,,7358000000.0,35145174356.0,13.0,8.568,704000000.0,2.11,1.0,652000000.0,0.118,2586000000.0,125000000.0,37438000000.0,,3768000000.0,2756000000.0,651000000.0,2105000000.0,24164000000.0,4435000000.0,19729000000.0,21931174356.0,945000000.0,0.0,0.0,691000000.0,-350000000.0,684000000.0,-1064000000.0,-454000000.0,1292000000.0,33000000.0,314000000.0,313000000.0,313000000.0,1000000.0,0.0,0.056,313000000.0,339000000.0,2194000000.0,1.117,2.981,10.814,10.809,15951000000.0,1000000.0,65.72,0.732,0.732,2588000000.0,4188000000.0,5546000000.0,5546000000.0,25000000.0,,,,,13000000.0,288000000.0,1.0,333706244.0,333706244.0,,16.619,28955000000.0,0.0,-32000000.0,1811000000.0,86.768,6042000000.0
5,LYB,MRQ,2020-03-31,2020-03-31,2020-03-31,2021-08-02,-2313000000.0,31100000000.0,,9692000000.0,21408000000.0,,21.957,-660000000.0,1633000000.0,1633000000.0,6868000000.0,144000000.0,1.755,3.244,14847000000.0,1496000000.0,13351000000.0,14847000000.0,0.0,342000000.0,0.0,0.085,1.05,308000000.0,650000000.0,0.087,650000000.0,308000000.0,219000000.0,0.42,0.42,0.42,7324000000.0,,7324000000.0,28944328992.0,8.0,5.883,-118000000.0,-0.354,1.0,626000000.0,0.084,2608000000.0,89000000.0,36185000000.0,,3973000000.0,2257000000.0,199000000.0,2058000000.0,23757000000.0,5521000000.0,18236000000.0,16554328992.0,745000000.0,0.0,-4000000.0,1516000000.0,-351000000.0,884000000.0,-663000000.0,1000000.0,542000000.0,-18000000.0,144000000.0,142000000.0,142000000.0,-1000000.0,0.0,0.019,322000000.0,304000000.0,2638000000.0,2.5,2.26,6.093,6.33,15840000000.0,2000000.0,49.63,0.495,0.495,3043000000.0,4227000000.0,7494000000.0,7494000000.0,27000000.0,,,,,16000000.0,295000000.0,1.0,333554886.0,333554886.0,,22.467,28492000000.0,0.0,75000000.0,1961000000.0,85.419,4171000000.0
6,LYB,MRQ,2019-12-31,2019-12-31,2019-12-31,2021-08-02,-1784000000.0,30435000000.0,,9510000000.0,20925000000.0,,24.126,-731000000.0,888000000.0,888000000.0,7044000000.0,612000000.0,1.83,2.781,13278000000.0,448000000.0,12830000000.0,13278000000.0,0.0,335000000.0,0.0,0.203,1.05,840000000.0,1175000000.0,0.144,1175000000.0,840000000.0,752000000.0,1.87,1.86,1.87,8044000000.0,,8044000000.0,44315654652.0,10.0,7.769,511000000.0,1.533,1.0,1135000000.0,0.139,2760000000.0,88000000.0,34867000000.0,,4588000000.0,2302000000.0,196000000.0,2106000000.0,22372000000.0,5198000000.0,17174000000.0,31500654652.0,376000000.0,5000000.0,0.0,-101000000.0,-351000000.0,-453000000.0,-425000000.0,386000000.0,1242000000.0,12000000.0,612000000.0,610000000.0,610000000.0,0.0,0.0,0.075,337000000.0,798000000.0,2928000000.0,0.561,3.916,9.292,9.852,15598000000.0,2000000.0,94.48,0.907,0.907,3102000000.0,4435000000.0,8179000000.0,8179000000.0,30000000.0,,,,,12000000.0,307000000.0,1.0,333410824.0,333410824.0,,24.531,27675000000.0,0.0,140000000.0,2015000000.0,83.006,4312000000.0
7,LYB,MRQ,2019-09-30,2019-09-30,2019-09-30,2021-08-02,-1683000000.0,30114000000.0,,9630000000.0,20484000000.0,,23.529,-742000000.0,512000000.0,512000000.0,7269000000.0,965000000.0,1.303,2.815,13327000000.0,2442000000.0,10885000000.0,13327000000.0,0.0,327000000.0,0.0,0.213,1.05,1187000000.0,1514000000.0,0.174,1514000000.0,1187000000.0,1101000000.0,2.85,2.85,2.85,7888000000.0,,7888000000.0,40392644376.0,9.0,7.036,1134000000.0,3.383,1.0,1453000000.0,0.167,2689000000.0,86000000.0,32852000000.0,,4446000000.0,2172000000.0,53000000.0,2119000000.0,22208000000.0,7388000000.0,14820000000.0,29994644376.0,-796000000.0,0.0,-3240000000.0,1693000000.0,-351000000.0,-1900000000.0,-754000000.0,0.0,1876000000.0,-18000000.0,965000000.0,963000000.0,963000000.0,4000000.0,0.0,0.11,329000000.0,1124000000.0,3201000000.0,0.368,3.803,8.644,9.339,15179000000.0,2000000.0,89.47,0.847,0.847,3469000000.0,8430000000.0,8722000000.0,8722000000.0,26000000.0,,,,,12000000.0,303000000.0,1.0,335248065.0,335248065.0,,26.017,27425000000.0,0.0,136000000.0,2018000000.0,81.805,2242000000.0
8,LYB,MRQ,2019-06-30,2019-06-30,2019-06-30,2021-08-02,-1462000000.0,31171000000.0,,11088000000.0,20083000000.0,,28.95,-622000000.0,1308000000.0,1308000000.0,7542000000.0,1003000000.0,1.471,1.905,11706000000.0,2816000000.0,8890000000.0,11706000000.0,0.0,328000000.0,0.0,0.221,1.05,1253000000.0,1581000000.0,0.175,1581000000.0,1253000000.0,1172000000.0,2.7,2.7,2.7,10721000000.0,,10721000000.0,42724283975.0,9.0,7.155,564000000.0,1.523,1.0,1506000000.0,0.166,2740000000.0,81000000.0,31291000000.0,,4685000000.0,2164000000.0,52000000.0,2112000000.0,20428000000.0,7538000000.0,12890000000.0,31896283975.0,950000000.0,0.0,0.0,427000000.0,-388000000.0,39000000.0,-278000000.0,373000000.0,1186000000.0,3000000.0,1003000000.0,1002000000.0,1002000000.0,3000000.0,0.0,0.111,329000000.0,1177000000.0,3115000000.0,0.389,2.975,8.811,8.981,14845000000.0,1000000.0,86.13,0.865,0.865,3758000000.0,7818000000.0,9048000000.0,9048000000.0,27000000.0,,,,,12000000.0,302000000.0,1.0,370327226.0,370327226.0,,24.432,28431000000.0,0.0,169000000.0,2008000000.0,76.773,3550000000.0
9,LYB,MRQ,2019-03-31,2019-03-31,2019-03-31,2021-08-02,-1418000000.0,29889000000.0,,10286000000.0,19603000000.0,,27.315,-599000000.0,358000000.0,358000000.0,7446000000.0,817000000.0,1.467,1.946,11186000000.0,2382000000.0,8804000000.0,11186000000.0,0.0,322000000.0,0.0,0.226,16.0,1112000000.0,1434000000.0,0.163,1434000000.0,1112000000.0,1020000000.0,2.19,2.19,2.19,10138000000.0,,10138000000.0,40192880392.0,8.0,6.266,58000000.0,0.156,1.0,1332000000.0,0.152,2748000000.0,92000000.0,30957000000.0,,4496000000.0,2560000000.0,423000000.0,2137000000.0,19729000000.0,7012000000.0,12717000000.0,31206880392.0,-43000000.0,0.0,-512000000.0,441000000.0,-372000000.0,-521000000.0,-178000000.0,470000000.0,657000000.0,-1000000.0,817000000.0,815000000.0,815000000.0,0.0,0.0,0.093,315000000.0,1017000000.0,3187000000.0,7.306,3.078,7.305,7.561,14331000000.0,2000000.0,84.08,0.821,0.821,3680000000.0,7206000000.0,8778000000.0,8778000000.0,28000000.0,,,,,12000000.0,287000000.0,1.0,371156998.0,371156998.0,,23.65,27141000000.0,0.0,203000000.0,1967000000.0,73.125,3274000000.0
10,LYB,MRQ,2018-12-31,2018-12-31,2018-12-31,2021-08-02,-1363000000.0,28278000000.0,,10566000000.0,17712000000.0,,26.735,-698000000.0,401000000.0,401000000.0,7728000000.0,692000000.0,1.917,1.755,9387000000.0,890000000.0,8497000000.0,9387000000.0,0.0,333000000.0,0.0,0.048,1.0,879000000.0,1212000000.0,0.137,1212000000.0,879000000.0,791000000.0,1.84,1.83,1.84,10257000000.0,,10257000000.0,40041973500.0,7.0,5.8,599000000.0,1.561,1.0,1148000000.0,0.129,2779000000.0,88000000.0,28972000000.0,,4515000000.0,2995000000.0,892000000.0,2103000000.0,17998000000.0,5513000000.0,12485000000.0,31904973500.0,-131000000.0,37000000.0,-1053000000.0,670000000.0,-378000000.0,-766000000.0,-658000000.0,37000000.0,1297000000.0,-4000000.0,692000000.0,690000000.0,690000000.0,5000000.0,0.0,0.078,354000000.0,794000000.0,3087000000.0,0.543,3.111,6.806,6.907,12477000000.0,2000000.0,83.16,0.818,0.818,3503000000.0,6763000000.0,8876000000.0,8876000000.0,28000000.0,,,,,6000000.0,326000000.0,1.0,383657690.0,383657690.0,,23.135,25499000000.0,0.0,99000000.0,1975000000.0,66.463,5053000000.0
11,LYB,MRQ,2018-09-30,2018-09-30,2018-09-30,2021-08-02,-1309000000.0,28696000000.0,,11383000000.0,17313000000.0,,28.367,-482000000.0,532000000.0,532000000.0,8499000000.0,1113000000.0,1.824,1.596,8669000000.0,1198000000.0,7471000000.0,8669000000.0,0.0,309000000.0,0.0,0.038,1.0,1435000000.0,1744000000.0,0.172,1744000000.0,1435000000.0,1345000000.0,2.86,2.85,2.86,11044000000.0,,11044000000.0,46063602830.0,7.0,6.206,959000000.0,2.463,1.0,1656000000.0,0.163,2801000000.0,90000000.0,27790000000.0,,4596000000.0,3092000000.0,944000000.0,2148000000.0,17627000000.0,6242000000.0,11385000000.0,39909602830.0,-1854000000.0,-1776000000.0,-331000000.0,-254000000.0,-389000000.0,-977000000.0,-2312000000.0,-16000000.0,1441000000.0,-6000000.0,1113000000.0,1113000000.0,1113000000.0,2000000.0,0.0,0.11,339000000.0,1317000000.0,3555000000.0,0.35,3.614,6.774,6.843,12022000000.0,0.0,102.51,1.016,1.016,4087000000.0,6453000000.0,10155000000.0,10155000000.0,30000000.0,,,,,9000000.0,309000000.0,1.0,389323996.0,389323996.0,,26.084,25895000000.0,0.0,232000000.0,1774000000.0,66.513,5141000000.0
12,LYB,MRQ,2018-06-30,2018-06-30,2018-06-30,2021-08-02,-1358000000.0,27023000000.0,,12349000000.0,14674000000.0,,27.041,-496000000.0,2386000000.0,2386000000.0,8290000000.0,1654000000.0,2.265,1.549,8540000000.0,1050000000.0,7490000000.0,8540000000.0,0.0,300000000.0,0.0,0.035,1.0,1724000000.0,2024000000.0,0.198,2024000000.0,1724000000.0,1633000000.0,4.23,4.22,4.23,10602000000.0,,10602000000.0,49841809749.0,8.0,6.642,1231000000.0,3.14,1.0,1916000000.0,0.188,1090000000.0,91000000.0,26636000000.0,,4096000000.0,2983000000.0,933000000.0,2050000000.0,16420000000.0,5451000000.0,10969000000.0,43068809749.0,546000000.0,0.0,-351000000.0,0.0,-392000000.0,-745000000.0,-400000000.0,113000000.0,1727000000.0,-36000000.0,1654000000.0,1654000000.0,1654000000.0,1000000.0,0.0,0.162,290000000.0,1626000000.0,3095000000.0,0.236,4.062,7.38,7.427,11310000000.0,0.0,109.85,1.145,1.145,3889000000.0,17939000000.0,10206000000.0,10206000000.0,29000000.0,,,,,15000000.0,261000000.0,1.0,392069274.0,392069274.0,,26.031,25933000000.0,0.0,-21000000.0,1674000000.0,66.144,6898000000.0
13,LYB,MRQ,2018-03-31,2018-03-31,2018-03-31,2021-08-02,-1301000000.0,26896000000.0,,12068000000.0,14828000000.0,,24.656,-429000000.0,1840000000.0,1840000000.0,8012000000.0,1231000000.0,2.625,1.765,8613000000.0,82000000.0,8531000000.0,8613000000.0,0.0,299000000.0,0.0,0.035,1.0,1625000000.0,1924000000.0,0.197,1924000000.0,1625000000.0,1534000000.0,3.12,3.11,3.12,9728000000.0,,9728000000.0,48787712743.0,8.0,6.548,577000000.0,1.462,1.0,1755000000.0,0.18,1145000000.0,91000000.0,27926000000.0,,4257000000.0,3255000000.0,1042000000.0,2213000000.0,17167000000.0,4598000000.0,12569000000.0,41696712743.0,312000000.0,0.0,-119000000.0,0.0,-395000000.0,-520000000.0,-189000000.0,285000000.0,1006000000.0,15000000.0,1231000000.0,1231000000.0,1231000000.0,0.0,0.0,0.126,261000000.0,1494000000.0,3010000000.0,0.321,4.286,7.848,7.898,11249000000.0,0.0,105.68,1.164,1.164,3859000000.0,16677000000.0,9767000000.0,9767000000.0,28000000.0,,,,,9000000.0,233000000.0,1.0,394556328.0,394556328.0,,24.754,25751000000.0,0.0,303000000.0,1688000000.0,65.266,7470000000.0
14,LYB,MRQ,2017-12-31,2017-12-31,2017-12-31,2021-08-02,-1285000000.0,26206000000.0,,11738000000.0,14468000000.0,,22.687,-401000000.0,1528000000.0,1528000000.0,7528000000.0,1894000000.0,2.457,1.928,8619000000.0,70000000.0,8549000000.0,8619000000.0,0.0,298000000.0,0.0,0.032,0.9,1433000000.0,1731000000.0,0.189,1731000000.0,1433000000.0,1338000000.0,4.77,4.77,4.77,8949000000.0,,8949000000.0,51220858310.0,9.0,7.172,1081000000.0,2.74,1.0,1607000000.0,0.176,1138000000.0,95000000.0,27382000000.0,,4217000000.0,3379000000.0,1307000000.0,2072000000.0,17256000000.0,4777000000.0,12479000000.0,43516858310.0,317000000.0,0.0,0.0,-315000000.0,-355000000.0,-668000000.0,-502000000.0,0.0,1482000000.0,5000000.0,1894000000.0,1894000000.0,1894000000.0,4000000.0,0.0,0.207,266000000.0,1341000000.0,2895000000.0,0.189,4.863,8.919,9.02,10997000000.0,0.0,110.32,1.262,1.262,3539000000.0,15746000000.0,9135000000.0,9135000000.0,29000000.0,,,,,16000000.0,237000000.0,1.0,394460282.0,394460282.0,,23.158,25068000000.0,0.0,-556000000.0,1655000000.0,63.55,6961000000.0
15,LYB,MRQ,2017-09-30,2017-09-30,2017-09-30,2021-08-02,-1359000000.0,25243000000.0,,11062000000.0,14181000000.0,,18.509,-318000000.0,1211000000.0,1211000000.0,6939000000.0,1056000000.0,2.399,2.446,8915000000.0,384000000.0,8531000000.0,8915000000.0,0.0,294000000.0,0.0,0.035,0.9,1531000000.0,1825000000.0,0.214,1825000000.0,1531000000.0,1437000000.0,2.67,2.67,2.67,7326000000.0,,7326000000.0,47523380851.0,8.0,6.974,1168000000.0,2.951,1.0,1577000000.0,0.185,1050000000.0,94000000.0,27285000000.0,,4177000000.0,3386000000.0,1295000000.0,2091000000.0,17916000000.0,4612000000.0,13304000000.0,39204380851.0,471000000.0,155000000.0,-296000000.0,-178000000.0,-356000000.0,-832000000.0,-200000000.0,-37000000.0,1486000000.0,17000000.0,1057000000.0,1057000000.0,1057000000.0,2000000.0,-1000000.0,0.124,245000000.0,1332000000.0,2735000000.0,0.337,5.351,10.46,10.571,10737000000.0,0.0,99.05,1.185,1.185,3275000000.0,14207000000.0,8516000000.0,8516000000.0,27000000.0,,,,,18000000.0,218000000.0,1.0,395803946.0,395803946.0,,21.516,24193000000.0,0.0,380000000.0,2447000000.0,61.124,6450000000.0
16,LYB,MRQ,2017-06-30,2017-06-30,2017-06-30,2021-08-02,-1375000000.0,24118000000.0,,10075000000.0,14043000000.0,,17.045,-407000000.0,740000000.0,740000000.0,6601000000.0,1130000000.0,2.439,2.512,9059000000.0,563000000.0,8496000000.0,9059000000.0,0.0,286000000.0,0.0,0.041,0.9,1685000000.0,1971000000.0,0.235,1971000000.0,1685000000.0,1590000000.0,2.82,2.81,2.82,6866000000.0,,6866000000.0,42538715469.0,8.0,6.449,1153000000.0,2.862,1.0,1802000000.0,0.214,1058000000.0,95000000.0,27248000000.0,,4007000000.0,3314000000.0,1278000000.0,2036000000.0,17250000000.0,4131000000.0,13119000000.0,33992715469.0,254000000.0,0.0,-410000000.0,-51000000.0,-361000000.0,-822000000.0,-513000000.0,-74000000.0,1560000000.0,29000000.0,1131000000.0,1131000000.0,1131000000.0,4000000.0,-1000000.0,0.135,225000000.0,1577000000.0,2317000000.0,0.319,4.951,9.331,9.377,10551000000.0,0.0,84.39,1.064,1.064,3086000000.0,13506000000.0,8403000000.0,8403000000.0,25000000.0,,,,,8000000.0,200000000.0,1.0,402805018.0,402805018.0,,20.861,23060000000.0,0.0,459000000.0,2370000000.0,57.249,5944000000.0
17,LYB,MRQ,2017-03-31,2017-03-31,2017-03-31,2021-08-02,-1438000000.0,23768000000.0,,9681000000.0,14087000000.0,,16.053,-421000000.0,486000000.0,486000000.0,6991000000.0,797000000.0,2.211,2.674,9032000000.0,613000000.0,8419000000.0,9032000000.0,0.0,296000000.0,0.0,0.037,0.85,1319000000.0,1615000000.0,0.192,1615000000.0,1319000000.0,1112000000.0,1.98,1.98,1.98,6462000000.0,,6462000000.0,44809832439.0,8.0,6.99,257000000.0,0.638,1.0,1439000000.0,0.171,1048000000.0,207000000.0,26887000000.0,,3875000000.0,3277000000.0,1176000000.0,2101000000.0,17281000000.0,4379000000.0,12902000000.0,36706832439.0,-392000000.0,0.0,-160000000.0,-32000000.0,-343000000.0,-537000000.0,-541000000.0,-148000000.0,678000000.0,8000000.0,797000000.0,797000000.0,797000000.0,8000000.0,0.0,0.095,229000000.0,1210000000.0,2627000000.0,0.429,5.68,10.188,10.422,10361000000.0,0.0,91.19,1.189,1.189,3292000000.0,12736000000.0,8430000000.0,8430000000.0,25000000.0,,,,,13000000.0,204000000.0,1.0,402531335.0,402531335.0,,20.942,22720000000.0,0.0,315000000.0,2353000000.0,56.443,5302000000.0
18,LYB,MRQ,2016-12-31,2016-12-31,2016-12-31,2021-08-02,-1511000000.0,23442000000.0,,9599000000.0,13843000000.0,,14.841,-567000000.0,878000000.0,878000000.0,6420000000.0,763000000.0,2.114,2.872,8981000000.0,596000000.0,8385000000.0,8981000000.0,0.0,273000000.0,0.0,0.039,0.85,1130000000.0,1403000000.0,0.181,1403000000.0,1130000000.0,1045000000.0,1.9,1.9,1.9,6048000000.0,,6048000000.0,43301393537.0,8.0,6.553,1146000000.0,2.812,1.0,1327000000.0,0.171,1078000000.0,85000000.0,25927000000.0,,3809000000.0,3157000000.0,1147000000.0,2010000000.0,17369000000.0,4540000000.0,12829000000.0,34957393537.0,134000000.0,65000000.0,-437000000.0,0.0,-346000000.0,-782000000.0,-771000000.0,-164000000.0,1713000000.0,-26000000.0,763000000.0,763000000.0,763000000.0,7000000.0,0.0,0.098,279000000.0,1048000000.0,2529000000.0,0.447,5.78,9.113,9.375,10137000000.0,0.0,85.78,1.198,1.198,2842000000.0,12282000000.0,7747000000.0,7747000000.0,26000000.0,,,,,38000000.0,253000000.0,1.0,407523823.0,407523823.0,,19.01,22364000000.0,0.0,282000000.0,2331000000.0,54.878,5059000000.0
19,LYB,MRQ,2016-09-30,2016-09-30,2016-09-30,2021-08-02,-1492000000.0,23419000000.0,,9553000000.0,13866000000.0,,14.63,-586000000.0,744000000.0,744000000.0,5903000000.0,953000000.0,2.216,2.846,9088000000.0,624000000.0,8464000000.0,9088000000.0,0.0,257000000.0,0.0,0.04,0.85,1350000000.0,1607000000.0,0.218,1607000000.0,1350000000.0,1278000000.0,2.3,2.3,2.3,6082000000.0,,6082000000.0,41573127809.0,7.0,6.295,746000000.0,1.794,1.0,1462000000.0,0.199,1105000000.0,72000000.0,26348000000.0,,4015000000.0,3187000000.0,1090000000.0,2097000000.0,17312000000.0,4310000000.0,13002000000.0,33532127809.0,-320000000.0,7000000.0,-819000000.0,-23000000.0,-351000000.0,-1195000000.0,-459000000.0,99000000.0,1332000000.0,2000000.0,952000000.0,952000000.0,952000000.0,2000000.0,1000000.0,0.129,213000000.0,1249000000.0,2329000000.0,0.37,5.513,8.669,8.893,10057000000.0,0.0,80.66,1.176,1.176,2852000000.0,11865000000.0,7365000000.0,7365000000.0,25000000.0,,,,,0.0,188000000.0,1.0,415721892.0,415721892.0,,17.716,22314000000.0,0.0,326000000.0,2387000000.0,53.675,5243000000.0
20,LYB,MRQ,2016-06-30,2016-06-30,2016-06-30,2021-08-02,-1472000000.0,23435000000.0,,9983000000.0,13452000000.0,,14.724,-563000000.0,1064000000.0,1064000000.0,5702000000.0,1091000000.0,2.294,2.726,9105000000.0,620000000.0,8485000000.0,9105000000.0,0.0,266000000.0,0.0,0.043,0.85,1520000000.0,1786000000.0,0.244,1786000000.0,1520000000.0,1437000000.0,2.57,2.56,2.57,6283000000.0,,6283000000.0,39537034056.0,7.0,5.647,698000000.0,1.636,1.0,1626000000.0,0.222,1130000000.0,83000000.0,25995000000.0,,4009000000.0,3041000000.0,1023000000.0,2018000000.0,17128000000.0,4351000000.0,12777000000.0,31757034056.0,-261000000.0,0.0,-696000000.0,22000000.0,-362000000.0,-1039000000.0,-474000000.0,125000000.0,1261000000.0,-9000000.0,1091000000.0,1091000000.0,1091000000.0,1000000.0,0.0,0.149,223000000.0,1403000000.0,2357000000.0,0.331,5.054,7.744,7.976,9681000000.0,0.0,74.42,1.077,1.077,2806000000.0,11264000000.0,7328000000.0,7328000000.0,24000000.0,,,,,0.0,199000000.0,1.0,426727144.0,426727144.0,,17.173,22305000000.0,0.0,346000000.0,2149000000.0,52.27,5632000000.0
21,LYB,MRQ,2016-03-31,2016-03-31,2016-03-31,2021-08-02,-1397000000.0,23572000000.0,,10324000000.0,13248000000.0,,14.678,-527000000.0,1322000000.0,1322000000.0,5166000000.0,1030000000.0,2.325,2.712,9102000000.0,598000000.0,8504000000.0,9102000000.0,0.0,268000000.0,0.0,0.036,0.78,1544000000.0,1812000000.0,0.269,1812000000.0,1544000000.0,1462000000.0,2.38,2.37,2.38,6344000000.0,,6344000000.0,44084721529.0,7.0,5.947,773000000.0,1.789,1.0,1577000000.0,0.234,1166000000.0,82000000.0,25745000000.0,,3978000000.0,3482000000.0,1332000000.0,2150000000.0,17204000000.0,4441000000.0,12763000000.0,36987721529.0,394000000.0,137000000.0,-986000000.0,985000000.0,-336000000.0,-333000000.0,-597000000.0,-200000000.0,1300000000.0,24000000.0,1030000000.0,1030000000.0,1030000000.0,0.0,0.0,0.153,217000000.0,1360000000.0,2243000000.0,0.328,5.83,8.523,8.933,9373000000.0,0.0,85.58,1.182,1.182,2683000000.0,10535000000.0,6743000000.0,6743000000.0,24000000.0,,,,,0.0,193000000.0,1.0,432200532.0,432200532.0,,15.602,22406000000.0,0.0,432000000.0,2134000000.0,51.842,5883000000.0
22,LYB,MRQ,2015-12-31,2015-12-31,2015-12-31,2021-08-02,-1438000000.0,22757000000.0,,9789000000.0,12968000000.0,,14.574,-483000000.0,931000000.0,931000000.0,5792000000.0,795000000.0,2.251,2.471,8028000000.0,357000000.0,7671000000.0,8028000000.0,0.0,265000000.0,0.0,0.035,0.78,1134000000.0,1399000000.0,0.198,1399000000.0,1134000000.0,1057000000.0,1.82,1.82,1.82,6550000000.0,,6550000000.0,45899668219.0,7.0,6.069,677000000.0,1.506,1.0,1279000000.0,0.181,1176000000.0,77000000.0,24329000000.0,,4051000000.0,3191000000.0,1064000000.0,2127000000.0,16183000000.0,4349000000.0,11834000000.0,39056668219.0,-545000000.0,0.0,-1220000000.0,-173000000.0,-347000000.0,-1744000000.0,57000000.0,551000000.0,1160000000.0,-18000000.0,795000000.0,795000000.0,795000000.0,2000000.0,0.0,0.112,227000000.0,1052000000.0,2182000000.0,0.429,5.963,8.726,9.033,8991000000.0,0.0,86.9,1.193,1.193,2517000000.0,9841000000.0,7071000000.0,7071000000.0,26000000.0,,,,,53000000.0,201000000.0,1.0,449443823.0,449443823.0,,15.733,21581000000.0,0.0,262000000.0,2127000000.0,48.017,5440000000.0
23,LYB,MRQ,2015-09-30,2015-09-30,2015-09-30,2021-08-02,-1381000000.0,23935000000.0,,11198000000.0,12737000000.0,,15.73,-373000000.0,1475000000.0,1475000000.0,6465000000.0,1186000000.0,2.156,2.263,8318000000.0,576000000.0,7742000000.0,8318000000.0,0.0,248000000.0,0.0,0.036,0.78,1757000000.0,2005000000.0,0.241,2005000000.0,1757000000.0,1672000000.0,2.56,2.54,2.56,7328000000.0,,7328000000.0,45820315576.0,7.0,6.05,1395000000.0,2.994,1.0,1869000000.0,0.224,1187000000.0,85000000.0,24398000000.0,,4138000000.0,3686000000.0,1602000000.0,2084000000.0,16583000000.0,5193000000.0,11390000000.0,38835315576.0,149000000.0,0.0,-1299000000.0,-8000000.0,-361000000.0,-1684000000.0,67000000.0,436000000.0,1768000000.0,-2000000.0,1185000000.0,1185000000.0,1185000000.0,3000000.0,1000000.0,0.142,219000000.0,1650000000.0,2450000000.0,0.305,5.3,8.68,8.849,8793000000.0,0.0,83.36,1.08,1.08,2924000000.0,9393000000.0,8334000000.0,8334000000.0,25000000.0,,,,,0.0,194000000.0,1.0,465874707.0,465874707.0,,17.889,22748000000.0,0.0,487000000.0,1987000000.0,48.829,6005000000.0
24,LYB,MRQ,2015-06-30,2015-06-30,2015-06-30,2021-08-02,-1307000000.0,24605000000.0,,11990000000.0,12615000000.0,,16.748,-278000000.0,1328000000.0,1328000000.0,7047000000.0,1329000000.0,2.293,2.101,8313000000.0,585000000.0,7728000000.0,8313000000.0,0.0,247000000.0,0.0,0.028,0.78,1950000000.0,2197000000.0,0.24,2197000000.0,1950000000.0,1871000000.0,2.82,2.82,2.82,7927000000.0,,7927000000.0,55645115069.0,8.0,7.307,1168000000.0,2.468,1.0,2098000000.0,0.229,1214000000.0,79000000.0,25147000000.0,,4179000000.0,4084000000.0,1989000000.0,2095000000.0,16655000000.0,5229000000.0,11426000000.0,48996115069.0,-291000000.0,0.0,-778000000.0,69000000.0,-368000000.0,-1021000000.0,-727000000.0,-472000000.0,1446000000.0,11000000.0,1330000000.0,1330000000.0,1330000000.0,-3000000.0,-1000000.0,0.145,253000000.0,1845000000.0,2755000000.0,0.277,6.181,10.775,11.107,8636000000.0,0.0,103.52,1.235,1.235,3373000000.0,8569000000.0,9145000000.0,9145000000.0,25000000.0,,,,,0.0,228000000.0,1.0,473300957.0,473300957.0,,19.322,23391000000.0,0.0,541000000.0,2069000000.0,49.421,6761000000.0
25,LYB,MRQ,2015-03-31,2015-03-31,2015-03-31,2021-08-02,-1566000000.0,24006000000.0,,11647000000.0,12359000000.0,,15.672,-306000000.0,1618000000.0,1618000000.0,6379000000.0,1164000000.0,2.302,2.206,8267000000.0,518000000.0,7749000000.0,8267000000.0,0.0,287000000.0,0.0,0.032,0.7,1675000000.0,1962000000.0,0.24,1962000000.0,1675000000.0,1606000000.0,2.42,2.41,2.42,7478000000.0,,7478000000.0,47967106495.0,8.0,6.508,1162000000.0,2.435,1.0,1806000000.0,0.221,1228000000.0,69000000.0,24367000000.0,,4267000000.0,3470000000.0,1478000000.0,1992000000.0,16500000000.0,5060000000.0,11440000000.0,41893106495.0,585000000.0,0.0,-1359000000.0,1141000000.0,-334000000.0,-401000000.0,-443000000.0,-146000000.0,1468000000.0,-39000000.0,1166000000.0,1166000000.0,1166000000.0,3000000.0,-2000000.0,0.142,231000000.0,1575000000.0,2631000000.0,0.289,5.602,9.532,10.034,8430000000.0,0.0,87.8,0.982,0.982,3089000000.0,7607000000.0,8185000000.0,8185000000.0,26000000.0,,,,,0.0,205000000.0,1.0,477142443.0,477142443.0,,17.154,22778000000.0,0.0,440000000.0,2082000000.0,47.738,6587000000.0
26,LYB,MRQ,2014-12-31,2014-12-31,2014-12-31,2021-08-02,-1026000000.0,24221000000.0,,11645000000.0,12576000000.0,,16.606,-403000000.0,1033000000.0,1033000000.0,8989000000.0,791000000.0,2.142,1.91,7045000000.0,350000000.0,6695000000.0,7045000000.0,0.0,247000000.0,0.0,0.034,0.7,1163000000.0,1410000000.0,0.137,1410000000.0,1163000000.0,1091000000.0,1.62,1.61,1.62,8314000000.0,,8314000000.0,45374029424.0,7.0,6.404,1613000000.0,3.222,1.0,1301000000.0,0.126,1335000000.0,72000000.0,23461000000.0,,4517000000.0,3657000000.0,1593000000.0,2064000000.0,15877000000.0,5437000000.0,10440000000.0,39748029424.0,-154000000.0,0.0,-1441000000.0,262000000.0,-348000000.0,-1519000000.0,-636000000.0,-233000000.0,2016000000.0,-15000000.0,793000000.0,793000000.0,793000000.0,5000000.0,-2000000.0,0.077,224000000.0,1077000000.0,3064000000.0,0.432,4.781,9.523,9.887,8758000000.0,0.0,79.39,0.872,0.872,3448000000.0,6775000000.0,10290000000.0,10290000000.0,30000000.0,,,,,0.0,194000000.0,1.0,500667961.0,500667961.0,,20.553,22886000000.0,0.0,298000000.0,2092000000.0,45.711,6208000000.0
27,LYB,MRQ,2014-09-30,2014-09-30,2014-09-30,2021-08-02,-510000000.0,25631000000.0,,12932000000.0,12699000000.0,,19.212,-338000000.0,1185000000.0,1185000000.0,10118000000.0,1257000000.0,2.295,1.601,6811000000.0,58000000.0,6753000000.0,6811000000.0,0.0,262000000.0,0.0,0.024,0.7,1784000000.0,2046000000.0,0.17,2046000000.0,1784000000.0,1692000000.0,2.46,2.45,2.46,9843000000.0,,9843000000.0,60461625567.0,10.0,8.377,1096000000.0,2.139,1.0,1948000000.0,0.161,1375000000.0,92000000.0,24248000000.0,,5359000000.0,3685000000.0,1544000000.0,2141000000.0,15756000000.0,5634000000.0,10122000000.0,55669625567.0,-845000000.0,0.0,-1280000000.0,0.0,-358000000.0,-1621000000.0,-638000000.0,-304000000.0,1434000000.0,-20000000.0,1258000000.0,1258000000.0,1258000000.0,3000000.0,-1000000.0,0.104,242000000.0,1706000000.0,3431000000.0,0.285,5.656,12.222,12.709,8600000000.0,0.0,108.66,1.198,1.198,4105000000.0,6330000000.0,12066000000.0,12066000000.0,31000000.0,,,,,0.0,211000000.0,1.0,512328599.0,512328599.0,,23.551,24256000000.0,0.0,434000000.0,2259000000.0,47.345,7298000000.0
28,LYB,MRQ,2014-06-30,2014-06-30,2014-06-30,2021-08-02,43000000.0,26656000000.0,,13705000000.0,12951000000.0,,20.393,-415000000.0,2032000000.0,2032000000.0,10255000000.0,1176000000.0,2.435,1.476,6824000000.0,58000000.0,6766000000.0,6824000000.0,0.0,254000000.0,0.0,0.025,0.7,1699000000.0,1953000000.0,0.161,1953000000.0,1699000000.0,1603000000.0,2.25,2.23,2.25,10753000000.0,,10753000000.0,55612382139.0,10.0,8.292,1382000000.0,2.621,1.0,1862000000.0,0.154,1440000000.0,96000000.0,24380000000.0,,5326000000.0,3477000000.0,1299000000.0,2178000000.0,15868000000.0,5628000000.0,10240000000.0,51490382139.0,-672000000.0,0.0,-1866000000.0,0.0,-370000000.0,-2217000000.0,-246000000.0,171000000.0,1797000000.0,-6000000.0,1178000000.0,1178000000.0,1178000000.0,-3000000.0,-2000000.0,0.097,249000000.0,1613000000.0,3690000000.0,0.311,4.788,12.407,12.849,8740000000.0,0.0,97.65,1.131,1.131,4264000000.0,5430000000.0,12117000000.0,12117000000.0,34000000.0,,,,,0.0,215000000.0,1.0,527295260.0,527295260.0,,22.98,25216000000.0,0.0,425000000.0,2193000000.0,47.821,8077000000.0
29,LYB,MRQ,2014-03-31,2014-03-31,2014-03-31,2021-08-02,98000000.0,27827000000.0,,14993000000.0,12834000000.0,,21.573,-343000000.0,2705000000.0,2705000000.0,9577000000.0,944000000.0,2.621,1.357,6827000000.0,61000000.0,6766000000.0,6827000000.0,0.0,256000000.0,0.0,0.025,0.6,1420000000.0,1676000000.0,0.151,1676000000.0,1420000000.0,1328000000.0,1.73,1.72,1.73,11791000000.0,,11791000000.0,49985286408.0,9.0,7.79,458000000.0,0.838,1.0,1558000000.0,0.14,1475000000.0,92000000.0,24754000000.0,,5589000000.0,3581000000.0,1402000000.0,2179000000.0,16001000000.0,5720000000.0,10281000000.0,48610286408.0,-1748000000.0,0.0,-1201000000.0,974000000.0,-327000000.0,-550000000.0,-2011000000.0,-1672000000.0,801000000.0,12000000.0,945000000.0,945000000.0,945000000.0,-1000000.0,-1000000.0,0.085,218000000.0,1340000000.0,3642000000.0,0.347,4.123,12.461,12.76,8556000000.0,0.0,88.94,1.092,1.092,4141000000.0,4622000000.0,11135000000.0,11135000000.0,32000000.0,,,,,0.0,186000000.0,1.0,546551455.0,546551455.0,,20.373,26352000000.0,0.0,383000000.0,2217000000.0,48.215,9273000000.0
30,LYB,MRQ,2013-12-31,2013-12-31,2013-12-31,2021-08-02,96000000.0,27298000000.0,,14599000000.0,12699000000.0,,22.539,-360000000.0,4460000000.0,4460000000.0,9601000000.0,1175000000.0,2.65,1.185,5835000000.0,59000000.0,5776000000.0,5835000000.0,0.0,252000000.0,0.0,0.025,0.6,1291000000.0,1543000000.0,0.139,1543000000.0,1291000000.0,1204000000.0,2.11,2.09,2.11,12478000000.0,,12478000000.0,45916184632.0,9.0,7.262,1314000000.0,2.373,1.0,1537000000.0,0.138,1509000000.0,87000000.0,21654000000.0,,5279000000.0,2114000000.0,0.0,2114000000.0,14784000000.0,5510000000.0,9274000000.0,44445184632.0,36000000.0,0.0,-698000000.0,1000000.0,-610000000.0,-1299000000.0,-367000000.0,0.0,1674000000.0,28000000.0,1174000000.0,1174000000.0,1174000000.0,2000000.0,1000000.0,0.105,273000000.0,1264000000.0,3572000000.0,0.284,3.562,11.523,11.806,8457000000.0,0.0,80.28,1.009,1.009,4030000000.0,4004000000.0,11138000000.0,11138000000.0,44000000.0,,,,,0.0,229000000.0,1.0,553627113.0,553627113.0,,20.118,25789000000.0,0.0,30000000.0,2239000000.0,46.582,9089000000.0
31,LYB,MRQ,2013-09-30,2013-09-30,2013-09-30,2021-08-02,-299000000.0,26811000000.0,,14625000000.0,12186000000.0,,20.937,-423000000.0,4418000000.0,4418000000.0,9690000000.0,851000000.0,2.719,1.255,5889000000.0,115000000.0,5774000000.0,5889000000.0,0.0,262000000.0,0.0,0.025,0.5,1273000000.0,1535000000.0,0.138,1535000000.0,1273000000.0,1192000000.0,1.51,1.5,1.51,11874000000.0,,11874000000.0,42717154277.0,9.0,7.076,693000000.0,1.222,1.0,1462000000.0,0.131,1532000000.0,81000000.0,21372000000.0,,5382000000.0,2202000000.0,0.0,2202000000.0,14902000000.0,5378000000.0,9524000000.0,41531154277.0,1181000000.0,0.0,-981000000.0,1448000000.0,-27000000.0,452000000.0,-438000000.0,0.0,1116000000.0,51000000.0,853000000.0,853000000.0,853000000.0,3000000.0,-2000000.0,0.076,255000000.0,1207000000.0,3241000000.0,0.331,3.498,12.528,12.604,8223000000.0,0.0,73.23,0.943,0.943,4041000000.0,3160000000.0,11152000000.0,11152000000.0,35000000.0,,,,,0.0,220000000.0,1.0,567133064.0,567133064.0,,19.664,25279000000.0,0.0,339000000.0,1966000000.0,44.573,9247000000.0
32,LYB,MRQ,2013-06-30,2013-06-30,2013-06-30,2021-08-02,-505000000.0,25048000000.0,,13032000000.0,12016000000.0,,20.907,-387000000.0,3235000000.0,3235000000.0,9496000000.0,927000000.0,2.588,1.079,4421000000.0,115000000.0,4306000000.0,4421000000.0,0.0,254000000.0,0.0,0.026,0.5,1409000000.0,1663000000.0,0.15,1663000000.0,1409000000.0,1339000000.0,1.62,1.61,1.62,12032000000.0,,12032000000.0,39671107602.0,8.0,6.514,859000000.0,1.493,1.0,1607000000.0,0.145,1554000000.0,70000000.0,19644000000.0,,5197000000.0,2262000000.0,0.0,2262000000.0,12979000000.0,5036000000.0,7943000000.0,38133107602.0,354000000.0,0.0,-270000000.0,0.0,-261000000.0,-508000000.0,-389000000.0,0.0,1246000000.0,5000000.0,929000000.0,929000000.0,929000000.0,-4000000.0,-2000000.0,0.084,243000000.0,1364000000.0,3324000000.0,0.309,3.169,11.528,11.484,7979000000.0,0.0,66.26,0.864,0.864,4023000000.0,2587000000.0,11103000000.0,11103000000.0,35000000.0,,,,,0.0,208000000.0,1.0,575507208.0,575507208.0,,19.293,23494000000.0,0.0,410000000.0,1862000000.0,40.823,7996000000.0
33,LYB,MRQ,2013-03-31,2013-03-31,2013-03-31,2021-08-02,-599000000.0,24677000000.0,,12655000000.0,12022000000.0,,20.235,-391000000.0,2885000000.0,2885000000.0,9153000000.0,900000000.0,2.478,1.116,4423000000.0,116000000.0,4307000000.0,4423000000.0,0.0,253000000.0,0.0,0.025,0.4,1329000000.0,1582000000.0,0.148,1582000000.0,1329000000.0,1258000000.0,1.56,1.55,1.56,11641000000.0,,11641000000.0,38074004907.0,7.0,6.183,408000000.0,0.709,1.0,1516000000.0,0.142,1581000000.0,71000000.0,19527000000.0,,5270000000.0,2429000000.0,0.0,2429000000.0,12997000000.0,5107000000.0,7890000000.0,36411004907.0,147000000.0,0.0,0.0,0.0,-229000000.0,-234000000.0,-408000000.0,0.0,799000000.0,-10000000.0,901000000.0,901000000.0,901000000.0,6000000.0,-1000000.0,0.084,249000000.0,1267000000.0,3217000000.0,0.256,3.128,11.563,11.528,7779000000.0,0.0,63.29,0.822,0.822,3878000000.0,1946000000.0,10669000000.0,10669000000.0,36000000.0,,,,,0.0,213000000.0,1.0,575304233.0,575304233.0,,18.545,23096000000.0,0.0,357000000.0,1834000000.0,40.146,7548000000.0
34,LYB,MRQ,2012-12-31,2012-12-31,2012-12-31,2021-08-02,-411000000.0,24220000000.0,,12286000000.0,11934000000.0,,19.366,-333000000.0,2737000000.0,2737000000.0,9832000000.0,623000000.0,2.411,1.171,4400000000.0,96000000.0,4304000000.0,4400000000.0,0.0,266000000.0,0.0,0.025,0.4,991000000.0,1257000000.0,0.113,1257000000.0,991000000.0,917000000.0,1.12,1.09,1.12,11139000000.0,,11139000000.0,33643078609.0,7.0,5.788,995000000.0,1.73,1.0,1265000000.0,0.114,1629000000.0,74000000.0,19158000000.0,,5075000000.0,2363000000.0,0.0,2363000000.0,13041000000.0,5096000000.0,7945000000.0,32837078609.0,-795000000.0,0.0,0.0,0.0,-1812000000.0,-1826000000.0,-317000000.0,0.0,1328000000.0,20000000.0,632000000.0,632000000.0,632000000.0,22000000.0,-9000000.0,0.057,306000000.0,959000000.0,3285000000.0,0.357,2.948,11.53,11.487,7696000000.0,0.0,57.09,0.724,0.724,3904000000.0,1274000000.0,11097000000.0,11097000000.0,57000000.0,,,,,0.0,249000000.0,1.0,575180918.0,575180918.0,,19.293,22591000000.0,0.0,285000000.0,1872000000.0,39.276,7190000000.0
35,LYB,MRQ,2012-09-30,2012-09-30,2012-09-30,2021-08-02,-401000000.0,25104000000.0,,13395000000.0,11709000000.0,,21.414,-266000000.0,3546000000.0,3546000000.0,9670000000.0,844000000.0,2.776,1.035,4352000000.0,47000000.0,4305000000.0,4352000000.0,0.0,236000000.0,0.0,0.025,0.4,1352000000.0,1588000000.0,0.141,1588000000.0,1352000000.0,1281000000.0,1.47,1.46,1.47,12312000000.0,,12312000000.0,32091166621.0,8.0,6.358,1776000000.0,3.089,1.0,1603000000.0,0.142,1658000000.0,71000000.0,19427000000.0,,5234000000.0,2347000000.0,0.0,2347000000.0,12743000000.0,4825000000.0,7918000000.0,29702166621.0,1577000000.0,0.0,0.0,-3000000.0,-230000000.0,-234000000.0,-266000000.0,0.0,2042000000.0,35000000.0,846000000.0,846000000.0,846000000.0,7000000.0,-2000000.0,0.075,275000000.0,1328000000.0,3297000000.0,0.272,2.412,14.844,14.888,7412000000.0,0.0,51.66,0.657,0.657,4083000000.0,2454000000.0,11273000000.0,11273000000.0,39000000.0,,,,,0.0,236000000.0,1.0,574954832.0,574954832.0,,19.607,23446000000.0,0.0,435000000.0,1764000000.0,40.779,8570000000.0
36,LYB,MRQ,2012-06-30,2012-06-30,2012-06-30,2021-08-02,-589000000.0,23545000000.0,,12366000000.0,11179000000.0,,19.999,-233000000.0,1964000000.0,1964000000.0,9561000000.0,768000000.0,2.914,1.044,4353000000.0,48000000.0,4305000000.0,4353000000.0,0.0,244000000.0,0.0,0.027,0.4,1487000000.0,1731000000.0,0.154,1731000000.0,1487000000.0,1076000000.0,1.34,1.33,1.34,11492000000.0,,11492000000.0,25487104292.0,6.0,4.852,271000000.0,0.472,1.0,1687000000.0,0.15,1679000000.0,411000000.0,20011000000.0,,5759000000.0,2002000000.0,0.0,2002000000.0,12002000000.0,4244000000.0,7758000000.0,23140104292.0,280000000.0,0.0,0.0,271000000.0,-230000000.0,55000000.0,-245000000.0,0.0,504000000.0,-34000000.0,770000000.0,770000000.0,770000000.0,0.0,-2000000.0,0.068,238000000.0,1449000000.0,3004000000.0,0.299,2.014,11.288,11.312,7237000000.0,0.0,40.27,0.498,0.498,3888000000.0,1838000000.0,11248000000.0,11248000000.0,37000000.0,,,,,0.0,201000000.0,1.0,574623896.0,574623896.0,,19.575,21866000000.0,0.0,306000000.0,1522000000.0,38.053,8122000000.0
37,LYB,MRQ,2012-03-31,2012-03-31,2012-03-31,2021-08-02,-218000000.0,23609000000.0,,12098000000.0,11511000000.0,,19.714,-228000000.0,1679000000.0,1679000000.0,10532000000.0,599000000.0,2.446,1.083,4026000000.0,42000000.0,3984000000.0,4026000000.0,0.0,237000000.0,0.0,0.018,0.25,1000000000.0,1237000000.0,0.105,1237000000.0,1000000000.0,901000000.0,1.04,1.04,1.04,11310000000.0,,11310000000.0,27956392306.0,7.0,5.467,685000000.0,1.194,1.0,1202000000.0,0.102,1744000000.0,99000000.0,19266000000.0,,5208000000.0,2092000000.0,0.0,2092000000.0,12246000000.0,4946000000.0,7300000000.0,25042392306.0,605000000.0,0.0,0.0,0.0,-143000000.0,-140000000.0,-185000000.0,0.0,913000000.0,17000000.0,600000000.0,600000000.0,600000000.0,-5000000.0,-1000000.0,0.051,257000000.0,945000000.0,3545000000.0,0.24,2.214,12.017,12.025,7426000000.0,0.0,43.65,0.516,0.516,4213000000.0,1298000000.0,11734000000.0,11734000000.0,39000000.0,,,,,0.0,223000000.0,1.0,573708873.0,573708873.0,,20.453,21865000000.0,0.0,301000000.0,1345000000.0,38.112,7152000000.0
38,LYB,MRQ,2011-12-31,2011-12-31,2011-12-31,2021-08-02,-427000000.0,22839000000.0,,11435000000.0,11404000000.0,,18.345,-289000000.0,1118000000.0,1118000000.0,10257000000.0,-218000000.0,2.279,1.151,4032000000.0,52000000.0,3980000000.0,4032000000.0,0.0,255000000.0,0.0,0.017,0.25,236000000.0,491000000.0,0.045,491000000.0,236000000.0,-313000000.0,-0.38,-0.38,-0.38,10593000000.0,,10593000000.0,18693075212.0,4.0,3.608,-207000000.0,-0.358,1.0,724000000.0,0.066,1762000000.0,549000000.0,18973000000.0,,5499000000.0,2043000000.0,0.0,2043000000.0,12192000000.0,5018000000.0,7174000000.0,18761075212.0,-4544000000.0,0.0,-37000000.0,-1823000000.0,-2722000000.0,-4538000000.0,-50000000.0,0.0,82000000.0,-38000000.0,-215000000.0,-215000000.0,-215000000.0,245000000.0,-3000000.0,-0.02,300000000.0,424000000.0,3414000000.0,-0.658,1.771,8.738,8.641,7333000000.0,0.0,32.49,0.389,0.389,3778000000.0,841000000.0,10981000000.0,10981000000.0,54000000.0,,,,,0.0,231000000.0,1.0,577441527.0,577441527.0,,19.017,21077000000.0,0.0,-98000000.0,1227000000.0,36.501,6417000000.0
39,LYB,MRQ,2011-09-30,2011-09-30,2011-09-30,2021-08-02,79000000.0,28267000000.0,,16718000000.0,11549000000.0,,24.537,-278000000.0,5901000000.0,5901000000.0,10734000000.0,895000000.0,3.229,1.011,5833000000.0,51000000.0,5782000000.0,5833000000.0,0.0,237000000.0,0.0,0.012,0.2,1557000000.0,1794000000.0,0.143,1794000000.0,1557000000.0,1401000000.0,1.56,1.51,1.56,14025000000.0,,14025000000.0,14891724978.0,3.0,2.576,1253000000.0,2.192,1.0,1782000000.0,0.142,1835000000.0,156000000.0,21186000000.0,,5682000000.0,2083000000.0,0.0,2083000000.0,14185000000.0,5178000000.0,9007000000.0,13963724978.0,922000000.0,0.0,37000000.0,0.0,-114000000.0,-118000000.0,-320000000.0,0.0,1531000000.0,-171000000.0,895000000.0,895000000.0,895000000.0,17000000.0,0.0,0.072,289000000.0,1493000000.0,3307000000.0,0.128,0.996,4.457,4.466,7363000000.0,0.0,24.43,0.296,0.296,4042000000.0,3778000000.0,12516000000.0,12516000000.0,53000000.0,,,,,0.0,236000000.0,1.0,571581047.0,571581047.0,,21.897,26432000000.0,0.0,506000000.0,1519000000.0,46.244,11540000000.0
40,LYB,MRQ,2011-06-30,2011-06-30,2011-06-30,2021-08-02,586000000.0,28475000000.0,,16513000000.0,11962000000.0,,23.906,-196000000.0,4937000000.0,4937000000.0,11704000000.0,803000000.0,2.762,1.094,5865000000.0,52000000.0,5813000000.0,5865000000.0,0.0,224000000.0,0.0,0.003,0.1,1368000000.0,1592000000.0,0.12,1592000000.0,1368000000.0,1192000000.0,1.41,1.38,1.41,13579000000.0,,13579000000.0,23605901437.0,6.0,4.611,830000000.0,1.461,1.0,1602000000.0,0.12,1931000000.0,176000000.0,21493000000.0,,5577000000.0,2153000000.0,0.0,2153000000.0,14849000000.0,5979000000.0,8870000000.0,21879901437.0,304000000.0,0.0,0.0,-275000000.0,-57000000.0,-327000000.0,-435000000.0,0.0,1026000000.0,40000000.0,804000000.0,804000000.0,804000000.0,48000000.0,-1000000.0,0.06,320000000.0,1282000000.0,3999000000.0,0.071,1.611,8.068,8.109,7569000000.0,0.0,38.52,0.487,0.487,4920000000.0,2997000000.0,13306000000.0,13306000000.0,56000000.0,,,,,0.0,236000000.0,1.0,568014056.0,568014056.0,,23.425,26544000000.0,0.0,388000000.0,1262000000.0,46.731,10534000000.0
41,LYB,MRQ,2011-03-31,2011-03-31,2011-03-31,2021-08-02,460000000.0,27948000000.0,,15973000000.0,11975000000.0,,22.316,-216000000.0,4383000000.0,4383000000.0,10943000000.0,660000000.0,2.511,1.202,6109000000.0,304000000.0,5805000000.0,6109000000.0,0.0,215000000.0,0.0,0.0,0.0,1089000000.0,1304000000.0,0.106,1304000000.0,1089000000.0,926000000.0,1.16,1.15,1.16,12671000000.0,,12671000000.0,24316154260.0,,,5000000.0,0.009,1.0,1309000000.0,0.107,2151000000.0,163000000.0,21163000000.0,,5726000000.0,2096000000.0,0.0,2096000000.0,15235000000.0,6360000000.0,8875000000.0,22456154260.0,161000000.0,0.0,0.0,0.0,0.0,28000000.0,-216000000.0,0.0,221000000.0,128000000.0,663000000.0,663000000.0,663000000.0,0.0,-3000000.0,0.054,246000000.0,1063000000.0,4099000000.0,0.0,1.772,,,7440000000.0,0.0,39.55,,,4778000000.0,2250000000.0,12252000000.0,12252000000.0,33000000.0,,,,,0.0,211000000.0,1.0,567791511.0,567791511.0,,21.578,25797000000.0,0.0,263000000.0,1273000000.0,45.434,9613000000.0
42,LYB,MRQ,2010-12-31,2010-12-31,2010-12-31,2021-08-02,81000000.0,25302000000.0,,13779000000.0,11523000000.0,,20.392,-46000000.0,4233000000.0,4233000000.0,7910000000.0,766000000.0,2.852,1.188,6082000000.0,46000000.0,6036000000.0,6082000000.0,0.0,207000000.0,0.0,0.0,0.0,884000000.0,1091000000.0,0.12,1091000000.0,884000000.0,659000000.0,1.34,1.33,1.34,11535000000.0,,11535000000.0,21952177791.0,,,693000000.0,1.225,1.0,1148000000.0,0.127,1955000000.0,225000000.0,20365000000.0,,4824000000.0,2091000000.0,0.0,2091000000.0,13706000000.0,4831000000.0,8875000000.0,19459177791.0,-610000000.0,0.0,0.0,-1239000000.0,0.0,-1239000000.0,-57000000.0,0.0,739000000.0,-53000000.0,771000000.0,771000000.0,771000000.0,-19000000.0,-5000000.0,0.085,268000000.0,880000000.0,2761000000.0,0.0,1.687,,,7190000000.0,0.0,34.4,,,3761000000.0,1587000000.0,9058000000.0,9058000000.0,41000000.0,,,,,0.0,225000000.0,1.0,565673773.0,565673773.0,,16.013,23347000000.0,0.0,-112000000.0,975000000.0,41.273,8948000000.0
43,LYB,MRQ,2010-09-30,2010-09-30,2010-09-30,2021-08-02,207000000.0,26030000000.0,,13943000000.0,12087000000.0,,19.237,-157000000.0,4832000000.0,4832000000.0,9075000000.0,467000000.0,2.763,1.386,7325000000.0,526000000.0,6799000000.0,7325000000.0,0.0,222000000.0,0.0,0.0,0.0,910000000.0,1132000000.0,0.11,1132000000.0,910000000.0,728000000.0,0.84,0.84,0.84,10882000000.0,,10882000000.0,42439603175.0,,,967000000.0,1.709,1.0,1227000000.0,0.119,2516000000.0,182000000.0,20960000000.0,,4412000000.0,2083000000.0,0.0,2083000000.0,15087000000.0,5047000000.0,10040000000.0,13519603175.0,1079000000.0,0.0,0.0,-79000000.0,0.0,-88000000.0,-156000000.0,0.0,1124000000.0,199000000.0,474000000.0,474000000.0,474000000.0,0.0,-7000000.0,0.046,252000000.0,975000000.0,2562000000.0,0.0,1.242,,,7216000000.0,0.0,23.9,,,3800000000.0,816000000.0,10302000000.0,10302000000.0,35000000.0,,,,,0.0,204000000.0,1.0,565673773.0,565673773.0,,18.212,23514000000.0,0.0,254000000.0,1601000000.0,41.568,8896000000.0
44,LYB,MRQ,2009-12-31,2009-12-31,2009-12-31,2021-08-02,-286000000.0,27761000000.0,,8266000000.0,19495000000.0,,-15.868,,558000000.0,558000000.0,,,0.797,-4.078,29478000000.0,6679000000.0,22799000000.0,29478000000.0,0.0,,0.0,,0.0,,,,,,,,,,-8976000000.0,,-8976000000.0,,,,,,1.0,,,1861000000.0,,44453000000.0,,3277000000.0,2130000000.0,11000000.0,2119000000.0,36608000000.0,10367000000.0,26241000000.0,,,,,,,,,,,,,,,,,,,,2128000000.0,,,,,15152000000.0,,,,,3287000000.0,-9313000000.0,,,,,,,,,,1.0,565673773.0,565673773.0,,,25900000000.0,0.0,,2251000000.0,45.786,-2101000000.0
45,LYB,MRQ,2008-12-31,2008-12-31,2008-12-31,2021-08-02,-264000000.0,28651000000.0,,7438000000.0,21213000000.0,,,,858000000.0,858000000.0,,,0.26,-5.689,23969000000.0,23665000000.0,304000000.0,23969000000.0,0.0,,0.0,,0.0,,,,,,,,,,-6081000000.0,,-6081000000.0,,,,,,1.0,,,2241000000.0,,20920000000.0,,3314000000.0,2411000000.0,32000000.0,2379000000.0,34597000000.0,28601000000.0,5996000000.0,,,,,,,,,,,,,,,,,,,,2662000000.0,,,,,16391000000.0,,,,,2585000000.0,-6440000000.0,,,,,,,,,,1.0,,,,,26410000000.0,0.0,,3477000000.0,,-21163000000.0
0,LYB,MRT,2021-06-30,2021-06-30,2021-06-30,2021-08-02,-1849000000.0,37259000000.0,35089250000.0,12897000000.0,24362000000.0,1.008,31.476,-1470000000.0,1383000000.0,1383000000.0,28951000000.0,4098000000.0,1.956,2.539,15537000000.0,691000000.0,14846000000.0,15537000000.0,0.0,1352000000.0,0.0,0.042,4.28,5140000000.0,6492000000.0,0.184,6492000000.0,5140000000.0,4588000000.0,12.21,12.19,12.21,10524000000.0,8650250000.0,10524000000.0,49555992071.0,10.0,7.633,2573000000.0,7.695,1.0,6405000000.0,0.181,2608000000.0,552000000.0,42210000000.0,40945500000.0,4840000000.0,5038000000.0,136000000.0,4902000000.0,26721000000.0,6595000000.0,20126000000.0,34394992071.0,-1195000000.0,15000000.0,0.0,-393000000.0,-1434000000.0,-1767000000.0,-3541000000.0,-1987000000.0,4043000000.0,70000000.0,4098000000.0,4091000000.0,4091000000.0,2000000.0,0.0,0.116,1875000000.0,4530000000.0,3486000000.0,0.351,3.268,8.407,8.425,16279000000.0,7000000.0,102.87,0.973,0.973,4897000000.0,6837000000.0,35356000000.0,35356000000.0,122000000.0,0.117,0.473,0.126,0.145,61000000.0,1171000000.0,1.0,334353962.0,334353962.0,,105.744,34651000000.0,0.0,490000000.0,2507000000.0,103.636,6302000000.0
1,LYB,MRT,2021-03-31,2021-03-31,2021-03-31,2021-08-02,-1864000000.0,35746000000.0,33659750000.0,11964000000.0,23782000000.0,0.872,26.337,-1627000000.0,1463000000.0,1463000000.0,25169000000.0,2353000000.0,1.74,3.06,16624000000.0,1640000000.0,14984000000.0,16624000000.0,0.0,1378000000.0,0.0,0.04,4.2,2852000000.0,4230000000.0,0.144,4230000000.0,2852000000.0,2305000000.0,7.01,7.0,7.01,8800000000.0,7858750000.0,8800000000.0,50180492660.0,18.0,11.863,1806000000.0,5.405,1.0,4172000000.0,0.142,2621000000.0,547000000.0,41411000000.0,39752500000.0,4632000000.0,5177000000.0,383000000.0,4794000000.0,26932000000.0,6875000000.0,20057000000.0,34766492660.0,-170000000.0,15000000.0,0.0,1596000000.0,-1406000000.0,605000000.0,-4302000000.0,-2592000000.0,3433000000.0,94000000.0,2353000000.0,2346000000.0,2346000000.0,5000000.0,0.0,0.08,1829000000.0,2343000000.0,3282000000.0,0.599,3.951,14.819,14.843,15856000000.0,7000000.0,104.05,1.185,1.185,3961000000.0,5158000000.0,29341000000.0,29341000000.0,115000000.0,0.07,0.299,0.072,0.097,58000000.0,1132000000.0,1.0,334132558.0,334132558.0,,87.812,33125000000.0,0.0,-48000000.0,2403000000.0,99.137,5089000000.0
2,LYB,MRT,2020-12-31,2020-12-31,2020-12-31,2021-08-02,-1943000000.0,35403000000.0,32498250000.0,11634000000.0,23769000000.0,0.854,23.871,-1947000000.0,1765000000.0,1765000000.0,24359000000.0,1427000000.0,2.115,3.439,17179000000.0,671000000.0,16508000000.0,17179000000.0,0.0,1385000000.0,0.0,0.046,4.2,1910000000.0,3295000000.0,0.119,3295000000.0,1910000000.0,1384000000.0,4.24,4.24,4.24,7971000000.0,7489750000.0,7971000000.0,43622021498.0,23.0,13.239,1457000000.0,4.363,1.0,3394000000.0,0.122,2704000000.0,526000000.0,42611000000.0,38446000000.0,4344000000.0,5431000000.0,702000000.0,4729000000.0,27415000000.0,5502000000.0,21913000000.0,30607021498.0,877000000.0,15000000.0,-4000000.0,3612000000.0,-1405000000.0,2271000000.0,-4906000000.0,-2891000000.0,3404000000.0,108000000.0,1427000000.0,1420000000.0,1420000000.0,2000000.0,0.0,0.051,1835000000.0,1559000000.0,2948000000.0,0.991,3.84,21.554,21.618,15878000000.0,7000000.0,91.66,1.103,1.103,3441000000.0,4440000000.0,27753000000.0,27753000000.0,113000000.0,0.044,0.19,0.05,0.069,55000000.0,1140000000.0,1.0,333919065.0,333919065.0,,83.113,32699000000.0,0.0,-43000000.0,2332000000.0,97.925,6132000000.0
3,LYB,MRT,2020-09-30,2020-09-30,2020-09-30,2021-08-02,-2088000000.0,31949000000.0,31256250000.0,10759000000.0,21190000000.0,0.896,21.885,-2404000000.0,2484000000.0,2484000000.0,24691000000.0,1184000000.0,2.25,3.371,15499000000.0,618000000.0,14881000000.0,15499000000.0,0.0,1391000000.0,0.0,0.06,4.2,1666000000.0,3057000000.0,0.109,3057000000.0,1666000000.0,1242000000.0,3.56,3.55,3.56,7306000000.0,7508000000.0,7306000000.0,36450331129.0,22.0,11.924,1499000000.0,4.49,1.0,3304000000.0,0.118,2632000000.0,424000000.0,37550000000.0,36510000000.0,4005000000.0,2981000000.0,361000000.0,2620000000.0,24626000000.0,4782000000.0,19844000000.0,23532331129.0,1972000000.0,5000000.0,-4000000.0,2084000000.0,-1404000000.0,739000000.0,-2732000000.0,-220000000.0,3903000000.0,62000000.0,1184000000.0,1177000000.0,1177000000.0,0.0,0.0,0.042,1840000000.0,1464000000.0,2479000000.0,1.18,3.221,19.993,19.801,15519000000.0,7000000.0,70.49,0.841,0.841,2974000000.0,3940000000.0,27995000000.0,27995000000.0,109000000.0,0.038,0.157,0.046,0.06,55000000.0,1149000000.0,1.0,333839284.0,333839284.0,,83.858,29317000000.0,0.0,58000000.0,1809000000.0,87.818,5977000000.0
4,LYB,MRT,2020-06-30,2020-06-30,2020-06-30,2021-08-02,-2259000000.0,31541000000.0,30797500000.0,10477000000.0,21064000000.0,0.972,22.049,-2721000000.0,2578000000.0,2578000000.0,26075000000.0,2035000000.0,2.362,3.284,15496000000.0,662000000.0,14834000000.0,15496000000.0,0.0,1360000000.0,0.0,0.064,4.2,2742000000.0,4102000000.0,0.137,4102000000.0,2742000000.0,2354000000.0,6.08,6.07,6.08,7358000000.0,7653500000.0,7358000000.0,35145174356.0,13.0,8.568,2231000000.0,6.686,1.0,3866000000.0,0.129,2586000000.0,388000000.0,37438000000.0,35335500000.0,3768000000.0,2756000000.0,651000000.0,2105000000.0,24164000000.0,4435000000.0,19729000000.0,21931174356.0,1270000000.0,5000000.0,-3244000000.0,3799000000.0,-1403000000.0,-785000000.0,-2906000000.0,-67000000.0,4952000000.0,9000000.0,2035000000.0,2028000000.0,2028000000.0,4000000.0,0.0,0.068,1301000000.0,2565000000.0,2194000000.0,0.691,2.981,10.814,10.809,15951000000.0,7000000.0,65.72,0.732,0.732,2588000000.0,4188000000.0,29941000000.0,29941000000.0,108000000.0,0.066,0.265,0.078,0.092,53000000.0,1193000000.0,1.0,333706244.0,333706244.0,,89.723,28955000000.0,0.0,319000000.0,1811000000.0,86.768,6042000000.0
5,LYB,MRT,2020-03-31,2020-03-31,2020-03-31,2021-08-02,-2313000000.0,31100000000.0,30705000000.0,9692000000.0,21408000000.0,1.089,21.957,-2755000000.0,1633000000.0,1633000000.0,28723000000.0,2724000000.0,1.755,3.244,14847000000.0,1496000000.0,13351000000.0,14847000000.0,0.0,1332000000.0,0.0,0.085,4.2,3588000000.0,4920000000.0,0.147,4920000000.0,3588000000.0,3244000000.0,7.84,7.83,7.84,7324000000.0,8494250000.0,7324000000.0,28944328992.0,8.0,5.883,2091000000.0,6.269,1.0,4720000000.0,0.141,2608000000.0,344000000.0,36185000000.0,33798750000.0,3973000000.0,2257000000.0,199000000.0,2058000000.0,23757000000.0,5521000000.0,18236000000.0,16554328992.0,1275000000.0,5000000.0,-3244000000.0,3535000000.0,-1441000000.0,-1430000000.0,-2120000000.0,760000000.0,4846000000.0,-21000000.0,2724000000.0,2717000000.0,2717000000.0,6000000.0,0.0,0.081,1317000000.0,3403000000.0,2638000000.0,0.536,2.26,6.093,6.33,15840000000.0,7000000.0,49.63,0.495,0.495,3043000000.0,4227000000.0,33443000000.0,33443000000.0,110000000.0,0.088,0.32,0.106,0.107,52000000.0,1207000000.0,1.0,333554886.0,333554886.0,,100.262,28492000000.0,0.0,520000000.0,1961000000.0,85.419,4171000000.0
6,LYB,MRT,2019-12-31,2019-12-31,2019-12-31,2021-08-02,-1784000000.0,30435000000.0,30402250000.0,9510000000.0,20925000000.0,1.142,24.126,-2694000000.0,888000000.0,888000000.0,29301000000.0,3397000000.0,1.83,2.781,13278000000.0,448000000.0,12830000000.0,13278000000.0,0.0,1312000000.0,0.0,0.203,19.15,4392000000.0,5704000000.0,0.164,5704000000.0,4392000000.0,4045000000.0,9.59,9.58,9.59,8044000000.0,9197750000.0,8044000000.0,44315654652.0,10.0,7.769,2267000000.0,6.799,1.0,5426000000.0,0.156,2760000000.0,347000000.0,34867000000.0,32491750000.0,4588000000.0,2302000000.0,196000000.0,2106000000.0,22372000000.0,5198000000.0,17174000000.0,31500654652.0,487000000.0,5000000.0,-3752000000.0,2460000000.0,-1462000000.0,-2835000000.0,-1635000000.0,1229000000.0,4961000000.0,-4000000.0,3397000000.0,3390000000.0,3390000000.0,7000000.0,0.0,0.098,1310000000.0,4116000000.0,2928000000.0,1.997,3.916,9.292,9.852,15598000000.0,7000000.0,94.48,0.907,0.907,3102000000.0,4435000000.0,34727000000.0,34727000000.0,111000000.0,0.112,0.369,0.135,0.126,48000000.0,1199000000.0,1.0,333410824.0,333410824.0,,104.157,27675000000.0,0.0,648000000.0,2015000000.0,83.006,4312000000.0
7,LYB,MRT,2019-09-30,2019-09-30,2019-09-30,2021-08-02,-1683000000.0,30114000000.0,29863000000.0,9630000000.0,20484000000.0,1.186,23.529,-2661000000.0,512000000.0,512000000.0,29985000000.0,3477000000.0,1.303,2.815,13327000000.0,2442000000.0,10885000000.0,13327000000.0,0.0,1310000000.0,0.0,0.213,19.1,4431000000.0,5741000000.0,0.162,5741000000.0,4431000000.0,4084000000.0,9.58,9.57,9.58,7888000000.0,9751000000.0,7888000000.0,40392644376.0,9.0,7.036,2355000000.0,7.025,1.0,5439000000.0,0.154,2689000000.0,347000000.0,32852000000.0,31018000000.0,4446000000.0,2172000000.0,53000000.0,2119000000.0,22208000000.0,7388000000.0,14820000000.0,29994644376.0,-20000000.0,37000000.0,-4805000000.0,3231000000.0,-1489000000.0,-3148000000.0,-1868000000.0,880000000.0,5016000000.0,-20000000.0,3477000000.0,3470000000.0,3470000000.0,12000000.0,0.0,0.098,1327000000.0,4112000000.0,3201000000.0,1.994,3.803,8.644,9.339,15179000000.0,7000000.0,89.47,0.847,0.847,3469000000.0,8430000000.0,35424000000.0,35424000000.0,109000000.0,0.116,0.356,0.143,0.125,42000000.0,1218000000.0,1.0,335248065.0,335248065.0,,105.665,27425000000.0,0.0,607000000.0,2018000000.0,81.805,2242000000.0
8,LYB,MRT,2019-06-30,2019-06-30,2019-06-30,2021-08-02,-1462000000.0,31171000000.0,29508500000.0,11088000000.0,20083000000.0,1.249,28.95,-2401000000.0,1308000000.0,1308000000.0,31215000000.0,3625000000.0,1.471,1.905,11706000000.0,2816000000.0,8890000000.0,11706000000.0,0.0,1292000000.0,0.0,0.221,19.05,4679000000.0,5971000000.0,0.162,5971000000.0,4679000000.0,4328000000.0,9.59,9.57,9.59,10721000000.0,10540000000.0,10721000000.0,42724283975.0,9.0,7.155,2180000000.0,5.887,1.0,5642000000.0,0.153,2740000000.0,351000000.0,31291000000.0,29752500000.0,4685000000.0,2164000000.0,52000000.0,2112000000.0,20428000000.0,7538000000.0,12890000000.0,31896283975.0,-1078000000.0,-1739000000.0,-1896000000.0,1284000000.0,-1527000000.0,-2225000000.0,-3426000000.0,864000000.0,4581000000.0,-8000000.0,3625000000.0,3620000000.0,3620000000.0,10000000.0,0.0,0.098,1337000000.0,4305000000.0,3115000000.0,1.986,2.975,8.811,8.981,14845000000.0,5000000.0,86.13,0.865,0.865,3758000000.0,7818000000.0,36857000000.0,36857000000.0,113000000.0,0.123,0.343,0.157,0.127,39000000.0,1224000000.0,1.0,370327226.0,370327226.0,,99.525,28431000000.0,0.0,703000000.0,2008000000.0,76.773,3550000000.0
9,LYB,MRT,2019-03-31,2019-03-31,2019-03-31,2021-08-02,-1418000000.0,29889000000.0,28471500000.0,10286000000.0,19603000000.0,1.335,27.315,-2275000000.0,358000000.0,358000000.0,31963000000.0,4276000000.0,1.467,1.946,11186000000.0,2382000000.0,8804000000.0,11186000000.0,0.0,1264000000.0,0.0,0.226,19.0,5150000000.0,6414000000.0,0.169,6414000000.0,5150000000.0,4789000000.0,11.12,11.09,11.12,10138000000.0,10510250000.0,10138000000.0,40192880392.0,8.0,6.266,2847000000.0,7.671,1.0,6052000000.0,0.159,2748000000.0,361000000.0,30957000000.0,28588750000.0,4496000000.0,2560000000.0,423000000.0,2137000000.0,19729000000.0,7012000000.0,12717000000.0,31206880392.0,-1482000000.0,-1739000000.0,-2247000000.0,857000000.0,-1531000000.0,-3009000000.0,-3548000000.0,604000000.0,5122000000.0,-47000000.0,4276000000.0,4272000000.0,4272000000.0,8000000.0,0.0,0.112,1298000000.0,4754000000.0,3187000000.0,1.709,3.078,7.305,7.561,14331000000.0,4000000.0,84.08,0.821,0.821,3680000000.0,7206000000.0,38015000000.0,38015000000.0,115000000.0,0.15,0.406,0.18,0.135,42000000.0,1183000000.0,1.0,371156998.0,371156998.0,,102.423,27141000000.0,0.0,513000000.0,1967000000.0,73.125,3274000000.0
10,LYB,MRT,2018-12-31,2018-12-31,2018-12-31,2021-08-02,-1363000000.0,28278000000.0,27723250000.0,10566000000.0,17712000000.0,1.407,26.735,-2105000000.0,401000000.0,401000000.0,32529000000.0,4690000000.0,1.917,1.755,9387000000.0,890000000.0,8497000000.0,9387000000.0,0.0,1241000000.0,0.0,0.048,4.0,5663000000.0,6904000000.0,0.177,6904000000.0,5663000000.0,5303000000.0,12.04,12.01,12.04,10257000000.0,10407750000.0,10257000000.0,40041973500.0,7.0,5.8,3366000000.0,8.773,1.0,6475000000.0,0.166,2779000000.0,360000000.0,28972000000.0,27831000000.0,4515000000.0,2995000000.0,892000000.0,2103000000.0,17998000000.0,5513000000.0,12485000000.0,31904973500.0,-1127000000.0,-1739000000.0,-1854000000.0,416000000.0,-1554000000.0,-3008000000.0,-3559000000.0,419000000.0,5471000000.0,-31000000.0,4690000000.0,4688000000.0,4688000000.0,8000000.0,0.0,0.12,1244000000.0,5231000000.0,3087000000.0,0.332,3.111,6.806,6.907,12477000000.0,2000000.0,83.16,0.818,0.818,3503000000.0,6763000000.0,39004000000.0,39004000000.0,115000000.0,0.169,0.45,0.203,0.145,39000000.0,1129000000.0,1.0,383657690.0,383657690.0,,101.664,25499000000.0,0.0,613000000.0,1975000000.0,66.463,5053000000.0
11,LYB,MRT,2018-09-30,2018-09-30,2018-09-30,2021-08-02,-1309000000.0,28696000000.0,27205250000.0,11383000000.0,17313000000.0,1.443,28.367,-1808000000.0,532000000.0,532000000.0,32329000000.0,5892000000.0,1.824,1.596,8669000000.0,1198000000.0,7471000000.0,8669000000.0,0.0,1206000000.0,0.0,0.038,3.9,6217000000.0,7423000000.0,0.189,7423000000.0,6217000000.0,5850000000.0,14.98,14.95,14.98,11044000000.0,10080750000.0,11044000000.0,46063602830.0,7.0,6.206,3848000000.0,9.884,1.0,6934000000.0,0.177,2801000000.0,367000000.0,27790000000.0,27433500000.0,4596000000.0,3092000000.0,944000000.0,2148000000.0,17627000000.0,6242000000.0,11385000000.0,39909602830.0,-679000000.0,-1776000000.0,-801000000.0,-569000000.0,-1531000000.0,-2910000000.0,-3403000000.0,382000000.0,5656000000.0,-22000000.0,5892000000.0,5892000000.0,5892000000.0,7000000.0,0.0,0.15,1156000000.0,5778000000.0,3555000000.0,0.26,3.614,6.774,6.843,12022000000.0,0.0,102.51,1.016,1.016,4087000000.0,6453000000.0,39263000000.0,39263000000.0,116000000.0,0.217,0.584,0.227,0.158,49000000.0,1040000000.0,1.0,389323996.0,389323996.0,,100.849,25895000000.0,0.0,-42000000.0,1774000000.0,66.513,5141000000.0
12,LYB,MRT,2018-06-30,2018-06-30,2018-06-30,2021-08-02,-1358000000.0,27023000000.0,26342000000.0,12349000000.0,14674000000.0,1.428,27.041,-1644000000.0,2386000000.0,2386000000.0,30769000000.0,5835000000.0,2.265,1.549,8540000000.0,1050000000.0,7490000000.0,8540000000.0,0.0,1191000000.0,0.0,0.035,3.8,6313000000.0,7504000000.0,0.199,7504000000.0,6313000000.0,5942000000.0,14.79,14.77,14.79,10602000000.0,9151250000.0,10602000000.0,49841809749.0,8.0,6.642,4057000000.0,10.348,1.0,6855000000.0,0.182,1090000000.0,371000000.0,26636000000.0,27307250000.0,4096000000.0,2983000000.0,933000000.0,2050000000.0,16420000000.0,5451000000.0,10969000000.0,43068809749.0,1646000000.0,155000000.0,-766000000.0,-493000000.0,-1498000000.0,-2765000000.0,-1291000000.0,361000000.0,5701000000.0,1000000.0,5836000000.0,5836000000.0,5836000000.0,7000000.0,-1000000.0,0.155,1062000000.0,5793000000.0,3095000000.0,0.257,4.062,7.38,7.427,11310000000.0,0.0,109.85,1.145,1.145,3889000000.0,17939000000.0,37624000000.0,37624000000.0,113000000.0,0.222,0.638,0.231,0.168,58000000.0,949000000.0,1.0,392069274.0,392069274.0,,95.963,25933000000.0,0.0,106000000.0,1674000000.0,66.144,6898000000.0
13,LYB,MRT,2018-03-31,2018-03-31,2018-03-31,2021-08-02,-1301000000.0,26896000000.0,25615750000.0,12068000000.0,14828000000.0,1.398,24.656,-1555000000.0,1840000000.0,1840000000.0,29080000000.0,5311000000.0,2.625,1.765,8613000000.0,82000000.0,8531000000.0,8613000000.0,0.0,1177000000.0,0.0,0.035,3.7,6274000000.0,7451000000.0,0.208,7451000000.0,6274000000.0,5899000000.0,13.38,13.36,13.38,9728000000.0,8217250000.0,9728000000.0,48787712743.0,8.0,6.548,3979000000.0,10.085,1.0,6741000000.0,0.188,1145000000.0,375000000.0,27926000000.0,27460250000.0,4257000000.0,3255000000.0,1042000000.0,2213000000.0,17167000000.0,4598000000.0,12569000000.0,41696712743.0,1354000000.0,155000000.0,-825000000.0,-544000000.0,-1467000000.0,-2842000000.0,-1404000000.0,174000000.0,5534000000.0,66000000.0,5313000000.0,5313000000.0,5313000000.0,10000000.0,-2000000.0,0.148,997000000.0,5744000000.0,3010000000.0,0.277,4.286,7.848,7.898,11249000000.0,0.0,105.68,1.164,1.164,3859000000.0,16677000000.0,35821000000.0,35821000000.0,109000000.0,0.207,0.647,0.228,0.175,51000000.0,888000000.0,1.0,394556328.0,394556328.0,,90.788,25751000000.0,0.0,586000000.0,1688000000.0,65.266,7470000000.0
14,LYB,MRT,2017-12-31,2017-12-31,2017-12-31,2021-08-02,-1285000000.0,26206000000.0,24833750000.0,11738000000.0,14468000000.0,1.389,22.687,-1547000000.0,1528000000.0,1528000000.0,28059000000.0,4877000000.0,2.457,1.928,8619000000.0,70000000.0,8549000000.0,8619000000.0,0.0,1174000000.0,0.0,0.032,3.55,5968000000.0,7142000000.0,0.207,7142000000.0,5968000000.0,5477000000.0,12.23,12.23,12.23,8949000000.0,7400750000.0,8949000000.0,51220858310.0,9.0,7.172,3659000000.0,9.276,1.0,6425000000.0,0.186,1138000000.0,491000000.0,27382000000.0,27200500000.0,4217000000.0,3379000000.0,1307000000.0,2072000000.0,17256000000.0,4777000000.0,12479000000.0,43516858310.0,650000000.0,155000000.0,-866000000.0,-576000000.0,-1415000000.0,-2859000000.0,-1756000000.0,-259000000.0,5206000000.0,59000000.0,4879000000.0,4879000000.0,4879000000.0,18000000.0,-2000000.0,0.141,965000000.0,5460000000.0,2895000000.0,0.29,4.863,8.919,9.02,10997000000.0,0.0,110.32,1.262,1.262,3539000000.0,15746000000.0,34484000000.0,34484000000.0,106000000.0,0.196,0.659,0.219,0.173,55000000.0,859000000.0,1.0,394460282.0,394460282.0,,87.421,25068000000.0,0.0,598000000.0,1655000000.0,63.55,6961000000.0
15,LYB,MRT,2017-09-30,2017-09-30,2017-09-30,2021-08-02,-1359000000.0,25243000000.0,24142750000.0,11062000000.0,14181000000.0,1.371,18.509,-1713000000.0,1211000000.0,1211000000.0,26951000000.0,3746000000.0,2.399,2.446,8915000000.0,384000000.0,8531000000.0,8915000000.0,0.0,1149000000.0,0.0,0.035,3.5,5665000000.0,6814000000.0,0.206,6814000000.0,5665000000.0,5184000000.0,9.37,9.36,9.37,7326000000.0,6675500000.0,7326000000.0,47523380851.0,8.0,6.974,3724000000.0,9.409,1.0,6145000000.0,0.186,1050000000.0,481000000.0,27285000000.0,26836750000.0,4177000000.0,3386000000.0,1295000000.0,2091000000.0,17916000000.0,4612000000.0,13304000000.0,39204380851.0,467000000.0,220000000.0,-1303000000.0,-261000000.0,-1406000000.0,-2973000000.0,-2025000000.0,-423000000.0,5437000000.0,28000000.0,3748000000.0,3748000000.0,3748000000.0,21000000.0,-2000000.0,0.113,978000000.0,5167000000.0,2735000000.0,0.374,5.351,10.46,10.571,10737000000.0,0.0,99.05,1.185,1.185,3275000000.0,14207000000.0,33096000000.0,33096000000.0,103000000.0,0.155,0.561,0.211,0.171,77000000.0,875000000.0,1.0,395803946.0,395803946.0,,83.617,24193000000.0,0.0,1436000000.0,2447000000.0,61.124,6450000000.0
16,LYB,MRT,2017-06-30,2017-06-30,2017-06-30,2021-08-02,-1375000000.0,24118000000.0,23686750000.0,10075000000.0,14043000000.0,1.349,17.045,-1981000000.0,740000000.0,740000000.0,25915000000.0,3643000000.0,2.439,2.512,9059000000.0,563000000.0,8496000000.0,9059000000.0,0.0,1112000000.0,0.0,0.041,3.45,5484000000.0,6596000000.0,0.206,6596000000.0,5484000000.0,5025000000.0,9.0,8.99,9.0,6866000000.0,6364500000.0,6866000000.0,42538715469.0,8.0,6.449,3302000000.0,8.198,1.0,6030000000.0,0.189,1058000000.0,459000000.0,27248000000.0,26602500000.0,4007000000.0,3314000000.0,1278000000.0,2036000000.0,17250000000.0,4131000000.0,13119000000.0,33992715469.0,-324000000.0,72000000.0,-1826000000.0,-106000000.0,-1401000000.0,-3336000000.0,-2284000000.0,-287000000.0,5283000000.0,13000000.0,3643000000.0,3643000000.0,3643000000.0,21000000.0,0.0,0.114,946000000.0,5084000000.0,2317000000.0,0.383,4.951,9.331,9.377,10551000000.0,0.0,84.39,1.064,1.064,3086000000.0,13506000000.0,31945000000.0,31945000000.0,101000000.0,0.154,0.572,0.206,0.172,59000000.0,845000000.0,1.0,402805018.0,402805018.0,,79.306,23060000000.0,0.0,1382000000.0,2370000000.0,57.249,5944000000.0
17,LYB,MRT,2017-03-31,2017-03-31,2017-03-31,2021-08-02,-1438000000.0,23768000000.0,23516000000.0,9681000000.0,14087000000.0,1.313,16.053,-2137000000.0,486000000.0,486000000.0,25016000000.0,3604000000.0,2.211,2.674,9032000000.0,613000000.0,8419000000.0,9032000000.0,0.0,1092000000.0,0.0,0.037,3.4,5319000000.0,6411000000.0,0.208,6411000000.0,5319000000.0,4872000000.0,8.75,8.74,8.75,6462000000.0,6218750000.0,6462000000.0,44809832439.0,8.0,6.99,2847000000.0,7.073,1.0,5854000000.0,0.19,1048000000.0,447000000.0,26887000000.0,26289250000.0,3875000000.0,3277000000.0,1176000000.0,2101000000.0,17281000000.0,4379000000.0,12902000000.0,36706832439.0,-839000000.0,72000000.0,-2112000000.0,-33000000.0,-1402000000.0,-3553000000.0,-2245000000.0,-88000000.0,4984000000.0,-25000000.0,3603000000.0,3603000000.0,3603000000.0,18000000.0,1000000.0,0.117,944000000.0,4910000000.0,2627000000.0,0.389,5.68,10.188,10.422,10361000000.0,0.0,91.19,1.189,1.189,3292000000.0,12736000000.0,30870000000.0,30870000000.0,100000000.0,0.153,0.579,0.202,0.172,51000000.0,844000000.0,1.0,402531335.0,402531335.0,,76.69,22720000000.0,0.0,1269000000.0,2353000000.0,56.443,5302000000.0
18,LYB,MRT,2016-12-31,2016-12-31,2016-12-31,2021-08-02,-1511000000.0,23442000000.0,23467000000.0,9599000000.0,13843000000.0,1.244,14.841,-2243000000.0,878000000.0,878000000.0,23191000000.0,3837000000.0,2.114,2.872,8981000000.0,596000000.0,8385000000.0,8981000000.0,0.0,1064000000.0,0.0,0.039,3.33,5544000000.0,6608000000.0,0.226,6608000000.0,5544000000.0,5222000000.0,9.15,9.13,9.15,6048000000.0,6189250000.0,6048000000.0,43301393537.0,8.0,6.553,3363000000.0,8.252,1.0,5992000000.0,0.205,1078000000.0,322000000.0,25927000000.0,26003750000.0,3809000000.0,3157000000.0,1147000000.0,2010000000.0,17369000000.0,4540000000.0,12829000000.0,34957393537.0,-53000000.0,209000000.0,-2938000000.0,984000000.0,-1395000000.0,-3349000000.0,-2301000000.0,-140000000.0,5606000000.0,-9000000.0,3836000000.0,3836000000.0,3836000000.0,10000000.0,1000000.0,0.131,932000000.0,5060000000.0,2529000000.0,0.364,5.78,9.113,9.375,10137000000.0,0.0,85.78,1.198,1.198,2842000000.0,12282000000.0,29183000000.0,29183000000.0,99000000.0,0.163,0.62,0.213,0.19,38000000.0,833000000.0,1.0,407523823.0,407523823.0,,71.611,22364000000.0,0.0,1386000000.0,2331000000.0,54.878,5059000000.0
19,LYB,MRT,2016-09-30,2016-09-30,2016-09-30,2021-08-02,-1492000000.0,23419000000.0,23295750000.0,9553000000.0,13866000000.0,1.224,14.63,-2159000000.0,744000000.0,744000000.0,22563000000.0,3869000000.0,2.216,2.846,9088000000.0,624000000.0,8464000000.0,9088000000.0,0.0,1056000000.0,0.0,0.04,3.26,5548000000.0,6604000000.0,0.232,6604000000.0,5548000000.0,5234000000.0,9.07,9.05,9.07,6082000000.0,6314750000.0,6082000000.0,41573127809.0,7.0,6.295,2894000000.0,6.961,1.0,5944000000.0,0.209,1105000000.0,314000000.0,26348000000.0,25604250000.0,4015000000.0,3187000000.0,1090000000.0,2097000000.0,17312000000.0,4310000000.0,13002000000.0,33532127809.0,-732000000.0,144000000.0,-3721000000.0,811000000.0,-1396000000.0,-4311000000.0,-1473000000.0,575000000.0,5053000000.0,-1000000.0,3868000000.0,3868000000.0,3868000000.0,5000000.0,1000000.0,0.136,880000000.0,5064000000.0,2329000000.0,0.359,5.513,8.669,8.893,10057000000.0,0.0,80.66,1.176,1.176,2852000000.0,11865000000.0,28507000000.0,28507000000.0,99000000.0,0.166,0.613,0.217,0.195,53000000.0,781000000.0,1.0,415721892.0,415721892.0,,68.572,22314000000.0,0.0,1366000000.0,2387000000.0,53.675,5243000000.0
20,LYB,MRT,2016-06-30,2016-06-30,2016-06-30,2021-08-02,-1472000000.0,23435000000.0,23424750000.0,9983000000.0,13452000000.0,1.258,14.724,-1946000000.0,1064000000.0,1064000000.0,23125000000.0,4102000000.0,2.294,2.726,9105000000.0,620000000.0,8485000000.0,9105000000.0,0.0,1047000000.0,0.0,0.043,3.19,5955000000.0,7002000000.0,0.238,7002000000.0,5955000000.0,5628000000.0,9.33,9.29,9.33,6283000000.0,6626250000.0,6283000000.0,39537034056.0,7.0,5.647,3543000000.0,8.303,1.0,6351000000.0,0.215,1130000000.0,327000000.0,25995000000.0,25116750000.0,4009000000.0,3041000000.0,1023000000.0,2018000000.0,17128000000.0,4351000000.0,12777000000.0,31757034056.0,-263000000.0,137000000.0,-4201000000.0,826000000.0,-1406000000.0,-4800000000.0,-947000000.0,912000000.0,5489000000.0,-5000000.0,4101000000.0,4101000000.0,4101000000.0,6000000.0,1000000.0,0.139,886000000.0,5465000000.0,2357000000.0,0.342,5.054,7.744,7.976,9681000000.0,0.0,74.42,1.077,1.077,2806000000.0,11264000000.0,29476000000.0,29476000000.0,99000000.0,0.175,0.619,0.237,0.202,53000000.0,787000000.0,1.0,426727144.0,426727144.0,,69.075,22305000000.0,0.0,1527000000.0,2149000000.0,52.27,5632000000.0
21,LYB,MRT,2016-03-31,2016-03-31,2016-03-31,2021-08-02,-1397000000.0,23572000000.0,23717250000.0,10324000000.0,13248000000.0,1.319,14.678,-1661000000.0,1322000000.0,1322000000.0,24470000000.0,4340000000.0,2.325,2.712,9102000000.0,598000000.0,8504000000.0,9102000000.0,0.0,1028000000.0,0.0,0.036,3.12,6385000000.0,7413000000.0,0.237,7413000000.0,6385000000.0,6062000000.0,9.58,9.55,9.58,6344000000.0,7037250000.0,6344000000.0,44084721529.0,7.0,5.947,4013000000.0,9.285,1.0,6823000000.0,0.218,1166000000.0,323000000.0,25745000000.0,24904750000.0,3978000000.0,3482000000.0,1332000000.0,2150000000.0,17204000000.0,4441000000.0,12763000000.0,36987721529.0,-293000000.0,137000000.0,-4283000000.0,873000000.0,-1412000000.0,-4782000000.0,-1200000000.0,315000000.0,5674000000.0,15000000.0,4340000000.0,4340000000.0,4340000000.0,2000000.0,0.0,0.139,916000000.0,5907000000.0,2243000000.0,0.326,5.83,8.523,8.933,9373000000.0,0.0,85.58,1.182,1.182,2683000000.0,10535000000.0,31293000000.0,31293000000.0,100000000.0,0.183,0.617,0.256,0.204,53000000.0,816000000.0,1.0,432200532.0,432200532.0,,72.404,22406000000.0,0.0,1722000000.0,2134000000.0,51.842,5883000000.0
22,LYB,MRT,2015-12-31,2015-12-31,2015-12-31,2021-08-02,-1438000000.0,22757000000.0,23825750000.0,9789000000.0,12968000000.0,1.374,14.574,-1440000000.0,931000000.0,931000000.0,25683000000.0,4474000000.0,2.251,2.471,8028000000.0,357000000.0,7671000000.0,8028000000.0,0.0,1047000000.0,0.0,0.035,3.04,6516000000.0,7563000000.0,0.231,7563000000.0,6516000000.0,6206000000.0,9.62,9.59,9.62,6550000000.0,7320750000.0,6550000000.0,45899668219.0,7.0,6.069,4402000000.0,9.794,1.0,7052000000.0,0.215,1176000000.0,310000000.0,24329000000.0,24560250000.0,4051000000.0,3191000000.0,1064000000.0,2127000000.0,16183000000.0,4349000000.0,11834000000.0,39056668219.0,-102000000.0,0.0,-4656000000.0,1029000000.0,-1410000000.0,-4850000000.0,-1046000000.0,369000000.0,5842000000.0,-48000000.0,4476000000.0,4476000000.0,4476000000.0,5000000.0,-2000000.0,0.137,930000000.0,6122000000.0,2182000000.0,0.316,5.963,8.726,9.033,8991000000.0,0.0,86.9,1.193,1.193,2517000000.0,9841000000.0,32735000000.0,32735000000.0,102000000.0,0.188,0.611,0.265,0.199,53000000.0,828000000.0,1.0,449443823.0,449443823.0,,72.834,21581000000.0,0.0,1730000000.0,2127000000.0,48.017,5440000000.0
23,LYB,MRT,2015-09-30,2015-09-30,2015-09-30,2021-08-02,-1381000000.0,23935000000.0,24191750000.0,11198000000.0,12737000000.0,1.486,15.73,-1360000000.0,1475000000.0,1475000000.0,28880000000.0,4470000000.0,2.156,2.263,8318000000.0,576000000.0,7742000000.0,8318000000.0,0.0,1029000000.0,0.0,0.036,2.96,6545000000.0,7574000000.0,0.211,7574000000.0,6545000000.0,6240000000.0,9.42,9.38,9.42,7328000000.0,7761750000.0,7328000000.0,45820315576.0,7.0,6.05,5338000000.0,11.458,1.0,7074000000.0,0.197,1187000000.0,305000000.0,24398000000.0,24343250000.0,4138000000.0,3686000000.0,1602000000.0,2084000000.0,16583000000.0,5193000000.0,11390000000.0,38835315576.0,289000000.0,0.0,-4877000000.0,1464000000.0,-1411000000.0,-4625000000.0,-1739000000.0,-415000000.0,6698000000.0,-45000000.0,4474000000.0,4474000000.0,4474000000.0,8000000.0,-4000000.0,0.124,927000000.0,6147000000.0,2450000000.0,0.314,5.3,8.68,8.849,8793000000.0,0.0,83.36,1.08,1.08,2924000000.0,9393000000.0,35954000000.0,35954000000.0,106000000.0,0.185,0.576,0.269,0.182,0.0,821000000.0,1.0,465874707.0,465874707.0,,77.175,22748000000.0,0.0,1766000000.0,1987000000.0,48.829,6005000000.0
24,LYB,MRT,2015-06-30,2015-06-30,2015-06-30,2021-08-02,-1307000000.0,24605000000.0,24615750000.0,11990000000.0,12615000000.0,1.612,16.748,-1325000000.0,1328000000.0,1328000000.0,32533000000.0,4541000000.0,2.293,2.101,8313000000.0,585000000.0,7728000000.0,8313000000.0,0.0,1043000000.0,0.0,0.028,2.88,6572000000.0,7615000000.0,0.192,7615000000.0,6572000000.0,6260000000.0,9.32,9.29,9.32,7927000000.0,8390500000.0,7927000000.0,55645115069.0,8.0,7.307,5039000000.0,10.647,1.0,7153000000.0,0.18,1214000000.0,312000000.0,25147000000.0,24305750000.0,4179000000.0,4084000000.0,1989000000.0,2095000000.0,16655000000.0,5229000000.0,11426000000.0,48996115069.0,-705000000.0,0.0,-4858000000.0,1472000000.0,-1408000000.0,-4562000000.0,-2444000000.0,-1155000000.0,6364000000.0,-63000000.0,4547000000.0,4547000000.0,4547000000.0,8000000.0,-6000000.0,0.115,950000000.0,6203000000.0,2755000000.0,0.309,6.181,10.775,11.107,8636000000.0,0.0,103.52,1.235,1.235,3373000000.0,8569000000.0,39686000000.0,39686000000.0,112000000.0,0.185,0.542,0.27,0.166,0.0,838000000.0,1.0,473300957.0,473300957.0,,83.849,23391000000.0,0.0,1713000000.0,2069000000.0,49.421,6761000000.0
25,LYB,MRT,2015-03-31,2015-03-31,2015-03-31,2021-08-02,-1566000000.0,24006000000.0,25128500000.0,11647000000.0,12359000000.0,1.698,15.672,-1462000000.0,1618000000.0,1618000000.0,35741000000.0,4388000000.0,2.302,2.206,8267000000.0,518000000.0,7749000000.0,8267000000.0,0.0,1050000000.0,0.0,0.032,2.8,6321000000.0,7371000000.0,0.173,7371000000.0,6321000000.0,5992000000.0,8.75,8.7,8.75,7478000000.0,9097000000.0,7478000000.0,47967106495.0,8.0,6.508,5253000000.0,11.009,1.0,6917000000.0,0.162,1228000000.0,329000000.0,24367000000.0,24114000000.0,4267000000.0,3470000000.0,1478000000.0,1992000000.0,16500000000.0,5060000000.0,11440000000.0,41893106495.0,-1086000000.0,0.0,-5946000000.0,1403000000.0,-1410000000.0,-5758000000.0,-1963000000.0,-512000000.0,6715000000.0,-80000000.0,4395000000.0,4395000000.0,4395000000.0,8000000.0,-7000000.0,0.103,946000000.0,5971000000.0,2631000000.0,0.32,5.602,9.532,10.034,8430000000.0,0.0,87.8,0.982,0.982,3089000000.0,7607000000.0,42658000000.0,42658000000.0,121000000.0,0.175,0.483,0.262,0.148,0.0,825000000.0,1.0,477142443.0,477142443.0,,89.403,22778000000.0,0.0,1597000000.0,2082000000.0,47.738,6587000000.0
26,LYB,MRT,2014-12-31,2014-12-31,2014-12-31,2021-08-02,-1026000000.0,24221000000.0,26083750000.0,11645000000.0,12576000000.0,1.749,16.606,-1499000000.0,1033000000.0,1033000000.0,38939000000.0,4168000000.0,2.142,1.91,7045000000.0,350000000.0,6695000000.0,7045000000.0,0.0,1019000000.0,0.0,0.034,2.7,6066000000.0,7085000000.0,0.155,7085000000.0,6066000000.0,5714000000.0,8.03,7.99,8.03,8314000000.0,10175250000.0,8314000000.0,45374029424.0,7.0,6.404,4549000000.0,9.086,1.0,6669000000.0,0.146,1335000000.0,352000000.0,23461000000.0,24210750000.0,4517000000.0,3657000000.0,1593000000.0,2064000000.0,15877000000.0,5437000000.0,10440000000.0,39748029424.0,-3419000000.0,0.0,-5788000000.0,1236000000.0,-1403000000.0,-5907000000.0,-3531000000.0,-2038000000.0,6048000000.0,-29000000.0,4174000000.0,4174000000.0,4174000000.0,4000000.0,-6000000.0,0.092,933000000.0,5736000000.0,3064000000.0,0.336,4.781,9.523,9.887,8758000000.0,0.0,79.39,0.872,0.872,3448000000.0,6775000000.0,45608000000.0,45608000000.0,127000000.0,0.16,0.41,0.251,0.133,0.0,806000000.0,1.0,500667961.0,500667961.0,,91.094,22886000000.0,0.0,1540000000.0,2092000000.0,45.711,6208000000.0
27,LYB,MRT,2014-09-30,2014-09-30,2014-09-30,2021-08-02,-510000000.0,25631000000.0,26853000000.0,12932000000.0,12699000000.0,1.73,19.212,-1456000000.0,1185000000.0,1185000000.0,39551000000.0,4552000000.0,2.295,1.601,6811000000.0,58000000.0,6753000000.0,6811000000.0,0.0,1024000000.0,0.0,0.024,2.6,6194000000.0,7218000000.0,0.155,7218000000.0,6194000000.0,5827000000.0,8.55,8.49,8.55,9843000000.0,11216250000.0,9843000000.0,60461625567.0,10.0,8.377,4250000000.0,8.295,1.0,6905000000.0,0.149,1375000000.0,367000000.0,24248000000.0,23759000000.0,5359000000.0,3685000000.0,1544000000.0,2141000000.0,15756000000.0,5634000000.0,10122000000.0,55669625567.0,-3229000000.0,0.0,-5045000000.0,975000000.0,-1665000000.0,-5687000000.0,-3262000000.0,-1805000000.0,5706000000.0,14000000.0,4555000000.0,4555000000.0,4555000000.0,1000000.0,-3000000.0,0.098,982000000.0,5923000000.0,3431000000.0,0.304,5.656,12.222,12.709,8600000000.0,0.0,108.66,1.198,1.198,4105000000.0,6330000000.0,46456000000.0,46456000000.0,141000000.0,0.17,0.406,0.261,0.133,0.0,841000000.0,1.0,512328599.0,512328599.0,,90.676,24256000000.0,0.0,1272000000.0,2259000000.0,47.345,7298000000.0
28,LYB,MRT,2014-06-30,2014-06-30,2014-06-30,2021-08-02,43000000.0,26656000000.0,27148000000.0,13705000000.0,12951000000.0,1.678,20.393,-1541000000.0,2032000000.0,2032000000.0,39123000000.0,4146000000.0,2.435,1.476,6824000000.0,58000000.0,6766000000.0,6824000000.0,0.0,1024000000.0,0.0,0.025,2.4,5683000000.0,6707000000.0,0.147,6707000000.0,5683000000.0,5327000000.0,7.6,7.54,7.6,10753000000.0,11724000000.0,10753000000.0,55612382139.0,10.0,8.292,3847000000.0,7.296,1.0,6419000000.0,0.141,1440000000.0,356000000.0,24380000000.0,23040000000.0,5326000000.0,3477000000.0,1299000000.0,2178000000.0,15868000000.0,5628000000.0,10240000000.0,51490382139.0,-1203000000.0,0.0,-4746000000.0,2423000000.0,-1334000000.0,-3614000000.0,-3062000000.0,-1501000000.0,5388000000.0,85000000.0,4150000000.0,4150000000.0,4150000000.0,1000000.0,-4000000.0,0.091,995000000.0,5424000000.0,3690000000.0,0.316,4.788,12.407,12.849,8740000000.0,0.0,97.65,1.131,1.131,4264000000.0,5430000000.0,45542000000.0,45542000000.0,145000000.0,0.153,0.354,0.247,0.125,0.0,850000000.0,1.0,527295260.0,527295260.0,,86.369,25216000000.0,0.0,1177000000.0,2193000000.0,47.821,8077000000.0
29,LYB,MRT,2014-03-31,2014-03-31,2014-03-31,2021-08-02,98000000.0,27827000000.0,26746000000.0,14993000000.0,12834000000.0,1.665,21.573,-1513000000.0,2705000000.0,2705000000.0,38364000000.0,3897000000.0,2.621,1.357,6827000000.0,61000000.0,6766000000.0,6827000000.0,0.0,1024000000.0,0.0,0.025,2.2,5393000000.0,6417000000.0,0.144,6417000000.0,5393000000.0,5063000000.0,6.97,6.92,6.97,11791000000.0,12043750000.0,11791000000.0,49985286408.0,9.0,7.79,3324000000.0,6.082,1.0,6164000000.0,0.138,1475000000.0,330000000.0,24754000000.0,21856000000.0,5589000000.0,3581000000.0,1402000000.0,2179000000.0,16001000000.0,5720000000.0,10281000000.0,48610286408.0,-177000000.0,0.0,-3150000000.0,2423000000.0,-1225000000.0,-1905000000.0,-3205000000.0,-1672000000.0,4837000000.0,96000000.0,3901000000.0,3901000000.0,3901000000.0,0.0,-4000000.0,0.088,989000000.0,5175000000.0,3642000000.0,0.316,4.123,12.461,12.76,8556000000.0,0.0,88.94,1.092,1.092,4141000000.0,4622000000.0,44528000000.0,44528000000.0,146000000.0,0.146,0.324,0.247,0.121,0.0,843000000.0,1.0,546551455.0,546551455.0,,81.471,26352000000.0,0.0,1162000000.0,2217000000.0,48.215,9273000000.0
30,LYB,MRT,2013-12-31,2013-12-31,2013-12-31,2021-08-02,96000000.0,27298000000.0,25958500000.0,14599000000.0,12699000000.0,1.697,22.539,-1561000000.0,4460000000.0,4460000000.0,37940000000.0,3853000000.0,2.65,1.185,5835000000.0,59000000.0,5776000000.0,5835000000.0,0.0,1021000000.0,0.0,0.025,2.0,5302000000.0,6323000000.0,0.144,6323000000.0,5302000000.0,4993000000.0,6.8,6.75,6.8,12478000000.0,12006250000.0,12478000000.0,45916184632.0,9.0,7.262,3274000000.0,5.914,1.0,6122000000.0,0.139,1509000000.0,309000000.0,21654000000.0,20549250000.0,5279000000.0,2114000000.0,0.0,2114000000.0,14784000000.0,5510000000.0,9274000000.0,44445184632.0,1718000000.0,0.0,-1949000000.0,1449000000.0,-1127000000.0,-1589000000.0,-1602000000.0,0.0,4835000000.0,74000000.0,3857000000.0,3857000000.0,3857000000.0,7000000.0,-4000000.0,0.088,1020000000.0,5102000000.0,3572000000.0,0.294,3.562,11.523,11.806,8457000000.0,0.0,80.28,1.009,1.009,4030000000.0,4004000000.0,44062000000.0,44062000000.0,150000000.0,0.149,0.321,0.258,0.12,0.0,870000000.0,1.0,553627113.0,553627113.0,,79.588,25789000000.0,0.0,1136000000.0,2239000000.0,46.582,9089000000.0
31,LYB,MRT,2013-09-30,2013-09-30,2013-09-30,2021-08-02,-299000000.0,26811000000.0,25189000000.0,14625000000.0,12186000000.0,1.748,20.937,-1534000000.0,4418000000.0,4418000000.0,38171000000.0,3301000000.0,2.719,1.255,5889000000.0,115000000.0,5774000000.0,5889000000.0,0.0,1035000000.0,0.0,0.025,1.8,5002000000.0,6037000000.0,0.137,6037000000.0,5002000000.0,4706000000.0,5.81,5.75,5.81,11874000000.0,11671500000.0,11874000000.0,42717154277.0,9.0,7.076,2955000000.0,5.21,1.0,5850000000.0,0.133,1532000000.0,296000000.0,21372000000.0,19925250000.0,5382000000.0,2202000000.0,0.0,2202000000.0,14902000000.0,5378000000.0,9524000000.0,41531154277.0,887000000.0,0.0,-1251000000.0,1448000000.0,-2329000000.0,-2116000000.0,-1552000000.0,0.0,4489000000.0,66000000.0,3315000000.0,3315000000.0,3315000000.0,27000000.0,-14000000.0,0.075,1053000000.0,4797000000.0,3241000000.0,0.31,3.498,12.528,12.604,8223000000.0,0.0,73.23,0.943,0.943,4041000000.0,3160000000.0,44021000000.0,44021000000.0,163000000.0,0.132,0.284,0.251,0.114,0.0,890000000.0,1.0,567133064.0,567133064.0,,77.62,25279000000.0,0.0,1391000000.0,1966000000.0,44.573,9247000000.0
32,LYB,MRT,2013-06-30,2013-06-30,2013-06-30,2021-08-02,-505000000.0,25048000000.0,24762250000.0,13032000000.0,12016000000.0,1.783,20.907,-1377000000.0,3235000000.0,3235000000.0,38151000000.0,3294000000.0,2.588,1.079,4421000000.0,115000000.0,4306000000.0,4421000000.0,0.0,1009000000.0,0.0,0.026,1.7,5081000000.0,6090000000.0,0.138,6090000000.0,5081000000.0,4795000000.0,5.77,5.71,5.77,12032000000.0,11781000000.0,12032000000.0,39671107602.0,8.0,6.514,4038000000.0,7.016,1.0,5991000000.0,0.136,1554000000.0,286000000.0,19644000000.0,19439000000.0,5197000000.0,2262000000.0,0.0,2262000000.0,12979000000.0,5036000000.0,7943000000.0,38133107602.0,1283000000.0,0.0,-270000000.0,-3000000.0,-2532000000.0,-2802000000.0,-1380000000.0,0.0,5415000000.0,50000000.0,3308000000.0,3308000000.0,3308000000.0,31000000.0,-14000000.0,0.075,1073000000.0,4918000000.0,3324000000.0,0.295,3.169,11.528,11.484,7979000000.0,0.0,66.26,0.864,0.864,4023000000.0,2587000000.0,44142000000.0,44142000000.0,167000000.0,0.134,0.281,0.261,0.115,0.0,906000000.0,1.0,575507208.0,575507208.0,,76.701,23494000000.0,0.0,1487000000.0,1862000000.0,40.823,7996000000.0
33,LYB,MRT,2013-03-31,2013-03-31,2013-03-31,2021-08-02,-599000000.0,24677000000.0,24386500000.0,12655000000.0,12022000000.0,1.816,20.235,-1223000000.0,2885000000.0,2885000000.0,38216000000.0,3135000000.0,2.478,1.116,4423000000.0,116000000.0,4307000000.0,4423000000.0,0.0,999000000.0,0.0,0.025,1.6,5159000000.0,6158000000.0,0.139,6158000000.0,5159000000.0,4532000000.0,5.49,5.43,5.49,11641000000.0,11646000000.0,11641000000.0,38074004907.0,7.0,6.183,3450000000.0,5.997,1.0,6071000000.0,0.137,1581000000.0,627000000.0,19527000000.0,19530750000.0,5270000000.0,2429000000.0,0.0,2429000000.0,12997000000.0,5107000000.0,7890000000.0,36411004907.0,1209000000.0,0.0,0.0,268000000.0,-2501000000.0,-2239000000.0,-1236000000.0,0.0,4673000000.0,11000000.0,3149000000.0,3149000000.0,3149000000.0,35000000.0,-14000000.0,0.071,1068000000.0,5003000000.0,3217000000.0,0.291,3.128,11.563,11.528,7779000000.0,0.0,63.29,0.822,0.822,3878000000.0,1946000000.0,44287000000.0,44287000000.0,169000000.0,0.129,0.27,0.264,0.116,0.0,899000000.0,1.0,575304233.0,575304233.0,,76.98,23096000000.0,0.0,1383000000.0,1834000000.0,40.146,7548000000.0
34,LYB,MRT,2012-12-31,2012-12-31,2012-12-31,2021-08-02,-411000000.0,24220000000.0,24119500000.0,12286000000.0,11934000000.0,1.88,19.366,-1060000000.0,2737000000.0,2737000000.0,39595000000.0,2834000000.0,2.411,1.171,4400000000.0,96000000.0,4304000000.0,4400000000.0,0.0,983000000.0,0.0,0.025,1.45,4830000000.0,5813000000.0,0.128,5813000000.0,4830000000.0,4175000000.0,4.97,4.92,4.97,11139000000.0,11563250000.0,11139000000.0,33643078609.0,7.0,5.788,3727000000.0,6.48,1.0,5757000000.0,0.127,1629000000.0,655000000.0,19158000000.0,19465500000.0,5075000000.0,2363000000.0,0.0,2363000000.0,13041000000.0,5096000000.0,7945000000.0,32837078609.0,1667000000.0,0.0,0.0,268000000.0,-2415000000.0,-2145000000.0,-1013000000.0,0.0,4787000000.0,38000000.0,2848000000.0,2848000000.0,2848000000.0,24000000.0,-14000000.0,0.063,1081000000.0,4676000000.0,3285000000.0,0.292,2.948,11.53,11.487,7696000000.0,0.0,57.09,0.724,0.724,3904000000.0,1274000000.0,45352000000.0,45352000000.0,172000000.0,0.118,0.246,0.248,0.107,0.0,909000000.0,1.0,575180918.0,575180918.0,,78.848,22591000000.0,0.0,1327000000.0,1872000000.0,39.276,7190000000.0
35,LYB,MRT,2012-09-30,2012-09-30,2012-09-30,2021-08-02,-401000000.0,25104000000.0,23774250000.0,13395000000.0,11709000000.0,1.903,21.414,-1016000000.0,3546000000.0,3546000000.0,40020000000.0,1993000000.0,2.776,1.035,4352000000.0,47000000.0,4305000000.0,4352000000.0,0.0,972000000.0,0.0,0.025,1.3,4075000000.0,5047000000.0,0.112,5047000000.0,4075000000.0,2945000000.0,3.47,3.45,3.47,12312000000.0,11426750000.0,12312000000.0,32091166621.0,8.0,6.358,2525000000.0,4.392,1.0,5216000000.0,0.115,1658000000.0,1130000000.0,19427000000.0,19419250000.0,5234000000.0,2347000000.0,0.0,2347000000.0,12743000000.0,4825000000.0,7918000000.0,29702166621.0,-2082000000.0,0.0,-37000000.0,-1555000000.0,-3325000000.0,-4857000000.0,-746000000.0,0.0,3541000000.0,-20000000.0,2001000000.0,2001000000.0,2001000000.0,247000000.0,-8000000.0,0.044,1070000000.0,4146000000.0,3297000000.0,0.375,2.412,14.844,14.888,7412000000.0,0.0,51.66,0.657,0.657,4083000000.0,2454000000.0,45236000000.0,45236000000.0,169000000.0,0.084,0.175,0.21,0.09,0.0,891000000.0,1.0,574954832.0,574954832.0,,78.677,23446000000.0,0.0,944000000.0,1764000000.0,40.779,8570000000.0
36,LYB,MRT,2012-06-30,2012-06-30,2012-06-30,2021-08-02,-589000000.0,23545000000.0,24565000000.0,12366000000.0,11179000000.0,1.892,19.999,-1028000000.0,1964000000.0,1964000000.0,41084000000.0,2044000000.0,2.914,1.044,4353000000.0,48000000.0,4305000000.0,4353000000.0,0.0,973000000.0,0.0,0.027,1.1,4280000000.0,5253000000.0,0.113,5253000000.0,4280000000.0,3065000000.0,3.56,3.5,3.56,11492000000.0,11855000000.0,11492000000.0,25487104292.0,6.0,4.852,2002000000.0,3.484,1.0,5395000000.0,0.116,1679000000.0,1215000000.0,20011000000.0,19859000000.0,5759000000.0,2002000000.0,0.0,2002000000.0,12002000000.0,4244000000.0,7758000000.0,23140104292.0,-2737000000.0,0.0,0.0,-1552000000.0,-3209000000.0,-4741000000.0,-800000000.0,0.0,3030000000.0,-226000000.0,2050000000.0,2050000000.0,2050000000.0,257000000.0,-6000000.0,0.044,1084000000.0,4311000000.0,3004000000.0,0.309,2.014,11.288,11.312,7237000000.0,0.0,40.27,0.498,0.498,3888000000.0,1838000000.0,46479000000.0,46479000000.0,183000000.0,0.083,0.173,0.216,0.092,0.0,891000000.0,1.0,574623896.0,574623896.0,,80.886,21866000000.0,0.0,1015000000.0,1522000000.0,38.053,8122000000.0
37,LYB,MRT,2012-03-31,2012-03-31,2012-03-31,2021-08-02,-218000000.0,23609000000.0,25797500000.0,12098000000.0,11511000000.0,1.881,19.714,-991000000.0,1679000000.0,1679000000.0,43227000000.0,2079000000.0,2.446,1.083,4026000000.0,42000000.0,3984000000.0,4026000000.0,0.0,953000000.0,0.0,0.018,0.8,4161000000.0,5114000000.0,0.105,5114000000.0,4161000000.0,3181000000.0,3.63,3.55,3.63,11310000000.0,12376750000.0,11310000000.0,27956392306.0,7.0,5.467,2561000000.0,4.464,1.0,5310000000.0,0.109,1744000000.0,980000000.0,19266000000.0,20229500000.0,5208000000.0,2092000000.0,0.0,2092000000.0,12246000000.0,4946000000.0,7300000000.0,25042392306.0,-2713000000.0,0.0,0.0,-2098000000.0,-3036000000.0,-5123000000.0,-990000000.0,0.0,3552000000.0,-152000000.0,2084000000.0,2084000000.0,2084000000.0,305000000.0,-5000000.0,0.043,1166000000.0,4144000000.0,3545000000.0,0.22,2.214,12.017,12.025,7426000000.0,0.0,43.65,0.516,0.516,4213000000.0,1298000000.0,48537000000.0,48537000000.0,202000000.0,0.081,0.168,0.206,0.086,0.0,926000000.0,1.0,573708873.0,573708873.0,,84.602,21865000000.0,0.0,1097000000.0,1345000000.0,38.112,7152000000.0
38,LYB,MRT,2011-12-31,2011-12-31,2011-12-31,2021-08-02,-427000000.0,22839000000.0,26882250000.0,11435000000.0,11404000000.0,1.792,18.345,-979000000.0,1118000000.0,1118000000.0,42732000000.0,2140000000.0,2.279,1.151,4032000000.0,52000000.0,3980000000.0,4032000000.0,0.0,931000000.0,0.0,0.017,0.55,4250000000.0,5181000000.0,0.108,5181000000.0,4250000000.0,3206000000.0,3.76,3.74,3.76,10593000000.0,12717000000.0,10593000000.0,18693075212.0,4.0,3.608,1881000000.0,3.257,1.0,5451000000.0,0.113,1762000000.0,1044000000.0,18973000000.0,20703750000.0,5499000000.0,2043000000.0,0.0,2043000000.0,12192000000.0,5018000000.0,7174000000.0,18761075212.0,-3157000000.0,0.0,0.0,-2098000000.0,-2893000000.0,-4955000000.0,-1021000000.0,0.0,2860000000.0,-41000000.0,2147000000.0,2147000000.0,2147000000.0,332000000.0,-7000000.0,0.045,1159000000.0,4292000000.0,3414000000.0,0.146,1.771,8.738,8.641,7333000000.0,0.0,32.49,0.389,0.389,3778000000.0,841000000.0,48183000000.0,48183000000.0,196000000.0,0.08,0.169,0.205,0.088,0.0,918000000.0,1.0,577441527.0,577441527.0,,83.442,21077000000.0,0.0,1059000000.0,1227000000.0,36.501,6417000000.0
39,LYB,MRT,2011-09-30,2011-09-30,2011-09-30,2021-08-02,79000000.0,28267000000.0,27498000000.0,16718000000.0,11549000000.0,1.714,24.537,-736000000.0,5901000000.0,5901000000.0,41291000000.0,3124000000.0,3.229,1.011,5833000000.0,51000000.0,5782000000.0,5833000000.0,0.0,883000000.0,0.0,0.012,0.3,4898000000.0,5781000000.0,0.123,5781000000.0,4898000000.0,4178000000.0,5.47,5.37,5.47,14025000000.0,12952500000.0,14025000000.0,14891724978.0,3.0,2.576,2781000000.0,4.865,1.0,5841000000.0,0.124,1835000000.0,720000000.0,21186000000.0,21051750000.0,5682000000.0,2083000000.0,0.0,2083000000.0,14185000000.0,5178000000.0,9007000000.0,13963724978.0,777000000.0,0.0,37000000.0,-1514000000.0,-171000000.0,-1656000000.0,-1028000000.0,0.0,3517000000.0,-56000000.0,3133000000.0,3133000000.0,3133000000.0,46000000.0,-9000000.0,0.066,1123000000.0,4718000000.0,3307000000.0,0.055,0.996,4.457,4.466,7363000000.0,0.0,24.43,0.296,0.296,4042000000.0,3778000000.0,47132000000.0,47132000000.0,183000000.0,0.114,0.242,0.233,0.104,0.0,908000000.0,1.0,571581047.0,571581047.0,,82.459,26432000000.0,0.0,1045000000.0,1519000000.0,46.244,11540000000.0
40,LYB,MRT,2011-06-30,2011-06-30,2011-06-30,2021-08-02,586000000.0,28475000000.0,26938750000.0,16513000000.0,11962000000.0,1.667,23.906,-615000000.0,4937000000.0,4937000000.0,39632000000.0,2696000000.0,2.762,1.094,5865000000.0,52000000.0,5813000000.0,5865000000.0,0.0,868000000.0,0.0,0.003,0.1,4251000000.0,5119000000.0,0.114,5119000000.0,4251000000.0,3505000000.0,4.75,4.7,4.75,13579000000.0,12166750000.0,13579000000.0,23605901437.0,6.0,4.611,2495000000.0,4.392,1.0,5286000000.0,0.118,1931000000.0,746000000.0,21493000000.0,20995250000.0,5577000000.0,2153000000.0,0.0,2153000000.0,14849000000.0,5979000000.0,8870000000.0,21879901437.0,934000000.0,0.0,0.0,-1593000000.0,-57000000.0,-1626000000.0,-864000000.0,0.0,3110000000.0,314000000.0,2712000000.0,2712000000.0,2712000000.0,29000000.0,-16000000.0,0.06,1086000000.0,4200000000.0,3999000000.0,0.021,1.611,8.068,8.109,7569000000.0,0.0,38.52,0.487,0.487,4920000000.0,2997000000.0,44918000000.0,44918000000.0,165000000.0,0.101,0.223,0.202,0.095,0.0,876000000.0,1.0,568014056.0,568014056.0,,79.079,26544000000.0,0.0,793000000.0,1262000000.0,46.731,10534000000.0
41,LYB,MRT,2011-03-31,2011-03-31,2011-03-31,2021-08-02,460000000.0,27948000000.0,,15973000000.0,11975000000.0,,22.316,,4383000000.0,4383000000.0,,,2.511,1.202,6109000000.0,304000000.0,5805000000.0,6109000000.0,0.0,,0.0,0.0,0.0,,,,,,,,,,12671000000.0,,12671000000.0,24316154260.0,,,,,1.0,,,2151000000.0,,21163000000.0,,5726000000.0,2096000000.0,0.0,2096000000.0,15235000000.0,6360000000.0,8875000000.0,22456154260.0,,,,,,,,,,,,,,,,,,,4099000000.0,,1.772,,,7440000000.0,,39.55,,,4778000000.0,2250000000.0,,,,,,,,,,1.0,567791511.0,567791511.0,,,25797000000.0,0.0,,1273000000.0,45.434,9613000000.0
42,LYB,MRT,2010-12-31,2010-12-31,2010-12-31,2021-08-02,81000000.0,25302000000.0,26531500000.0,13779000000.0,11523000000.0,,20.392,,4233000000.0,4233000000.0,,,2.852,1.188,6082000000.0,46000000.0,6036000000.0,6082000000.0,0.0,,0.0,0.0,0.0,,,,,,,,,,11535000000.0,1279500000.0,11535000000.0,21952177791.0,,,,,1.0,,,1955000000.0,,20365000000.0,32409000000.0,4824000000.0,2091000000.0,0.0,2091000000.0,13706000000.0,4831000000.0,8875000000.0,19459177791.0,,,,,,,,,,,,,,,,,,,2761000000.0,,1.687,,,7190000000.0,,34.4,,,3761000000.0,1587000000.0,,,,,,,,,,1.0,565673773.0,565673773.0,,,23347000000.0,0.0,,975000000.0,41.273,8948000000.0
43,LYB,MRT,2010-09-30,2010-09-30,2010-09-30,2021-08-02,207000000.0,26030000000.0,,13943000000.0,12087000000.0,,19.237,,4832000000.0,4832000000.0,,,2.763,1.386,7325000000.0,526000000.0,6799000000.0,7325000000.0,0.0,,0.0,0.0,0.0,,,,,,,,,,10882000000.0,,10882000000.0,42439603175.0,,,,,1.0,,,2516000000.0,,20960000000.0,,4412000000.0,2083000000.0,0.0,2083000000.0,15087000000.0,5047000000.0,10040000000.0,13519603175.0,,,,,,,,,,,,,,,,,,,2562000000.0,,1.242,,,7216000000.0,,23.9,,,3800000000.0,816000000.0,,,,,,,,,,1.0,565673773.0,565673773.0,,,23514000000.0,0.0,,1601000000.0,41.568,8896000000.0
44,LYB,MRT,2009-12-31,2009-12-31,2009-12-31,2021-08-02,-286000000.0,27761000000.0,28206000000.0,8266000000.0,19495000000.0,1.093,-15.868,-759000000.0,558000000.0,558000000.0,29499000000.0,-2865000000.0,0.797,-4.078,29478000000.0,6679000000.0,22799000000.0,29478000000.0,0.0,1774000000.0,0.0,,0.0,-2481000000.0,-707000000.0,-0.023,-707000000.0,-2481000000.0,-4276000000.0,-5.08,-5.08,-5.08,-8976000000.0,-7528500000.0,-8976000000.0,,,,-1546000000.0,-2.733,1.0,1329000000.0,0.043,1861000000.0,1795000000.0,44453000000.0,32686500000.0,3277000000.0,2130000000.0,11000000.0,2119000000.0,36608000000.0,10367000000.0,26241000000.0,,-300000000.0,-4000000.0,0.0,1122000000.0,0.0,1101000000.0,-611000000.0,23000000.0,-787000000.0,-3000000.0,-2865000000.0,-2865000000.0,-2865000000.0,-1000000.0,0.0,-0.093,3973000000.0,-2644000000.0,2128000000.0,0.0,,,,15152000000.0,0.0,,,,3287000000.0,-9313000000.0,30828000000.0,30828000000.0,145000000.0,-0.102,0.381,-0.076,-0.08,0.0,850000000.0,1.0,565673773.0,565673773.0,,54.498,25900000000.0,0.0,-1411000000.0,2251000000.0,45.786,-2101000000.0
45,LYB,MRT,2008-12-31,2008-12-31,2008-12-31,2021-08-02,-264000000.0,28651000000.0,,7438000000.0,21213000000.0,,,-827000000.0,858000000.0,858000000.0,50036000000.0,-7321000000.0,0.26,-5.689,23969000000.0,23665000000.0,304000000.0,23969000000.0,0.0,1911000000.0,0.0,,0.0,-5693000000.0,-3782000000.0,-0.075,-3782000000.0,-5693000000.0,-8169000000.0,-12.98,-12.98,-12.98,-6081000000.0,,-6081000000.0,,,,263000000.0,,1.0,670000000.0,0.013,2241000000.0,2476000000.0,20920000000.0,,3314000000.0,2411000000.0,32000000.0,2379000000.0,34597000000.0,28601000000.0,5996000000.0,,298000000.0,-1121000000.0,0.0,1083000000.0,0.0,1083000000.0,-1884000000.0,-32000000.0,1090000000.0,9000000.0,-7321000000.0,-7321000000.0,-7321000000.0,-15000000.0,0.0,-0.144,6598000000.0,-5928000000.0,2662000000.0,0.0,,,,16391000000.0,0.0,,,,2585000000.0,-6440000000.0,50706000000.0,50706000000.0,194000000.0,,,,-0.112,0.0,1197000000.0,1.0,,,,,26410000000.0,0.0,-848000000.0,3477000000.0,,-21163000000.0
46,LYB,MRT,2007-12-31,2007-12-31,2007-12-31,2021-08-02,,,,,,,,-411000000.0,,,15196000000.0,661000000.0,,,,,,,,472000000.0,,,0.0,1293000000.0,1765000000.0,0.103,1765000000.0,1293000000.0,940000000.0,1.17,1.17,1.17,,,,,,,769000000.0,,1.0,1924000000.0,0.112,,353000000.0,,,,,,,,,,,-270000000.0,-11470000000.0,0.0,12328000000.0,-522000000.0,10416000000.0,-11899000000.0,0.0,1180000000.0,33000000.0,661000000.0,661000000.0,661000000.0,0.0,0.0,0.039,990000000.0,934000000.0,,0.0,,,,,0.0,,,,,,17120000000.0,17120000000.0,135000000.0,,,,0.076,0.0,740000000.0,1.0,,,,,,,279000000.0,,,
