None,ticker,dimension,calendardate,datekey,reportperiod,lastupdated,accoci,assets,assetsavg,assetsc,assetsnc,assetturnover,bvps,capex,cashneq,cashnequsd,cor,consolinc,currentratio,de,debt,debtc,debtnc,debtusd,deferredrev,depamor,deposits,divyield,dps,ebit,ebitda,ebitdamargin,ebitdausd,ebitusd,ebt,eps,epsdil,epsusd,equity,equityavg,equityusd,ev,evebit,evebitda,fcf,fcfps,fxusd,gp,grossmargin,intangibles,intexp,invcap,invcapavg,inventory,investments,investmentsc,investmentsnc,liabilities,liabilitiesc,liabilitiesnc,marketcap,ncf,ncfbus,ncfcommon,ncfdebt,ncfdiv,ncff,ncfi,ncfinv,ncfo,ncfx,netinc,netinccmn,netinccmnusd,netincdis,netincnci,netmargin,opex,opinc,payables,payoutratio,pb,pe,pe1,ppnenet,prefdivis,price,ps,ps1,receivables,retearn,revenue,revenueusd,rnd,roa,roe,roic,ros,sbcomp,sgna,sharefactor,sharesbas,shareswa,shareswadil,sps,tangibles,taxassets,taxexp,taxliabilities,tbvps,workingcapital
0,LYB,ARY,2020-12-31,2021-02-25,2020-12-31,2021-08-02,-1943000000,35403000000,32498250000.0,11634000000,23769000000,0.854,23.856,-1947000000.0,1765000000,1765000000,24359000000.0,1427000000.0,2.115,3.439,17179000000,671000000,16508000000,17179000000,0,1385000000.0,0,0.04,4.2,1910000000.0,3295000000.0,0.119,3295000000.0,1910000000.0,1384000000.0,4.24,4.24,4.24,7971000000,7489750000.0,7971000000,50300780381,26.0,15.266,1457000000.0,4.361,1.0,3394000000.0,0.122,2704000000,526000000.0,42611000000,38446000000.0,4344000000,5431000000,702000000,4729000000,27415000000,5502000000,21913000000,34886780381,877000000.0,15000000.0,-4000000.0,3612000000.0,-1405000000.0,2271000000.0,-4906000000.0,-2891000000.0,3404000000.0,108000000.0,1427000000.0,1420000000.0,1420000000.0,2000000.0,0.0,0.051,1835000000.0,1559000000.0,2948000000,0.991,4.377,24.568,24.625,15878000000,7000000.0,104.41,1.257,1.257,3441000000,4440000000,27753000000.0,27753000000.0,113000000.0,0.044,0.19,0.05,0.069,55000000.0,1140000000.0,1.0,334132558,334132558,,83.06,32699000000,0,-43000000.0,2332000000,97.862,6132000000
1,LYB,ARY,2019-12-31,2020-02-20,2019-12-31,2021-08-02,-1784000000,30435000000,30402250000.0,9510000000,20925000000,1.142,24.116,-2694000000.0,888000000,888000000,29301000000.0,3397000000.0,1.83,2.781,13278000000,448000000,12830000000,13278000000,0,1312000000.0,0,0.05,4.15,4392000000.0,5704000000.0,0.164,5704000000.0,4392000000.0,4045000000.0,9.59,9.58,9.59,8044000000,9197750000.0,8044000000,40191799748,9.0,7.046,2267000000.0,6.796,1.0,5426000000.0,0.156,2760000000,347000000.0,34867000000,32491750000.0,4588000000,2324000000,196000000,2128000000,22372000000,5198000000,17174000000,27801799748,487000000.0,5000000.0,-3752000000.0,2460000000.0,-1462000000.0,-2835000000.0,-1635000000.0,1229000000.0,4961000000.0,-4000000.0,3397000000.0,3390000000.0,3390000000.0,7000000.0,0.0,0.098,1310000000.0,4116000000.0,2928000000,0.433,3.456,8.201,8.691,15598000000,7000000.0,83.35,0.801,0.801,3102000000,4435000000,34727000000.0,34727000000.0,111000000.0,0.112,0.369,0.135,0.126,48000000.0,1199000000.0,1.0,333554886,333554886,,104.112,27675000000,0,648000000.0,2015000000,82.97,4312000000
2,LYB,ARY,2018-12-31,2019-02-21,2018-12-31,2021-08-02,-1363000000,28278000000,27723250000.0,10566000000,17712000000,1.407,27.635,-2105000000.0,401000000,401000000,32529000000.0,4690000000.0,1.917,1.755,9387000000,890000000,8497000000,9387000000,0,1241000000.0,0,0.215,19.0,5663000000.0,6904000000.0,0.177,6904000000.0,5663000000.0,5303000000.0,12.04,12.01,12.04,10257000000,10407750000.0,10257000000,41833394323,7.0,6.059,3366000000.0,9.069,1.0,6475000000.0,0.166,2779000000,360000000.0,28972000000,27831000000.0,4515000000,2995000000,892000000,2103000000,17998000000,5513000000,12485000000,32847394323,-1127000000.0,-1739000000.0,-1854000000.0,416000000.0,-1554000000.0,-3008000000.0,-3559000000.0,436000000.0,5471000000.0,-31000000.0,4690000000.0,4688000000.0,4688000000.0,8000000.0,0.0,0.12,1244000000.0,5231000000.0,3087000000,1.578,3.202,7.007,7.35,12477000000,2000000.0,88.5,0.842,0.842,3503000000,6763000000,39004000000.0,39004000000.0,115000000.0,0.169,0.45,0.203,0.145,39000000.0,1129000000.0,1.0,371156998,371156998,,105.088,25499000000,0,613000000.0,1975000000,68.701,5053000000
3,LYB,ARY,2017-12-31,2018-02-22,2017-12-31,2021-08-02,-1285000000,26206000000,24833750000.0,11738000000,14468000000,1.389,22.681,-1547000000.0,1528000000,1528000000,28059000000.0,4877000000.0,2.457,1.928,8619000000,70000000,8549000000,8619000000,0,1174000000.0,0,0.032,3.55,5968000000.0,7142000000.0,0.207,7142000000.0,5968000000.0,5477000000.0,12.23,12.23,12.23,8949000000,7400750000.0,8949000000,50819677832,9.0,7.116,3659000000.0,9.274,1.0,6425000000.0,0.186,1138000000,491000000.0,27382000000,27200500000.0,4217000000,3379000000,1307000000,2072000000,17256000000,4777000000,12479000000,43728677832,650000000.0,134000000.0,-866000000.0,-576000000.0,-1415000000.0,-2859000000.0,-1756000000.0,-259000000.0,5206000000.0,59000000.0,4879000000.0,4879000000.0,4879000000.0,18000000.0,-2000000.0,0.141,965000000.0,5460000000.0,2895000000,0.29,4.886,8.963,9.062,10997000000,0.0,110.83,1.268,1.268,3539000000,15746000000,34484000000.0,34484000000.0,106000000.0,0.196,0.659,0.219,0.173,55000000.0,859000000.0,1.0,394556328,394556328,,87.399,25068000000,0,598000000.0,1655000000,63.535,6961000000
4,LYB,ARY,2016-12-31,2017-02-17,2016-12-31,2021-08-02,-1511000000,23442000000,23467000000.0,9599000000,13843000000,1.244,15.025,-2243000000.0,878000000,878000000,23191000000.0,3837000000.0,2.114,2.872,8981000000,596000000,8385000000,8981000000,0,1064000000.0,0,0.036,3.33,5544000000.0,6608000000.0,0.226,6608000000.0,5544000000.0,5222000000.0,9.15,9.13,9.15,6048000000,6189250000.0,6048000000,45502186335,8.0,6.886,3363000000.0,8.355,1.0,5992000000.0,0.205,1078000000,322000000.0,25927000000,26003750000.0,3809000000,3157000000,1147000000,2010000000,17369000000,4540000000,12829000000,37399186335,-49000000.0,144000000.0,-2938000000.0,984000000.0,-1395000000.0,-3349000000.0,-2297000000.0,-140000000.0,5606000000.0,-9000000.0,3836000000.0,3836000000.0,3836000000.0,10000000.0,1000000.0,0.131,932000000.0,5060000000.0,2529000000,0.364,6.184,9.75,10.154,10137000000,0.0,92.91,1.282,1.282,2842000000,12282000000,29183000000.0,29183000000.0,99000000.0,0.163,0.62,0.213,0.19,0.0,833000000.0,1.0,402531335,402531335,,72.499,22364000000,0,1386000000.0,2331000000,55.558,5059000000
5,LYB,ARY,2015-12-31,2016-02-16,2015-12-31,2021-08-02,-1438000000,22757000000,23825750000.0,9789000000,12968000000,1.374,15.155,-1440000000.0,931000000,931000000,25683000000.0,4474000000.0,2.251,2.471,8028000000,357000000,7671000000,8028000000,0,1047000000.0,0,0.039,3.04,6516000000.0,7563000000.0,0.231,7563000000.0,6516000000.0,6206000000.0,9.62,9.59,9.62,6550000000,7320750000.0,6550000000,40778387459,6.0,5.392,4402000000.0,10.185,1.0,7052000000.0,0.215,1176000000,310000000.0,24329000000,24560250000.0,4051000000,3191000000,1064000000,2127000000,16183000000,4349000000,11834000000,33681387459,-107000000.0,0.0,-4656000000.0,1029000000.0,-1410000000.0,-4850000000.0,-1051000000.0,369000000.0,5842000000.0,-48000000.0,4476000000.0,4476000000.0,4476000000.0,5000000.0,-2000000.0,0.137,930000000.0,6122000000.0,2182000000,0.316,5.142,7.525,8.101,8991000000,0.0,77.93,1.029,1.029,2517000000,9841000000,32735000000.0,32735000000.0,102000000.0,0.188,0.611,0.265,0.199,0.0,828000000.0,1.0,432200532,432200532,,75.74,21581000000,0,1730000000.0,2127000000,49.933,5440000000
6,LYB,ARY,2014-12-31,2015-02-17,2014-12-31,2021-08-02,-1026000000,24283000000,26099250000.0,11645000000,12638000000,1.747,17.425,-1499000000.0,1033000000,1033000000,38939000000.0,4168000000.0,2.142,1.917,7107000000,350000000,6757000000,7107000000,0,1019000000.0,0,0.03,2.7,6066000000.0,7085000000.0,0.155,7085000000.0,6066000000.0,5714000000.0,8.03,7.99,8.03,8314000000,10175250000.0,8314000000,48988191323,8.0,6.914,4549000000.0,9.534,1.0,6669000000.0,0.146,1335000000,352000000.0,23585000000,24241750000.0,4517000000,3657000000,1593000000,2064000000,15939000000,5437000000,10502000000,42914191323,-3419000000.0,0.0,-5788000000.0,1236000000.0,-1403000000.0,-5907000000.0,-3531000000.0,-2038000000.0,6048000000.0,-29000000.0,4174000000.0,4174000000.0,4174000000.0,4000000.0,-6000000.0,0.092,933000000.0,5736000000.0,3064000000,0.336,5.162,10.281,11.2,8758000000,0.0,89.94,0.941,0.941,3448000000,6775000000,45608000000.0,45608000000.0,127000000.0,0.16,0.41,0.25,0.133,0.0,806000000.0,1.0,477142443,477142443,,95.586,22948000000,0,1540000000.0,2092000000,48.095,6208000000
7,LYB,ARY,2013-12-31,2014-02-20,2013-12-31,2021-08-02,96000000,27298000000,25958500000.0,14599000000,12699000000,1.697,22.83,-1556000000.0,4460000000,4460000000,37940000000.0,3853000000.0,2.65,1.185,5835000000,59000000,5776000000,5835000000,0,1021000000.0,0,0.023,2.0,5302000000.0,6323000000.0,0.144,6323000000.0,5302000000.0,4993000000.0,6.8,6.75,6.8,12478000000,12006250000.0,12478000000,48269114839,9.0,7.634,3279000000.0,5.999,1.0,6122000000.0,0.139,1509000000,309000000.0,21654000000,20549250000.0,5279000000,2114000000,0,2114000000,14784000000,5510000000,9274000000,46894114839,1718000000.0,0.0,-1949000000.0,1449000000.0,-1127000000.0,-1589000000.0,-1602000000.0,0.0,4835000000.0,74000000.0,3857000000.0,3857000000.0,3857000000.0,7000000.0,-4000000.0,0.088,1021000000.0,5101000000.0,3572000000,0.294,3.758,12.158,12.618,8457000000,0.0,85.8,1.064,1.064,4030000000,4004000000,44062000000.0,44062000000.0,150000000.0,0.149,0.321,0.258,0.12,0.0,870000000.0,1.0,546551455,546551455,,80.618,25789000000,0,1136000000.0,2239000000,47.185,9089000000
8,LYB,ARY,2012-12-31,2013-02-12,2012-12-31,2021-08-02,-411000000,24220000000,24119500000.0,12286000000,11934000000,1.88,19.362,-1048000000.0,2737000000,2737000000,39595000000.0,2834000000.0,2.411,1.171,4400000000,96000000,4304000000,4400000000,0,983000000.0,0,0.024,1.45,4830000000.0,5813000000.0,0.128,5813000000.0,4830000000.0,4175000000.0,4.97,4.92,4.97,11139000000,11563250000.0,11139000000,36474659139,8.0,6.275,3739000000.0,6.499,1.0,5757000000.0,0.127,1629000000,655000000.0,19158000000,19465500000.0,5075000000,2363000000,0,2363000000,13041000000,5096000000,7945000000,34811659139,1667000000.0,0.0,1000000.0,321000000.0,-2415000000.0,-2145000000.0,-1013000000.0,0.0,4787000000.0,38000000.0,2848000000.0,2848000000.0,2848000000.0,24000000.0,-14000000.0,0.063,1077000000.0,4680000000.0,3285000000,0.292,3.125,12.223,12.175,7696000000,0.0,60.51,0.768,0.768,3904000000,1274000000,45352000000.0,45352000000.0,172000000.0,0.118,0.246,0.248,0.107,0.0,909000000.0,1.0,575304233,575304233,,78.831,22591000000,0,1327000000.0,1872000000,39.268,7190000000
9,LYB,ARY,2011-12-31,2012-02-29,2011-12-31,2021-08-02,-427000000,22839000000,26882250000.0,11435000000,11404000000,1.898,18.464,-979000000.0,1118000000,1118000000,45913000000.0,2140000000.0,2.279,1.151,4032000000,52000000,3980000000,4032000000,0,931000000.0,0,0.013,0.55,4239000000.0,5170000000.0,0.101,5170000000.0,4239000000.0,3195000000.0,3.76,3.74,3.76,10593000000,12717000000.0,10593000000,27686749136,7.0,5.355,1890000000.0,3.294,1.0,5122000000.0,0.1,1762000000,1044000000.0,18973000000,20703750000.0,5499000000,2039000000,0,2039000000,12192000000,5018000000,7174000000,24772749136,-3157000000.0,0.0,0.0,-2063000000.0,-2893000000.0,-4964000000.0,-1021000000.0,0.0,2869000000.0,-41000000.0,2147000000.0,2147000000.0,2147000000.0,0.0,-7000000.0,0.042,1169000000.0,3953000000.0,3414000000,0.146,2.339,11.538,11.484,7333000000,0.0,43.18,0.485,0.485,3782000000,841000000,51035000000.0,51035000000.0,196000000.0,0.08,0.169,0.205,0.083,0.0,928000000.0,1.0,573708873,573708873,,88.956,21077000000,0,1048000000.0,1227000000,36.738,6417000000
10,LYB,ARY,2009-12-31,2010-09-28,2009-12-31,2021-08-02,-286000000,27761000000,,8266000000,19495000000,,-15.868,-759000000.0,558000000,558000000,29499000000.0,-2865000000.0,0.797,-4.078,29478000000,6679000000,22799000000,29478000000,0,1774000000.0,0,0.0,0.0,-2481000000.0,-707000000.0,-0.023,-707000000.0,-2481000000.0,-4276000000.0,-5.08,-5.08,-5.08,-8976000000,,-8976000000,42185049977,-17.0,-59.668,-1546000000.0,-2.733,1.0,1329000000.0,0.043,1861000000,1795000000.0,44453000000,,3277000000,2130000000,11000000,2119000000,36608000000,10367000000,26241000000,13265049977,-300000000.0,-4000000.0,0.0,1122000000.0,0.0,1101000000.0,-611000000.0,23000000.0,-787000000.0,-3000000.0,-2865000000.0,-2865000000.0,-2865000000.0,-1000000.0,0.0,-0.093,3973000000.0,-2644000000.0,2128000000,0.0,-1.478,-4.63,-4.616,15152000000,0.0,23.45,0.43,0.43,3287000000,-9313000000,30828000000.0,30828000000.0,145000000.0,,,,-0.08,0.0,850000000.0,1.0,565673773,565673773,,54.498,25900000000,0,-1411000000.0,2251000000,45.786,-2101000000
11,LYB,ARY,2009-12-31,2010-08-26,2009-12-31,2021-08-02,-286000000,27761000000,,8266000000,19495000000,,-15.868,-759000000.0,558000000,558000000,29499000000.0,-2865000000.0,0.797,-4.078,29478000000,6679000000,22799000000,29478000000,0,1774000000.0,0,0.0,0.0,-2481000000.0,-707000000.0,-0.023,-707000000.0,-2481000000.0,-4276000000.0,-5.08,-5.08,-5.08,-8976000000,,-8976000000,40233475460,-16.0,-56.907,-1546000000.0,-2.733,1.0,1329000000.0,0.043,1861000000,1795000000.0,44453000000,,3277000000,2130000000,11000000,2119000000,36608000000,10367000000,26241000000,11313475460,-300000000.0,-4000000.0,0.0,1122000000.0,0.0,1101000000.0,-611000000.0,23000000.0,-787000000.0,-3000000.0,-2865000000.0,-2865000000.0,-2865000000.0,-1000000.0,0.0,-0.093,3973000000.0,-2644000000.0,2128000000,0.0,-1.26,-3.949,-3.937,15152000000,0.0,20.0,0.367,0.367,3287000000,-9313000000,30828000000.0,30828000000.0,145000000.0,,,,-0.08,0.0,850000000.0,1.0,565673773,565673773,,54.498,25900000000,0,-1411000000.0,2251000000,45.786,-2101000000
12,LYB,ARY,2009-12-31,2010-07-26,2009-12-31,2021-08-02,-286000000,27761000000,,8266000000,19495000000,,-15.868,-759000000.0,558000000,558000000,29499000000.0,-2865000000.0,0.797,-4.078,29478000000,6679000000,22799000000,29478000000,0,1774000000.0,0,0.0,0.0,-2481000000.0,-707000000.0,-0.023,-707000000.0,-2481000000.0,-4276000000.0,,,,-8976000000,,-8976000000,38904142093,-16.0,-55.027,-1546000000.0,-2.733,1.0,1329000000.0,0.043,1861000000,1795000000.0,44453000000,,3277000000,2130000000,11000000,2119000000,36608000000,10367000000,26241000000,9984142093,-300000000.0,-4000000.0,0.0,1122000000.0,0.0,1101000000.0,-611000000.0,23000000.0,-787000000.0,-3000000.0,-2865000000.0,-2865000000.0,-2865000000.0,-1000000.0,0.0,-0.093,3973000000.0,-2644000000.0,2128000000,,-1.112,-3.485,,15152000000,0.0,17.65,0.324,0.324,3287000000,-9313000000,30828000000.0,30828000000.0,145000000.0,,,,-0.08,0.0,850000000.0,1.0,565673773,565673773,,54.498,25900000000,0,-1411000000.0,2251000000,45.786,-2101000000
13,LYB,ARY,2009-12-31,2010-06-29,2009-12-31,2021-08-02,-286000000,27761000000,,8266000000,19495000000,,-15.868,-759000000.0,558000000,558000000,29499000000.0,-2865000000.0,0.797,-4.078,29478000000,6679000000,22799000000,29478000000,0,1774000000.0,0,0.0,0.0,-2481000000.0,-707000000.0,-0.023,-707000000.0,-2481000000.0,-4276000000.0,,,,-8976000000,,-8976000000,38112198811,-15.0,-53.907,-1546000000.0,-2.733,1.0,1329000000.0,0.043,1861000000,1795000000.0,44453000000,,3277000000,2130000000,11000000,2119000000,36608000000,10367000000,26241000000,9192198811,-300000000.0,-4000000.0,0.0,1122000000.0,0.0,1101000000.0,-611000000.0,23000000.0,-787000000.0,-3000000.0,-2865000000.0,-2865000000.0,-2865000000.0,-1000000.0,0.0,-0.093,3973000000.0,-2644000000.0,2128000000,,-1.024,-3.208,,15152000000,0.0,16.25,0.298,0.298,3287000000,-9313000000,30828000000.0,30828000000.0,145000000.0,,,,-0.08,0.0,850000000.0,1.0,565673773,565673773,,54.498,25900000000,0,-1411000000.0,2251000000,45.786,-2101000000
14,LYB,ARY,2009-12-31,2010-04-28,2009-12-31,2021-08-02,-286000000,27761000000,,8266000000,19495000000,,-15.868,-759000000.0,558000000,558000000,29499000000.0,-2865000000.0,0.797,-4.078,29478000000,6679000000,22799000000,29478000000,0,1774000000.0,0,0.0,0.0,-2481000000.0,-707000000.0,-0.023,-707000000.0,-2481000000.0,-4276000000.0,,,,-8976000000,,-8976000000,41364823006,-17.0,-58.508,-1546000000.0,-2.733,1.0,1329000000.0,0.043,1861000000,1795000000.0,44453000000,,3277000000,2130000000,11000000,2119000000,36608000000,10367000000,26241000000,12444823006,-300000000.0,-4000000.0,0.0,1122000000.0,0.0,1101000000.0,-611000000.0,23000000.0,-787000000.0,-3000000.0,-2865000000.0,-2865000000.0,-2865000000.0,-1000000.0,0.0,-0.093,3973000000.0,-2644000000.0,2128000000,,-1.386,-4.344,,15152000000,0.0,22.0,0.404,0.404,3287000000,-9313000000,30828000000.0,30828000000.0,145000000.0,,,,-0.08,0.0,850000000.0,1.0,565673773,565673773,,54.498,25900000000,0,-1411000000.0,2251000000,45.786,-2101000000
0,LYB,ARQ,2021-06-30,2021-07-30,2021-06-30,2021-08-02,-1849000000,37259000000,,12897000000,24362000000,,31.46,-431000000.0,1383000000,1383000000,8676000000.0,2059000000.0,1.956,2.539,15537000000,691000000,14846000000,15537000000,0,330000000.0,0,0.043,1.13,2695000000.0,3025000000.0,0.262,3025000000.0,2695000000.0,2565000000.0,6.14,6.13,6.14,10524000000,,10524000000,47381411503,9.0,7.298,1471000000.0,4.397,1.0,2885000000.0,0.25,2608000000,130000000.0,42210000000,,4840000000,5038000000,136000000,4902000000,26721000000,6595000000,20126000000,33227411503,-80000000.0,0.0,0.0,-1298000000.0,-378000000.0,-1688000000.0,-303000000.0,151000000.0,1902000000.0,9000000.0,2059000000.0,2058000000.0,2058000000.0,-2000000.0,0.0,0.178,359000000.0,2526000000.0,3486000000,0.184,3.157,8.122,8.135,16279000000,1000000.0,99.33,0.94,0.94,4897000000,6837000000,11561000000.0,11561000000.0,32000000.0,,,,,16000000.0,327000000.0,1.0,334515368,334515368,,34.56,34651000000,0,506000000.0,2507000000,103.586,6302000000
1,LYB,ARQ,2021-03-31,2021-04-30,2021-03-31,2021-08-02,-1864000000,35746000000,,11964000000,23782000000,,26.319,-340000000.0,1463000000,1463000000,7678000000.0,1070000000.0,1.74,3.06,16624000000,1640000000,14984000000,16624000000,0,335000000.0,0,0.04,1.05,1250000000.0,1585000000.0,0.175,1585000000.0,1250000000.0,1140000000.0,3.19,3.18,3.19,8800000000,,8800000000,49846880018,17.0,11.784,231000000.0,0.691,1.0,1404000000.0,0.155,2621000000,110000000.0,41411000000,,4632000000,5177000000,383000000,4794000000,26932000000,6875000000,20057000000,34685880018,-302000000.0,0.0,0.0,-500000000.0,-352000000.0,-782000000.0,-59000000.0,300000000.0,571000000.0,-32000000.0,1070000000.0,1068000000.0,1068000000.0,2000000.0,0.0,0.118,316000000.0,1088000000.0,3282000000,0.329,3.942,14.785,14.799,15856000000,2000000.0,103.74,1.182,1.182,3961000000,5158000000,9082000000.0,9082000000.0,29000000.0,,,,,19000000.0,287000000.0,1.0,334353962,334353962,,27.163,33125000000,0,70000000.0,2403000000,99.072,5089000000
2,LYB,ARQ,2020-12-31,2021-02-25,2020-12-31,2021-08-02,-1943000000,35403000000,,11634000000,23769000000,,23.856,-274000000.0,1765000000,1765000000,6712000000.0,855000000.0,2.115,3.439,17179000000,671000000,16508000000,17179000000,0,329000000.0,0,0.04,1.05,1084000000.0,1413000000.0,0.178,1413000000.0,1084000000.0,894000000.0,2.55,2.55,2.55,7971000000,,7971000000,50300780381,26.0,15.266,469000000.0,1.404,1.0,1225000000.0,0.154,2704000000,190000000.0,42611000000,,4344000000,5431000000,702000000,4729000000,27415000000,5502000000,21913000000,34886780381,-719000000.0,15000000.0,0.0,1427000000.0,-352000000.0,1079000000.0,-2599000000.0,-2285000000.0,743000000.0,58000000.0,855000000.0,853000000.0,853000000.0,2000000.0,0.0,0.107,332000000.0,893000000.0,2948000000,0.412,4.377,24.568,24.625,15878000000,2000000.0,104.41,1.257,1.257,3441000000,4440000000,7937000000.0,7937000000.0,34000000.0,,,,,12000000.0,298000000.0,1.0,334132558,334132558,,23.754,32699000000,0,39000000.0,2332000000,97.862,6132000000
3,LYB,ARQ,2020-09-30,2020-10-30,2020-09-30,2021-08-02,-2088000000,31949000000,,10759000000,21190000000,,21.88,-425000000.0,2484000000,2484000000,5885000000.0,114000000.0,2.25,3.371,15499000000,618000000,14881000000,15499000000,0,358000000.0,0,0.061,1.05,111000000.0,469000000.0,0.069,469000000.0,111000000.0,-11000000.0,0.33,0.33,0.33,7306000000,,7306000000,35871759999,22.0,11.734,402000000.0,1.204,1.0,891000000.0,0.131,2632000000,122000000.0,37550000000,,4005000000,2981000000,361000000,2620000000,24626000000,4782000000,19844000000,22856759999,-94000000.0,0.0,0.0,-22000000.0,-352000000.0,-376000000.0,-580000000.0,-153000000.0,827000000.0,35000000.0,114000000.0,112000000.0,112000000.0,0.0,0.0,0.017,868000000.0,23000000.0,2479000000,3.182,3.128,19.42,19.228,15519000000,2000000.0,68.45,0.816,0.816,2974000000,3940000000,6776000000.0,6776000000.0,27000000.0,,,,,14000000.0,259000000.0,1.0,333919065,333919065,,20.292,29317000000,0,-125000000.0,1809000000,87.797,5977000000
4,LYB,ARQ,2020-06-30,2020-07-31,2020-06-30,2021-08-02,-2259000000,31541000000,,10477000000,21064000000,,22.041,-588000000.0,2578000000,2578000000,4894000000.0,314000000.0,2.362,3.284,15496000000,662000000,14834000000,15496000000,0,356000000.0,0,0.067,1.05,407000000.0,763000000.0,0.138,763000000.0,407000000.0,282000000.0,0.94,0.94,0.94,7358000000,,7358000000,33789632036,12.0,8.237,704000000.0,2.109,1.0,652000000.0,0.118,2586000000,125000000.0,37438000000,,3768000000,2756000000,651000000,2105000000,24164000000,4435000000,19729000000,20871632036,945000000.0,0.0,0.0,691000000.0,-350000000.0,684000000.0,-1064000000.0,-454000000.0,1292000000.0,33000000.0,314000000.0,313000000.0,313000000.0,1000000.0,0.0,0.056,313000000.0,339000000.0,2194000000,1.117,2.837,10.292,10.283,15951000000,1000000.0,62.52,0.697,0.697,2588000000,4188000000,5546000000.0,5546000000.0,25000000.0,,,,,13000000.0,288000000.0,1.0,333839284,333839284,,16.613,28955000000,0,-32000000.0,1811000000,86.733,6042000000
5,LYB,ARQ,2020-03-31,2020-05-01,2020-03-31,2021-08-02,-2313000000,31100000000,,9692000000,21408000000,,21.947,-660000000.0,1633000000,1633000000,6868000000.0,144000000.0,1.755,3.244,14847000000,1496000000,13351000000,14847000000,0,342000000.0,0,0.076,1.05,308000000.0,650000000.0,0.087,650000000.0,308000000.0,219000000.0,0.42,0.42,0.42,7324000000,,7324000000,31621236419,9.0,6.427,-118000000.0,-0.354,1.0,626000000.0,0.084,2608000000,89000000.0,36185000000,,3973000000,2257000000,199000000,2058000000,23757000000,5521000000,18236000000,18407236419,745000000.0,0.0,-4000000.0,1516000000.0,-351000000.0,884000000.0,-663000000.0,1000000.0,542000000.0,-18000000.0,144000000.0,142000000.0,142000000.0,-1000000.0,0.0,0.019,322000000.0,304000000.0,2638000000,2.5,2.513,6.775,7.036,15840000000,2000000.0,55.16,0.55,0.55,3043000000,4227000000,7494000000.0,7494000000.0,27000000.0,,,,,16000000.0,295000000.0,1.0,333706244,333706244,,22.457,28492000000,0,75000000.0,1961000000,85.38,4171000000
6,LYB,ARQ,2019-12-31,2020-02-20,2019-12-31,2021-08-02,-1784000000,30435000000,,9510000000,20925000000,,24.116,-731000000.0,888000000,888000000,7044000000.0,612000000.0,1.83,2.781,13278000000,448000000,12830000000,13278000000,0,335000000.0,0,0.05,1.05,840000000.0,1175000000.0,0.144,1175000000.0,840000000.0,752000000.0,1.87,1.86,1.87,8044000000,,8044000000,40191799748,9.0,7.046,511000000.0,1.532,1.0,1135000000.0,0.139,2760000000,88000000.0,34867000000,,4588000000,2324000000,196000000,2128000000,22372000000,5198000000,17174000000,27801799748,376000000.0,5000000.0,0.0,-101000000.0,-351000000.0,-453000000.0,-425000000.0,386000000.0,1242000000.0,12000000.0,612000000.0,610000000.0,610000000.0,0.0,0.0,0.075,337000000.0,798000000.0,2928000000,0.561,3.456,8.201,8.691,15598000000,2000000.0,83.35,0.801,0.801,3102000000,4435000000,8179000000.0,8179000000.0,30000000.0,,,,,12000000.0,307000000.0,1.0,333554886,333554886,,24.521,27675000000,0,140000000.0,2015000000,82.97,4312000000
7,LYB,ARQ,2019-09-30,2019-11-01,2019-09-30,2021-08-02,-1683000000,30114000000,,9630000000,20484000000,,23.659,-742000000.0,512000000,512000000,7269000000.0,965000000.0,1.303,2.815,13327000000,2442000000,10885000000,13327000000,0,327000000.0,0,0.204,1.05,1187000000.0,1514000000.0,0.174,1514000000.0,1187000000.0,1101000000.0,2.85,2.85,2.85,7888000000,,7888000000,44022253126,10.0,7.668,1134000000.0,3.401,1.0,1453000000.0,0.167,2689000000,86000000.0,32852000000,,4446000000,2172000000,53000000,2119000000,22208000000,7388000000,14820000000,31207253126,-796000000.0,0.0,-3240000000.0,1689000000.0,-351000000.0,-1900000000.0,-754000000.0,0.0,1876000000.0,-18000000.0,965000000.0,963000000.0,963000000.0,4000000.0,0.0,0.11,329000000.0,1124000000.0,3201000000,0.368,3.956,8.993,9.77,15179000000,2000000.0,93.6,0.881,0.881,3469000000,8430000000,8722000000.0,8722000000.0,26000000.0,,,,,12000000.0,303000000.0,1.0,333410824,333410824,,26.16,27425000000,0,136000000.0,2018000000,82.256,2242000000
8,LYB,ARQ,2019-06-30,2019-08-02,2019-06-30,2021-08-02,-1462000000,31171000000,,11088000000,20083000000,,31.979,-622000000.0,1308000000,1308000000,7542000000.0,1003000000.0,1.471,1.905,11706000000,2816000000,8890000000,11706000000,0,328000000.0,0,0.25,1.05,1253000000.0,1581000000.0,0.175,1581000000.0,1253000000.0,1172000000.0,2.7,2.7,2.7,10721000000,,10721000000,35923787669,8.0,6.016,564000000.0,1.682,1.0,1506000000.0,0.166,2740000000,81000000.0,31291000000,,4685000000,2164000000,52000000,2112000000,20428000000,7538000000,12890000000,25525787669,950000000.0,0.0,0.0,431000000.0,-388000000.0,39000000.0,-278000000.0,373000000.0,1186000000.0,3000000.0,1003000000.0,1002000000.0,1002000000.0,3000000.0,0.0,0.111,329000000.0,1177000000.0,3115000000,0.389,2.381,7.051,7.94,14845000000,1000000.0,76.14,0.693,0.693,3758000000,7818000000,9048000000.0,9048000000.0,27000000.0,,,,,12000000.0,302000000.0,1.0,335248065,335248065,,26.989,28431000000,0,169000000.0,2008000000,84.806,3550000000
9,LYB,ARQ,2019-03-31,2019-04-26,2019-03-31,2021-08-02,-1418000000,29889000000,,10286000000,19603000000,,27.376,-599000000.0,358000000,358000000,7446000000.0,817000000.0,1.467,1.946,11186000000,2382000000,8804000000,11186000000,0,322000000.0,0,0.216,1.0,1112000000.0,1434000000.0,0.163,1434000000.0,1112000000.0,1020000000.0,2.19,2.19,2.19,10138000000,,10138000000,43420499160,8.0,6.77,58000000.0,0.157,1.0,1332000000.0,0.152,2748000000,92000000.0,30957000000,,4496000000,2560000000,423000000,2137000000,19729000000,7012000000,12717000000,32592499160,-43000000.0,0.0,-512000000.0,441000000.0,-372000000.0,-521000000.0,-178000000.0,470000000.0,657000000.0,-1000000.0,817000000.0,815000000.0,815000000.0,0.0,0.0,0.093,315000000.0,1017000000.0,3187000000,0.457,3.215,7.629,7.915,14331000000,2000000.0,88.01,0.857,0.857,3680000000,7206000000,8778000000.0,8778000000.0,28000000.0,,,,,12000000.0,287000000.0,1.0,370327226,370327226,,23.703,27141000000,0,203000000.0,1967000000,73.289,3274000000
10,LYB,ARQ,2018-12-31,2019-02-21,2018-12-31,2021-08-02,-1363000000,28278000000,,10566000000,17712000000,,27.635,-698000000.0,401000000,401000000,7728000000.0,692000000.0,1.917,1.755,9387000000,890000000,8497000000,9387000000,0,333000000.0,0,0.215,16.0,879000000.0,1212000000.0,0.137,1212000000.0,879000000.0,791000000.0,1.84,1.83,1.84,10257000000,,10257000000,41833394323,7.0,6.059,599000000.0,1.614,1.0,1148000000.0,0.129,2779000000,88000000.0,28972000000,,4515000000,2995000000,892000000,2103000000,17998000000,5513000000,12485000000,32847394323,-131000000.0,37000000.0,-1053000000.0,670000000.0,-378000000.0,-766000000.0,-658000000.0,54000000.0,1297000000.0,-4000000.0,692000000.0,690000000.0,690000000.0,5000000.0,0.0,0.078,354000000.0,794000000.0,3087000000,8.696,3.202,7.007,7.35,12477000000,2000000.0,88.5,0.842,0.842,3503000000,6763000000,8876000000.0,8876000000.0,28000000.0,,,,,6000000.0,326000000.0,1.0,371156998,371156998,,23.914,25499000000,0,99000000.0,1975000000,68.701,5053000000
11,LYB,ARQ,2018-09-30,2018-10-30,2018-09-30,2021-08-02,-1309000000,28696000000,,11383000000,17313000000,,28.786,-482000000.0,532000000,532000000,8499000000.0,1113000000.0,1.824,1.596,8669000000,1198000000,7471000000,8669000000,0,309000000.0,0,0.044,1.0,1435000000.0,1744000000.0,0.172,1744000000.0,1435000000.0,1345000000.0,2.86,2.85,2.86,11044000000,,11044000000,42213476026,7.0,5.687,959000000.0,2.5,1.0,1656000000.0,0.163,2801000000,90000000.0,27790000000,,4596000000,3092000000,944000000,2148000000,17627000000,6242000000,11385000000,34076476026,-1854000000.0,-1776000000.0,-331000000.0,-254000000.0,-389000000.0,-977000000.0,-2312000000.0,-16000000.0,1441000000.0,-6000000.0,1113000000.0,1113000000.0,1113000000.0,2000000.0,0.0,0.11,339000000.0,1317000000.0,3555000000,0.35,3.086,5.784,5.929,12022000000,0.0,88.82,0.868,0.868,4087000000,6453000000,10155000000.0,10155000000.0,30000000.0,,,,,9000000.0,309000000.0,1.0,383657690,383657690,,26.469,25895000000,0,232000000.0,1774000000,67.495,5141000000
12,LYB,ARQ,2018-06-30,2018-08-03,2018-06-30,2021-08-02,-1358000000,27023000000,,12349000000,14674000000,,27.232,-496000000.0,2386000000,2386000000,8290000000.0,1654000000.0,2.265,1.549,8540000000,1050000000,7490000000,8540000000,0,300000000.0,0,0.034,1.0,1724000000.0,2024000000.0,0.198,2024000000.0,1724000000.0,1633000000.0,4.23,4.22,4.23,10602000000,,10602000000,49816686151,8.0,6.639,1231000000.0,3.162,1.0,1916000000.0,0.188,1090000000,91000000.0,26636000000,,4096000000,2983000000,933000000,2050000000,16420000000,5451000000,10969000000,43662686151,546000000.0,0.0,-351000000.0,0.0,-392000000.0,-745000000.0,-400000000.0,113000000.0,1727000000.0,-36000000.0,1654000000.0,1654000000.0,1654000000.0,1000000.0,0.0,0.162,290000000.0,1626000000.0,3095000000,0.236,4.118,7.482,7.583,11310000000,0.0,112.15,1.161,1.161,3889000000,17939000000,10206000000.0,10206000000.0,29000000.0,,,,,15000000.0,261000000.0,1.0,389323996,389323996,,26.215,25933000000,0,-21000000.0,1674000000,66.61,6898000000
13,LYB,ARQ,2018-03-31,2018-04-27,2018-03-31,2021-08-02,-1301000000,26896000000,,12068000000,14828000000,,24.812,-429000000.0,1840000000,1840000000,8012000000.0,1231000000.0,2.625,1.765,8613000000,82000000,8531000000,8613000000,0,299000000.0,0,0.035,1.0,1625000000.0,1924000000.0,0.197,1924000000.0,1625000000.0,1534000000.0,3.12,3.11,3.12,9728000000,,9728000000,48595029458,8.0,6.522,577000000.0,1.472,1.0,1755000000.0,0.18,1145000000,91000000.0,27926000000,,4257000000,3255000000,1042000000,2213000000,17167000000,4598000000,12569000000,41822029458,312000000.0,0.0,-119000000.0,0.0,-395000000.0,-520000000.0,-189000000.0,285000000.0,1006000000.0,15000000.0,1231000000.0,1231000000.0,1231000000.0,0.0,0.0,0.126,261000000.0,1494000000.0,3010000000,0.321,4.299,7.872,7.972,11249000000,0.0,106.67,1.168,1.168,3859000000,16677000000,9767000000.0,9767000000.0,28000000.0,,,,,9000000.0,233000000.0,1.0,392069274,392069274,,24.911,25751000000,0,303000000.0,1688000000,65.68,7470000000
14,LYB,ARQ,2017-12-31,2018-02-22,2017-12-31,2021-08-02,-1285000000,26206000000,,11738000000,14468000000,,22.681,-430000000.0,1528000000,1528000000,7528000000.0,1894000000.0,2.457,1.928,8619000000,70000000,8549000000,8619000000,0,298000000.0,0,0.032,0.9,1433000000.0,1731000000.0,0.189,1731000000.0,1433000000.0,1338000000.0,4.77,4.77,4.77,8949000000,,8949000000,50819677832,9.0,7.116,1052000000.0,2.666,1.0,1607000000.0,0.176,1138000000,95000000.0,27382000000,,4217000000,3379000000,1307000000,2072000000,17256000000,4777000000,12479000000,43728677832,317000000.0,0.0,0.0,-315000000.0,-355000000.0,-668000000.0,-502000000.0,0.0,1482000000.0,5000000.0,1894000000.0,1894000000.0,1894000000.0,4000000.0,0.0,0.207,266000000.0,1341000000.0,2895000000,0.189,4.886,8.963,9.062,10997000000,0.0,110.83,1.268,1.268,3539000000,15746000000,9135000000.0,9135000000.0,29000000.0,,,,,55000000.0,237000000.0,1.0,394556328,394556328,,23.153,25068000000,0,-556000000.0,1655000000,63.535,6961000000
15,LYB,ARQ,2017-09-30,2017-10-27,2017-09-30,2021-08-02,-1359000000,25243000000,,11062000000,14181000000,,18.572,-318000000.0,1211000000,1211000000,6939000000.0,1056000000.0,2.399,2.446,8915000000,384000000,8531000000,8915000000,0,294000000.0,0,0.035,0.9,1531000000.0,1825000000.0,0.214,1825000000.0,1531000000.0,1437000000.0,2.67,2.67,2.67,7326000000,,7326000000,46759512521,8.0,6.862,1168000000.0,2.961,1.0,1577000000.0,0.185,1050000000,94000000.0,27285000000,,4177000000,3386000000,1295000000,2091000000,17916000000,4612000000,13304000000,39055512521,471000000.0,155000000.0,-296000000.0,-179000000.0,-356000000.0,-832000000.0,-200000000.0,-37000000.0,1486000000.0,17000000.0,1057000000.0,1057000000.0,1057000000.0,2000000.0,-1000000.0,0.124,245000000.0,1332000000.0,2735000000,0.337,5.331,10.42,10.567,10737000000,0.0,99.01,1.18,1.18,3275000000,14207000000,8516000000.0,8516000000.0,27000000.0,,,,,0.0,218000000.0,1.0,394460282,394460282,,21.589,24193000000,0,380000000.0,2447000000,61.332,6450000000
16,LYB,ARQ,2017-06-30,2017-07-28,2017-06-30,2021-08-02,-1375000000,24118000000,,10075000000,14043000000,,17.347,-407000000.0,740000000,740000000,6601000000.0,1130000000.0,2.439,2.512,9059000000,563000000,8496000000,9059000000,0,286000000.0,0,0.038,0.9,1685000000.0,1971000000.0,0.235,1971000000.0,1685000000.0,1590000000.0,2.82,2.81,2.82,6866000000,,6866000000,43897816706,8.0,6.655,1218000000.0,3.077,1.0,1802000000.0,0.214,1058000000,95000000.0,27248000000,,4007000000,3314000000,1278000000,2036000000,17250000000,4131000000,13119000000,35578816706,252000000.0,-21000000.0,-410000000.0,-115000000.0,-361000000.0,-887000000.0,-515000000.0,-74000000.0,1625000000.0,29000000.0,1131000000.0,1131000000.0,1131000000.0,4000000.0,-1000000.0,0.135,225000000.0,1577000000.0,2317000000,0.319,5.182,9.766,9.988,10551000000,0.0,89.89,1.114,1.114,3086000000,13506000000,8403000000.0,8403000000.0,25000000.0,,,,,0.0,200000000.0,1.0,395803946,395803946,,21.23,23060000000,0,459000000.0,2370000000,58.261,5944000000
17,LYB,ARQ,2017-03-31,2017-04-28,2017-03-31,2021-08-02,-1438000000,23768000000,,9681000000,14087000000,,16.043,-392000000.0,486000000,486000000,6991000000.0,797000000.0,2.211,2.674,9032000000,613000000,8419000000,9032000000,0,296000000.0,0,0.04,0.85,1319000000.0,1615000000.0,0.192,1615000000.0,1319000000.0,1112000000.0,1.98,1.98,1.98,6462000000,,6462000000,42687753326,8.0,6.659,221000000.0,0.549,1.0,1439000000.0,0.171,1048000000,207000000.0,26887000000,,3875000000,3277000000,1176000000,2101000000,17281000000,4379000000,12902000000,34141753326,-390000000.0,0.0,-160000000.0,33000000.0,-343000000.0,-472000000.0,-539000000.0,-148000000.0,613000000.0,8000000.0,797000000.0,797000000.0,797000000.0,8000000.0,0.0,0.095,229000000.0,1210000000.0,2627000000,0.429,5.283,9.476,9.687,10361000000,0.0,84.76,1.106,1.106,3292000000,12736000000,8430000000.0,8430000000.0,25000000.0,,,,,0.0,204000000.0,1.0,402805018,402805018,,20.928,22720000000,0,315000000.0,2353000000,56.404,5302000000
18,LYB,ARQ,2016-12-31,2017-02-17,2016-12-31,2021-08-02,-1511000000,23442000000,,9599000000,13843000000,,15.025,-567000000.0,878000000,878000000,6420000000.0,763000000.0,2.114,2.872,8981000000,596000000,8385000000,8981000000,0,273000000.0,0,0.036,0.85,1130000000.0,1403000000.0,0.181,1403000000.0,1130000000.0,1045000000.0,1.9,1.9,1.9,6048000000,,6048000000,45502186335,8.0,6.886,1146000000.0,2.847,1.0,1327000000.0,0.171,1078000000,85000000.0,25927000000,,3809000000,3157000000,1147000000,2010000000,17369000000,4540000000,12829000000,37399186335,135000000.0,0.0,-437000000.0,0.0,-346000000.0,-782000000.0,-770000000.0,-164000000.0,1713000000.0,-26000000.0,763000000.0,763000000.0,763000000.0,7000000.0,0.0,0.098,279000000.0,1048000000.0,2529000000,0.447,6.184,9.75,10.154,10137000000,0.0,92.91,1.282,1.282,2842000000,12282000000,7747000000.0,7747000000.0,26000000.0,,,,,0.0,253000000.0,1.0,402531335,402531335,,19.246,22364000000,0,282000000.0,2331000000,55.558,5059000000
19,LYB,ARQ,2016-09-30,2016-11-01,2016-09-30,2021-08-02,-1492000000,23419000000,,9553000000,13866000000,,14.924,-586000000.0,744000000,744000000,5903000000.0,953000000.0,2.216,2.846,9088000000,624000000,8464000000,9088000000,0,257000000.0,0,0.042,0.85,1350000000.0,1607000000.0,0.218,1607000000.0,1350000000.0,1278000000.0,2.3,2.3,2.3,6082000000,,6082000000,40216438197,7.0,6.09,746000000.0,1.831,1.0,1462000000.0,0.199,1105000000,72000000.0,26348000000,,4015000000,3187000000,1090000000,2097000000,17312000000,4310000000,13002000000,31872438197,-320000000.0,7000000.0,-819000000.0,-23000000.0,-351000000.0,-1195000000.0,-459000000.0,99000000.0,1332000000.0,2000000.0,952000000.0,952000000.0,952000000.0,2000000.0,1000000.0,0.129,213000000.0,1249000000.0,2329000000,0.37,5.24,8.24,8.623,10057000000,0.0,78.21,1.118,1.118,2852000000,11865000000,7365000000.0,7365000000.0,25000000.0,,,,,0.0,188000000.0,1.0,407523823,407523823,,18.073,22314000000,0,326000000.0,2387000000,54.755,5243000000
20,LYB,ARQ,2016-06-30,2016-07-29,2016-06-30,2021-08-02,-1472000000,23435000000,,9983000000,13452000000,,15.113,-563000000.0,1064000000,1064000000,5702000000.0,1091000000.0,2.294,2.726,9105000000,620000000,8485000000,9105000000,0,266000000.0,0,0.042,0.85,1520000000.0,1786000000.0,0.244,1786000000.0,1520000000.0,1437000000.0,2.57,2.56,2.57,6283000000,,6283000000,39328229592,7.0,5.617,698000000.0,1.679,1.0,1626000000.0,0.222,1130000000,83000000.0,25995000000,,4009000000,3041000000,1023000000,2018000000,17128000000,4351000000,12777000000,31287229592,-258000000.0,0.0,-696000000.0,22000000.0,-362000000.0,-1039000000.0,-471000000.0,125000000.0,1261000000.0,-9000000.0,1091000000.0,1091000000.0,1091000000.0,1000000.0,0.0,0.149,223000000.0,1403000000.0,2357000000,0.331,4.98,7.629,8.066,9681000000,0.0,75.26,1.061,1.061,2806000000,11264000000,7328000000.0,7328000000.0,24000000.0,,,,,0.0,199000000.0,1.0,415721892,415721892,,17.627,22305000000,0,346000000.0,2149000000,53.654,5632000000
21,LYB,ARQ,2016-03-31,2016-04-22,2016-03-31,2021-08-02,-1397000000,23572000000,,10324000000,13248000000,,14.867,-527000000.0,1322000000,1322000000,5166000000.0,1030000000.0,2.325,2.712,9102000000,598000000,8504000000,9102000000,0,268000000.0,0,0.035,0.78,1544000000.0,1812000000.0,0.269,1812000000.0,1544000000.0,1462000000.0,2.38,2.37,2.38,6344000000,,6344000000,46270788389,7.0,6.242,773000000.0,1.811,1.0,1577000000.0,0.234,1166000000,82000000.0,25745000000,,3978000000,3482000000,1332000000,2150000000,17204000000,4441000000,12763000000,38490788389,394000000.0,137000000.0,-986000000.0,985000000.0,-336000000.0,-333000000.0,-597000000.0,-200000000.0,1300000000.0,24000000.0,1030000000.0,1030000000.0,1030000000.0,0.0,0.0,0.153,217000000.0,1360000000.0,2243000000,0.328,6.067,8.869,9.415,9373000000,0.0,90.2,1.23,1.23,2683000000,10535000000,6743000000.0,6743000000.0,24000000.0,,,,,0.0,193000000.0,1.0,426727144,426727144,,15.802,22406000000,0,432000000.0,2134000000,52.507,5883000000
22,LYB,ARQ,2015-12-31,2016-02-16,2015-12-31,2021-08-02,-1438000000,22757000000,,9789000000,12968000000,,15.155,-483000000.0,931000000,931000000,5792000000.0,795000000.0,2.251,2.471,8028000000,357000000,7671000000,8028000000,0,265000000.0,0,0.039,0.78,1134000000.0,1399000000.0,0.198,1399000000.0,1134000000.0,1057000000.0,1.82,1.82,1.82,6550000000,,6550000000,40778387459,6.0,5.392,677000000.0,1.566,1.0,1279000000.0,0.181,1176000000,77000000.0,24329000000,,4051000000,3191000000,1064000000,2127000000,16183000000,4349000000,11834000000,33681387459,-550000000.0,0.0,-1220000000.0,-173000000.0,-347000000.0,-1744000000.0,52000000.0,551000000.0,1160000000.0,-18000000.0,795000000.0,795000000.0,795000000.0,2000000.0,0.0,0.112,227000000.0,1052000000.0,2182000000,0.429,5.142,7.525,8.101,8991000000,0.0,77.93,1.029,1.029,2517000000,9841000000,7071000000.0,7071000000.0,26000000.0,,,,,0.0,201000000.0,1.0,432200532,432200532,,16.36,21581000000,0,262000000.0,2127000000,49.933,5440000000
23,LYB,ARQ,2015-09-30,2015-10-23,2015-09-30,2021-08-02,-1381000000,23935000000,,11198000000,12737000000,,16.305,-373000000.0,1475000000,1475000000,6465000000.0,1186000000.0,2.156,2.263,8318000000,576000000,7742000000,8318000000,0,248000000.0,0,0.031,0.78,1757000000.0,2005000000.0,0.241,2005000000.0,1757000000.0,1672000000.0,2.56,2.54,2.56,7328000000,,7328000000,49162630374,8.0,6.491,1395000000.0,3.104,1.0,1869000000.0,0.224,1187000000,85000000.0,24398000000,,4138000000,3686000000,1602000000,2084000000,16583000000,5193000000,11390000000,42319630374,149000000.0,0.0,-1299000000.0,-8000000.0,-361000000.0,-1684000000.0,67000000.0,436000000.0,1768000000.0,-2000000.0,1185000000.0,1185000000.0,1185000000.0,3000000.0,1000000.0,0.142,219000000.0,1650000000.0,2450000000,0.305,5.775,9.459,9.996,8793000000,0.0,94.16,1.177,1.177,2924000000,9393000000,8334000000.0,8334000000.0,25000000.0,,,,,0.0,194000000.0,1.0,449443823,449443823,,18.543,22748000000,0,487000000.0,1987000000,50.614,6005000000
24,LYB,ARQ,2015-06-30,2015-07-28,2015-06-30,2021-08-02,-1307000000,24605000000,,11990000000,12615000000,,17.015,-278000000.0,1328000000,1328000000,7047000000.0,1329000000.0,2.293,2.101,8313000000,585000000,7728000000,8313000000,0,247000000.0,0,0.031,0.78,1950000000.0,2197000000.0,0.24,2197000000.0,1950000000.0,1871000000.0,2.82,2.82,2.82,7927000000,,7927000000,50059775409,8.0,6.574,1168000000.0,2.507,1.0,2098000000.0,0.229,1214000000,79000000.0,25147000000,,4179000000,4084000000,1989000000,2095000000,16655000000,5229000000,11426000000,43074775409,-291000000.0,0.0,-778000000.0,69000000.0,-368000000.0,-1021000000.0,-727000000.0,-472000000.0,1446000000.0,11000000.0,1330000000.0,1330000000.0,1330000000.0,-3000000.0,-1000000.0,0.145,253000000.0,1845000000.0,2755000000,0.277,5.434,9.473,9.921,8636000000,0.0,92.46,1.085,1.085,3373000000,8569000000,9145000000.0,9145000000.0,25000000.0,,,,,0.0,228000000.0,1.0,465874707,465874707,,19.63,23391000000,0,541000000.0,2069000000,50.209,6761000000
25,LYB,ARQ,2015-03-31,2015-04-24,2015-03-31,2021-08-02,-1566000000,24006000000,,11647000000,12359000000,,15.8,-306000000.0,1618000000,1618000000,6379000000.0,1164000000.0,2.302,2.206,8267000000,518000000,7749000000,8267000000,0,287000000.0,0,0.021,0.7,1675000000.0,1962000000.0,0.24,1962000000.0,1675000000.0,1606000000.0,2.42,2.41,2.42,7478000000,,7478000000,54371935494,9.0,7.376,1162000000.0,2.455,1.0,1806000000.0,0.221,1228000000,69000000.0,24367000000,,4267000000,3470000000,1478000000,1992000000,16500000000,5060000000,11440000000,47722935494,585000000.0,0.0,-1359000000.0,1141000000.0,-334000000.0,-401000000.0,-443000000.0,-146000000.0,1468000000.0,-39000000.0,1166000000.0,1166000000.0,1166000000.0,3000000.0,-2000000.0,0.142,231000000.0,1575000000.0,2631000000,0.289,6.382,10.858,11.523,8430000000,0.0,100.83,1.119,1.119,3089000000,7607000000,8185000000.0,8185000000.0,26000000.0,,,,,0.0,205000000.0,1.0,473300957,473300957,,17.293,22778000000,0,440000000.0,2082000000,48.126,6587000000
26,LYB,ARQ,2014-12-31,2015-02-17,2014-12-31,2021-08-02,-1026000000,24283000000,,11645000000,12638000000,,17.425,-403000000.0,1033000000,1033000000,8989000000.0,791000000.0,2.142,1.917,7107000000,350000000,6757000000,7107000000,0,247000000.0,0,0.03,0.7,1163000000.0,1410000000.0,0.137,1410000000.0,1163000000.0,1091000000.0,1.62,1.61,1.62,8314000000,,8314000000,48988191323,8.0,6.914,1613000000.0,3.381,1.0,1301000000.0,0.126,1335000000,72000000.0,23585000000,,4517000000,3657000000,1593000000,2064000000,15939000000,5437000000,10502000000,42914191323,-154000000.0,0.0,-1441000000.0,262000000.0,-348000000.0,-1519000000.0,-636000000.0,-233000000.0,2016000000.0,-15000000.0,793000000.0,793000000.0,793000000.0,5000000.0,-2000000.0,0.077,224000000.0,1077000000.0,3064000000,0.432,5.162,10.281,11.2,8758000000,0.0,89.94,0.941,0.941,3448000000,6775000000,10290000000.0,10290000000.0,30000000.0,,,,,0.0,194000000.0,1.0,477142443,477142443,,21.566,22948000000,0,298000000.0,2092000000,48.095,6208000000
27,LYB,ARQ,2014-09-30,2014-10-24,2014-09-30,2021-08-02,-510000000,25631000000,,12932000000,12699000000,,19.66,-338000000.0,1185000000,1185000000,10118000000.0,1257000000.0,2.295,1.601,6811000000,58000000,6753000000,6811000000,0,262000000.0,0,0.028,0.7,1784000000.0,2046000000.0,0.17,2046000000.0,1784000000.0,1692000000.0,2.46,2.45,2.46,9843000000,,9843000000,51882712917,8.0,7.188,1096000000.0,2.189,1.0,1948000000.0,0.161,1375000000,92000000.0,24248000000,,5359000000,3685000000,1544000000,2141000000,15756000000,5634000000,10122000000,46256712917,-845000000.0,0.0,-1280000000.0,0.0,-358000000.0,-1621000000.0,-638000000.0,-304000000.0,1434000000.0,-20000000.0,1258000000.0,1258000000.0,1258000000.0,3000000.0,-1000000.0,0.104,242000000.0,1706000000.0,3431000000,0.285,4.699,10.155,10.806,8600000000,0.0,92.39,0.996,0.996,4105000000,6330000000,12066000000.0,12066000000.0,31000000.0,,,,,0.0,211000000.0,1.0,500667961,500667961,,24.1,24256000000,0,434000000.0,2259000000,48.447,7298000000
28,LYB,ARQ,2014-06-30,2014-07-25,2014-06-30,2021-08-02,43000000,26656000000,,13705000000,12951000000,,20.988,-415000000.0,2032000000,2032000000,10255000000.0,1176000000.0,2.435,1.476,6824000000,58000000,6766000000,6824000000,0,254000000.0,0,0.022,0.0,1699000000.0,1953000000.0,0.161,1953000000.0,1699000000.0,1603000000.0,2.25,2.23,2.25,10753000000,,10753000000,59862201107,11.0,8.925,1382000000.0,2.697,1.0,1862000000.0,0.154,1440000000,96000000.0,24380000000,,5326000000,3477000000,1299000000,2178000000,15868000000,5628000000,10240000000,55070201107,-672000000.0,0.0,-1866000000.0,0.0,-370000000.0,-2217000000.0,-246000000.0,171000000.0,1797000000.0,-6000000.0,1178000000.0,1178000000.0,1178000000.0,-3000000.0,-2000000.0,0.097,249000000.0,1613000000.0,3690000000,0.0,5.121,13.27,14.143,8740000000,0.0,107.49,1.209,1.209,4264000000,5430000000,12117000000.0,12117000000.0,34000000.0,,,,,0.0,215000000.0,1.0,512328599,512328599,,23.651,25216000000,0,425000000.0,2193000000,49.218,8077000000
29,LYB,ARQ,2014-03-31,2014-04-29,2014-03-31,2021-08-02,98000000,27827000000,,14993000000,12834000000,,22.361,-343000000.0,2705000000,2705000000,9577000000.0,944000000.0,2.621,1.357,6827000000,61000000,6766000000,6827000000,0,256000000.0,0,0.032,1.3,1420000000.0,1676000000.0,0.151,1676000000.0,1420000000.0,1328000000.0,1.73,1.72,1.73,11791000000,,11791000000,52090049802,10.0,8.118,458000000.0,0.869,1.0,1558000000.0,0.14,1475000000,92000000.0,24754000000,,5589000000,3581000000,1402000000,2179000000,16001000000,5720000000,10281000000,47968049802,-1748000000.0,0.0,-1201000000.0,974000000.0,-327000000.0,-550000000.0,-2011000000.0,-1672000000.0,801000000.0,12000000.0,945000000.0,945000000.0,945000000.0,-1000000.0,-1000000.0,0.085,218000000.0,1340000000.0,3642000000,0.751,4.068,12.296,13.052,8556000000,0.0,90.97,1.077,1.077,4141000000,4622000000,11135000000.0,11135000000.0,32000000.0,,,,,0.0,186000000.0,1.0,527295260,527295260,,21.117,26352000000,0,383000000.0,2217000000,49.976,9273000000
30,LYB,ARQ,2013-12-31,2014-02-20,2013-12-31,2021-08-02,96000000,27298000000,,14599000000,12699000000,,22.83,-355000000.0,4460000000,4460000000,9601000000.0,1175000000.0,2.65,1.185,5835000000,59000000,5776000000,5835000000,0,252000000.0,0,0.023,0.6,1291000000.0,1543000000.0,0.139,1543000000.0,1291000000.0,1204000000.0,2.11,2.09,2.11,12478000000,,12478000000,48269114839,9.0,7.634,1286000000.0,2.353,1.0,1537000000.0,0.138,1509000000,87000000.0,21654000000,,5279000000,2114000000,0,2114000000,14784000000,5510000000,9274000000,46894114839,36000000.0,0.0,-698000000.0,1000000.0,-610000000.0,-1266000000.0,-367000000.0,0.0,1641000000.0,28000000.0,1174000000.0,1174000000.0,1174000000.0,2000000.0,1000000.0,0.105,274000000.0,1263000000.0,3572000000,0.284,3.758,12.158,12.618,8457000000,0.0,85.8,1.064,1.064,4030000000,4004000000,11138000000.0,11138000000.0,44000000.0,,,,,0.0,229000000.0,1.0,546551455,546551455,,20.379,25789000000,0,30000000.0,2239000000,47.185,9089000000
31,LYB,ARQ,2013-09-30,2013-10-29,2013-09-30,2021-08-02,-299000000,26811000000,,14625000000,12186000000,,21.448,-423000000.0,4418000000,4418000000,9690000000.0,851000000.0,2.719,1.255,5889000000,115000000,5774000000,5889000000,0,262000000.0,0,0.024,0.5,1273000000.0,1535000000.0,0.138,1535000000.0,1273000000.0,1192000000.0,1.51,1.5,1.51,11874000000,,11874000000,43303064658,9.0,7.173,708000000.0,1.279,1.0,1462000000.0,0.131,1532000000,81000000.0,21372000000,,5382000000,2202000000,0,2202000000,14902000000,5378000000,9524000000,41832064658,1181000000.0,0.0,-981000000.0,1448000000.0,-27000000.0,437000000.0,-438000000.0,0.0,1131000000.0,51000000.0,853000000.0,853000000.0,853000000.0,3000000.0,-2000000.0,0.076,255000000.0,1207000000.0,3241000000,0.331,3.523,12.619,13.005,8223000000,0.0,75.56,0.95,0.95,4041000000,3160000000,11152000000.0,11152000000.0,35000000.0,,,,,0.0,220000000.0,1.0,553627113,553627113,,20.144,25279000000,0,339000000.0,1966000000,45.661,9247000000
32,LYB,ARQ,2013-06-30,2013-07-26,2013-06-30,2021-08-02,-505000000,25048000000,,13032000000,12016000000,,21.215,-387000000.0,3235000000,3235000000,9496000000.0,927000000.0,2.588,1.079,4421000000,115000000,4306000000,4421000000,0,254000000.0,0,0.025,0.5,1409000000.0,1663000000.0,0.15,1663000000.0,1409000000.0,1339000000.0,1.62,1.61,1.62,12032000000,,12032000000,39410768514,8.0,6.471,877000000.0,1.546,1.0,1607000000.0,0.145,1554000000,70000000.0,19644000000,,5197000000,2262000000,0,2262000000,12979000000,5036000000,7943000000,38224768514,354000000.0,0.0,-270000000.0,0.0,-261000000.0,-526000000.0,-389000000.0,0.0,1264000000.0,5000000.0,929000000.0,929000000.0,929000000.0,-4000000.0,-2000000.0,0.084,243000000.0,1364000000.0,3324000000,0.309,3.177,11.555,11.681,7979000000,0.0,67.4,0.866,0.866,4023000000,2587000000,11103000000.0,11103000000.0,35000000.0,,,,,0.0,208000000.0,1.0,567133064,567133064,,19.577,23494000000,0,410000000.0,1862000000,41.426,7996000000
33,LYB,ARQ,2013-03-31,2013-04-26,2013-03-31,2021-08-02,-599000000,24677000000,,12655000000,12022000000,,20.227,-391000000.0,2885000000,2885000000,9153000000.0,900000000.0,2.478,1.116,4423000000,116000000,4307000000,4423000000,0,253000000.0,0,0.027,0.4,1329000000.0,1582000000.0,0.148,1582000000.0,1329000000.0,1258000000.0,1.56,1.55,1.56,11641000000,,11641000000,36149003489,7.0,5.87,408000000.0,0.709,1.0,1516000000.0,0.142,1581000000,71000000.0,19527000000,,5270000000,2429000000,0,2429000000,12997000000,5107000000,7890000000,34611003489,147000000.0,0.0,0.0,0.0,-229000000.0,-234000000.0,-408000000.0,0.0,799000000.0,-10000000.0,901000000.0,901000000.0,901000000.0,6000000.0,-1000000.0,0.084,249000000.0,1267000000.0,3217000000,0.256,2.973,10.991,10.954,7779000000,0.0,60.14,0.782,0.782,3878000000,1946000000,10669000000.0,10669000000.0,36000000.0,,,,,0.0,213000000.0,1.0,575507208,575507208,,18.538,23096000000,0,357000000.0,1834000000,40.132,7548000000
34,LYB,ARQ,2012-12-31,2013-02-12,2012-12-31,2021-08-02,-411000000,24220000000,,12286000000,11934000000,,19.362,-333000000.0,2737000000,2737000000,9832000000.0,623000000.0,2.411,1.171,4400000000,96000000,4304000000,4400000000,0,266000000.0,0,0.024,0.4,991000000.0,1257000000.0,0.113,1257000000.0,991000000.0,917000000.0,1.12,1.09,1.12,11139000000,,11139000000,36474659139,8.0,6.275,977000000.0,1.698,1.0,1265000000.0,0.114,1629000000,74000000.0,19158000000,,5075000000,2363000000,0,2363000000,13041000000,5096000000,7945000000,34811659139,-795000000.0,0.0,0.0,53000000.0,-1812000000.0,-1808000000.0,-317000000.0,0.0,1310000000.0,20000000.0,632000000.0,632000000.0,632000000.0,22000000.0,-9000000.0,0.057,306000000.0,959000000.0,3285000000,0.357,3.125,12.223,12.175,7696000000,0.0,60.51,0.768,0.768,3904000000,1274000000,11097000000.0,11097000000.0,57000000.0,,,,,0.0,249000000.0,1.0,575304233,575304233,,19.289,22591000000,0,285000000.0,1872000000,39.268,7190000000
35,LYB,ARQ,2012-09-30,2012-10-26,2012-09-30,2021-08-02,-401000000,25104000000,,13395000000,11709000000,,21.405,-264000000.0,3546000000,3546000000,9670000000.0,844000000.0,2.776,1.035,4352000000,47000000,4305000000,4352000000,0,236000000.0,0,0.024,0.4,1352000000.0,1588000000.0,0.141,1588000000.0,1352000000.0,1281000000.0,1.47,1.46,1.47,12312000000,,12312000000,31721974342,8.0,6.277,1783000000.0,3.1,1.0,1603000000.0,0.142,1658000000,71000000.0,19427000000,,5234000000,2347000000,0,2347000000,12743000000,4825000000,7918000000,30915974342,1577000000.0,0.0,1000000.0,-3000000.0,-230000000.0,-239000000.0,-266000000.0,0.0,2047000000.0,35000000.0,846000000.0,846000000.0,846000000.0,7000000.0,-2000000.0,0.075,275000000.0,1328000000.0,3297000000,0.272,2.511,15.45,15.49,7412000000,0.0,53.75,0.674,0.674,4083000000,2454000000,11273000000.0,11273000000.0,39000000.0,,,,,0.0,236000000.0,1.0,575180918,575180918,,19.599,23446000000,0,435000000.0,1764000000,40.763,8570000000
36,LYB,ARQ,2012-06-30,2012-07-27,2012-06-30,2021-08-02,-589000000,23545000000,,12366000000,11179000000,,19.988,-227000000.0,1964000000,1964000000,9561000000.0,768000000.0,2.914,1.044,4353000000,48000000,4305000000,4353000000,0,244000000.0,0,0.025,0.4,1487000000.0,1731000000.0,0.154,1731000000.0,1487000000.0,1076000000.0,1.34,1.33,1.34,11492000000,,11492000000,27980239572,7.0,5.338,282000000.0,0.49,1.0,1687000000.0,0.15,1679000000,411000000.0,20011000000,,5759000000,2002000000,0,2002000000,12002000000,4244000000,7758000000,25591239572,280000000.0,0.0,0.0,282000000.0,-230000000.0,50000000.0,-245000000.0,0.0,509000000.0,-34000000.0,770000000.0,770000000.0,770000000.0,0.0,-2000000.0,0.068,239000000.0,1448000000.0,3004000000,0.299,2.227,12.484,12.503,7237000000,0.0,44.51,0.535,0.535,3888000000,1838000000,11248000000.0,11248000000.0,37000000.0,,,,,0.0,201000000.0,1.0,574954832,574954832,,19.563,21866000000,0,306000000.0,1522000000,38.031,8122000000
37,LYB,ARQ,2012-03-31,2012-04-30,2012-03-31,2021-08-02,-218000000,23609000000,,12098000000,11511000000,,19.682,-224000000.0,1679000000,1679000000,10670000000.0,599000000.0,2.446,1.083,4026000000,42000000,3984000000,4026000000,0,237000000.0,0,0.019,0.25,1001000000.0,1238000000.0,0.104,1238000000.0,1001000000.0,902000000.0,1.04,1.04,1.04,11310000000,,11310000000,26354786375,6.0,5.164,697000000.0,1.213,1.0,1209000000.0,0.102,1744000000,99000000.0,19266000000,,5208000000,2092000000,0,2092000000,12246000000,4946000000,7300000000,24007786375,605000000.0,0.0,0.0,-11000000.0,-143000000.0,-148000000.0,-185000000.0,0.0,921000000.0,17000000.0,600000000.0,600000000.0,600000000.0,0.0,-1000000.0,0.051,258000000.0,951000000.0,3545000000,0.24,2.123,11.52,11.51,7426000000,0.0,41.78,0.474,0.474,4213000000,1298000000,11879000000.0,11879000000.0,39000000.0,,,,,0.0,224000000.0,1.0,574623896,574623896,,20.673,21865000000,0,302000000.0,1345000000,38.051,7152000000
38,LYB,ARQ,2011-12-31,2012-02-29,2011-12-31,2021-08-02,-427000000,22839000000,,11435000000,11404000000,,18.464,-289000000.0,1118000000,1118000000,10958000000.0,-218000000.0,2.279,1.151,4032000000,52000000,3980000000,4032000000,0,255000000.0,0,0.013,0.25,242000000.0,497000000.0,0.043,497000000.0,242000000.0,-307000000.0,-0.38,-0.38,-0.38,10593000000,,10593000000,27686749136,7.0,5.355,-198000000.0,-0.345,1.0,486000000.0,0.042,1762000000,549000000.0,18973000000,,5499000000,2039000000,0,2039000000,12192000000,5018000000,7174000000,24772749136,-4544000000.0,0.0,0.0,-1788000000.0,-2722000000.0,-4547000000.0,-50000000.0,0.0,91000000.0,-38000000.0,-215000000.0,-215000000.0,-215000000.0,0.0,-3000000.0,-0.019,300000000.0,186000000.0,3414000000,-0.658,2.339,11.538,11.484,7333000000,0.0,43.18,0.485,0.485,3782000000,841000000,11444000000.0,11444000000.0,54000000.0,,,,,0.0,231000000.0,1.0,573708873,573708873,,19.947,21077000000,0,-92000000.0,1227000000,36.738,6417000000
39,LYB,ARQ,2011-09-30,2011-11-01,2011-09-30,2021-08-02,79000000,28267000000,,16718000000,11549000000,,24.288,-278000000.0,5901000000,5901000000,11538000000.0,895000000.0,3.229,1.011,5833000000,51000000,5782000000,5833000000,0,237000000.0,0,0.009,0.0,1539000000.0,1776000000.0,0.134,1776000000.0,1539000000.0,1384000000.0,1.56,1.51,1.56,14025000000,,14025000000,18473647432,4.0,3.202,1253000000.0,2.17,1.0,1759000000.0,0.132,1835000000,155000000.0,21186000000,,5682000000,2083000000,0,2083000000,14185000000,5178000000,9007000000,18541647432,922000000.0,0.0,0.0,0.0,-114000000.0,-118000000.0,-320000000.0,0.0,1531000000.0,-171000000.0,895000000.0,895000000.0,895000000.0,0.0,0.0,0.067,292000000.0,1467000000.0,3307000000,0.0,1.322,5.918,5.87,7363000000,0.0,32.11,0.369,0.369,4042000000,3778000000,13297000000.0,13297000000.0,53000000.0,,,,,0.0,239000000.0,1.0,577441527,577441527,,23.027,26432000000,0,489000000.0,1519000000,45.774,11540000000
40,LYB,ARQ,2011-06-30,2011-08-15,2011-06-30,2021-08-02,586000000,28475000000,,16513000000,11962000000,,23.757,-196000000.0,4937000000,4937000000,12474000000.0,803000000.0,2.762,1.094,5865000000,52000000,5813000000,5865000000,0,224000000.0,0,0.009,0.2,1369000000.0,1593000000.0,0.113,1593000000.0,1369000000.0,1192000000.0,1.41,1.38,1.41,13579000000,,13579000000,20327460735,5.0,3.868,830000000.0,1.452,1.0,1568000000.0,0.112,1931000000,177000000.0,21493000000,,5577000000,2153000000,0,2153000000,14849000000,5979000000,8870000000,19399460735,304000000.0,0.0,0.0,-275000000.0,-57000000.0,-327000000.0,-435000000.0,0.0,1026000000.0,40000000.0,804000000.0,804000000.0,804000000.0,0.0,-1000000.0,0.057,331000000.0,1237000000.0,3999000000,0.142,1.429,7.153,7.145,7569000000,0.0,33.94,0.411,0.411,4920000000,2997000000,14042000000.0,14042000000.0,56000000.0,,,,,0.0,247000000.0,1.0,571581047,571581047,,24.567,26544000000,0,388000000.0,1262000000,46.44,10534000000
41,LYB,ARQ,2011-03-31,2011-05-05,2011-03-31,2021-08-02,460000000,27948000000,,15973000000,11975000000,,22.308,-216000000.0,4383000000,4383000000,10943000000.0,660000000.0,2.511,1.202,6109000000,304000000,5805000000,6109000000,0,215000000.0,0,0.002,0.1,1089000000.0,1304000000.0,0.106,1304000000.0,1089000000.0,926000000.0,1.16,1.15,1.16,12671000000,,12671000000,25383785432,,,5000000.0,0.009,1.0,1309000000.0,0.107,2151000000,163000000.0,21163000000,,5726000000,2096000000,0,2096000000,15235000000,6360000000,8875000000,23657785432,161000000.0,0.0,0.0,0.0,0.0,28000000.0,-216000000.0,0.0,221000000.0,128000000.0,663000000.0,663000000.0,663000000.0,0.0,-3000000.0,0.054,246000000.0,1063000000.0,4099000000,0.086,1.867,,,7440000000,0.0,41.65,,,4778000000,2250000000,12252000000.0,12252000000.0,33000000.0,,,,,0.0,211000000.0,1.0,568014056,568014056,,21.57,25797000000,0,263000000.0,1273000000,45.416,9613000000
42,LYB,ARQ,2010-12-31,2011-03-18,2010-12-31,2021-08-02,81000000,25494000000,,13779000000,11715000000,,20.316,-46000000.0,4222000000,4222000000,9466000000.0,766000000.0,2.897,1.205,6082000000,46000000,6036000000,6082000000,0,207000000.0,0,0.0,0.0,890000000.0,1097000000.0,0.103,1097000000.0,890000000.0,659000000.0,1.34,1.33,1.34,11535000000,,11535000000,23663194022,,,682000000.0,1.201,1.0,1144000000.0,0.108,2147000000,231000000.0,20451000000,,4824000000,2091000000,0,2091000000,13898000000,4756000000,9142000000,21803194022,-610000000.0,0.0,0.0,-1243000000.0,0.0,-1239000000.0,-46000000.0,0.0,728000000.0,-53000000.0,771000000.0,771000000.0,771000000.0,-64000000.0,-5000000.0,0.073,302000000.0,842000000.0,2761000000,0.0,1.89,,,7190000000,0.0,38.4,,,3761000000,1587000000,10610000000.0,10610000000.0,41000000.0,,,,,0.0,231000000.0,1.0,567791511,567791511,,18.686,23347000000,0,-112000000.0,1167000000,41.119,9023000000
43,LYB,ARQ,2010-09-30,2010-11-10,2010-09-30,2021-08-02,207000000,26030000000,,13943000000,12087000000,,19.237,,4832000000,4832000000,9075000000.0,467000000.0,2.763,1.386,7325000000,526000000,6799000000,7325000000,0,,0,0.0,0.0,910000000.0,,,,910000000.0,728000000.0,0.84,0.84,0.84,10882000000,,10882000000,18524194727,,,,,1.0,1227000000.0,0.119,2516000000,182000000.0,20960000000,,4412000000,2083000000,0,2083000000,15087000000,5047000000,10040000000,16031194727,,,,,,,,,,,474000000.0,474000000.0,474000000.0,0.0,-7000000.0,0.046,252000000.0,975000000.0,2562000000,0.0,1.473,,,7216000000,0.0,28.34,,,3800000000,816000000,10302000000.0,10302000000.0,35000000.0,,,,,,204000000.0,1.0,565673773,565673773,,18.212,23514000000,0,254000000.0,1601000000,41.568,8896000000
44,LYB,ARQ,2009-12-31,2010-09-28,2009-12-31,2021-08-02,-286000000,27761000000,,8266000000,19495000000,,-15.868,,558000000,558000000,,,0.797,-4.078,29478000000,6679000000,22799000000,29478000000,0,,0,0.0,0.0,,,,,,,,,,-8976000000,,-8976000000,42185049977,-17.0,-59.668,,,1.0,,,1861000000,,44453000000,,3277000000,2130000000,11000000,2119000000,36608000000,10367000000,26241000000,13265049977,,,,,,,,,,,,,,,,,,,2128000000,,-1.478,-4.63,-4.616,15152000000,,23.45,0.43,0.43,3287000000,-9313000000,,,,,,,,,,1.0,565673773,565673773,,,25900000000,0,,2251000000,45.786,-2101000000
45,LYB,ARQ,2009-12-31,2010-08-26,2009-12-31,2021-08-02,-286000000,27761000000,,8266000000,19495000000,,-15.868,,558000000,558000000,,,0.797,-4.078,29478000000,6679000000,22799000000,29478000000,0,,0,0.0,0.0,,,,,,,,,,-8976000000,,-8976000000,40233475460,-16.0,-56.907,,,1.0,,,1861000000,,44453000000,,3277000000,2130000000,11000000,2119000000,36608000000,10367000000,26241000000,11313475460,,,,,,,,,,,,,,,,,,,2128000000,,-1.26,-3.949,-3.937,15152000000,,20.0,0.367,0.367,3287000000,-9313000000,,,,,,,,,,1.0,565673773,565673773,,,25900000000,0,,2251000000,45.786,-2101000000
46,LYB,ARQ,2009-12-31,2010-07-26,2009-12-31,2021-08-02,-286000000,27761000000,,8266000000,19495000000,,-15.868,,558000000,558000000,,,0.797,-4.078,29478000000,6679000000,22799000000,29478000000,0,,0,0.0,0.0,,,,,,,,,,-8976000000,,-8976000000,38904142093,-16.0,-55.027,,,1.0,,,1861000000,,44453000000,,3277000000,2130000000,11000000,2119000000,36608000000,10367000000,26241000000,9984142093,,,,,,,,,,,,,,,,,,,2128000000,,-1.112,-3.485,,15152000000,,17.65,0.324,0.324,3287000000,-9313000000,,,,,,,,,,1.0,565673773,565673773,,,25900000000,0,,2251000000,45.786,-2101000000
47,LYB,ARQ,2009-12-31,2010-06-29,2009-12-31,2021-08-02,-286000000,27761000000,,8266000000,19495000000,,-15.868,,558000000,558000000,,,0.797,-4.078,29478000000,6679000000,22799000000,29478000000,0,,0,0.0,0.0,,,,,,,,,,-8976000000,,-8976000000,38112198811,-15.0,-53.907,,,1.0,,,1861000000,,44453000000,,3277000000,2130000000,11000000,2119000000,36608000000,10367000000,26241000000,9192198811,,,,,,,,,,,,,,,,,,,2128000000,,-1.024,-3.208,,15152000000,,16.25,0.298,0.298,3287000000,-9313000000,,,,,,,,,,1.0,565673773,565673773,,,25900000000,0,,2251000000,45.786,-2101000000
48,LYB,ARQ,2009-12-31,2010-04-28,2009-12-31,2021-08-02,-286000000,27761000000,,8266000000,19495000000,,-15.868,,558000000,558000000,,,0.797,-4.078,29478000000,6679000000,22799000000,29478000000,0,,0,0.0,0.0,,,,,,,,,,-8976000000,,-8976000000,41364823006,-17.0,-58.508,,,1.0,,,1861000000,,44453000000,,3277000000,2130000000,11000000,2119000000,36608000000,10367000000,26241000000,12444823006,,,,,,,,,,,,,,,,,,,2128000000,,-1.386,-4.344,,15152000000,,22.0,0.404,0.404,3287000000,-9313000000,,,,,,,,,,1.0,565673773,565673773,,,25900000000,0,,2251000000,45.786,-2101000000
0,LYB,ART,2021-06-30,2021-07-30,2021-06-30,2021-08-02,-1849000000,37259000000,35089250000.0,12897000000,24362000000,1.008,31.46,-1470000000.0,1383000000,1383000000,28951000000.0,4098000000.0,1.956,2.539,15537000000,691000000,14846000000,15537000000,0,1352000000.0,0,0.043,4.28,5140000000.0,6492000000.0,0.184,6492000000.0,5140000000.0,4588000000.0,12.21,12.19,12.21,10524000000,8650250000.0,10524000000,47381411503,9.0,7.298,2573000000.0,7.692,1.0,6405000000.0,0.181,2608000000,552000000.0,42210000000,40945500000.0,4840000000,5038000000,136000000,4902000000,26721000000,6595000000,20126000000,33227411503,-1195000000.0,15000000.0,0.0,-393000000.0,-1434000000.0,-1767000000.0,-3541000000.0,-1987000000.0,4043000000.0,70000000.0,4098000000.0,4091000000.0,4091000000.0,2000000.0,0.0,0.116,1875000000.0,4530000000.0,3486000000,0.351,3.157,8.122,8.135,16279000000,7000000.0,99.33,0.94,0.94,4897000000,6837000000,35356000000.0,35356000000.0,122000000.0,0.117,0.473,0.126,0.145,61000000.0,1171000000.0,1.0,334515368,334515368,,105.693,34651000000,0,490000000.0,2507000000,103.586,6302000000
1,LYB,ART,2021-03-31,2021-04-30,2021-03-31,2021-08-02,-1864000000,35746000000,33659750000.0,11964000000,23782000000,0.872,26.319,-1627000000.0,1463000000,1463000000,25169000000.0,2353000000.0,1.74,3.06,16624000000,1640000000,14984000000,16624000000,0,1378000000.0,0,0.04,4.2,2852000000.0,4230000000.0,0.144,4230000000.0,2852000000.0,2305000000.0,7.01,7.0,7.01,8800000000,7858750000.0,8800000000,49846880018,17.0,11.784,1806000000.0,5.401,1.0,4172000000.0,0.142,2621000000,547000000.0,41411000000,39752500000.0,4632000000,5177000000,383000000,4794000000,26932000000,6875000000,20057000000,34685880018,-170000000.0,15000000.0,0.0,1596000000.0,-1406000000.0,605000000.0,-4302000000.0,-2592000000.0,3433000000.0,94000000.0,2353000000.0,2346000000.0,2346000000.0,5000000.0,0.0,0.08,1829000000.0,2343000000.0,3282000000,0.599,3.942,14.785,14.799,15856000000,7000000.0,103.74,1.182,1.182,3961000000,5158000000,29341000000.0,29341000000.0,115000000.0,0.07,0.299,0.072,0.097,58000000.0,1132000000.0,1.0,334353962,334353962,,87.754,33125000000,0,-48000000.0,2403000000,99.072,5089000000
2,LYB,ART,2020-12-31,2021-02-25,2020-12-31,2021-08-02,-1943000000,35403000000,32498250000.0,11634000000,23769000000,0.854,23.856,-1947000000.0,1765000000,1765000000,24359000000.0,1427000000.0,2.115,3.439,17179000000,671000000,16508000000,17179000000,0,1385000000.0,0,0.04,4.2,1910000000.0,3295000000.0,0.119,3295000000.0,1910000000.0,1384000000.0,4.24,4.24,4.24,7971000000,7489750000.0,7971000000,50300780381,26.0,15.266,1457000000.0,4.361,1.0,3394000000.0,0.122,2704000000,526000000.0,42611000000,38446000000.0,4344000000,5431000000,702000000,4729000000,27415000000,5502000000,21913000000,34886780381,877000000.0,15000000.0,-4000000.0,3612000000.0,-1405000000.0,2271000000.0,-4906000000.0,-2891000000.0,3404000000.0,108000000.0,1427000000.0,1420000000.0,1420000000.0,2000000.0,0.0,0.051,1835000000.0,1559000000.0,2948000000,0.991,4.377,24.568,24.625,15878000000,7000000.0,104.41,1.257,1.257,3441000000,4440000000,27753000000.0,27753000000.0,113000000.0,0.044,0.19,0.05,0.069,55000000.0,1140000000.0,1.0,334132558,334132558,,83.06,32699000000,0,-43000000.0,2332000000,97.862,6132000000
3,LYB,ART,2020-09-30,2020-10-30,2020-09-30,2021-08-02,-2088000000,31949000000,31256250000.0,10759000000,21190000000,0.896,21.88,-2404000000.0,2484000000,2484000000,24691000000.0,1184000000.0,2.25,3.371,15499000000,618000000,14881000000,15499000000,0,1391000000.0,0,0.061,4.2,1666000000.0,3057000000.0,0.109,3057000000.0,1666000000.0,1242000000.0,3.56,3.55,3.56,7306000000,7508000000.0,7306000000,35871759999,22.0,11.734,1499000000.0,4.489,1.0,3304000000.0,0.118,2632000000,424000000.0,37550000000,36510000000.0,4005000000,2981000000,361000000,2620000000,24626000000,4782000000,19844000000,22856759999,1972000000.0,5000000.0,-4000000.0,2084000000.0,-1404000000.0,739000000.0,-2732000000.0,-220000000.0,3903000000.0,62000000.0,1184000000.0,1177000000.0,1177000000.0,0.0,0.0,0.042,1840000000.0,1464000000.0,2479000000,1.18,3.128,19.42,19.228,15519000000,7000000.0,68.45,0.816,0.816,2974000000,3940000000,27995000000.0,27995000000.0,109000000.0,0.038,0.157,0.046,0.06,55000000.0,1149000000.0,1.0,333919065,333919065,,83.838,29317000000,0,58000000.0,1809000000,87.797,5977000000
4,LYB,ART,2020-06-30,2020-07-31,2020-06-30,2021-08-02,-2259000000,31541000000,30797500000.0,10477000000,21064000000,0.972,22.041,-2721000000.0,2578000000,2578000000,26075000000.0,2035000000.0,2.362,3.284,15496000000,662000000,14834000000,15496000000,0,1360000000.0,0,0.067,4.2,2742000000.0,4102000000.0,0.137,4102000000.0,2742000000.0,2354000000.0,6.08,6.07,6.08,7358000000,7653500000.0,7358000000,33789632036,12.0,8.237,2231000000.0,6.683,1.0,3866000000.0,0.129,2586000000,388000000.0,37438000000,35335500000.0,3768000000,2756000000,651000000,2105000000,24164000000,4435000000,19729000000,20871632036,1270000000.0,5000000.0,-3244000000.0,3795000000.0,-1403000000.0,-785000000.0,-2906000000.0,-67000000.0,4952000000.0,9000000.0,2035000000.0,2028000000.0,2028000000.0,4000000.0,0.0,0.068,1301000000.0,2565000000.0,2194000000,0.691,2.837,10.292,10.283,15951000000,7000000.0,62.52,0.697,0.697,2588000000,4188000000,29941000000.0,29941000000.0,108000000.0,0.066,0.265,0.078,0.092,53000000.0,1193000000.0,1.0,333839284,333839284,,89.687,28955000000,0,319000000.0,1811000000,86.733,6042000000
5,LYB,ART,2020-03-31,2020-05-01,2020-03-31,2021-08-02,-2313000000,31100000000,30705000000.0,9692000000,21408000000,1.089,21.947,-2755000000.0,1633000000,1633000000,28723000000.0,2724000000.0,1.755,3.244,14847000000,1496000000,13351000000,14847000000,0,1332000000.0,0,0.076,4.2,3588000000.0,4920000000.0,0.147,4920000000.0,3588000000.0,3244000000.0,7.84,7.83,7.84,7324000000,8494250000.0,7324000000,31621236419,9.0,6.427,2091000000.0,6.266,1.0,4720000000.0,0.141,2608000000,344000000.0,36185000000,33798750000.0,3973000000,2257000000,199000000,2058000000,23757000000,5521000000,18236000000,18407236419,1275000000.0,5000000.0,-3244000000.0,3535000000.0,-1441000000.0,-1430000000.0,-2120000000.0,760000000.0,4846000000.0,-21000000.0,2724000000.0,2717000000.0,2717000000.0,6000000.0,0.0,0.081,1317000000.0,3403000000.0,2638000000,0.536,2.513,6.775,7.036,15840000000,7000000.0,55.16,0.55,0.55,3043000000,4227000000,33443000000.0,33443000000.0,110000000.0,0.088,0.32,0.106,0.107,52000000.0,1207000000.0,1.0,333706244,333706244,,100.217,28492000000,0,520000000.0,1961000000,85.38,4171000000
6,LYB,ART,2019-12-31,2020-02-20,2019-12-31,2021-08-02,-1784000000,30435000000,30402250000.0,9510000000,20925000000,1.142,24.116,-2694000000.0,888000000,888000000,29301000000.0,3397000000.0,1.83,2.781,13278000000,448000000,12830000000,13278000000,0,1312000000.0,0,0.05,4.15,4392000000.0,5704000000.0,0.164,5704000000.0,4392000000.0,4045000000.0,9.59,9.58,9.59,8044000000,9197750000.0,8044000000,40191799748,9.0,7.046,2267000000.0,6.796,1.0,5426000000.0,0.156,2760000000,347000000.0,34867000000,32491750000.0,4588000000,2324000000,196000000,2128000000,22372000000,5198000000,17174000000,27801799748,487000000.0,5000000.0,-3752000000.0,2460000000.0,-1462000000.0,-2835000000.0,-1635000000.0,1229000000.0,4961000000.0,-4000000.0,3397000000.0,3390000000.0,3390000000.0,7000000.0,0.0,0.098,1310000000.0,4116000000.0,2928000000,0.433,3.456,8.201,8.691,15598000000,7000000.0,83.35,0.801,0.801,3102000000,4435000000,34727000000.0,34727000000.0,111000000.0,0.112,0.369,0.135,0.126,48000000.0,1199000000.0,1.0,333554886,333554886,,104.112,27675000000,0,648000000.0,2015000000,82.97,4312000000
7,LYB,ART,2019-09-30,2019-11-01,2019-09-30,2021-08-02,-1683000000,30114000000,29863000000.0,9630000000,20484000000,1.186,23.659,-2661000000.0,512000000,512000000,29985000000.0,3477000000.0,1.303,2.815,13327000000,2442000000,10885000000,13327000000,0,1310000000.0,0,0.204,19.1,4431000000.0,5741000000.0,0.162,5741000000.0,4431000000.0,4084000000.0,9.58,9.57,9.58,7888000000,9751000000.0,7888000000,44022253126,10.0,7.668,2355000000.0,7.063,1.0,5439000000.0,0.154,2689000000,347000000.0,32852000000,31018000000.0,4446000000,2172000000,53000000,2119000000,22208000000,7388000000,14820000000,31207253126,-20000000.0,37000000.0,-4805000000.0,3231000000.0,-1489000000.0,-3148000000.0,-1868000000.0,897000000.0,5016000000.0,-20000000.0,3477000000.0,3470000000.0,3470000000.0,12000000.0,0.0,0.098,1327000000.0,4112000000.0,3201000000,1.994,3.956,8.993,9.77,15179000000,7000000.0,93.6,0.881,0.881,3469000000,8430000000,35424000000.0,35424000000.0,109000000.0,0.116,0.356,0.143,0.125,42000000.0,1218000000.0,1.0,333410824,333410824,,106.247,27425000000,0,607000000.0,2018000000,82.256,2242000000
8,LYB,ART,2019-06-30,2019-08-02,2019-06-30,2021-08-02,-1462000000,31171000000,29508500000.0,11088000000,20083000000,1.249,31.979,-2401000000.0,1308000000,1308000000,31215000000.0,3625000000.0,1.471,1.905,11706000000,2816000000,8890000000,11706000000,0,1292000000.0,0,0.25,19.05,4679000000.0,5971000000.0,0.162,5971000000.0,4679000000.0,4328000000.0,9.59,9.57,9.59,10721000000,10540000000.0,10721000000,35923787669,8.0,6.016,2180000000.0,6.503,1.0,5642000000.0,0.153,2740000000,351000000.0,31291000000,29752500000.0,4685000000,2164000000,52000000,2112000000,20428000000,7538000000,12890000000,25525787669,-1078000000.0,-1739000000.0,-1896000000.0,1288000000.0,-1527000000.0,-2225000000.0,-3426000000.0,881000000.0,4581000000.0,-8000000.0,3625000000.0,3620000000.0,3620000000.0,10000000.0,0.0,0.098,1337000000.0,4305000000.0,3115000000,1.986,2.381,7.051,7.94,14845000000,5000000.0,76.14,0.693,0.693,3758000000,7818000000,36857000000.0,36857000000.0,113000000.0,0.123,0.343,0.157,0.127,39000000.0,1224000000.0,1.0,335248065,335248065,,109.939,28431000000,0,703000000.0,2008000000,84.806,3550000000
9,LYB,ART,2019-03-31,2019-04-26,2019-03-31,2021-08-02,-1418000000,29889000000,28471500000.0,10286000000,19603000000,1.335,27.376,-2275000000.0,358000000,358000000,31963000000.0,4276000000.0,1.467,1.946,11186000000,2382000000,8804000000,11186000000,0,1264000000.0,0,0.216,19.0,5150000000.0,6414000000.0,0.169,6414000000.0,5150000000.0,4789000000.0,11.12,11.09,11.12,10138000000,10510250000.0,10138000000,43420499160,8.0,6.77,2847000000.0,7.688,1.0,6052000000.0,0.159,2748000000,361000000.0,30957000000,28588750000.0,4496000000,2560000000,423000000,2137000000,19729000000,7012000000,12717000000,32592499160,-1482000000.0,-1739000000.0,-2247000000.0,857000000.0,-1531000000.0,-3009000000.0,-3548000000.0,621000000.0,5122000000.0,-47000000.0,4276000000.0,4272000000.0,4272000000.0,8000000.0,0.0,0.112,1298000000.0,4754000000.0,3187000000,1.709,3.215,7.629,7.915,14331000000,4000000.0,88.01,0.857,0.857,3680000000,7206000000,38015000000.0,38015000000.0,115000000.0,0.15,0.406,0.18,0.135,42000000.0,1183000000.0,1.0,370327226,370327226,,102.652,27141000000,0,513000000.0,1967000000,73.289,3274000000
10,LYB,ART,2018-12-31,2019-02-21,2018-12-31,2021-08-02,-1363000000,28278000000,27723250000.0,10566000000,17712000000,1.407,27.635,-2105000000.0,401000000,401000000,32529000000.0,4690000000.0,1.917,1.755,9387000000,890000000,8497000000,9387000000,0,1241000000.0,0,0.215,19.0,5663000000.0,6904000000.0,0.177,6904000000.0,5663000000.0,5303000000.0,12.04,12.01,12.04,10257000000,10407750000.0,10257000000,41833394323,7.0,6.059,3366000000.0,9.069,1.0,6475000000.0,0.166,2779000000,360000000.0,28972000000,27831000000.0,4515000000,2995000000,892000000,2103000000,17998000000,5513000000,12485000000,32847394323,-1127000000.0,-1739000000.0,-1854000000.0,416000000.0,-1554000000.0,-3008000000.0,-3559000000.0,436000000.0,5471000000.0,-31000000.0,4690000000.0,4688000000.0,4688000000.0,8000000.0,0.0,0.12,1244000000.0,5231000000.0,3087000000,1.578,3.202,7.007,7.35,12477000000,2000000.0,88.5,0.842,0.842,3503000000,6763000000,39004000000.0,39004000000.0,115000000.0,0.169,0.45,0.203,0.145,39000000.0,1129000000.0,1.0,371156998,371156998,,105.088,25499000000,0,613000000.0,1975000000,68.701,5053000000
11,LYB,ART,2018-09-30,2018-10-30,2018-09-30,2021-08-02,-1309000000,28696000000,27205250000.0,11383000000,17313000000,1.443,28.786,-1837000000.0,532000000,532000000,32329000000.0,5892000000.0,1.824,1.596,8669000000,1198000000,7471000000,8669000000,0,1206000000.0,0,0.044,3.9,6217000000.0,7423000000.0,0.189,7423000000.0,6217000000.0,5850000000.0,14.98,14.95,14.98,11044000000,10080750000.0,11044000000,42213476026,7.0,5.687,3819000000.0,9.954,1.0,6934000000.0,0.177,2801000000,367000000.0,27790000000,27433500000.0,4596000000,3092000000,944000000,2148000000,17627000000,6242000000,11385000000,34076476026,-679000000.0,-1776000000.0,-801000000.0,-569000000.0,-1531000000.0,-2910000000.0,-3403000000.0,382000000.0,5656000000.0,-22000000.0,5892000000.0,5892000000.0,5892000000.0,7000000.0,0.0,0.15,1156000000.0,5778000000.0,3555000000,0.26,3.086,5.784,5.929,12022000000,0.0,88.82,0.868,0.868,4087000000,6453000000,39263000000.0,39263000000.0,116000000.0,0.217,0.584,0.227,0.158,88000000.0,1040000000.0,1.0,383657690,383657690,,102.339,25895000000,0,-42000000.0,1774000000,67.495,5141000000
12,LYB,ART,2018-06-30,2018-08-03,2018-06-30,2021-08-02,-1358000000,27023000000,26342000000.0,12349000000,14674000000,1.428,27.232,-1673000000.0,2386000000,2386000000,30769000000.0,5835000000.0,2.265,1.549,8540000000,1050000000,7490000000,8540000000,0,1191000000.0,0,0.034,3.8,6313000000.0,7504000000.0,0.199,7504000000.0,6313000000.0,5942000000.0,14.79,14.77,14.79,10602000000,9151250000.0,10602000000,49816686151,8.0,6.639,4028000000.0,10.346,1.0,6855000000.0,0.182,1090000000,371000000.0,26636000000,27307250000.0,4096000000,2983000000,933000000,2050000000,16420000000,5451000000,10969000000,43662686151,1646000000.0,155000000.0,-766000000.0,-494000000.0,-1498000000.0,-2765000000.0,-1291000000.0,361000000.0,5701000000.0,1000000.0,5836000000.0,5836000000.0,5836000000.0,7000000.0,-1000000.0,0.155,1062000000.0,5793000000.0,3095000000,0.257,4.118,7.482,7.583,11310000000,0.0,112.15,1.161,1.161,3889000000,17939000000,37624000000.0,37624000000.0,113000000.0,0.222,0.638,0.231,0.168,79000000.0,949000000.0,1.0,389323996,389323996,,96.639,25933000000,0,106000000.0,1674000000,66.61,6898000000
13,LYB,ART,2018-03-31,2018-04-27,2018-03-31,2021-08-02,-1301000000,26896000000,25615750000.0,12068000000,14828000000,1.398,24.812,-1584000000.0,1840000000,1840000000,29080000000.0,5311000000.0,2.625,1.765,8613000000,82000000,8531000000,8613000000,0,1177000000.0,0,0.035,3.7,6274000000.0,7451000000.0,0.208,7451000000.0,6274000000.0,5899000000.0,13.38,13.36,13.38,9728000000,8217250000.0,9728000000,48595029458,8.0,6.522,4015000000.0,10.241,1.0,6741000000.0,0.188,1145000000,375000000.0,27926000000,27460250000.0,4257000000,3255000000,1042000000,2213000000,17167000000,4598000000,12569000000,41822029458,1352000000.0,134000000.0,-825000000.0,-609000000.0,-1467000000.0,-2907000000.0,-1406000000.0,174000000.0,5599000000.0,66000000.0,5313000000.0,5313000000.0,5313000000.0,10000000.0,-2000000.0,0.148,997000000.0,5744000000.0,3010000000,0.277,4.299,7.872,7.972,11249000000,0.0,106.67,1.168,1.168,3859000000,16677000000,35821000000.0,35821000000.0,109000000.0,0.207,0.647,0.228,0.175,64000000.0,888000000.0,1.0,392069274,392069274,,91.364,25751000000,0,586000000.0,1688000000,65.68,7470000000
14,LYB,ART,2017-12-31,2018-02-22,2017-12-31,2021-08-02,-1285000000,26206000000,24833750000.0,11738000000,14468000000,1.389,22.681,-1547000000.0,1528000000,1528000000,28059000000.0,4877000000.0,2.457,1.928,8619000000,70000000,8549000000,8619000000,0,1174000000.0,0,0.032,3.55,5968000000.0,7142000000.0,0.207,7142000000.0,5968000000.0,5477000000.0,12.23,12.23,12.23,8949000000,7400750000.0,8949000000,50819677832,9.0,7.116,3659000000.0,9.274,1.0,6425000000.0,0.186,1138000000,491000000.0,27382000000,27200500000.0,4217000000,3379000000,1307000000,2072000000,17256000000,4777000000,12479000000,43728677832,650000000.0,134000000.0,-866000000.0,-576000000.0,-1415000000.0,-2859000000.0,-1756000000.0,-259000000.0,5206000000.0,59000000.0,4879000000.0,4879000000.0,4879000000.0,18000000.0,-2000000.0,0.141,965000000.0,5460000000.0,2895000000,0.29,4.886,8.963,9.062,10997000000,0.0,110.83,1.268,1.268,3539000000,15746000000,34484000000.0,34484000000.0,106000000.0,0.196,0.659,0.219,0.173,55000000.0,859000000.0,1.0,394556328,394556328,,87.399,25068000000,0,598000000.0,1655000000,63.535,6961000000
15,LYB,ART,2017-09-30,2017-10-27,2017-09-30,2021-08-02,-1359000000,25243000000,24142750000.0,11062000000,14181000000,1.371,18.572,-1684000000.0,1211000000,1211000000,26951000000.0,3746000000.0,2.399,2.446,8915000000,384000000,8531000000,8915000000,0,1149000000.0,0,0.035,3.5,5665000000.0,6814000000.0,0.206,6814000000.0,5665000000.0,5184000000.0,9.37,9.36,9.37,7326000000,6675500000.0,7326000000,46759512521,8.0,6.862,3753000000.0,9.514,1.0,6145000000.0,0.186,1050000000,481000000.0,27285000000,26836750000.0,4177000000,3386000000,1295000000,2091000000,17916000000,4612000000,13304000000,39055512521,468000000.0,134000000.0,-1303000000.0,-261000000.0,-1406000000.0,-2973000000.0,-2024000000.0,-423000000.0,5437000000.0,28000000.0,3748000000.0,3748000000.0,3748000000.0,21000000.0,-2000000.0,0.113,978000000.0,5167000000.0,2735000000,0.374,5.331,10.42,10.567,10737000000,0.0,99.01,1.18,1.18,3275000000,14207000000,33096000000.0,33096000000.0,103000000.0,0.155,0.561,0.211,0.171,0.0,875000000.0,1.0,394460282,394460282,,83.902,24193000000,0,1436000000.0,2447000000,61.332,6450000000
16,LYB,ART,2017-06-30,2017-07-28,2017-06-30,2021-08-02,-1375000000,24118000000,23686750000.0,10075000000,14043000000,1.349,17.347,-1952000000.0,740000000,740000000,25915000000.0,3643000000.0,2.439,2.512,9059000000,563000000,8496000000,9059000000,0,1112000000.0,0,0.038,3.45,5484000000.0,6596000000.0,0.206,6596000000.0,5484000000.0,5025000000.0,9.0,8.99,9.0,6866000000,6364500000.0,6866000000,43897816706,8.0,6.655,3331000000.0,8.416,1.0,6030000000.0,0.189,1058000000,459000000.0,27248000000,26602500000.0,4007000000,3314000000,1278000000,2036000000,17250000000,4131000000,13119000000,35578816706,-323000000.0,-14000000.0,-1826000000.0,-105000000.0,-1401000000.0,-3336000000.0,-2283000000.0,-287000000.0,5283000000.0,13000000.0,3643000000.0,3643000000.0,3643000000.0,21000000.0,0.0,0.114,946000000.0,5084000000.0,2317000000,0.383,5.182,9.766,9.988,10551000000,0.0,89.89,1.114,1.114,3086000000,13506000000,31945000000.0,31945000000.0,101000000.0,0.154,0.572,0.206,0.172,0.0,845000000.0,1.0,395803946,395803946,,80.709,23060000000,0,1382000000.0,2370000000,58.261,5944000000
17,LYB,ART,2017-03-31,2017-04-28,2017-03-31,2021-08-02,-1438000000,23768000000,23516000000.0,9681000000,14087000000,1.313,16.043,-2108000000.0,486000000,486000000,25016000000.0,3604000000.0,2.211,2.674,9032000000,613000000,8419000000,9032000000,0,1092000000.0,0,0.04,3.4,5319000000.0,6411000000.0,0.208,6411000000.0,5319000000.0,4872000000.0,8.75,8.74,8.75,6462000000,6218750000.0,6462000000,42687753326,8.0,6.659,2811000000.0,6.979,1.0,5854000000.0,0.19,1048000000,447000000.0,26887000000,26289250000.0,3875000000,3277000000,1176000000,2101000000,17281000000,4379000000,12902000000,34141753326,-833000000.0,7000000.0,-2112000000.0,32000000.0,-1402000000.0,-3488000000.0,-2239000000.0,-88000000.0,4919000000.0,-25000000.0,3603000000.0,3603000000.0,3603000000.0,18000000.0,1000000.0,0.117,944000000.0,4910000000.0,2627000000,0.389,5.283,9.476,9.687,10361000000,0.0,84.76,1.106,1.106,3292000000,12736000000,30870000000.0,30870000000.0,100000000.0,0.153,0.579,0.202,0.172,0.0,844000000.0,1.0,402805018,402805018,,76.638,22720000000,0,1269000000.0,2353000000,56.404,5302000000
18,LYB,ART,2016-12-31,2017-02-17,2016-12-31,2021-08-02,-1511000000,23442000000,23467000000.0,9599000000,13843000000,1.244,15.025,-2243000000.0,878000000,878000000,23191000000.0,3837000000.0,2.114,2.872,8981000000,596000000,8385000000,8981000000,0,1064000000.0,0,0.036,3.33,5544000000.0,6608000000.0,0.226,6608000000.0,5544000000.0,5222000000.0,9.15,9.13,9.15,6048000000,6189250000.0,6048000000,45502186335,8.0,6.886,3363000000.0,8.355,1.0,5992000000.0,0.205,1078000000,322000000.0,25927000000,26003750000.0,3809000000,3157000000,1147000000,2010000000,17369000000,4540000000,12829000000,37399186335,-49000000.0,144000000.0,-2938000000.0,984000000.0,-1395000000.0,-3349000000.0,-2297000000.0,-140000000.0,5606000000.0,-9000000.0,3836000000.0,3836000000.0,3836000000.0,10000000.0,1000000.0,0.131,932000000.0,5060000000.0,2529000000,0.364,6.184,9.75,10.154,10137000000,0.0,92.91,1.282,1.282,2842000000,12282000000,29183000000.0,29183000000.0,99000000.0,0.163,0.62,0.213,0.19,0.0,833000000.0,1.0,402531335,402531335,,72.499,22364000000,0,1386000000.0,2331000000,55.558,5059000000
19,LYB,ART,2016-09-30,2016-11-01,2016-09-30,2021-08-02,-1492000000,23419000000,23295750000.0,9553000000,13866000000,1.224,14.924,-2159000000.0,744000000,744000000,22563000000.0,3869000000.0,2.216,2.846,9088000000,624000000,8464000000,9088000000,0,1056000000.0,0,0.042,3.26,5548000000.0,6604000000.0,0.232,6604000000.0,5548000000.0,5234000000.0,9.07,9.05,9.07,6082000000,6314750000.0,6082000000,40216438197,7.0,6.09,2894000000.0,7.101,1.0,5944000000.0,0.209,1105000000,314000000.0,26348000000,25604250000.0,4015000000,3187000000,1090000000,2097000000,17312000000,4310000000,13002000000,31872438197,-734000000.0,144000000.0,-3721000000.0,811000000.0,-1396000000.0,-4311000000.0,-1475000000.0,575000000.0,5053000000.0,-1000000.0,3868000000.0,3868000000.0,3868000000.0,5000000.0,1000000.0,0.136,880000000.0,5064000000.0,2329000000,0.359,5.24,8.24,8.623,10057000000,0.0,78.21,1.118,1.118,2852000000,11865000000,28507000000.0,28507000000.0,99000000.0,0.166,0.613,0.217,0.195,0.0,781000000.0,1.0,407523823,407523823,,69.952,22314000000,0,1366000000.0,2387000000,54.755,5243000000
20,LYB,ART,2016-06-30,2016-07-29,2016-06-30,2021-08-02,-1472000000,23435000000,23424750000.0,9983000000,13452000000,1.258,15.113,-1946000000.0,1064000000,1064000000,23125000000.0,4102000000.0,2.294,2.726,9105000000,620000000,8485000000,9105000000,0,1047000000.0,0,0.042,3.19,5955000000.0,7002000000.0,0.238,7002000000.0,5955000000.0,5628000000.0,9.33,9.29,9.33,6283000000,6626250000.0,6283000000,39328229592,7.0,5.617,3543000000.0,8.523,1.0,6351000000.0,0.215,1130000000,327000000.0,25995000000,25116750000.0,4009000000,3041000000,1023000000,2018000000,17128000000,4351000000,12777000000,31287229592,-265000000.0,137000000.0,-4201000000.0,826000000.0,-1406000000.0,-4800000000.0,-949000000.0,912000000.0,5489000000.0,-5000000.0,4101000000.0,4101000000.0,4101000000.0,6000000.0,1000000.0,0.139,886000000.0,5465000000.0,2357000000,0.342,4.98,7.629,8.066,9681000000,0.0,75.26,1.061,1.061,2806000000,11264000000,29476000000.0,29476000000.0,99000000.0,0.175,0.619,0.237,0.202,0.0,787000000.0,1.0,415721892,415721892,,70.903,22305000000,0,1527000000.0,2149000000,53.654,5632000000
21,LYB,ART,2016-03-31,2016-04-22,2016-03-31,2021-08-02,-1397000000,23572000000,23717250000.0,10324000000,13248000000,1.319,14.867,-1661000000.0,1322000000,1322000000,24470000000.0,4340000000.0,2.325,2.712,9102000000,598000000,8504000000,9102000000,0,1028000000.0,0,0.035,3.12,6385000000.0,7413000000.0,0.237,7413000000.0,6385000000.0,6062000000.0,9.58,9.55,9.58,6344000000,7037250000.0,6344000000,46270788389,7.0,6.242,4013000000.0,9.404,1.0,6823000000.0,0.218,1166000000,323000000.0,25745000000,24904750000.0,3978000000,3482000000,1332000000,2150000000,17204000000,4441000000,12763000000,38490788389,-298000000.0,137000000.0,-4283000000.0,873000000.0,-1412000000.0,-4782000000.0,-1205000000.0,315000000.0,5674000000.0,15000000.0,4340000000.0,4340000000.0,4340000000.0,2000000.0,0.0,0.139,916000000.0,5907000000.0,2243000000,0.326,6.067,8.869,9.415,9373000000,0.0,90.2,1.23,1.23,2683000000,10535000000,31293000000.0,31293000000.0,100000000.0,0.183,0.617,0.256,0.204,0.0,816000000.0,1.0,426727144,426727144,,73.333,22406000000,0,1722000000.0,2134000000,52.507,5883000000
22,LYB,ART,2015-12-31,2016-02-16,2015-12-31,2021-08-02,-1438000000,22757000000,23825750000.0,9789000000,12968000000,1.374,15.155,-1440000000.0,931000000,931000000,25683000000.0,4474000000.0,2.251,2.471,8028000000,357000000,7671000000,8028000000,0,1047000000.0,0,0.039,3.04,6516000000.0,7563000000.0,0.231,7563000000.0,6516000000.0,6206000000.0,9.62,9.59,9.62,6550000000,7320750000.0,6550000000,40778387459,6.0,5.392,4402000000.0,10.185,1.0,7052000000.0,0.215,1176000000,310000000.0,24329000000,24560250000.0,4051000000,3191000000,1064000000,2127000000,16183000000,4349000000,11834000000,33681387459,-107000000.0,0.0,-4656000000.0,1029000000.0,-1410000000.0,-4850000000.0,-1051000000.0,369000000.0,5842000000.0,-48000000.0,4476000000.0,4476000000.0,4476000000.0,5000000.0,-2000000.0,0.137,930000000.0,6122000000.0,2182000000,0.316,5.142,7.525,8.101,8991000000,0.0,77.93,1.029,1.029,2517000000,9841000000,32735000000.0,32735000000.0,102000000.0,0.188,0.611,0.265,0.199,0.0,828000000.0,1.0,432200532,432200532,,75.74,21581000000,0,1730000000.0,2127000000,49.933,5440000000
23,LYB,ART,2015-09-30,2015-10-23,2015-09-30,2021-08-02,-1381000000,23935000000,24207250000.0,11198000000,12737000000,1.485,16.305,-1360000000.0,1475000000,1475000000,28880000000.0,4470000000.0,2.156,2.263,8318000000,576000000,7742000000,8318000000,0,1029000000.0,0,0.031,2.96,6545000000.0,7574000000.0,0.211,7574000000.0,6545000000.0,6240000000.0,9.42,9.38,9.42,7328000000,7761750000.0,7328000000,49162630374,8.0,6.491,5338000000.0,11.877,1.0,7074000000.0,0.197,1187000000,305000000.0,24398000000,24374250000.0,4138000000,3686000000,1602000000,2084000000,16583000000,5193000000,11390000000,42319630374,289000000.0,0.0,-4877000000.0,1464000000.0,-1411000000.0,-4625000000.0,-1739000000.0,-415000000.0,6698000000.0,-45000000.0,4474000000.0,4474000000.0,4474000000.0,8000000.0,-4000000.0,0.124,927000000.0,6147000000.0,2450000000,0.314,5.775,9.459,9.996,8793000000,0.0,94.16,1.177,1.177,2924000000,9393000000,35954000000.0,35954000000.0,106000000.0,0.185,0.576,0.269,0.182,0.0,821000000.0,1.0,449443823,449443823,,79.997,22748000000,0,1766000000.0,1987000000,50.614,6005000000
24,LYB,ART,2015-06-30,2015-07-28,2015-06-30,2021-08-02,-1307000000,24605000000,24631250000.0,11990000000,12615000000,1.611,17.015,-1325000000.0,1328000000,1328000000,32533000000.0,4541000000.0,2.293,2.101,8313000000,585000000,7728000000,8313000000,0,1043000000.0,0,0.031,2.88,6572000000.0,7615000000.0,0.192,7615000000.0,6572000000.0,6260000000.0,9.32,9.29,9.32,7927000000,8390500000.0,7927000000,50059775409,8.0,6.574,5039000000.0,10.816,1.0,7153000000.0,0.18,1214000000,312000000.0,25147000000,24336750000.0,4179000000,4084000000,1989000000,2095000000,16655000000,5229000000,11426000000,43074775409,-705000000.0,0.0,-4858000000.0,1472000000.0,-1408000000.0,-4562000000.0,-2444000000.0,-1155000000.0,6364000000.0,-63000000.0,4547000000.0,4547000000.0,4547000000.0,8000000.0,-6000000.0,0.115,950000000.0,6203000000.0,2755000000,0.309,5.434,9.473,9.921,8636000000,0.0,92.46,1.085,1.085,3373000000,8569000000,39686000000.0,39686000000.0,112000000.0,0.185,0.542,0.27,0.166,0.0,838000000.0,1.0,465874707,465874707,,85.186,23391000000,0,1713000000.0,2069000000,50.209,6761000000
25,LYB,ART,2015-03-31,2015-04-24,2015-03-31,2021-08-02,-1566000000,24006000000,25144000000.0,11647000000,12359000000,1.697,15.8,-1462000000.0,1618000000,1618000000,35741000000.0,4388000000.0,2.302,2.206,8267000000,518000000,7749000000,8267000000,0,1050000000.0,0,0.021,2.1,6321000000.0,7371000000.0,0.173,7371000000.0,6321000000.0,5992000000.0,8.75,8.7,8.75,7478000000,9097000000.0,7478000000,54371935494,9.0,7.376,5253000000.0,11.099,1.0,6917000000.0,0.162,1228000000,329000000.0,24367000000,24145000000.0,4267000000,3470000000,1478000000,1992000000,16500000000,5060000000,11440000000,47722935494,-1086000000.0,0.0,-5946000000.0,1403000000.0,-1410000000.0,-5758000000.0,-1963000000.0,-512000000.0,6715000000.0,-80000000.0,4395000000.0,4395000000.0,4395000000.0,8000000.0,-7000000.0,0.103,946000000.0,5971000000.0,2631000000,0.24,6.382,10.858,11.523,8430000000,0.0,100.83,1.119,1.119,3089000000,7607000000,42658000000.0,42658000000.0,121000000.0,0.175,0.483,0.262,0.148,0.0,825000000.0,1.0,473300957,473300957,,90.129,22778000000,0,1597000000.0,2082000000,48.126,6587000000
26,LYB,ART,2014-12-31,2015-02-17,2014-12-31,2021-08-02,-1026000000,24283000000,26099250000.0,11645000000,12638000000,1.747,17.425,-1499000000.0,1033000000,1033000000,38939000000.0,4168000000.0,2.142,1.917,7107000000,350000000,6757000000,7107000000,0,1019000000.0,0,0.03,2.7,6066000000.0,7085000000.0,0.155,7085000000.0,6066000000.0,5714000000.0,8.03,7.99,8.03,8314000000,10175250000.0,8314000000,48988191323,8.0,6.914,4549000000.0,9.534,1.0,6669000000.0,0.146,1335000000,352000000.0,23585000000,24241750000.0,4517000000,3657000000,1593000000,2064000000,15939000000,5437000000,10502000000,42914191323,-3419000000.0,0.0,-5788000000.0,1236000000.0,-1403000000.0,-5907000000.0,-3531000000.0,-2038000000.0,6048000000.0,-29000000.0,4174000000.0,4174000000.0,4174000000.0,4000000.0,-6000000.0,0.092,933000000.0,5736000000.0,3064000000,0.336,5.162,10.281,11.2,8758000000,0.0,89.94,0.941,0.941,3448000000,6775000000,45608000000.0,45608000000.0,127000000.0,0.16,0.41,0.25,0.133,0.0,806000000.0,1.0,477142443,477142443,,95.586,22948000000,0,1540000000.0,2092000000,48.095,6208000000
27,LYB,ART,2014-09-30,2014-10-24,2014-09-30,2021-08-02,-510000000,25631000000,26853000000.0,12932000000,12699000000,1.73,19.66,-1451000000.0,1185000000,1185000000,39551000000.0,4552000000.0,2.295,1.601,6811000000,58000000,6753000000,6811000000,0,1024000000.0,0,0.028,2.6,6194000000.0,7218000000.0,0.155,7218000000.0,6194000000.0,5827000000.0,8.55,8.49,8.55,9843000000,11216250000.0,9843000000,51882712917,8.0,7.188,4222000000.0,8.433,1.0,6905000000.0,0.149,1375000000,367000000.0,24248000000,23759000000.0,5359000000,3685000000,1544000000,2141000000,15756000000,5634000000,10122000000,46256712917,-3229000000.0,0.0,-5045000000.0,975000000.0,-1665000000.0,-5654000000.0,-3262000000.0,-1805000000.0,5673000000.0,14000000.0,4555000000.0,4555000000.0,4555000000.0,1000000.0,-3000000.0,0.098,983000000.0,5922000000.0,3431000000,0.304,4.699,10.155,10.806,8600000000,0.0,92.39,0.996,0.996,4105000000,6330000000,46456000000.0,46456000000.0,141000000.0,0.17,0.406,0.261,0.133,0.0,841000000.0,1.0,500667961,500667961,,92.788,24256000000,0,1272000000.0,2259000000,48.447,7298000000
28,LYB,ART,2014-06-30,2014-07-25,2014-06-30,2021-08-02,43000000,26656000000,27148000000.0,13705000000,12951000000,1.678,20.988,-1536000000.0,2032000000,2032000000,39123000000.0,4146000000.0,2.435,1.476,6824000000,58000000,6766000000,6824000000,0,1024000000.0,0,0.022,2.4,5683000000.0,6707000000.0,0.147,6707000000.0,5683000000.0,5327000000.0,7.6,7.54,7.6,10753000000,11724000000.0,10753000000,59862201107,11.0,8.925,3834000000.0,7.483,1.0,6419000000.0,0.141,1440000000,356000000.0,24380000000,23040000000.0,5326000000,3477000000,1299000000,2178000000,15868000000,5628000000,10240000000,55070201107,-1203000000.0,0.0,-4746000000.0,2423000000.0,-1334000000.0,-3596000000.0,-3062000000.0,-1501000000.0,5370000000.0,85000000.0,4150000000.0,4150000000.0,4150000000.0,1000000.0,-4000000.0,0.091,996000000.0,5423000000.0,3690000000,0.316,5.121,13.27,14.143,8740000000,0.0,107.49,1.209,1.209,4264000000,5430000000,45542000000.0,45542000000.0,145000000.0,0.153,0.354,0.247,0.125,0.0,850000000.0,1.0,512328599,512328599,,88.892,25216000000,0,1177000000.0,2193000000,49.218,8077000000
29,LYB,ART,2014-03-31,2014-04-29,2014-03-31,2021-08-02,98000000,27827000000,26746000000.0,14993000000,12834000000,1.665,22.361,-1508000000.0,2705000000,2705000000,38364000000.0,3897000000.0,2.621,1.357,6827000000,61000000,6766000000,6827000000,0,1024000000.0,0,0.032,2.9,5393000000.0,6417000000.0,0.144,6417000000.0,5393000000.0,5063000000.0,6.97,6.92,6.97,11791000000,12043750000.0,11791000000,52090049802,10.0,8.118,3329000000.0,6.313,1.0,6164000000.0,0.138,1475000000,330000000.0,24754000000,21856000000.0,5589000000,3581000000,1402000000,2179000000,16001000000,5720000000,10281000000,47968049802,-177000000.0,0.0,-3150000000.0,2423000000.0,-1225000000.0,-1905000000.0,-3205000000.0,-1672000000.0,4837000000.0,96000000.0,3901000000.0,3901000000.0,3901000000.0,0.0,-4000000.0,0.088,990000000.0,5174000000.0,3642000000,0.416,4.068,12.296,13.052,8556000000,0.0,90.97,1.077,1.077,4141000000,4622000000,44528000000.0,44528000000.0,146000000.0,0.146,0.324,0.247,0.121,0.0,843000000.0,1.0,527295260,527295260,,84.446,26352000000,0,1162000000.0,2217000000,49.976,9273000000
30,LYB,ART,2013-12-31,2014-02-20,2013-12-31,2021-08-02,96000000,27298000000,25958500000.0,14599000000,12699000000,1.697,22.83,-1556000000.0,4460000000,4460000000,37940000000.0,3853000000.0,2.65,1.185,5835000000,59000000,5776000000,5835000000,0,1021000000.0,0,0.023,2.0,5302000000.0,6323000000.0,0.144,6323000000.0,5302000000.0,4993000000.0,6.8,6.75,6.8,12478000000,12006250000.0,12478000000,48269114839,9.0,7.634,3279000000.0,5.999,1.0,6122000000.0,0.139,1509000000,309000000.0,21654000000,20549250000.0,5279000000,2114000000,0,2114000000,14784000000,5510000000,9274000000,46894114839,1718000000.0,0.0,-1949000000.0,1449000000.0,-1127000000.0,-1589000000.0,-1602000000.0,0.0,4835000000.0,74000000.0,3857000000.0,3857000000.0,3857000000.0,7000000.0,-4000000.0,0.088,1021000000.0,5101000000.0,3572000000,0.294,3.758,12.158,12.618,8457000000,0.0,85.8,1.064,1.064,4030000000,4004000000,44062000000.0,44062000000.0,150000000.0,0.149,0.321,0.258,0.12,0.0,870000000.0,1.0,546551455,546551455,,80.618,25789000000,0,1136000000.0,2239000000,47.185,9089000000
31,LYB,ART,2013-09-30,2013-10-29,2013-09-30,2021-08-02,-299000000,26811000000,25189000000.0,14625000000,12186000000,1.748,21.448,-1534000000.0,4418000000,4418000000,38171000000.0,3301000000.0,2.719,1.255,5889000000,115000000,5774000000,5889000000,0,1035000000.0,0,0.024,1.8,5002000000.0,6037000000.0,0.137,6037000000.0,5002000000.0,4706000000.0,5.81,5.75,5.81,11874000000,11671500000.0,11874000000,43303064658,9.0,7.173,2970000000.0,5.365,1.0,5850000000.0,0.133,1532000000,296000000.0,21372000000,19925250000.0,5382000000,2202000000,0,2202000000,14902000000,5378000000,9524000000,41832064658,887000000.0,0.0,-1251000000.0,1501000000.0,-2329000000.0,-2131000000.0,-1552000000.0,0.0,4504000000.0,66000000.0,3315000000.0,3315000000.0,3315000000.0,27000000.0,-14000000.0,0.075,1053000000.0,4797000000.0,3241000000,0.31,3.523,12.619,13.005,8223000000,0.0,75.56,0.95,0.95,4041000000,3160000000,44021000000.0,44021000000.0,163000000.0,0.132,0.284,0.251,0.114,0.0,890000000.0,1.0,553627113,553627113,,79.514,25279000000,0,1391000000.0,1966000000,45.661,9247000000
32,LYB,ART,2013-06-30,2013-07-26,2013-06-30,2021-08-02,-505000000,25048000000,24762250000.0,13032000000,12016000000,1.783,21.215,-1375000000.0,3235000000,3235000000,38151000000.0,3294000000.0,2.588,1.079,4421000000,115000000,4306000000,4421000000,0,1009000000.0,0,0.025,1.7,5081000000.0,6090000000.0,0.138,6090000000.0,5081000000.0,4795000000.0,5.77,5.71,5.77,12032000000,11781000000.0,12032000000,39410768514,8.0,6.471,4045000000.0,7.132,1.0,5991000000.0,0.136,1554000000,286000000.0,19644000000,19439000000.0,5197000000,2262000000,0,2262000000,12979000000,5036000000,7943000000,38224768514,1283000000.0,0.0,-269000000.0,50000000.0,-2532000000.0,-2807000000.0,-1380000000.0,0.0,5420000000.0,50000000.0,3308000000.0,3308000000.0,3308000000.0,31000000.0,-14000000.0,0.075,1073000000.0,4918000000.0,3324000000,0.295,3.177,11.555,11.681,7979000000,0.0,67.4,0.866,0.866,4023000000,2587000000,44142000000.0,44142000000.0,167000000.0,0.134,0.281,0.261,0.115,0.0,906000000.0,1.0,567133064,567133064,,77.834,23494000000,0,1487000000.0,1862000000,41.426,7996000000
33,LYB,ART,2013-03-31,2013-04-26,2013-03-31,2021-08-02,-599000000,24677000000,24386500000.0,12655000000,12022000000,1.816,20.227,-1215000000.0,2885000000,2885000000,38216000000.0,3135000000.0,2.478,1.116,4423000000,116000000,4307000000,4423000000,0,999000000.0,0,0.027,1.6,5159000000.0,6158000000.0,0.139,6158000000.0,5159000000.0,4532000000.0,5.49,5.43,5.49,11641000000,11646000000.0,11641000000,36149003489,7.0,5.87,3450000000.0,5.995,1.0,6071000000.0,0.137,1581000000,627000000.0,19527000000,19530750000.0,5270000000,2429000000,0,2429000000,12997000000,5107000000,7890000000,34611003489,1209000000.0,0.0,1000000.0,332000000.0,-2501000000.0,-2231000000.0,-1236000000.0,0.0,4665000000.0,11000000.0,3149000000.0,3149000000.0,3149000000.0,35000000.0,-14000000.0,0.071,1069000000.0,5002000000.0,3217000000,0.291,2.973,10.991,10.954,7779000000,0.0,60.14,0.782,0.782,3878000000,1946000000,44287000000.0,44287000000.0,169000000.0,0.129,0.27,0.264,0.116,0.0,899000000.0,1.0,575507208,575507208,,76.953,23096000000,0,1383000000.0,1834000000,40.132,7548000000
34,LYB,ART,2012-12-31,2013-02-12,2012-12-31,2021-08-02,-411000000,24220000000,24119500000.0,12286000000,11934000000,1.88,19.362,-1048000000.0,2737000000,2737000000,39595000000.0,2834000000.0,2.411,1.171,4400000000,96000000,4304000000,4400000000,0,983000000.0,0,0.024,1.45,4830000000.0,5813000000.0,0.128,5813000000.0,4830000000.0,4175000000.0,4.97,4.92,4.97,11139000000,11563250000.0,11139000000,36474659139,8.0,6.275,3739000000.0,6.499,1.0,5757000000.0,0.127,1629000000,655000000.0,19158000000,19465500000.0,5075000000,2363000000,0,2363000000,13041000000,5096000000,7945000000,34811659139,1667000000.0,0.0,1000000.0,321000000.0,-2415000000.0,-2145000000.0,-1013000000.0,0.0,4787000000.0,38000000.0,2848000000.0,2848000000.0,2848000000.0,24000000.0,-14000000.0,0.063,1077000000.0,4680000000.0,3285000000,0.292,3.125,12.223,12.175,7696000000,0.0,60.51,0.768,0.768,3904000000,1274000000,45352000000.0,45352000000.0,172000000.0,0.118,0.246,0.248,0.107,0.0,909000000.0,1.0,575304233,575304233,,78.831,22591000000,0,1327000000.0,1872000000,39.268,7190000000
35,LYB,ART,2012-09-30,2012-10-26,2012-09-30,2021-08-02,-401000000,25104000000,23774250000.0,13395000000,11709000000,1.928,21.405,-1004000000.0,3546000000,3546000000,40859000000.0,1993000000.0,2.776,1.035,4352000000,47000000,4305000000,4352000000,0,972000000.0,0,0.024,1.3,4082000000.0,5054000000.0,0.11,5054000000.0,4082000000.0,2952000000.0,3.47,3.45,3.47,12312000000,11426750000.0,12312000000,31721974342,8.0,6.277,2564000000.0,4.458,1.0,4985000000.0,0.109,1658000000,1130000000.0,19427000000,19419250000.0,5234000000,2347000000,0,2347000000,12743000000,4825000000,7918000000,30915974342,-2082000000.0,0.0,1000000.0,-1520000000.0,-3325000000.0,-4884000000.0,-746000000.0,0.0,3568000000.0,-20000000.0,2001000000.0,2001000000.0,2001000000.0,7000000.0,-8000000.0,0.044,1072000000.0,3913000000.0,3297000000,0.375,2.511,15.45,15.49,7412000000,0.0,53.75,0.674,0.674,4083000000,2454000000,45844000000.0,45844000000.0,169000000.0,0.084,0.175,0.21,0.089,0.0,892000000.0,1.0,575180918,575180918,,79.704,23446000000,0,951000000.0,1764000000,40.763,8570000000
36,LYB,ART,2012-06-30,2012-07-27,2012-06-30,2021-08-02,-589000000,23545000000,24565000000.0,12366000000,11179000000,1.949,19.988,-1018000000.0,1964000000,1964000000,42727000000.0,2044000000.0,2.914,1.044,4353000000,48000000,4305000000,4353000000,0,973000000.0,0,0.025,1.1,4269000000.0,5242000000.0,0.11,5242000000.0,4269000000.0,3055000000.0,3.56,3.5,3.56,11492000000,11855000000.0,11492000000,27980239572,7.0,5.338,2034000000.0,3.538,1.0,5141000000.0,0.107,1679000000,1214000000.0,20011000000,19859000000.0,5759000000,2002000000,0,2002000000,12002000000,4244000000,7758000000,25591239572,-2737000000.0,0.0,0.0,-1517000000.0,-3209000000.0,-4763000000.0,-800000000.0,0.0,3052000000.0,-226000000.0,2050000000.0,2050000000.0,2050000000.0,0.0,-6000000.0,0.043,1089000000.0,4052000000.0,3004000000,0.309,2.227,12.484,12.503,7237000000,0.0,44.51,0.535,0.535,3888000000,1838000000,47868000000.0,47868000000.0,183000000.0,0.083,0.173,0.215,0.089,0.0,895000000.0,1.0,574954832,574954832,,83.255,21866000000,0,1005000000.0,1522000000,38.031,8122000000
37,LYB,ART,2012-03-31,2012-04-30,2012-03-31,2021-08-02,-218000000,23609000000,25797500000.0,12098000000,11511000000,1.964,19.682,-987000000.0,1679000000,1679000000,45640000000.0,2079000000.0,2.446,1.083,4026000000,42000000,3984000000,4026000000,0,953000000.0,0,0.019,0.8,4151000000.0,5104000000.0,0.101,5104000000.0,4151000000.0,3171000000.0,3.63,3.55,3.63,11310000000,12376750000.0,11310000000,26354786375,6.0,5.164,2582000000.0,4.493,1.0,5022000000.0,0.099,1744000000,980000000.0,19266000000,20229500000.0,5208000000,2092000000,0,2092000000,12246000000,4946000000,7300000000,24007786375,-2713000000.0,0.0,0.0,-2074000000.0,-3036000000.0,-5140000000.0,-990000000.0,0.0,3569000000.0,-152000000.0,2084000000.0,2084000000.0,2084000000.0,0.0,-5000000.0,0.041,1181000000.0,3841000000.0,3545000000,0.22,2.123,11.52,11.51,7426000000,0.0,41.78,0.474,0.474,4213000000,1298000000,50662000000.0,50662000000.0,202000000.0,0.081,0.168,0.205,0.082,0.0,941000000.0,1.0,574623896,574623896,,88.165,21865000000,0,1087000000.0,1345000000,38.051,7152000000
38,LYB,ART,2011-12-31,2012-02-29,2011-12-31,2021-08-02,-427000000,22839000000,26882250000.0,11435000000,11404000000,1.898,18.464,-979000000.0,1118000000,1118000000,45913000000.0,2140000000.0,2.279,1.151,4032000000,52000000,3980000000,4032000000,0,931000000.0,0,0.013,0.55,4239000000.0,5170000000.0,0.101,5170000000.0,4239000000.0,3195000000.0,3.76,3.74,3.76,10593000000,12717000000.0,10593000000,27686749136,7.0,5.355,1890000000.0,3.294,1.0,5122000000.0,0.1,1762000000,1044000000.0,18973000000,20703750000.0,5499000000,2039000000,0,2039000000,12192000000,5018000000,7174000000,24772749136,-3157000000.0,0.0,0.0,-2063000000.0,-2893000000.0,-4964000000.0,-1021000000.0,0.0,2869000000.0,-41000000.0,2147000000.0,2147000000.0,2147000000.0,0.0,-7000000.0,0.042,1169000000.0,3953000000.0,3414000000,0.146,2.339,11.538,11.484,7333000000,0.0,43.18,0.485,0.485,3782000000,841000000,51035000000.0,51035000000.0,196000000.0,0.08,0.169,0.205,0.083,0.0,928000000.0,1.0,573708873,573708873,,88.956,21077000000,0,1048000000.0,1227000000,36.738,6417000000
39,LYB,ART,2011-09-30,2011-11-01,2011-09-30,2021-08-02,79000000,28267000000,27546000000.0,16718000000,11549000000,1.822,24.288,-736000000.0,5901000000,5901000000,44421000000.0,3124000000.0,3.229,1.011,5833000000,51000000,5782000000,5833000000,0,883000000.0,0,0.009,0.3,4887000000.0,5770000000.0,0.115,5770000000.0,4887000000.0,4161000000.0,5.47,5.37,5.47,14025000000,12952500000.0,14025000000,18473647432,4.0,3.202,2770000000.0,4.797,1.0,5780000000.0,0.115,1835000000,726000000.0,21186000000,21073250000.0,5682000000,2083000000,0,2083000000,14185000000,5178000000,9007000000,18541647432,777000000.0,0.0,0.0,-1518000000.0,-171000000.0,-1656000000.0,-1017000000.0,0.0,3506000000.0,-56000000.0,3133000000.0,3133000000.0,3133000000.0,-64000000.0,-9000000.0,0.062,1171000000.0,4609000000.0,3307000000,0.055,1.322,5.918,5.87,7363000000,0.0,32.11,0.369,0.369,4042000000,3778000000,50201000000.0,50201000000.0,183000000.0,0.114,0.242,0.232,0.097,0.0,928000000.0,1.0,577441527,577441527,,86.937,26432000000,0,1028000000.0,1519000000,45.774,11540000000
40,LYB,ART,2011-06-30,2011-08-15,2011-06-30,2021-08-02,586000000,28475000000,26986750000.0,16513000000,11962000000,1.749,23.757,-724000000.0,4937000000,4937000000,41958000000.0,2696000000.0,2.762,1.094,5865000000,52000000,5813000000,5865000000,0,997000000.0,0,0.009,0.3,4258000000.0,5255000000.0,0.111,5255000000.0,4258000000.0,3505000000.0,4.75,4.7,4.75,13579000000,12166750000.0,13579000000,20327460735,5.0,3.868,3480000000.0,6.088,1.0,5248000000.0,0.111,1931000000,753000000.0,21493000000,21016750000.0,5577000000,2153000000,0,2153000000,14849000000,5979000000,8870000000,19399460735,1976000000.0,0.0,0.0,-1467000000.0,-57000000.0,-1493000000.0,-963000000.0,0.0,4204000000.0,228000000.0,2712000000.0,2712000000.0,2712000000.0,-64000000.0,-16000000.0,0.057,1131000000.0,4117000000.0,3999000000,0.063,1.429,7.153,7.145,7569000000,0.0,33.94,0.411,0.411,4920000000,2997000000,47206000000.0,47206000000.0,165000000.0,0.1,0.223,0.203,0.09,0.0,893000000.0,1.0,571581047,571581047,,82.588,26544000000,0,793000000.0,1262000000,46.44,10534000000
41,LYB,ART,2011-03-31,2011-05-05,2011-03-31,2021-08-02,460000000,27948000000,,15973000000,11975000000,,22.308,,4383000000,4383000000,,,2.511,1.202,6109000000,304000000,5805000000,6109000000,0,,0,0.002,0.1,,,,,,,,,,12671000000,,12671000000,25383785432,,,,,1.0,,,2151000000,,21163000000,,5726000000,2096000000,0,2096000000,15235000000,6360000000,8875000000,23657785432,,,,,,,,,,,,,,,,,,,4099000000,,1.867,,,7440000000,,41.65,,,4778000000,2250000000,,,,,,,,,,1.0,568014056,568014056,,,25797000000,0,,1273000000,45.416,9613000000
42,LYB,ART,2010-12-31,2011-03-18,2010-12-31,2021-08-02,81000000,25494000000,26627500000.0,13779000000,11715000000,,20.316,,4222000000,4222000000,,,2.897,1.205,6082000000,46000000,6036000000,6082000000,0,,0,0.0,0.0,,,,,,,,,,11535000000,1279500000.0,11535000000,23663194022,,,,,1.0,,,2147000000,,20451000000,32452000000.0,4824000000,2091000000,0,2091000000,13898000000,4756000000,9142000000,21803194022,,,,,,,,,,,,,,,,,,,2761000000,,1.89,,,7190000000,,38.4,,,3761000000,1587000000,,,,,,,,,,1.0,567791511,567791511,,,23347000000,0,,1167000000,41.119,9023000000
43,LYB,ART,2010-09-30,2010-11-10,2010-09-30,2021-08-02,207000000,26030000000,,13943000000,12087000000,,19.237,,4832000000,4832000000,,,2.763,1.386,7325000000,526000000,6799000000,7325000000,0,,0,0.0,0.0,,,,,,,,,,10882000000,,10882000000,18524194727,,,,,1.0,,,2516000000,,20960000000,,4412000000,2083000000,0,2083000000,15087000000,5047000000,10040000000,16031194727,,,,,,,,,,,,,,,,,,,2562000000,,1.473,,,7216000000,,28.34,,,3800000000,816000000,,,,,,,,,,1.0,565673773,565673773,,,23514000000,0,,1601000000,41.568,8896000000
44,LYB,ART,2009-12-31,2010-09-28,2009-12-31,2021-08-02,-286000000,27761000000,,8266000000,19495000000,,-15.868,-759000000.0,558000000,558000000,29499000000.0,-2865000000.0,0.797,-4.078,29478000000,6679000000,22799000000,29478000000,0,1774000000.0,0,0.0,0.0,-2481000000.0,-707000000.0,-0.023,-707000000.0,-2481000000.0,-4276000000.0,-5.08,-5.08,-5.08,-8976000000,,-8976000000,42185049977,-17.0,-59.668,-1546000000.0,-2.733,1.0,1329000000.0,0.043,1861000000,1795000000.0,44453000000,,3277000000,2130000000,11000000,2119000000,36608000000,10367000000,26241000000,13265049977,-300000000.0,-4000000.0,0.0,1122000000.0,0.0,1101000000.0,-611000000.0,23000000.0,-787000000.0,-3000000.0,-2865000000.0,-2865000000.0,-2865000000.0,-1000000.0,0.0,-0.093,3973000000.0,-2644000000.0,2128000000,0.0,-1.478,-4.63,-4.616,15152000000,0.0,23.45,0.43,0.43,3287000000,-9313000000,30828000000.0,30828000000.0,145000000.0,,,,-0.08,0.0,850000000.0,1.0,565673773,565673773,,54.498,25900000000,0,-1411000000.0,2251000000,45.786,-2101000000
45,LYB,ART,2009-12-31,2010-08-26,2009-12-31,2021-08-02,-286000000,27761000000,,8266000000,19495000000,,-15.868,-759000000.0,558000000,558000000,29499000000.0,-2865000000.0,0.797,-4.078,29478000000,6679000000,22799000000,29478000000,0,1774000000.0,0,0.0,0.0,-2481000000.0,-707000000.0,-0.023,-707000000.0,-2481000000.0,-4276000000.0,-5.08,-5.08,-5.08,-8976000000,,-8976000000,40233475460,-16.0,-56.907,-1546000000.0,-2.733,1.0,1329000000.0,0.043,1861000000,1795000000.0,44453000000,,3277000000,2130000000,11000000,2119000000,36608000000,10367000000,26241000000,11313475460,-300000000.0,-4000000.0,0.0,1122000000.0,0.0,1101000000.0,-611000000.0,23000000.0,-787000000.0,-3000000.0,-2865000000.0,-2865000000.0,-2865000000.0,-1000000.0,0.0,-0.093,3973000000.0,-2644000000.0,2128000000,0.0,-1.26,-3.949,-3.937,15152000000,0.0,20.0,0.367,0.367,3287000000,-9313000000,30828000000.0,30828000000.0,145000000.0,,,,-0.08,0.0,850000000.0,1.0,565673773,565673773,,54.498,25900000000,0,-1411000000.0,2251000000,45.786,-2101000000
46,LYB,ART,2009-12-31,2010-07-26,2009-12-31,2021-08-02,-286000000,27761000000,,8266000000,19495000000,,-15.868,-759000000.0,558000000,558000000,29499000000.0,-2865000000.0,0.797,-4.078,29478000000,6679000000,22799000000,29478000000,0,1774000000.0,0,0.0,0.0,-2481000000.0,-707000000.0,-0.023,-707000000.0,-2481000000.0,-4276000000.0,,,,-8976000000,,-8976000000,38904142093,-16.0,-55.027,-1546000000.0,-2.733,1.0,1329000000.0,0.043,1861000000,1795000000.0,44453000000,,3277000000,2130000000,11000000,2119000000,36608000000,10367000000,26241000000,9984142093,-300000000.0,-4000000.0,0.0,1122000000.0,0.0,1101000000.0,-611000000.0,23000000.0,-787000000.0,-3000000.0,-2865000000.0,-2865000000.0,-2865000000.0,-1000000.0,0.0,-0.093,3973000000.0,-2644000000.0,2128000000,,-1.112,-3.485,,15152000000,0.0,17.65,0.324,0.324,3287000000,-9313000000,30828000000.0,30828000000.0,145000000.0,,,,-0.08,0.0,850000000.0,1.0,565673773,565673773,,54.498,25900000000,0,-1411000000.0,2251000000,45.786,-2101000000
47,LYB,ART,2009-12-31,2010-06-29,2009-12-31,2021-08-02,-286000000,27761000000,,8266000000,19495000000,,-15.868,-759000000.0,558000000,558000000,29499000000.0,-2865000000.0,0.797,-4.078,29478000000,6679000000,22799000000,29478000000,0,1774000000.0,0,0.0,0.0,-2481000000.0,-707000000.0,-0.023,-707000000.0,-2481000000.0,-4276000000.0,,,,-8976000000,,-8976000000,38112198811,-15.0,-53.907,-1546000000.0,-2.733,1.0,1329000000.0,0.043,1861000000,1795000000.0,44453000000,,3277000000,2130000000,11000000,2119000000,36608000000,10367000000,26241000000,9192198811,-300000000.0,-4000000.0,0.0,1122000000.0,0.0,1101000000.0,-611000000.0,23000000.0,-787000000.0,-3000000.0,-2865000000.0,-2865000000.0,-2865000000.0,-1000000.0,0.0,-0.093,3973000000.0,-2644000000.0,2128000000,,-1.024,-3.208,,15152000000,0.0,16.25,0.298,0.298,3287000000,-9313000000,30828000000.0,30828000000.0,145000000.0,,,,-0.08,0.0,850000000.0,1.0,565673773,565673773,,54.498,25900000000,0,-1411000000.0,2251000000,45.786,-2101000000
48,LYB,ART,2009-12-31,2010-04-28,2009-12-31,2021-08-02,-286000000,27761000000,,8266000000,19495000000,,-15.868,-759000000.0,558000000,558000000,29499000000.0,-2865000000.0,0.797,-4.078,29478000000,6679000000,22799000000,29478000000,0,1774000000.0,0,0.0,0.0,-2481000000.0,-707000000.0,-0.023,-707000000.0,-2481000000.0,-4276000000.0,,,,-8976000000,,-8976000000,41364823006,-17.0,-58.508,-1546000000.0,-2.733,1.0,1329000000.0,0.043,1861000000,1795000000.0,44453000000,,3277000000,2130000000,11000000,2119000000,36608000000,10367000000,26241000000,12444823006,-300000000.0,-4000000.0,0.0,1122000000.0,0.0,1101000000.0,-611000000.0,23000000.0,-787000000.0,-3000000.0,-2865000000.0,-2865000000.0,-2865000000.0,-1000000.0,0.0,-0.093,3973000000.0,-2644000000.0,2128000000,,-1.386,-4.344,,15152000000,0.0,22.0,0.404,0.404,3287000000,-9313000000,30828000000.0,30828000000.0,145000000.0,,,,-0.08,0.0,850000000.0,1.0,565673773,565673773,,54.498,25900000000,0,-1411000000.0,2251000000,45.786,-2101000000
