None,ticker,dimension,calendardate,datekey,reportperiod,lastupdated,accoci,assets,assetsavg,assetsc,assetsnc,assetturnover,bvps,capex,cashneq,cashnequsd,cor,consolinc,currentratio,de,debt,debtc,debtnc,debtusd,deferredrev,depamor,deposits,divyield,dps,ebit,ebitda,ebitdamargin,ebitdausd,ebitusd,ebt,eps,epsdil,epsusd,equity,equityavg,equityusd,ev,evebit,evebitda,fcf,fcfps,fxusd,gp,grossmargin,intangibles,intexp,invcap,invcapavg,inventory,investments,investmentsc,investmentsnc,liabilities,liabilitiesc,liabilitiesnc,marketcap,ncf,ncfbus,ncfcommon,ncfdebt,ncfdiv,ncff,ncfi,ncfinv,ncfo,ncfx,netinc,netinccmn,netinccmnusd,netincdis,netincnci,netmargin,opex,opinc,payables,payoutratio,pb,pe,pe1,ppnenet,prefdivis,price,ps,ps1,receivables,retearn,revenue,revenueusd,rnd,roa,roe,roic,ros,sbcomp,sgna,sharefactor,sharesbas,shareswa,shareswadil,sps,tangibles,taxassets,taxexp,taxliabilities,tbvps,workingcapital
0,SNPS,MRY,2020-12-31,2020-10-31,2020-10-31,2021-08-20,-54074000.0,8030062000.0,7554670250.0,2549217000.0,5480845000.0,0.488,32.47,-158762000.0,1235653000.0,1235653000.0,794690000.0,663447000.0,1.191,0.635,663491000.0,100257000.0,563234000.0,663491000.0,1493113000.0,292881000.0,0.0,0.0,0.0,639059000.0,931940000.0,0.253,931940000.0,639059000.0,639059000.0,4.4,4.27,4.4,4907404000.0,4481810500.0,4907404000.0,32079260810.0,50.0,34.422,832551000.0,5.509,1.0,2890591000.0,0.784,3619436000.0,0.0,1698542000.0,1670124500.0,192333000.0,0.0,0.0,0.0,3117695000.0,2139922000.0,977773000.0,32455754810.0,507443000.0,-201045000.0,-44675000.0,-12390000.0,0.0,-140606000.0,-360418000.0,-611000.0,991313000.0,17154000.0,664347000.0,664347000.0,664347000.0,0.0,-900000.0,0.18,2270450000.0,620141000.0,623664000.0,0.0,6.614,48.854,48.605,949636000.0,0.0,213.86,8.807,8.77,780709000.0,3795397000.0,3685281000.0,3685281000.0,1279022000.0,0.088,0.148,0.383,0.173,248584000.0,916540000.0,1.0,151761689.0,151135000,155706000.0,24.384,4410626000.0,538177000.0,-25288000.0,52916000.0,29.183,409295000.0
1,SNPS,MRY,2019-12-31,2019-10-31,2019-10-31,2021-08-20,-92447000.0,6405160000.0,6274319250.0,1738917000.0,4666243000.0,0.536,27.243,-202388000.0,728597000.0,728597000.0,752946000.0,532367000.0,0.992,0.567,137707000.0,17614000.0,120093000.0,137707000.0,1302578000.0,201676000.0,0.0,0.0,0.0,545506000.0,747182000.0,0.222,747182000.0,545506000.0,545506000.0,3.55,3.45,3.55,4083013000.0,3926298250.0,4083013000.0,19856562050.0,36.0,26.575,598125000.0,3.991,1.0,2607748000.0,0.776,3450553000.0,0.0,611264000.0,656200500.0,141518000.0,0.0,0.0,0.0,2316284000.0,1752453000.0,563831000.0,20401404050.0,5526000.0,-36605000.0,-172821000.0,-331166000.0,0.0,-561892000.0,-235877000.0,3116000.0,800513000.0,2782000.0,532367000.0,532367000.0,532367000.0,0.0,0.0,0.158,2087517000.0,520231000.0,506459000.0,0.0,4.997,38.322,38.239,429532000.0,0.0,135.75,6.071,6.054,553895000.0,3164144000.0,3360694000.0,3360694000.0,1136932000.0,0.085,0.136,0.831,0.162,155001000.0,862108000.0,1.0,150286586.0,149872000,154190000.0,22.424,2954607000.0,430487000.0,13139000.0,45815000.0,19.714,-13536000.0
2,SNPS,MRY,2018-12-31,2018-10-31,2018-10-31,2021-08-20,-113177000.0,6145974000.0,5839452250.0,1543797000.0,4602177000.0,0.534,23.344,-100264000.0,723115000.0,723115000.0,735898000.0,432518000.0,0.734,0.765,469304000.0,343769000.0,125535000.0,469304000.0,1269721000.0,209207000.0,0.0,0.0,0.0,363543000.0,572750000.0,0.184,572750000.0,363543000.0,363543000.0,2.9,2.82,2.9,3479152000.0,3257528250.0,3479152000.0,13183415220.0,36.0,23.018,324135000.0,2.175,1.0,2385160000.0,0.764,3503653000.0,0.0,286095000.0,178673250.0,122407000.0,0.0,0.0,0.0,2660959000.0,2102415000.0,558544000.0,13303093220.0,-325074000.0,-652643000.0,-276171000.0,325322000.0,0.0,5138000.0,-743525000.0,9382000.0,424399000.0,-11086000.0,432518000.0,432518000.0,432518000.0,0.0,0.0,0.139,2024935000.0,360225000.0,578326000.0,0.0,3.824,30.757,30.872,309310000.0,0.0,89.53,4.262,4.275,554217000.0,2543688000.0,3121058000.0,3121058000.0,1084822000.0,0.074,0.133,2.035,0.116,140032000.0,885538000.0,1.0,148588107.0,149036000,153393000.0,20.942,2642321000.0,619003000.0,-68975000.0,78048000.0,17.729,-558618000.0
3,SNPS,MRY,2017-12-31,2017-10-31,2017-10-31,2021-08-20,-65979000.0,5396414000.0,5451541250.0,1682593000.0,3713821000.0,0.5,21.771,-73554000.0,1048356000.0,1048356000.0,654184000.0,136563000.0,1.042,0.646,143987000.0,9924000.0,134063000.0,143987000.0,1147780000.0,189442000.0,0.0,0.0,0.0,383098000.0,572540000.0,0.21,572540000.0,383098000.0,383098000.0,0.91,0.88,0.91,3275620000.0,3350242000.0,3275620000.0,12132771803.0,32.0,21.191,558928000.0,3.715,1.0,2070696000.0,0.76,2960817000.0,0.0,-82881000.0,121469250.0,61884000.0,0.0,0.0,0.0,2116690000.0,1614109000.0,502581000.0,12999427803.0,69653000.0,-259202000.0,-253663000.0,-60625000.0,0.0,-373120000.0,-189282000.0,141374000.0,632482000.0,-427000.0,136563000.0,136563000.0,136563000.0,0.0,0.0,0.05,1723133000.0,347563000.0,499846000.0,0.0,3.969,95.19,95.077,266014000.0,0.0,86.52,4.771,4.777,451144000.0,2143873000.0,2724880000.0,2724880000.0,908841000.0,0.025,0.041,3.154,0.141,108294000.0,746092000.0,1.0,150247663.0,150457000,154874000.0,18.111,2435597000.0,312403000.0,246535000.0,73050000.0,16.188,68484000.0
4,SNPS,MRY,2016-12-31,2016-10-31,2016-10-31,2021-08-20,-104577000.0,5240365000.0,5015485000.0,1716938000.0,3523427000.0,0.483,21.018,-71040000.0,1117315000.0,1117315000.0,542962000.0,266826000.0,1.001,0.64,205000000.0,205000000.0,0.0,205000000.0,1165658000.0,207032000.0,0.0,0.0,0.0,329548000.0,536580000.0,0.221,536580000.0,329548000.0,329548000.0,1.76,1.73,1.76,3195146000.0,3114070000.0,3195146000.0,8163549736.0,25.0,15.214,515595000.0,3.392,1.0,1879570000.0,0.776,2784906000.0,0.0,-171802000.0,-93665750.0,0.0,0.0,0.0,0.0,2045219000.0,1714946000.0,330273000.0,8975908736.0,140432000.0,-60056000.0,-274717000.0,0.0,0.0,-306937000.0,-142675000.0,-11579000.0,586635000.0,3409000.0,266826000.0,266826000.0,266826000.0,0.0,0.0,0.11,1562175000.0,317395000.0,401451000.0,0.0,2.809,33.64,33.699,257035000.0,0.0,59.31,3.705,3.722,438873000.0,1947585000.0,2422532000.0,2422532000.0,856705000.0,0.053,0.086,-3.518,0.136,97583000.0,668330000.0,1.0,151338876.0,152017000,154721000.0,15.936,2455459000.0,352008000.0,62722000.0,62255000.0,16.153,1992000.0
5,SNPS,MRY,2015-12-31,2015-10-31,2015-10-31,2021-08-20,-105375000.0,5045739000.0,4854556750.0,1468807000.0,3576932000.0,0.462,20.225,-90647000.0,964935000.0,964935000.0,518920000.0,225934000.0,0.931,0.61,205000000.0,205000000.0,0.0,205000000.0,1061859000.0,211821000.0,0.0,0.0,0.0,281610000.0,493431000.0,0.22,493431000.0,281610000.0,281610000.0,1.46,1.43,1.46,3133989000.0,3068564000.0,3133989000.0,6883832402.0,24.0,13.951,404513000.0,2.61,1.0,1723291000.0,0.769,2834900000.0,0.0,-127449000.0,5007000.0,0.0,0.0,0.0,0.0,1911750000.0,1578353000.0,333397000.0,7794251402.0,-149574000.0,-340153000.0,-150236000.0,129575000.0,0.0,-62070000.0,-559629000.0,-129729000.0,495160000.0,-23035000.0,225934000.0,225934000.0,225934000.0,0.0,0.0,0.101,1456825000.0,266466000.0,385542000.0,0.0,2.487,34.498,34.233,263077000.0,0.0,49.98,3.476,3.454,385694000.0,1725727000.0,2242211000.0,2242211000.0,776229000.0,0.047,0.074,56.243,0.126,86400000.0,639504000.0,1.0,155947407.0,154957000,158065000.0,14.47,2210839000.0,339377000.0,55676000.0,57328000.0,14.267,-109546000.0
6,SNPS,MRY,2014-12-31,2014-10-31,2014-10-31,2021-08-20,-62089000.0,4775499000.0,4518280000.0,1504735000.0,3270764000.0,0.455,19.71,-106913000.0,985762000.0,985762000.0,456885000.0,259124000.0,1.085,0.563,75000000.0,30000000.0,45000000.0,75000000.0,1005888000.0,192826000.0,0.0,0.0,0.0,272142000.0,464968000.0,0.226,464968000.0,272142000.0,272142000.0,1.67,1.64,1.67,3056170000.0,2948639250.0,3056170000.0,5565185203.0,20.0,11.969,444040000.0,2.864,1.0,1600587000.0,0.778,2620738000.0,0.0,-142760000.0,-29412000.0,0.0,0.0,0.0,0.0,1719329000.0,1386759000.0,332570000.0,6385731203.0,-36679000.0,-394623000.0,-16017000.0,-30968000.0,0.0,-73689000.0,-497250000.0,7774000.0,550953000.0,-16693000.0,259124000.0,259124000.0,259124000.0,0.0,0.0,0.126,1351870000.0,248717000.0,397113000.0,0.0,2.089,24.644,24.539,249098000.0,0.0,40.98,3.104,3.088,326727000.0,1551592000.0,2057472000.0,2057472000.0,718768000.0,0.057,0.088,-9.253,0.132,79440000.0,608294000.0,1.0,155825554.0,155054000,157710000.0,13.269,2154761000.0,363746000.0,13018000.0,82356000.0,13.897,117976000.0
7,SNPS,MRY,2013-12-31,2013-10-31,2013-10-31,2021-08-20,-28695000.0,4358935000.0,4191710250.0,1447977000.0,2910958000.0,0.468,18.186,-67068000.0,1022441000.0,1022441000.0,453552000.0,247800000.0,1.184,0.563,105000000.0,30000000.0,75000000.0,105000000.0,882290000.0,187404000.0,0.0,0.0,0.0,275666000.0,463070000.0,0.236,463070000.0,275666000.0,275666000.0,1.62,1.58,1.62,2788277000.0,2706374500.0,2788277000.0,4843681998.0,18.0,10.46,429637000.0,2.802,1.0,1508662000.0,0.769,2311396000.0,0.0,-92821000.0,56016250.0,0.0,0.0,0.0,0.0,1570658000.0,1222919000.0,347739000.0,5623551998.0,322059000.0,0.0,-13102000.0,-30712000.0,0.0,-97985000.0,-66079000.0,989000.0,496705000.0,-10582000.0,247800000.0,247800000.0,247800000.0,0.0,0.0,0.126,1262169000.0,246493000.0,358197000.0,0.0,2.017,22.694,22.481,197600000.0,0.0,36.42,2.866,2.846,256026000.0,1324854000.0,1962214000.0,1962214000.0,669197000.0,0.059,0.092,4.921,0.14,67511000.0,569773000.0,1.0,154408347.0,153319000,156601000.0,12.798,2047539000.0,361336000.0,27866000.0,60232000.0,13.355,225058000.0
8,SNPS,MRY,2012-12-31,2012-10-31,2012-10-31,2021-08-20,-15461000.0,4147656000.0,3765102250.0,1140656000.0,3007000000.0,0.466,17.031,-57493000.0,700382000.0,700382000.0,392673000.0,182402000.0,0.911,0.641,135000000.0,30000000.0,105000000.0,135000000.0,902048000.0,156840000.0,0.0,0.0,0.0,201135000.0,357975000.0,0.204,357975000.0,201135000.0,201135000.0,1.24,1.21,1.24,2501686000.0,2338641750.0,2501686000.0,3980602114.0,20.0,11.12,428575000.0,2.918,1.0,1363344000.0,0.776,2443309000.0,0.0,-113674000.0,-12209000.0,0.0,0.0,0.0,0.0,1603685000.0,1252639000.0,351046000.0,4801869114.0,-154695000.0,-970089000.0,135896000.0,113844000.0,0.0,243488000.0,-879123000.0,148459000.0,486068000.0,-5128000.0,182402000.0,182402000.0,182402000.0,0.0,0.0,0.104,1173320000.0,190024000.0,383093000.0,0.0,1.919,26.326,25.968,191243000.0,0.0,32.2,2.735,2.693,292668000.0,1098694000.0,1756017000.0,1756017000.0,581628000.0,0.048,0.078,-16.474,0.115,71414000.0,573088000.0,1.0,149126370.0,146887000,150280000.0,11.955,1704347000.0,340820000.0,18733000.0,57327000.0,11.603,-111983000.0
9,SNPS,MRY,2011-12-31,2011-10-31,2011-10-31,2021-08-20,-20945000.0,3368844000.0,3290059750.0,1338055000.0,2030789000.0,0.467,14.336,-60230000.0,1004074000.0,1004074000.0,340450000.0,221364000.0,1.324,0.603,0.0,0.0,0.0,0.0,759763000.0,128550000.0,0.0,0.0,0.0,219113000.0,347663000.0,0.226,347663000.0,219113000.0,219113000.0,1.51,1.47,1.51,2101300000.0,2132019500.0,2101300000.0,2823795480.0,13.0,8.122,380086000.0,2.593,1.0,1195193000.0,0.778,1485317000.0,0.0,-130867000.0,-24666500.0,0.0,0.0,0.0,0.0,1267544000.0,1010320000.0,257224000.0,3862076480.0,79670000.0,-41015000.0,-239656000.0,-4628000.0,0.0,-277619000.0,-88819000.0,12426000.0,440316000.0,5792000.0,221364000.0,221364000.0,221364000.0,0.0,0.0,0.144,982350000.0,212843000.0,302176000.0,0.0,1.838,17.447,17.755,159517000.0,0.0,26.81,2.515,2.559,203124000.0,957517000.0,1535643000.0,1535643000.0,491871000.0,0.067,0.104,-8.883,0.143,56414000.0,475878000.0,1.0,144053580.0,146573000,150367000.0,10.477,1883527000.0,366647000.0,-2251000.0,97529000.0,12.85,327735000.0
10,SNPS,MRY,2010-12-31,2010-10-31,2010-10-31,2021-08-20,-15774000.0,3286541000.0,3079072750.0,1247755000.0,2038786000.0,0.448,14.189,-42075000.0,938561000.0,938561000.0,281094000.0,237063000.0,1.354,0.565,0.0,0.0,0.0,0.0,634672000.0,101201000.0,0.0,0.0,0.0,198658000.0,299859000.0,0.217,299859000.0,198658000.0,198658000.0,1.6,1.56,1.6,2100182000.0,2044724000.0,2100182000.0,2590380447.0,13.0,8.639,298961000.0,2.02,1.0,1099567000.0,0.796,1515499000.0,0.0,-89287000.0,3983500.0,0.0,0.0,0.0,0.0,1186359000.0,921768000.0,264591000.0,3800205447.0,73794000.0,-500829000.0,-39370000.0,-3692000.0,0.0,-43062000.0,-238733000.0,304171000.0,341036000.0,14553000.0,237063000.0,237063000.0,237063000.0,0.0,0.0,0.172,915457000.0,184110000.0,312850000.0,0.0,1.809,16.03,15.988,148580000.0,0.0,25.58,2.752,2.742,181102000.0,770674000.0,1380661000.0,1380661000.0,449229000.0,0.077,0.116,49.87,0.144,59988000.0,454646000.0,1.0,148561589.0,148013000,151911000.0,9.328,1771042000.0,360649000.0,-38405000.0,136952000.0,11.965,325987000.0
11,SNPS,MRY,2009-12-31,2009-10-31,2009-10-31,2021-08-20,-3831000.0,2938854000.0,2787326750.0,1463800000.0,1475054000.0,0.488,12.829,-42051000.0,1168326000.0,1168326000.0,273650000.0,167681000.0,1.797,0.594,0.0,0.0,0.0,0.0,588729000.0,101453000.0,0.0,0.0,0.0,233070000.0,334523000.0,0.246,334523000.0,233070000.0,233070000.0,1.17,1.15,1.17,1844166000.0,1726286250.0,1844166000.0,2126704530.0,9.0,6.357,197108000.0,1.371,1.0,1086395000.0,0.799,1029501000.0,0.0,-73566000.0,-6711500.0,0.0,0.0,0.0,0.0,1094688000.0,814593000.0,280095000.0,3209243530.0,123981000.0,-53358000.0,71918000.0,-2466000.0,0.0,69452000.0,-191902000.0,-96493000.0,239159000.0,7272000.0,167681000.0,167681000.0,167681000.0,0.0,0.0,0.123,878144000.0,208251000.0,255095000.0,0.0,1.74,19.139,18.821,146910000.0,0.0,22.02,2.36,2.327,127010000.0,574980000.0,1360045000.0,1360045000.0,419908000.0,0.06,0.097,-34.727,0.171,56934000.0,443224000.0,1.0,145742213.0,143752000,145857000.0,9.461,1909353000.0,330040000.0,65389000.0,162862000.0,13.282,649207000.0
12,SNPS,MRY,2008-12-31,2008-10-31,2008-10-31,2021-08-20,-35279000.0,2742478000.0,2574091250.0,1322290000.0,1420188000.0,0.519,10.669,-41743000.0,951301000.0,951301000.0,258896000.0,189978000.0,1.455,0.794,0.0,0.0,0.0,0.0,680127000.0,97143000.0,0.0,0.0,0.0,218956000.0,316099000.0,0.236,316099000.0,218956000.0,218956000.0,1.33,1.29,1.33,1528371000.0,1483381750.0,1528371000.0,1756915162.0,8.0,5.558,289345000.0,2.02,1.0,1078055000.0,0.806,1014400000.0,0.0,-132206000.0,-18974000.0,0.0,0.0,0.0,0.0,1214107000.0,908983000.0,305124000.0,2634002162.0,-1695000.0,-184650000.0,-140872000.0,-2970000.0,0.0,-143842000.0,-201086000.0,25307000.0,331088000.0,12145000.0,189978000.0,189978000.0,189978000.0,0.0,0.0,0.142,858943000.0,219112000.0,289769000.0,0.0,1.723,13.865,13.744,145087000.0,0.0,18.28,1.97,1.959,147365000.0,434057000.0,1336951000.0,1336951000.0,394747000.0,0.074,0.128,-11.54,0.164,65474000.0,438631000.0,1.0,144092022.0,143258000,147672000.0,9.332,1728078000.0,360854000.0,28978000.0,167241000.0,12.063,413307000.0
13,SNPS,MRY,2007-12-31,2007-10-31,2007-10-31,2021-08-20,3905000.0,2617337000.0,2424787750.0,1327539000.0,1289798000.0,0.5,9.978,-20991000.0,984453000.0,984453000.0,234265000.0,130491000.0,1.288,0.822,0.0,0.0,0.0,0.0,642515000.0,105367000.0,0.0,0.0,0.0,165799000.0,271166000.0,0.224,271166000.0,165799000.0,165799000.0,0.91,0.87,0.91,1436393000.0,1333958000.0,1436393000.0,3301283187.0,20.0,12.174,412487000.0,2.865,1.0,978204000.0,0.807,845879000.0,0.0,-244071000.0,-160965000.0,0.0,0.0,0.0,0.0,1180944000.0,1031076000.0,149868000.0,4095505187.0,248568000.0,-57473000.0,56864000.0,0.0,0.0,56864000.0,-245569000.0,-167105000.0,433478000.0,3795000.0,130491000.0,130491000.0,130491000.0,0.0,0.0,0.108,860160000.0,118044000.0,246209000.0,0.0,2.851,31.385,31.055,131866000.0,0.0,28.26,3.378,3.355,123900000.0,263977000.0,1212469000.0,1212469000.0,379221000.0,0.054,0.098,-1.03,0.137,62011000.0,451130000.0,1.0,144922335.0,143953000,149716000.0,8.423,1771458000.0,382332000.0,35308000.0,207572000.0,12.306,296463000.0
14,SNPS,MRY,2006-12-31,2006-10-31,2006-10-31,2021-08-20,-12481000.0,2157822000.0,2106248500.0,894490000.0,1263332000.0,0.52,8.144,-51407000.0,572722000.0,572722000.0,223527000.0,24742000.0,1.027,0.855,0.0,0.0,0.0,0.0,499268000.0,114490000.0,0.0,0.0,0.0,43719000.0,158209000.0,0.144,158209000.0,43719000.0,43719000.0,0.17,0.17,0.17,1163167000.0,1172009500.0,1163167000.0,2664610600.0,61.0,16.842,154483000.0,1.082,1.0,872033000.0,0.796,841787000.0,0.0,-127783000.0,-104609500.0,0.0,0.0,0.0,0.0,994655000.0,871096000.0,123559000.0,3175884600.0,-73677000.0,-41142000.0,-130426000.0,0.0,0.0,-130426000.0,-153777000.0,-61228000.0,205890000.0,4636000.0,24742000.0,24742000.0,24742000.0,0.0,0.0,0.023,842601000.0,29432000.0,234149000.0,0.0,2.73,128.36,132.412,140660000.0,0.0,22.51,2.899,2.935,122584000.0,170743000.0,1095560000.0,1095560000.0,370629000.0,0.012,0.021,-0.418,0.04,63040000.0,443234000.0,1.0,141087721.0,142830000,144728000.0,7.67,1316035000.0,361134000.0,18977000.0,191349000.0,9.214,23394000.0
15,SNPS,MRY,2005-12-31,2005-10-31,2005-10-31,2021-08-20,-16001000.0,2133424000.0,2125826500.0,947479000.0,1185945000.0,0.467,8.351,-46516000.0,586506000.0,586506000.0,254636000.0,-17114000.0,1.16,0.762,0.0,0.0,0.0,0.0,457708000.0,168881000.0,0.0,0.0,0.0,-7789000.0,161092000.0,0.162,161092000.0,-7789000.0,-7789000.0,-0.12,-0.12,-0.12,1210637000.0,1198843250.0,1210637000.0,2235386915.0,-287.0,13.876,222674000.0,1.536,1.0,737295000.0,0.743,871498000.0,0.0,-141507000.0,-121514000.0,0.0,8092000.0,0.0,8092000.0,922787000.0,816927000.0,105860000.0,2734800915.0,57727000.0,-174498000.0,-39771000.0,0.0,0.0,-39771000.0,-171475000.0,49539000.0,269190000.0,-217000.0,-17114000.0,-17114000.0,-17114000.0,0.0,0.0,-0.017,797140000.0,-59845000.0,231359000.0,0.0,2.259,-159.799,-157.917,170195000.0,0.0,18.95,2.757,2.77,100178000.0,162878000.0,991931000.0,991931000.0,320940000.0,-0.008,-0.014,0.064,-0.008,12282000.0,438631000.0,1.0,144316671.0,144970000,144970000.0,6.842,1261926000.0,318203000.0,9325000.0,169879000.0,8.705,130552000.0
16,SNPS,MRY,2004-12-31,2004-10-31,2004-10-31,2021-08-20,-645000.0,2092187000.0,2195906750.0,913033000.0,1179154000.0,0.497,8.191,-47744000.0,579029000.0,579029000.0,257186000.0,75084000.0,1.232,0.654,0.0,0.0,0.0,0.0,403102000.0,189419000.0,0.0,0.0,0.0,91592000.0,281011000.0,0.257,281011000.0,91592000.0,91592000.0,0.49,0.47,0.49,1265049000.0,1371803250.0,1265049000.0,1770751026.0,19.0,6.301,216293000.0,1.401,1.0,834918000.0,0.765,791775000.0,0.0,-19772000.0,24432000.0,0.0,12831000.0,0.0,12831000.0,827138000.0,741155000.0,85983000.0,2470096026.0,-177599000.0,-60138000.0,-266587000.0,0.0,0.0,-266587000.0,-172033000.0,-64151000.0,264037000.0,-3016000.0,75084000.0,75084000.0,75084000.0,0.0,0.0,0.069,748891000.0,86027000.0,184146000.0,0.0,1.953,32.898,33.143,178155000.0,0.0,16.24,2.262,2.297,132258000.0,202146000.0,1092104000.0,1092104000.0,288763000.0,0.034,0.055,3.749,0.084,33887000.0,426562000.0,1.0,152099509.0,154439000,159991000.0,7.071,1300412000.0,318544000.0,16508000.0,188096000.0,8.42,171878000.0
17,SNPS,MRY,2003-12-31,2003-10-31,2003-10-31,2021-08-20,9353000.0,2307353000.0,2139742500.0,1239206000.0,1068147000.0,0.55,9.477,-52764000.0,698357000.0,698357000.0,240317000.0,149724000.0,1.539,0.61,0.0,0.0,0.0,0.0,420472000.0,184110000.0,0.0,0.0,0.0,218989000.0,403099000.0,0.342,403099000.0,218989000.0,218989000.0,0.99,0.95,0.99,1433410000.0,1279719750.0,1433410000.0,4358693013.0,20.0,10.813,338770000.0,2.24,1.0,936666000.0,0.796,836315000.0,0.0,-32278000.0,-8155250.0,0.0,8595000.0,0.0,8595000.0,873943000.0,804959000.0,68984000.0,4926758013.0,211728000.0,-167744000.0,74182000.0,0.0,0.0,74182000.0,-258328000.0,-37820000.0,391534000.0,4340000.0,149724000.0,149724000.0,149724000.0,0.0,0.0,0.127,741761000.0,194905000.0,204226000.0,0.0,3.437,32.906,32.04,184313000.0,0.0,31.72,4.186,4.076,200998000.0,251979000.0,1176983000.0,1176983000.0,285880000.0,0.07,0.117,-26.853,0.186,65028000.0,400713000.0,1.0,155320240.0,151251000,158326000.0,7.782,1471038000.0,320549000.0,69265000.0,201855000.0,9.726,434247000.0
18,SNPS,MRY,2002-12-31,2002-10-31,2002-10-31,2021-08-20,-146000.0,1978714000.0,1612206250.0,929315000.0,1049399000.0,0.562,8.333,-50347000.0,414733000.0,414733000.0,173159000.0,-199993000.0,1.195,0.777,0.0,0.0,0.0,0.0,410722000.0,116100000.0,0.0,0.0,0.0,-288940000.0,-172840000.0,-0.191,-172840000.0,-288940000.0,-288940000.0,-1.5,-1.5,-1.5,1113481000.0,897150250.0,1113481000.0,2419176040.0,-8.0,-13.997,-231396000.0,-1.732,1.0,733375000.0,0.809,789888000.0,0.0,-3276000.0,146725000.0,0.0,39386000.0,0.0,39386000.0,865233000.0,777369000.0,87864000.0,2865206040.0,40884000.0,168311000.0,-51809000.0,0.0,0.0,-51809000.0,275721000.0,157757000.0,-181049000.0,-1979000.0,-199993000.0,-199993000.0,-199993000.0,0.0,0.0,-0.221,813692000.0,-80317000.0,248212000.0,0.0,2.573,-14.327,-12.627,185040000.0,0.0,18.94,3.161,2.792,207206000.0,198863000.0,906534000.0,906534000.0,225545000.0,-0.124,-0.223,-1.969,-0.319,21221000.0,343270000.0,1.0,151278038.0,133616000,133616000.0,6.785,1188826000.0,284905000.0,-88947000.0,169912000.0,8.897,151946000.0
19,SNPS,MRY,2001-12-31,2001-10-31,2001-10-31,2021-08-20,4113000.0,1128907000.0,990244500.0,791382000.0,337525000.0,0.687,4.007,-83490000.0,476436000.0,476436000.0,130122000.0,56802000.0,1.475,1.324,535000.0,535000.0,0.0,535000.0,379759000.0,65162000.0,0.0,0.0,0.0,83533000.0,148695000.0,0.219,148695000.0,83533000.0,83533000.0,0.47,0.44,0.47,485656000.0,515729500.0,485656000.0,2478977658.0,30.0,16.672,212030000.0,1.749,1.0,550228000.0,0.809,38274000.0,0.0,78312000.0,144717500.0,0.0,61699000.0,0.0,61699000.0,643251000.0,536420000.0,106831000.0,2787194658.0,118991000.0,4122000.0,-226523000.0,-6162000.0,0.0,-232685000.0,61825000.0,141506000.0,295520000.0,-5669000.0,56802000.0,56802000.0,56802000.0,0.0,0.0,0.083,550479000.0,-251000.0,135272000.0,0.0,5.739,49.069,50.0,192304000.0,0.0,23.5,4.097,4.186,146294000.0,436662000.0,680350000.0,680350000.0,189831000.0,0.057,0.11,0.577,0.123,15993000.0,343636000.0,1.0,118604028.0,121202000,129318000.0,5.613,1090633000.0,194487000.0,26731000.0,110561000.0,8.998,254962000.0
20,SNPS,MRY,2000-12-31,2000-10-31,2000-10-31,2021-08-20,47558000.0,1050993000.0,1150167750.0,684521000.0,366472000.0,0.681,4.983,-69500000.0,433250000.0,433250000.0,124474000.0,97778000.0,1.941,0.539,6980000.0,6416000.0,564000.0,6980000.0,150654000.0,63770000.0,0.0,0.0,0.0,145938000.0,209708000.0,0.268,209708000.0,145938000.0,145938000.0,0.715,0.69,0.715,682829000.0,814879750.0,682829000.0,1624449430.0,11.0,7.746,82383000.0,0.601,1.0,659304000.0,0.841,51776000.0,0.0,220283000.0,201928750.0,0.0,126741000.0,0.0,126741000.0,368164000.0,352664000.0,15500000.0,2263386430.0,-156689000.0,-14474000.0,-337921000.0,-12780000.0,0.0,-350701000.0,45562000.0,125839000.0,151883000.0,-3433000.0,97778000.0,97778000.0,97778000.0,0.0,0.0,0.125,554169000.0,105135000.0,139290000.0,0.0,3.315,23.148,24.392,157243000.0,0.0,17.44,2.888,3.049,146863000.0,405419000.0,783778000.0,783778000.0,189280000.0,0.085,0.12,0.723,0.186,10864000.0,348010000.0,1.0,129781332.0,137020000,141996000.0,5.72,999217000.0,109466000.0,48160000.0,56304000.0,7.292,331857000.0
21,SNPS,MRY,1999-12-31,1999-09-30,1999-09-30,2021-08-20,6627000.0,1173918000.0,1100515500.0,914733000.0,259185000.0,0.732,6.172,-66689000.0,704185000.0,704185000.0,106764000.0,161362000.0,3.181,0.356,20252000.0,8610000.0,11642000.0,20252000.0,110285000.0,52025000.0,0.0,0.0,0.0,251411000.0,303436000.0,0.376,303436000.0,251411000.0,251411000.0,1.15,1.1,1.15,865596000.0,825669250.0,865596000.0,3353565758.0,13.0,11.052,156206000.0,1.114,1.0,699334000.0,0.868,57393000.0,0.0,145066000.0,145498750.0,0.0,53277000.0,0.0,53277000.0,308322000.0,287526000.0,20796000.0,3978634758.0,120766000.0,-46493000.0,7371000.0,-12631000.0,0.0,-5260000.0,-96519000.0,15374000.0,222895000.0,-350000.0,161362000.0,161362000.0,161362000.0,0.0,0.0,0.2,484939000.0,214395000.0,118595000.0,0.0,4.596,24.657,24.417,126204000.0,0.0,28.08,4.936,4.885,155885000.0,371395000.0,806098000.0,806098000.0,167085000.0,0.147,0.195,1.728,0.312,29849000.0,288771000.0,1.0,141689272.0,140236000,146844000.0,5.748,1116525000.0,0.0,90049000.0,50036000.0,7.962,627207000.0
22,SNPS,MRY,1998-12-31,1998-09-30,1998-09-30,2021-08-20,11006000.0,951633000.0,863834750.0,773427000.0,178206000.0,0.831,4.994,-60199000.0,604630000.0,604630000.0,93767000.0,89446000.0,2.879,0.431,20921000.0,7783000.0,13138000.0,20921000.0,93160000.0,44152000.0,0.0,0.0,0.0,145265000.0,189417000.0,0.264,189417000.0,145265000.0,145265000.0,0.67,0.645,0.67,664941000.0,591468250.0,664941000.0,1646289334.0,11.0,8.691,85400000.0,0.641,1.0,624173000.0,0.869,20230000.0,0.0,79026000.0,72290500.0,0.0,38265000.0,0.0,38265000.0,286692000.0,268668000.0,18024000.0,2225155334.0,37241000.0,21546000.0,55796000.0,-7627000.0,0.0,48169000.0,-156888000.0,-114689000.0,145599000.0,361000.0,89446000.0,89446000.0,89446000.0,0.0,0.0,0.125,533296000.0,90877000.0,15058000.0,0.0,3.346,24.877,24.858,99998000.0,0.0,16.655,3.099,3.089,126336000.0,240465000.0,717940000.0,717940000.0,156663000.0,0.104,0.151,2.009,0.202,13767000.0,292555000.0,1.0,133602842.0,133136000,139048000.0,5.393,931403000.0,0.0,55819000.0,50313000.0,6.996,504759000.0
23,SNPS,MRY,1997-12-31,1997-09-30,1997-09-30,2021-08-20,15155000.0,768589000.0,,590440000.0,178149000.0,,3.99,-61322000.0,434830000.0,434830000.0,86885000.0,81750000.0,2.319,0.532,18155000.0,8964000.0,9191000.0,18155000.0,97523000.0,39826000.0,0.0,0.0,0.0,132793000.0,172619000.0,0.267,172619000.0,132793000.0,132793000.0,0.65,0.62,0.65,501543000.0,,501543000.0,,,,67716000.0,0.539,1.0,560071000.0,0.866,0.0,0.0,97264000.0,,0.0,61056000.0,0.0,61056000.0,267046000.0,254650000.0,12396000.0,,40207000.0,5000000.0,36209000.0,-11568000.0,0.0,24641000.0,-112382000.0,-55725000.0,129038000.0,-1090000.0,81750000.0,81750000.0,81750000.0,0.0,0.0,0.126,451639000.0,108432000.0,21439000.0,0.0,,,32.692,92079000.0,0.0,21.25,,4.129,119030000.0,151664000.0,646956000.0,646956000.0,146849000.0,,,,0.205,30024000.0,287890000.0,1.0,,125704000,131850000.0,5.147,768589000.0,0.0,51043000.0,33282000.0,6.114,335790000.0
24,SNPS,MRY,1996-12-31,1996-09-30,1996-09-30,2021-08-20,,,,,,,,-53702000.0,,,65546000.0,16802000.0,,,,,,,,28947000.0,,0.0,0.0,40228000.0,69175000.0,0.132,69175000.0,40228000.0,40228000.0,0.14,0.135,0.14,,,,,,,72847000.0,0.605,1.0,460053000.0,0.875,,0.0,,,,,,,,,,,-52803000.0,67000.0,11531000.0,-8396000.0,0.0,3135000.0,-182200000.0,-117665000.0,126549000.0,-287000.0,16802000.0,16802000.0,16802000.0,0.0,0.0,0.032,431453000.0,28600000.0,,0.0,,,164.714,,0.0,23.06,,5.279,,,525599000.0,525599000.0,120005000.0,,,,0.077,8967000.0,246919000.0,1.0,,120324000,125982000.0,4.368,,,23426000.0,,,
0,SNPS,MRQ,2021-06-30,2021-07-31,2021-07-31,2021-08-20,-48411000.0,8485906000.0,,2763976000.0,5721930000.0,,33.747,-23150000.0,1530168000.0,1530168000.0,205066000.0,198392000.0,1.184,0.647,674085000.0,161757000.0,512328000.0,674085000.0,1646365000.0,73417000.0,0.0,0.0,0.0,213591000.0,287008000.0,0.271,287008000.0,213591000.0,213591000.0,1.3,1.27,1.3,5151020000.0,,5151020000.0,43174256603.0,54.0,39.716,398617000.0,2.612,1.0,852064000.0,0.806,3735155000.0,0.0,1560032000.0,,241103000.0,0.0,0.0,0.0,3330770000.0,2334636000.0,996134000.0,43940046603.0,-72499000.0,-89427000.0,-129227000.0,-8443000.0,0.0,-225672000.0,-265122000.0,-152545000.0,421767000.0,-3472000.0,198646000.0,198646000.0,198646000.0,0.0,-254000.0,0.188,650141000.0,201923000.0,615737000.0,0.0,8.53,58.313,58.298,964028000.0,0.0,287.99,10.777,10.781,577845000.0,4348266000.0,1057130000.0,1057130000.0,371146000.0,,,,,85162000.0,255274000.0,1.0,152574904.0,152635000,156907000.0,6.926,4750751000.0,573894000.0,14945000.0,39136000.0,31.125,429340000.0
1,SNPS,MRQ,2021-03-31,2021-04-30,2021-04-30,2021-08-20,-41355000.0,8339565000.0,,2689800000.0,5649765000.0,,33.316,-16534000.0,1457918000.0,1457918000.0,213986000.0,194802000.0,1.192,0.638,692128000.0,167555000.0,524573000.0,692128000.0,1680311000.0,71175000.0,0.0,0.0,0.0,216271000.0,287446000.0,0.281,287446000.0,216271000.0,216271000.0,1.28,1.24,1.28,5088135000.0,,5088135000.0,37277967404.0,45.0,33.461,509804000.0,3.338,1.0,810337000.0,0.791,3666386000.0,0.0,1651689000.0,,230068000.0,0.0,0.0,0.0,3247060000.0,2255700000.0,991360000.0,37645313404.0,434831000.0,44000.0,-107100000.0,-7500000.0,0.0,-70673000.0,-17290000.0,0.0,526338000.0,-3544000.0,195078000.0,195078000.0,195078000.0,0.0,-276000.0,0.19,616106000.0,194231000.0,480831000.0,0.0,7.399,46.603,46.527,984200000.0,0.0,247.06,9.449,9.47,612285000.0,4149620000.0,1024323000.0,1024323000.0,362345000.0,,,,,79586000.0,245448000.0,1.0,152373162.0,152725000,157077000.0,6.707,4673179000.0,557137000.0,21193000.0,50131000.0,30.599,434100000.0
2,SNPS,MRQ,2020-12-31,2021-01-31,2021-01-31,2021-08-20,-34775000.0,8012838000.0,,2397724000.0,5615114000.0,,32.015,-28790000.0,1023074000.0,1023074000.0,207999000.0,162028000.0,1.104,0.64,655728000.0,170190000.0,485538000.0,655728000.0,1653039000.0,71602000.0,0.0,0.0,0.0,177421000.0,249023000.0,0.257,249023000.0,177421000.0,177421000.0,1.06,1.03,1.06,4882252000.0,,4882252000.0,38519989359.0,54.0,38.292,145168000.0,0.952,1.0,762322000.0,0.786,3687378000.0,0.0,1786731000.0,,230907000.0,0.0,0.0,0.0,3125940000.0,2171383000.0,954557000.0,39092151359.0,-212565000.0,-74670000.0,-187779000.0,-5694000.0,0.0,-293064000.0,-103460000.0,0.0,173958000.0,10001000.0,162345000.0,162345000.0,162345000.0,0.0,-317000.0,0.167,613974000.0,148348000.0,422928000.0,0.0,8.007,54.097,53.666,948740000.0,0.0,255.45,10.23,10.195,789320000.0,3954542000.0,970321000.0,970321000.0,357468000.0,,,,,83782000.0,248116000.0,1.0,153032497.0,152498000,157277000.0,6.363,4325460000.0,556346000.0,15076000.0,57411000.0,28.364,226341000.0
3,SNPS,MRQ,2020-09-30,2020-10-31,2020-10-31,2021-08-20,-54074000.0,8030062000.0,,2549217000.0,5480845000.0,,32.212,-35493000.0,1235653000.0,1235653000.0,224549000.0,196555000.0,1.191,0.635,663491000.0,100257000.0,563234000.0,663491000.0,1493113000.0,71140000.0,0.0,0.0,0.0,192466000.0,263606000.0,0.257,263606000.0,192466000.0,192466000.0,1.3,1.26,1.3,4907404000.0,,4907404000.0,32079260810.0,50.0,34.422,166658000.0,1.094,1.0,800890000.0,0.781,3619436000.0,0.0,1698542000.0,,192333000.0,0.0,0.0,0.0,3117695000.0,2139922000.0,977773000.0,32455754810.0,185982000.0,0.0,32088000.0,-4662000.0,0.0,10870000.0,-35493000.0,0.0,202151000.0,8454000.0,197455000.0,197455000.0,197455000.0,0.0,-900000.0,0.193,604758000.0,196132000.0,623664000.0,0.0,6.614,48.854,48.605,949636000.0,0.0,213.86,8.807,8.77,780709000.0,3795397000.0,1025439000.0,1025439000.0,339566000.0,,,,,78429000.0,256295000.0,1.0,151761689.0,152347000,157602000.0,6.731,4410626000.0,538177000.0,-4989000.0,52916000.0,28.951,409295000.0
4,SNPS,MRQ,2020-06-30,2020-07-31,2020-07-31,2021-08-20,-72820000.0,7663250000.0,,2186015000.0,5477235000.0,,30.366,-40476000.0,1049922000.0,1049922000.0,193008000.0,252911000.0,1.063,0.666,673428000.0,96109000.0,577319000.0,673428000.0,1501524000.0,77150000.0,0.0,0.0,0.0,236854000.0,314004000.0,0.326,314004000.0,236854000.0,236854000.0,1.67,1.62,1.67,4595925000.0,,4595925000.0,29954043209.0,52.0,35.261,358947000.0,2.372,1.0,771126000.0,0.8,3631745000.0,0.0,1598734000.0,,159813000.0,0.0,0.0,0.0,3061933000.0,2056277000.0,1005656000.0,30040126209.0,193570000.0,-49867000.0,4876000.0,-105781000.0,0.0,-130785000.0,-88192000.0,2151000.0,399423000.0,13124000.0,252911000.0,252911000.0,252911000.0,0.0,0.0,0.262,560528000.0,210598000.0,549906000.0,0.0,6.536,47.865,47.889,956773000.0,0.0,199.22,8.556,8.588,638489000.0,3597944000.0,964134000.0,964134000.0,322602000.0,,,,,61837000.0,229972000.0,1.0,150788707.0,151352000,155973000.0,6.37,4031505000.0,493133000.0,-16057000.0,47664000.0,26.637,129738000.0
5,SNPS,MRQ,2020-03-31,2020-04-30,2020-04-30,2021-08-20,-104030000.0,7322466000.0,,1960755000.0,5361711000.0,,28.388,-27123000.0,856424000.0,856424000.0,184265000.0,109920000.0,0.955,0.711,770341000.0,193877000.0,576464000.0,770341000.0,1521664000.0,69158000.0,0.0,0.0,0.0,110166000.0,179324000.0,0.208,179324000.0,110166000.0,110166000.0,0.73,0.71,0.73,4275086000.0,,4275086000.0,23761850237.0,50.0,33.108,352796000.0,2.343,1.0,677062000.0,0.786,3590554000.0,0.0,1591632000.0,,166437000.0,0.0,0.0,0.0,3041517000.0,2054197000.0,987320000.0,23603688237.0,156136000.0,-75790000.0,-16621000.0,-94687000.0,0.0,-114171000.0,-103175000.0,-262000.0,379919000.0,-6437000.0,109920000.0,109920000.0,109920000.0,0.0,0.0,0.128,551167000.0,125895000.0,447055000.0,0.0,5.521,49.731,49.722,933190000.0,0.0,157.12,6.943,6.96,634807000.0,3356489000.0,861327000.0,861327000.0,302571000.0,,,,,56435000.0,208674000.0,1.0,150227140.0,150597000,154379000.0,5.719,3731912000.0,463982000.0,246000.0,41343000.0,24.781,-93442000.0
6,SNPS,MRQ,2019-12-31,2020-01-31,2020-01-31,2021-08-20,-83311000.0,7202903000.0,,1951429000.0,5251474000.0,,27.614,-55670000.0,700356000.0,700356000.0,192868000.0,104061000.0,0.949,0.735,858518000.0,276850000.0,581668000.0,858518000.0,1501441000.0,75433000.0,0.0,0.0,0.0,99573000.0,175006000.0,0.21,175006000.0,99573000.0,99573000.0,0.69,0.67,0.69,4148827000.0,,4148827000.0,21614509706.0,43.0,29.883,-45850000.0,-0.305,1.0,641513000.0,0.769,3513737000.0,0.0,1791590000.0,,148057000.0,0.0,0.0,0.0,3048213000.0,2055738000.0,992475000.0,22205399706.0,-28245000.0,-75388000.0,-65018000.0,192740000.0,0.0,93480000.0,-133558000.0,-2500000.0,9820000.0,2013000.0,104061000.0,104061000.0,104061000.0,0.0,0.0,0.125,553997000.0,87516000.0,355352000.0,0.0,5.352,45.982,45.811,917664000.0,0.0,147.51,6.58,6.567,799078000.0,3268205000.0,834381000.0,834381000.0,314283000.0,,,,,51883000.0,221599000.0,1.0,150534877.0,150244000,154504000.0,5.554,3689166000.0,444944000.0,-4488000.0,48691000.0,24.554,-104309000.0
7,SNPS,MRQ,2019-09-30,2019-10-31,2019-10-31,2021-08-20,-92447000.0,6405160000.0,,1738917000.0,4666243000.0,,27.154,-77785000.0,728597000.0,728597000.0,182743000.0,160714000.0,0.992,0.567,137707000.0,17614000.0,120093000.0,137707000.0,1302578000.0,49543000.0,0.0,0.0,0.0,131623000.0,181166000.0,0.213,181166000.0,131623000.0,131623000.0,1.07,1.03,1.07,4083013000.0,,4083013000.0,19856562050.0,36.0,26.575,143464000.0,0.954,1.0,668338000.0,0.785,3450553000.0,0.0,611264000.0,,141518000.0,0.0,0.0,0.0,2316284000.0,1752453000.0,563831000.0,20401404050.0,41846000.0,-36605000.0,-70990000.0,-3751000.0,0.0,-59575000.0,-117635000.0,-3245000.0,221249000.0,-2193000.0,160714000.0,160714000.0,160714000.0,0.0,0.0,0.189,538617000.0,129721000.0,506459000.0,0.0,4.997,38.322,38.239,429532000.0,0.0,135.75,6.071,6.054,553895000.0,3164144000.0,851081000.0,851081000.0,290503000.0,,,,,40175000.0,224594000.0,1.0,150286586.0,150364000,155183000.0,5.66,2954607000.0,430487000.0,-29091000.0,45815000.0,19.65,-13536000.0
8,SNPS,MRQ,2019-06-30,2019-07-31,2019-07-31,2021-08-20,-96653000.0,6153408000.0,,1617645000.0,4535763000.0,,26.204,-54150000.0,686780000.0,686780000.0,186632000.0,99929000.0,0.992,0.563,141938000.0,16653000.0,125285000.0,141938000.0,1230222000.0,49292000.0,0.0,0.0,0.0,132911000.0,182203000.0,0.214,182203000.0,132911000.0,132911000.0,0.67,0.65,0.67,3933806000.0,,3933806000.0,19561289507.0,42.0,28.884,316313000.0,2.107,1.0,666338000.0,0.781,3426361000.0,0.0,551755000.0,,155108000.0,0.0,0.0,0.0,2213739000.0,1630450000.0,583289000.0,19900606507.0,55633000.0,0.0,-75998000.0,-149613000.0,0.0,-264747000.0,-51965000.0,2185000.0,370463000.0,1882000.0,99929000.0,99929000.0,99929000.0,0.0,0.0,0.117,538744000.0,127594000.0,471629000.0,0.0,5.059,31.791,31.685,372566000.0,0.0,132.76,6.022,6.031,457390000.0,3003430000.0,852970000.0,852970000.0,284804000.0,,,,,39452000.0,224491000.0,1.0,149899115.0,150123000,154600000.0,5.682,2727047000.0,383078000.0,32982000.0,31022000.0,18.165,-12805000.0
9,SNPS,MRQ,2019-03-31,2019-04-30,2019-04-30,2021-08-20,-96720000.0,6194223000.0,,1643883000.0,4550340000.0,,26.114,-40709000.0,631161000.0,631161000.0,190679000.0,118210000.0,0.949,0.583,291844000.0,165692000.0,126152000.0,291844000.0,1255229000.0,51011000.0,0.0,0.0,0.0,133917000.0,184928000.0,0.221,184928000.0,133917000.0,133917000.0,0.79,0.77,0.79,3909572000.0,,3909572000.0,18072313770.0,45.0,29.133,312111000.0,2.085,1.0,645563000.0,0.772,3450722000.0,0.0,671257000.0,,166329000.0,0.0,0.0,0.0,2278788000.0,1732927000.0,545861000.0,18122748770.0,38842000.0,0.0,-3006000.0,-250070000.0,0.0,-275656000.0,-36533000.0,4176000.0,352820000.0,-1789000.0,118210000.0,118210000.0,118210000.0,0.0,0.0,0.141,530061000.0,115502000.0,365848000.0,0.0,4.635,29.932,29.896,344176000.0,0.0,121.08,5.608,5.61,526691000.0,2912811000.0,836242000.0,836242000.0,290299000.0,,,,,36914000.0,215003000.0,1.0,149675824.0,149712000,153904000.0,5.586,2743501000.0,434613000.0,15707000.0,41650000.0,18.325,-89044000.0
10,SNPS,MRQ,2018-12-31,2019-01-31,2019-01-31,2021-08-20,-97852000.0,6344486000.0,,1797630000.0,4546856000.0,,25.312,-29744000.0,592305000.0,592305000.0,192892000.0,153514000.0,0.887,0.677,541870000.0,414730000.0,127140000.0,541870000.0,1325214000.0,51830000.0,0.0,0.0,0.0,147055000.0,198885000.0,0.242,198885000.0,147055000.0,147055000.0,1.03,1.01,1.03,3778802000.0,,3778802000.0,13703415370.0,35.0,22.553,-173763000.0,-1.164,1.0,627509000.0,0.765,3477887000.0,0.0,790526000.0,,137559000.0,0.0,0.0,0.0,2559821000.0,2025638000.0,534183000.0,13957226370.0,-130795000.0,0.0,-22827000.0,72268000.0,0.0,38086000.0,-29744000.0,0.0,-144019000.0,4882000.0,153514000.0,153514000.0,153514000.0,0.0,0.0,0.187,480095000.0,147414000.0,335341000.0,0.0,3.694,23.667,23.633,317896000.0,0.0,93.35,4.4,4.393,762292000.0,2820910000.0,820401000.0,820401000.0,271326000.0,,,,,38460000.0,198020000.0,1.0,149515012.0,149288000,152661000.0,5.495,2866599000.0,448093000.0,-6459000.0,61298000.0,19.202,-228008000.0
11,SNPS,MRQ,2018-09-30,2018-10-31,2018-10-31,2021-08-20,-113177000.0,6145974000.0,,1543797000.0,4602177000.0,,23.215,-28743000.0,723115000.0,723115000.0,190582000.0,254328000.0,0.734,0.765,469304000.0,343769000.0,125535000.0,469304000.0,1269721000.0,58962000.0,0.0,0.0,0.0,52248000.0,111210000.0,0.14,111210000.0,52248000.0,52248000.0,1.7,1.66,1.7,3479152000.0,,3479152000.0,13183415220.0,36.0,23.018,102175000.0,0.682,1.0,604500000.0,0.76,3503653000.0,0.0,286095000.0,,122407000.0,0.0,0.0,0.0,2660959000.0,2102415000.0,558544000.0,13303093220.0,-18164000.0,-5956000.0,18107000.0,-152178000.0,0.0,-104207000.0,-37615000.0,-2916000.0,130918000.0,-7260000.0,254328000.0,254328000.0,254328000.0,0.0,0.0,0.32,542975000.0,61525000.0,578326000.0,0.0,3.824,30.757,30.872,309310000.0,0.0,89.53,4.262,4.275,554217000.0,2543688000.0,795082000.0,795082000.0,290875000.0,,,,,37492000.0,230368000.0,1.0,148588107.0,149864000,154218000.0,5.305,2642321000.0,619003000.0,-202080000.0,78048000.0,17.631,-558618000.0
12,SNPS,MRQ,2018-06-30,2018-07-31,2018-07-31,2021-08-20,-94653000.0,5795215000.0,,1465583000.0,4329632000.0,,21.268,-22811000.0,741236000.0,741236000.0,185381000.0,79409000.0,0.703,0.833,621558000.0,497808000.0,123750000.0,621558000.0,1243493000.0,53416000.0,0.0,0.0,0.0,71893000.0,125309000.0,0.161,125309000.0,71893000.0,71893000.0,0.53,0.52,0.53,3158139000.0,,3158139000.0,13279591145.0,32.0,21.885,266355000.0,1.794,1.0,594333000.0,0.762,3533151000.0,0.0,58981000.0,,0.0,0.0,0.0,0.0,2631213000.0,2083405000.0,547808000.0,13326045145.0,170395000.0,-3150000.0,-118253000.0,97187000.0,0.0,-83060000.0,-26112000.0,-151000.0,289166000.0,-9599000.0,79409000.0,79409000.0,79409000.0,0.0,0.0,0.102,530365000.0,63968000.0,449037000.0,0.0,4.22,229.332,223.575,290446000.0,0.0,89.43,4.409,4.393,501331000.0,2296546000.0,779714000.0,779714000.0,277402000.0,,,,,37252000.0,242289000.0,1.0,149010904.0,148490000,152614000.0,5.251,2262064000.0,298210000.0,-7516000.0,43613000.0,15.234,-617822000.0
13,SNPS,MRQ,2018-03-31,2018-04-30,2018-04-30,2021-08-20,-62389000.0,5699071000.0,,1370186000.0,4328885000.0,,21.849,-19587000.0,570801000.0,570801000.0,178779000.0,102472000.0,0.728,0.749,524347000.0,396847000.0,127500000.0,524347000.0,1221816000.0,52909000.0,0.0,0.0,0.0,119299000.0,172208000.0,0.222,172208000.0,119299000.0,119299000.0,0.69,0.67,0.69,3256293000.0,,3256293000.0,12683727498.0,28.0,19.777,43782000.0,0.294,1.0,598057000.0,0.77,3569319000.0,0.0,201376000.0,,0.0,0.0,0.0,0.0,2438674000.0,1881922000.0,556752000.0,12717484498.0,-35152000.0,-35193000.0,-8511000.0,-47812000.0,0.0,-37959000.0,-54780000.0,0.0,63369000.0,-5782000.0,102472000.0,102472000.0,102472000.0,0.0,0.0,0.132,471043000.0,127014000.0,373938000.0,0.0,3.906,133.237,131.554,283782000.0,0.0,85.51,4.328,4.337,568434000.0,2223287000.0,776836000.0,776836000.0,252134000.0,,,,,32965000.0,205997000.0,1.0,148725114.0,149034000,153167000.0,5.212,2129752000.0,279179000.0,16827000.0,46711000.0,14.29,-511736000.0
14,SNPS,MRQ,2017-12-31,2018-01-31,2018-01-31,2021-08-20,-37192000.0,5717549000.0,,1332346000.0,4385203000.0,,20.988,-29123000.0,605892000.0,605892000.0,181156000.0,-3691000.0,0.683,0.822,572135000.0,440885000.0,131250000.0,572135000.0,1241161000.0,43920000.0,0.0,0.0,0.0,120103000.0,164023000.0,0.213,164023000.0,120103000.0,120103000.0,-0.02,-0.02,-0.02,3136529000.0,,3136529000.0,12868003238.0,33.0,22.235,-88177000.0,-0.59,1.0,588270000.0,0.765,3565137000.0,0.0,168241000.0,,0.0,0.0,0.0,0.0,2576916000.0,1950414000.0,626502000.0,13772372238.0,-442153000.0,-608344000.0,-167514000.0,428125000.0,0.0,230364000.0,-625018000.0,12449000.0,-59054000.0,11555000.0,-3691000.0,-3691000.0,-3691000.0,0.0,0.0,-0.005,480552000.0,107718000.0,349365000.0,0.0,4.391,297.562,298.742,284441000.0,0.0,92.61,4.847,4.871,499373000.0,2133854000.0,769426000.0,769426000.0,264411000.0,,,,,32323000.0,206884000.0,1.0,148713662.0,149441000,149441000.0,5.149,2152412000.0,331439000.0,123794000.0,134395000.0,14.403,-618068000.0
15,SNPS,MRQ,2017-09-30,2017-10-31,2017-10-31,2021-08-20,-65979000.0,5396414000.0,,1682593000.0,3713821000.0,,21.772,-20197000.0,1048356000.0,1048356000.0,166864000.0,-120082000.0,1.042,0.646,143987000.0,9924000.0,134063000.0,143987000.0,1147780000.0,45330000.0,0.0,0.0,0.0,99926000.0,145256000.0,0.209,145256000.0,99926000.0,99926000.0,-0.8,-0.78,-0.8,3275620000.0,,3275620000.0,12132771803.0,32.0,21.191,162574000.0,1.081,1.0,529780000.0,0.76,2960817000.0,0.0,-82881000.0,,61884000.0,0.0,0.0,0.0,2116690000.0,1614109000.0,502581000.0,12999427803.0,-108713000.0,-71578000.0,-32381000.0,-291875000.0,0.0,-347230000.0,55717000.0,147492000.0,182771000.0,29000.0,-120082000.0,-120082000.0,-120082000.0,0.0,0.0,-0.172,438067000.0,91713000.0,499846000.0,0.0,3.969,95.19,95.077,266014000.0,0.0,86.52,4.771,4.777,451144000.0,2143873000.0,696644000.0,696644000.0,244515000.0,,,,,28597000.0,180196000.0,1.0,150247663.0,150448000,155135000.0,4.63,2435597000.0,312403000.0,220008000.0,73050000.0,16.189,68484000.0
16,SNPS,MRQ,2017-06-30,2017-07-31,2017-07-31,2021-08-20,-67664000.0,5678939000.0,,1894632000.0,3784307000.0,,22.789,-20096000.0,1302494000.0,1302494000.0,169546000.0,116751000.0,1.074,0.659,435838000.0,298025000.0,137813000.0,435838000.0,1129802000.0,47068000.0,0.0,0.0,0.0,112791000.0,159859000.0,0.23,159859000.0,112791000.0,112791000.0,0.78,0.75,0.78,3423168000.0,,3423168000.0,10795405020.0,30.0,19.303,259758000.0,1.729,1.0,525835000.0,0.756,2909015000.0,0.0,138870000.0,,0.0,0.0,0.0,0.0,2255771000.0,1764398000.0,491373000.0,11509284020.0,163661000.0,0.0,-103536000.0,18125000.0,0.0,-92729000.0,-26544000.0,-6448000.0,279854000.0,3080000.0,116751000.0,116751000.0,116751000.0,0.0,0.0,0.168,420465000.0,105370000.0,403302000.0,0.0,3.362,34.946,35.124,262025000.0,0.0,76.57,4.324,4.321,411262000.0,2277499000.0,695381000.0,695381000.0,228663000.0,,,,,28301000.0,177870000.0,1.0,150310618.0,150214000,154683000.0,4.629,2769924000.0,453951000.0,-3960000.0,39815000.0,18.44,130234000.0
17,SNPS,MRQ,2017-03-31,2017-04-30,2017-04-30,2021-08-20,-79249000.0,5466558000.0,,1682012000.0,3784546000.0,,22.459,-14050000.0,1131568000.0,1131568000.0,162028000.0,53306000.0,1.056,0.619,417689000.0,278001000.0,139688000.0,417689000.0,1033526000.0,47580000.0,0.0,0.0,0.0,62020000.0,109600000.0,0.161,109600000.0,62020000.0,62020000.0,0.35,0.34,0.35,3377495000.0,,3377495000.0,10444862016.0,31.0,19.515,108925000.0,0.724,1.0,518041000.0,0.762,2936147000.0,0.0,223185000.0,,0.0,0.0,0.0,0.0,2089063000.0,1593347000.0,495716000.0,11091679016.0,163616000.0,0.0,-44951000.0,98125000.0,0.0,50962000.0,-15666000.0,-1616000.0,122975000.0,5345000.0,53306000.0,53306000.0,53306000.0,0.0,0.0,0.078,464435000.0,53606000.0,351500000.0,0.0,3.284,39.998,40.273,259476000.0,0.0,73.7,4.296,4.293,373770000.0,2170133000.0,680069000.0,680069000.0,223015000.0,,,,,25562000.0,220649000.0,1.0,150497680.0,150384000,154861000.0,4.522,2530411000.0,437573000.0,8714000.0,49510000.0,16.826,88665000.0
18,SNPS,MRQ,2016-12-31,2017-01-31,2017-01-31,2021-08-20,-98994000.0,5264254000.0,,1484043000.0,3780211000.0,,22.05,-19211000.0,966357000.0,966357000.0,155746000.0,86588000.0,1.019,0.583,319540000.0,177040000.0,142500000.0,319540000.0,1093789000.0,49464000.0,0.0,0.0,0.0,108361000.0,157825000.0,0.242,157825000.0,108361000.0,108361000.0,0.57,0.56,0.57,3324685000.0,,3324685000.0,8527549657.0,23.0,14.866,27671000.0,0.184,1.0,497040000.0,0.761,2954179000.0,0.0,206703000.0,,0.0,0.0,0.0,0.0,1939569000.0,1456555000.0,483014000.0,9439864657.0,-148911000.0,-187624000.0,-72795000.0,115000000.0,0.0,15877000.0,-202789000.0,1946000.0,46882000.0,-8881000.0,86588000.0,86588000.0,86588000.0,0.0,0.0,0.133,400166000.0,96874000.0,251098000.0,0.0,2.839,32.176,32.418,256811000.0,0.0,62.89,3.766,3.783,331984000.0,2137395000.0,652786000.0,652786000.0,212648000.0,,,,,25834000.0,167377000.0,1.0,150101203.0,150782000,154433000.0,4.329,2310075000.0,425865000.0,21773000.0,46977000.0,15.321,27488000.0
19,SNPS,MRQ,2016-09-30,2016-10-31,2016-10-31,2021-08-20,-104577000.0,5240365000.0,,1716938000.0,3523427000.0,,21.065,-19832000.0,1117315000.0,1117315000.0,142211000.0,72697000.0,1.001,0.64,205000000.0,205000000.0,0.0,205000000.0,1165658000.0,49218000.0,0.0,0.0,0.0,82752000.0,131970000.0,0.208,131970000.0,82752000.0,82752000.0,0.48,0.47,0.48,3195146000.0,,3195146000.0,8163549736.0,25.0,15.214,127830000.0,0.843,1.0,491508000.0,0.776,2784906000.0,0.0,-171802000.0,,0.0,0.0,0.0,0.0,2045219000.0,1714946000.0,330273000.0,8975908736.0,30303000.0,0.0,-44601000.0,-72500000.0,0.0,-101316000.0,-17056000.0,2776000.0,147662000.0,1013000.0,72697000.0,72697000.0,72697000.0,0.0,0.0,0.115,408751000.0,82757000.0,401451000.0,0.0,2.809,33.64,33.699,257035000.0,0.0,59.31,3.705,3.722,438873000.0,1947585000.0,633719000.0,633719000.0,221954000.0,,,,,25540000.0,173658000.0,1.0,151338876.0,151681000,154997000.0,4.178,2455459000.0,352008000.0,10055000.0,62255000.0,16.188,1992000.0
20,SNPS,MRQ,2016-06-30,2016-07-31,2016-07-31,2021-08-20,-109555000.0,5108789000.0,,1552038000.0,3556751000.0,,20.644,-20335000.0,1089859000.0,1089859000.0,139677000.0,64718000.0,0.933,0.637,277500000.0,277500000.0,0.0,277500000.0,1086856000.0,50588000.0,0.0,0.0,0.0,85231000.0,135819000.0,0.221,135819000.0,85231000.0,85231000.0,0.43,0.42,0.43,3120746000.0,,3120746000.0,7512989000.0,25.0,14.509,231374000.0,1.531,1.0,475527000.0,0.773,2810527000.0,0.0,-177693000.0,,0.0,0.0,0.0,0.0,1988043000.0,1663596000.0,324447000.0,8222911000.0,118371000.0,-13956000.0,-92880000.0,27500000.0,0.0,-86854000.0,-46922000.0,-12631000.0,251709000.0,438000.0,64718000.0,64718000.0,64718000.0,0.0,0.0,0.105,398805000.0,76722000.0,347606000.0,0.0,2.635,33.716,33.85,258794000.0,0.0,54.16,3.461,3.446,317067000.0,1894333000.0,615204000.0,615204000.0,221874000.0,,,,,25571000.0,169876000.0,1.0,151826274.0,151169000,153890000.0,4.07,2298262000.0,348307000.0,20513000.0,62808000.0,15.203,-111558000.0
21,SNPS,MRQ,2016-03-31,2016-04-30,2016-04-30,2021-08-20,-103063000.0,4965263000.0,,1403197000.0,3562066000.0,,20.69,-14616000.0,959922000.0,959922000.0,131630000.0,69376000.0,0.945,0.576,250000000.0,250000000.0,0.0,250000000.0,1017783000.0,50790000.0,0.0,0.0,0.0,97223000.0,148013000.0,0.245,148013000.0,97223000.0,97223000.0,0.46,0.45,0.46,3150005000.0,,3150005000.0,6722168624.0,24.0,13.453,207818000.0,1.365,1.0,473375000.0,0.782,2820880000.0,0.0,-50751000.0,,0.0,0.0,0.0,0.0,1815258000.0,1485212000.0,330046000.0,7200602624.0,244960000.0,-27159000.0,21278000.0,22500000.0,0.0,63488000.0,-49216000.0,-7441000.0,222434000.0,8254000.0,69376000.0,69376000.0,69376000.0,0.0,0.0,0.115,386569000.0,86806000.0,285196000.0,0.0,2.286,30.698,31.059,258856000.0,0.0,47.52,3.108,3.123,299076000.0,1838704000.0,605005000.0,605005000.0,216172000.0,,,,,23459000.0,162479000.0,1.0,151527833.0,152250000,154536000.0,3.974,2144383000.0,348270000.0,27847000.0,58124000.0,14.085,-82015000.0
22,SNPS,MRQ,2015-12-31,2016-01-31,2016-01-31,2021-08-20,-128795000.0,4747523000.0,,1200528000.0,3546995000.0,,19.549,-16257000.0,705934000.0,705934000.0,129444000.0,60035000.0,0.838,0.588,227500000.0,227500000.0,0.0,227500000.0,1031167000.0,56436000.0,0.0,0.0,0.0,64342000.0,120778000.0,0.212,120778000.0,64342000.0,64342000.0,0.39,0.39,0.39,2990383000.0,,2990383000.0,5737392866.0,21.0,11.78,-51427000.0,-0.336,1.0,439160000.0,0.772,2810224000.0,0.0,25583000.0,,0.0,0.0,0.0,0.0,1757140000.0,1433282000.0,323858000.0,6497327866.0,-253202000.0,-18941000.0,-158514000.0,22500000.0,0.0,-182255000.0,-29481000.0,5717000.0,-35170000.0,-6296000.0,60035000.0,60035000.0,60035000.0,0.0,0.0,0.106,368050000.0,71110000.0,254872000.0,0.0,2.173,29.429,30.0,261235000.0,0.0,42.9,2.864,2.892,354766000.0,1784317000.0,568604000.0,568604000.0,196705000.0,,,,,23013000.0,162317000.0,1.0,151452864.0,152968000,155283000.0,3.717,1937299000.0,347766000.0,4307000.0,50895000.0,12.665,-232754000.0
23,SNPS,MRQ,2015-09-30,2015-10-31,2015-10-31,2021-08-20,-105375000.0,5045739000.0,,1468807000.0,3576932000.0,,20.177,-20141000.0,964935000.0,964935000.0,139844000.0,49762000.0,0.931,0.61,205000000.0,205000000.0,0.0,205000000.0,1061859000.0,57286000.0,0.0,0.0,0.0,55918000.0,113204000.0,0.193,113204000.0,55918000.0,55918000.0,0.32,0.31,0.32,3133989000.0,,3133989000.0,6883832402.0,24.0,13.951,132276000.0,0.852,1.0,447315000.0,0.762,2834900000.0,0.0,-127449000.0,,0.0,0.0,0.0,0.0,1911750000.0,1578353000.0,333397000.0,7794251402.0,-150235000.0,-213270000.0,-26650000.0,-7501000.0,0.0,-75444000.0,-225893000.0,7518000.0,152417000.0,-1315000.0,49762000.0,49762000.0,49762000.0,0.0,0.0,0.085,389757000.0,57558000.0,385542000.0,0.0,2.487,34.498,34.233,263077000.0,0.0,49.98,3.476,3.454,385694000.0,1725727000.0,587159000.0,587159000.0,208305000.0,,,,,22937000.0,174514000.0,1.0,155947407.0,155323000,158710000.0,3.78,2210839000.0,339377000.0,6156000.0,57328000.0,14.234,-109546000.0
24,SNPS,MRQ,2015-06-30,2015-07-31,2015-07-31,2021-08-20,-95865000.0,4953972000.0,,1627537000.0,3326435000.0,,20.177,-24662000.0,1122919000.0,1122919000.0,129471000.0,55387000.0,1.115,0.579,212500000.0,190000000.0,22500000.0,212500000.0,1003337000.0,52484000.0,0.0,0.0,0.0,65193000.0,117677000.0,0.212,117677000.0,65193000.0,65193000.0,0.36,0.35,0.36,3138248000.0,,3138248000.0,7099189929.0,25.0,14.358,250345000.0,1.61,1.0,426334000.0,0.767,2654315000.0,0.0,-70105000.0,,0.0,0.0,0.0,0.0,1815724000.0,1459343000.0,356381000.0,7884613929.0,117578000.0,-124580000.0,-33592000.0,-7500000.0,0.0,-5092000.0,-149466000.0,-224000.0,275007000.0,-2871000.0,55387000.0,55387000.0,55387000.0,0.0,0.0,0.1,364852000.0,61482000.0,330825000.0,0.0,2.512,33.042,33.013,260667000.0,0.0,50.84,3.594,3.604,307825000.0,1688764000.0,555805000.0,555805000.0,197999000.0,,,,,22599000.0,160913000.0,1.0,155086820.0,155533000,158584000.0,3.574,2299657000.0,337816000.0,9806000.0,64957000.0,14.786,168194000.0
25,SNPS,MRQ,2015-03-31,2015-04-30,2015-04-30,2021-08-20,-88530000.0,4756167000.0,,1544975000.0,3211192000.0,,19.836,-25328000.0,1005424000.0,1005424000.0,124972000.0,55596000.0,1.166,0.552,220000000.0,190000000.0,30000000.0,220000000.0,926382000.0,51522000.0,0.0,0.0,0.0,83884000.0,135406000.0,0.243,135406000.0,83884000.0,83884000.0,0.36,0.35,0.36,3064998000.0,,3064998000.0,6590262667.0,22.0,13.268,129751000.0,0.84,1.0,432232000.0,0.776,2554501000.0,0.0,91204000.0,,0.0,0.0,0.0,0.0,1691169000.0,1325038000.0,366131000.0,7204824667.0,72021000.0,-2303000.0,43464000.0,-82701000.0,0.0,-39339000.0,-43339000.0,-16608000.0,155079000.0,-380000.0,55596000.0,55596000.0,55596000.0,0.0,0.0,0.1,356305000.0,75927000.0,301101000.0,0.0,2.351,28.947,29.3,258199000.0,0.0,46.88,3.335,3.353,338407000.0,1643207000.0,557204000.0,557204000.0,188315000.0,,,,,20283000.0,161554000.0,1.0,153686533.0,154515000,157483000.0,3.606,2201666000.0,328469000.0,28288000.0,46157000.0,14.249,219937000.0
26,SNPS,MRQ,2014-12-31,2015-01-31,2015-01-31,2021-08-20,-97245000.0,4662349000.0,,1416273000.0,3246076000.0,,19.015,-20516000.0,917062000.0,917062000.0,124633000.0,65189000.0,1.054,0.587,302500000.0,265000000.0,37500000.0,302500000.0,922158000.0,50529000.0,0.0,0.0,0.0,76615000.0,127144000.0,0.235,127144000.0,76615000.0,76615000.0,0.42,0.41,0.42,2937021000.0,,2937021000.0,5671150028.0,20.0,11.884,-107859000.0,-0.698,1.0,417410000.0,0.77,2578305000.0,0.0,126378000.0,,0.0,0.0,0.0,0.0,1725328000.0,1343104000.0,382224000.0,6581912028.0,-188938000.0,0.0,-133458000.0,227277000.0,0.0,57805000.0,-140931000.0,-120415000.0,-87343000.0,-18469000.0,65189000.0,65189000.0,65189000.0,0.0,0.0,0.12,345911000.0,71499000.0,242335000.0,0.0,2.241,25.649,26.055,256092000.0,0.0,42.99,3.104,3.131,283007000.0,1608758000.0,542043000.0,542043000.0,181610000.0,,,,,20581000.0,142523000.0,1.0,153103327.0,154458000,157206000.0,3.509,2084044000.0,356105000.0,11426000.0,54178000.0,13.493,73169000.0
27,SNPS,MRQ,2014-09-30,2014-10-31,2014-10-31,2021-08-20,-62089000.0,4775499000.0,,1504735000.0,3270764000.0,,19.543,-46016000.0,985762000.0,985762000.0,121421000.0,62455000.0,1.085,0.563,75000000.0,30000000.0,45000000.0,75000000.0,1005888000.0,52076000.0,0.0,0.0,0.0,62128000.0,114204000.0,0.212,114204000.0,62128000.0,62128000.0,0.4,0.39,0.4,3056170000.0,,3056170000.0,5565185203.0,20.0,11.969,126896000.0,0.811,1.0,417591000.0,0.775,2620738000.0,0.0,-142760000.0,,0.0,0.0,0.0,0.0,1719329000.0,1386759000.0,332570000.0,6385731203.0,82716000.0,-21110000.0,18394000.0,-7729000.0,0.0,-11031000.0,-67153000.0,461000.0,172912000.0,-12012000.0,62455000.0,62455000.0,62455000.0,0.0,0.0,0.116,360091000.0,57500000.0,397113000.0,0.0,2.089,24.644,24.539,249098000.0,0.0,40.98,3.104,3.088,326727000.0,1551592000.0,539012000.0,539012000.0,190373000.0,,,,,21099000.0,163201000.0,1.0,155825554.0,156383000,159081000.0,3.447,2154761000.0,363746000.0,-327000.0,82356000.0,13.779,117976000.0
28,SNPS,MRQ,2014-06-30,2014-07-31,2014-07-31,2021-08-20,-41512000.0,4544929000.0,,1314783000.0,3230146000.0,,19.305,-29121000.0,903046000.0,903046000.0,115530000.0,65656000.0,1.071,0.517,82500000.0,30000000.0,52500000.0,82500000.0,924843000.0,49165000.0,0.0,0.0,0.0,70771000.0,119936000.0,0.23,119936000.0,70771000.0,70771000.0,0.42,0.42,0.42,2996053000.0,,2996053000.0,5312707119.0,20.0,11.664,311009000.0,2.004,1.0,406282000.0,0.779,2628313000.0,0.0,-131214000.0,,0.0,0.0,0.0,0.0,1548876000.0,1227284000.0,321592000.0,5844340119.0,81413000.0,-5548000.0,-7990000.0,-207742000.0,0.0,-220034000.0,-37660000.0,9000.0,340130000.0,-1023000.0,65656000.0,65656000.0,65656000.0,0.0,0.0,0.126,339055000.0,67227000.0,319036000.0,0.0,1.951,23.049,23.03,216010000.0,0.0,37.77,2.888,2.897,238863000.0,1501238000.0,521812000.0,521812000.0,182809000.0,,,,,21400000.0,149709000.0,1.0,154734978.0,155194000,157622000.0,3.362,1916616000.0,332215000.0,5115000.0,57746000.0,12.35,87499000.0
29,SNPS,MRQ,2014-03-31,2014-04-30,2014-04-30,2021-08-20,-39853000.0,4560536000.0,,1328271000.0,3232265000.0,,18.885,-15621000.0,821633000.0,821633000.0,114085000.0,63317000.0,1.018,0.562,290000000.0,230000000.0,60000000.0,290000000.0,853486000.0,47871000.0,0.0,0.0,0.0,68059000.0,115930000.0,0.224,115930000.0,68059000.0,68059000.0,0.41,0.4,0.41,2919119000.0,,2919119000.0,5001072559.0,19.0,11.332,96182000.0,0.622,1.0,403612000.0,0.78,2653014000.0,0.0,71157000.0,,0.0,0.0,0.0,0.0,1641417000.0,1304732000.0,336685000.0,5796625559.0,-71420000.0,-367965000.0,6745000.0,192251000.0,0.0,198401000.0,-383073000.0,513000.0,111803000.0,1449000.0,63317000.0,63317000.0,63317000.0,0.0,0.0,0.122,339778000.0,63834000.0,275611000.0,0.0,1.986,24.132,24.115,202860000.0,0.0,37.62,2.921,2.93,322606000.0,1437246000.0,517697000.0,517697000.0,178043000.0,,,,,18823000.0,155359000.0,1.0,154083614.0,154572000,157082000.0,3.349,1907522000.0,330785000.0,4742000.0,60790000.0,12.341,23539000.0
30,SNPS,MRQ,2013-12-31,2014-01-31,2014-01-31,2021-08-20,-46425000.0,4192156000.0,,1320865000.0,2871291000.0,,18.325,-16155000.0,893053000.0,893053000.0,105849000.0,67696000.0,1.274,0.485,97500000.0,30000000.0,67500000.0,97500000.0,832825000.0,43714000.0,0.0,0.0,0.0,71184000.0,114898000.0,0.24,114898000.0,71184000.0,71184000.0,0.44,0.43,0.44,2823215000.0,,2823215000.0,5234666994.0,19.0,11.4,-90047000.0,-0.584,1.0,373102000.0,0.779,2274731000.0,0.0,85169000.0,,0.0,0.0,0.0,0.0,1368941000.0,1036703000.0,332238000.0,6152107994.0,-129388000.0,0.0,-33166000.0,-7748000.0,0.0,-41025000.0,-9364000.0,6791000.0,-73892000.0,-5107000.0,67696000.0,67696000.0,67696000.0,0.0,0.0,0.141,312946000.0,60156000.0,217404000.0,0.0,2.179,25.052,24.913,197335000.0,0.0,39.86,3.129,3.124,246774000.0,1382199000.0,478951000.0,478951000.0,167543000.0,,,,,18118000.0,140025000.0,1.0,154342900.0,154066000,156756000.0,3.109,1917425000.0,355130000.0,3488000.0,61847000.0,12.445,284162000.0
31,SNPS,MRQ,2013-09-30,2013-10-31,2013-10-31,2021-08-20,-28695000.0,4358935000.0,,1447977000.0,2910958000.0,,18.062,-18763000.0,1022441000.0,1022441000.0,119109000.0,56890000.0,1.184,0.563,105000000.0,30000000.0,75000000.0,105000000.0,882290000.0,45648000.0,0.0,0.0,0.0,59057000.0,104705000.0,0.207,104705000.0,59057000.0,59057000.0,0.37,0.36,0.37,2788277000.0,,2788277000.0,4843681998.0,18.0,10.46,172572000.0,1.118,1.0,385766000.0,0.764,2311396000.0,0.0,-92821000.0,,0.0,0.0,0.0,0.0,1570658000.0,1222919000.0,347739000.0,5623551998.0,130071000.0,0.0,-33632000.0,-7737000.0,0.0,-45755000.0,-17996000.0,767000.0,191335000.0,2487000.0,56890000.0,56890000.0,56890000.0,0.0,0.0,0.113,334752000.0,51014000.0,358197000.0,0.0,2.017,22.694,22.481,197600000.0,0.0,36.42,2.866,2.846,256026000.0,1324854000.0,504875000.0,504875000.0,175057000.0,,,,,17792000.0,154002000.0,1.0,154408347.0,154369000,157759000.0,3.271,2047539000.0,361336000.0,2167000.0,60232000.0,13.264,225058000.0
32,SNPS,MRQ,2013-06-30,2013-07-31,2013-07-31,2021-08-20,-40171000.0,4288472000.0,,1330084000.0,2958388000.0,,17.777,-19092000.0,892370000.0,892370000.0,115647000.0,52297000.0,1.135,0.567,112500000.0,30000000.0,82500000.0,112500000.0,871995000.0,47602000.0,0.0,0.0,0.0,58172000.0,105774000.0,0.219,105774000.0,58172000.0,58172000.0,0.34,0.33,0.34,2736130000.0,,2736130000.0,5134415561.0,20.0,11.594,243986000.0,1.585,1.0,367298000.0,0.761,2340969000.0,0.0,-4049000.0,,0.0,0.0,0.0,0.0,1552342000.0,1171682000.0,380660000.0,5695433561.0,211352000.0,0.0,-19665000.0,-7738000.0,0.0,-31270000.0,-19092000.0,0.0,263078000.0,-1364000.0,52297000.0,52297000.0,52297000.0,0.0,0.0,0.108,312303000.0,54995000.0,321103000.0,0.0,2.082,25.889,25.722,194198000.0,0.0,37.04,2.979,2.982,278878000.0,1283068000.0,482945000.0,482945000.0,166668000.0,,,,,16490000.0,139891000.0,1.0,153764405.0,153915000,157056000.0,3.138,1947503000.0,375250000.0,5875000.0,62044000.0,12.653,158402000.0
33,SNPS,MRQ,2013-03-31,2013-04-30,2013-04-30,2021-08-20,-28007000.0,4098888000.0,,1106369000.0,2992519000.0,,17.581,-14408000.0,681018000.0,681018000.0,107733000.0,68691000.0,1.092,0.519,120000000.0,30000000.0,90000000.0,120000000.0,754722000.0,47090000.0,0.0,0.0,0.0,86707000.0,133797000.0,0.268,133797000.0,86707000.0,86707000.0,0.45,0.44,0.45,2698932000.0,,2698932000.0,5047684224.0,19.0,11.514,119322000.0,0.777,1.0,391524000.0,0.784,2377231000.0,0.0,147717000.0,,0.0,0.0,0.0,0.0,1399956000.0,1012922000.0,387034000.0,5470549224.0,130653000.0,0.0,24580000.0,-7209000.0,0.0,15457000.0,-14186000.0,222000.0,133730000.0,-4348000.0,68691000.0,68691000.0,68691000.0,0.0,0.0,0.138,312021000.0,79503000.0,277114000.0,0.0,2.027,22.48,22.093,195315000.0,0.0,35.57,2.922,2.916,251682000.0,1231378000.0,499257000.0,499257000.0,169962000.0,,,,,15529000.0,136184000.0,1.0,153796717.0,153515000,156606000.0,3.252,1721657000.0,374475000.0,18016000.0,71394000.0,11.215,93447000.0
34,SNPS,MRQ,2012-12-31,2013-01-31,2013-01-31,2021-08-20,-16199000.0,4020546000.0,,999782000.0,3020764000.0,,17.179,-14805000.0,550365000.0,550365000.0,111063000.0,69922000.0,0.978,0.545,127500000.0,30000000.0,97500000.0,127500000.0,832498000.0,47064000.0,0.0,0.0,0.0,71730000.0,118794000.0,0.25,118794000.0,71730000.0,71730000.0,0.46,0.45,0.46,2602159000.0,,2602159000.0,4490746000.0,23.0,12.105,-106243000.0,-0.701,1.0,364074000.0,0.766,2402451000.0,0.0,173218000.0,,0.0,0.0,0.0,0.0,1418387000.0,1022012000.0,396375000.0,5056128000.0,-150017000.0,0.0,15615000.0,-8028000.0,0.0,-36417000.0,-14805000.0,0.0,-91438000.0,-7357000.0,69922000.0,69922000.0,69922000.0,0.0,0.0,0.147,303093000.0,60981000.0,223456000.0,0.0,1.943,25.845,25.723,193051000.0,0.0,33.44,2.8,2.805,270217000.0,1167623000.0,475137000.0,475137000.0,157510000.0,,,,,17700000.0,139696000.0,1.0,151200000.0,151477000,154531000.0,3.137,1618095000.0,387955000.0,1808000.0,62572000.0,10.682,-22230000.0
35,SNPS,MRQ,2012-09-30,2012-10-31,2012-10-31,2021-08-20,-15461000.0,4147656000.0,,1140656000.0,3007000000.0,,16.67,-22467000.0,700382000.0,700382000.0,102524000.0,29081000.0,0.911,0.641,135000000.0,30000000.0,105000000.0,135000000.0,902048000.0,41764000.0,0.0,0.0,0.0,42732000.0,84496000.0,0.186,84496000.0,42732000.0,42732000.0,0.19,0.18,0.19,2501686000.0,,2501686000.0,3980602114.0,20.0,11.12,80465000.0,0.536,1.0,351689000.0,0.774,2443309000.0,0.0,-113674000.0,,0.0,0.0,0.0,0.0,1603685000.0,1252639000.0,351046000.0,4801869114.0,-263385000.0,-385671000.0,47340000.0,-2323000.0,0.0,38765000.0,-408138000.0,0.0,102932000.0,3056000.0,29081000.0,29081000.0,29081000.0,0.0,0.0,0.064,312199000.0,39490000.0,383093000.0,0.0,1.919,26.326,25.968,191243000.0,0.0,32.2,2.735,2.693,292668000.0,1098694000.0,454213000.0,454213000.0,153568000.0,,,,,17336000.0,153288000.0,1.0,149126370.0,150067000,153835000.0,3.027,1704347000.0,340820000.0,13651000.0,57327000.0,11.357,-111983000.0
36,SNPS,MRQ,2012-06-30,2012-07-31,2012-07-31,2021-08-20,-31723000.0,3869271000.0,,1293702000.0,2575569000.0,,16.178,-13902000.0,963767000.0,963767000.0,99789000.0,75656000.0,1.137,0.618,142500000.0,30000000.0,112500000.0,142500000.0,856089000.0,40214000.0,0.0,0.0,0.0,61085000.0,101299000.0,0.228,101299000.0,61085000.0,61085000.0,0.51,0.5,0.51,2391100000.0,,2391100000.0,3908751347.0,18.0,10.899,281778000.0,1.906,1.0,343958000.0,0.775,1989777000.0,0.0,-79988000.0,,0.0,0.0,0.0,0.0,1478171000.0,1138215000.0,339956000.0,4455345347.0,167173000.0,-19890000.0,17376000.0,-110789000.0,0.0,-93413000.0,-33286000.0,506000.0,295680000.0,-1808000.0,75656000.0,75656000.0,75656000.0,0.0,0.0,0.17,280563000.0,63395000.0,302888000.0,0.0,1.863,23.053,22.947,165909000.0,0.0,30.29,2.633,2.645,210929000.0,1079382000.0,443747000.0,443747000.0,143955000.0,,,,,17225000.0,131773000.0,1.0,147089645.0,147801000,150644000.0,3.002,1879494000.0,389630000.0,-14571000.0,52099000.0,12.716,155487000.0
37,SNPS,MRQ,2012-03-31,2012-04-30,2012-04-30,2021-08-20,-22642000.0,3744482000.0,,1173541000.0,2570941000.0,,15.69,-9373000.0,796594000.0,796594000.0,100506000.0,20971000.0,1.093,0.635,250000000.0,130000000.0,120000000.0,250000000.0,735887000.0,42897000.0,0.0,0.0,0.0,23489000.0,66386000.0,0.153,66386000.0,23489000.0,23489000.0,0.14,0.14,0.14,2289976000.0,,2289976000.0,3431838667.0,17.0,9.94,117401000.0,0.804,1.0,332055000.0,0.768,1994528000.0,0.0,130143000.0,,0.0,0.0,0.0,0.0,1454506000.0,1073217000.0,381289000.0,4375327667.0,-14745000.0,-558905000.0,50074000.0,228037000.0,0.0,298111000.0,-436185000.0,132093000.0,126774000.0,-3445000.0,20971000.0,20971000.0,20971000.0,0.0,0.0,0.048,314919000.0,17136000.0,258820000.0,0.0,1.911,25.784,25.65,157792000.0,0.0,30.01,2.675,2.678,236314000.0,1009475000.0,432561000.0,432561000.0,151230000.0,,,,,20605000.0,158784000.0,1.0,145795657.0,145948000,149297000.0,2.964,1749954000.0,394802000.0,2518000.0,86358000.0,11.99,100324000.0
38,SNPS,MRQ,2011-12-31,2012-01-31,2012-01-31,2021-08-20,-24155000.0,3299000000.0,,1289650000.0,2009350000.0,,15.094,-11751000.0,943489000.0,943489000.0,89854000.0,56694000.0,1.493,0.519,0.0,0.0,0.0,0.0,722788000.0,31965000.0,0.0,0.0,0.0,73829000.0,105794000.0,0.249,105794000.0,73829000.0,73829000.0,0.39,0.39,0.39,2171805000.0,,2171805000.0,3202240000.0,13.0,8.668,-51069000.0,-0.355,1.0,335642000.0,0.789,1477000000.0,0.0,14683000.0,,0.0,0.0,0.0,0.0,1127195000.0,863828000.0,263367000.0,4206314000.0,-43738000.0,-5623000.0,21106000.0,-1081000.0,0.0,25000.0,-1514000.0,15860000.0,-39318000.0,-2931000.0,56694000.0,56694000.0,56694000.0,0.0,0.0,0.133,265639000.0,70003000.0,204543000.0,0.0,1.937,18.302,18.462,157219000.0,0.0,29.17,2.635,2.629,213763000.0,1001409000.0,425496000.0,425496000.0,132875000.0,,,,,16248000.0,129243000.0,1.0,144200000.0,143882000,147113000.0,2.957,1822000000.0,348117000.0,17135000.0,88833000.0,12.663,425822000.0
39,SNPS,MRQ,2011-09-30,2011-10-31,2011-10-31,2021-08-20,-20945000.0,3368844000.0,,1338055000.0,2030789000.0,,14.607,-15125000.0,1004074000.0,1004074000.0,85385000.0,39942000.0,1.324,0.603,0.0,0.0,0.0,0.0,759763000.0,31591000.0,0.0,0.0,0.0,53555000.0,85146000.0,0.218,85146000.0,53555000.0,53555000.0,0.28,0.27,0.28,2101300000.0,,2101300000.0,2823795480.0,13.0,8.122,57901000.0,0.402,1.0,305149000.0,0.781,1485317000.0,0.0,-130867000.0,,0.0,0.0,0.0,0.0,1267544000.0,1010320000.0,257224000.0,3862076480.0,-34809000.0,-35633000.0,-24497000.0,-36000.0,0.0,-57868000.0,-49734000.0,1024000.0,73026000.0,-233000.0,39942000.0,39942000.0,39942000.0,0.0,0.0,0.102,248832000.0,56317000.0,302176000.0,0.0,1.838,17.447,17.755,159517000.0,0.0,26.81,2.515,2.559,203124000.0,957517000.0,390534000.0,390534000.0,125415000.0,,,,,14984000.0,119873000.0,1.0,144053580.0,143855000,146674000.0,2.715,1883527000.0,366647000.0,13613000.0,97529000.0,13.093,327735000.0
40,SNPS,MRQ,2011-06-30,2011-07-31,2011-07-31,2021-08-20,-1540000.0,3368638000.0,,1362296000.0,2006342000.0,,14.635,-22993000.0,1038281000.0,1038281000.0,84732000.0,52082000.0,1.387,0.588,0.0,0.0,0.0,0.0,753679000.0,31961000.0,0.0,0.0,0.0,55967000.0,87928000.0,0.227,87928000.0,55967000.0,55967000.0,0.36,0.35,0.36,2121507000.0,,2121507000.0,2675442649.0,13.0,8.067,287442000.0,1.983,1.0,302063000.0,0.781,1462025000.0,0.0,-113758000.0,,0.0,0.0,0.0,0.0,1247131000.0,982090000.0,265041000.0,3515905649.0,195854000.0,-1862000.0,-89017000.0,-3282000.0,0.0,-92299000.0,-27666000.0,-2811000.0,310435000.0,5384000.0,52082000.0,52082000.0,52082000.0,0.0,0.0,0.135,243884000.0,58179000.0,284463000.0,0.0,1.657,17.0,17.121,159059000.0,0.0,23.97,2.312,2.285,175386000.0,931281000.0,386795000.0,386795000.0,122547000.0,,,,,13516000.0,117784000.0,1.0,146679418.0,144960000,148045000.0,2.668,1906613000.0,373284000.0,3885000.0,101140000.0,13.153,380206000.0
41,SNPS,MRQ,2011-03-31,2011-04-30,2011-04-30,2021-08-20,629000.0,3209469000.0,,1206622000.0,2002847000.0,,14.464,-11182000.0,840463000.0,840463000.0,86028000.0,81114000.0,1.494,0.495,0.0,0.0,0.0,0.0,625507000.0,33322000.0,0.0,0.0,0.0,57259000.0,90581000.0,0.23,90581000.0,57259000.0,57259000.0,0.55,0.53,0.55,2147398000.0,,2147398000.0,3267030733.0,17.0,10.437,85306000.0,0.575,1.0,307642000.0,0.781,1477095000.0,0.0,84075000.0,,0.0,0.0,0.0,0.0,1062071000.0,807836000.0,254235000.0,4134158733.0,-6580000.0,-779000.0,-113609000.0,-655000.0,0.0,-114264000.0,7160000.0,19121000.0,96488000.0,4036000.0,81114000.0,81114000.0,81114000.0,0.0,0.0,0.206,255957000.0,51685000.0,226784000.0,0.0,1.925,21.303,20.908,150370000.0,0.0,27.39,2.811,2.765,210068000.0,883487000.0,393670000.0,393670000.0,123169000.0,,,,,12667000.0,129032000.0,1.0,150936792.0,148461000,152593000.0,2.652,1732374000.0,363799000.0,-23855000.0,98182000.0,11.669,398786000.0
42,SNPS,MRQ,2010-12-31,2011-01-31,2011-01-31,2021-08-20,-13189000.0,3213288000.0,,1194277000.0,2019011000.0,,14.481,-10930000.0,867128000.0,867128000.0,84305000.0,48226000.0,1.521,0.489,0.0,0.0,0.0,0.0,601607000.0,31676000.0,0.0,0.0,0.0,52332000.0,84008000.0,0.23,84008000.0,52332000.0,52332000.0,0.32,0.31,0.32,2157873000.0,,2157873000.0,3111948000.0,16.0,10.343,-50563000.0,-0.339,1.0,280339000.0,0.769,1499194000.0,0.0,61884000.0,,0.0,0.0,0.0,0.0,1055415000.0,785082000.0,270333000.0,4050509000.0,-74795000.0,-2741000.0,-12533000.0,-655000.0,0.0,-13188000.0,-18579000.0,-4908000.0,-39633000.0,-3395000.0,48226000.0,48226000.0,48226000.0,0.0,0.0,0.132,233677000.0,46662000.0,216672000.0,0.0,1.877,26.56,26.34,149554000.0,0.0,27.13,2.862,2.857,169165000.0,816700000.0,364644000.0,364644000.0,120740000.0,,,,,15247000.0,109189000.0,1.0,149300000.0,149016000,153640000.0,2.447,1714094000.0,367852000.0,4106000.0,131213000.0,11.503,409195000.0
43,SNPS,MRQ,2010-09-30,2010-10-31,2010-10-31,2021-08-20,-15774000.0,3286541000.0,,1247755000.0,2038786000.0,,14.159,-12366000.0,938561000.0,938561000.0,79743000.0,25401000.0,1.354,0.565,0.0,0.0,0.0,0.0,634672000.0,29429000.0,0.0,0.0,0.0,39696000.0,69125000.0,0.184,69125000.0,39696000.0,39696000.0,0.17,0.16,0.17,2100182000.0,,2100182000.0,2590380447.0,13.0,8.639,84526000.0,0.57,1.0,295716000.0,0.788,1515499000.0,0.0,-89287000.0,,0.0,0.0,0.0,0.0,1186359000.0,921768000.0,264591000.0,3800205447.0,-108034000.0,-363148000.0,-1354000.0,-83000.0,0.0,-1437000.0,-213903000.0,161611000.0,96892000.0,10414000.0,25401000.0,25401000.0,25401000.0,0.0,0.0,0.068,262459000.0,33257000.0,312850000.0,0.0,1.809,16.03,15.988,148580000.0,0.0,25.58,2.752,2.742,181102000.0,770674000.0,375459000.0,375459000.0,129298000.0,,,,,14774000.0,129918000.0,1.0,148561589.0,148325000,153267000.0,2.531,1771042000.0,360649000.0,14295000.0,136952000.0,11.94,325987000.0
44,SNPS,MRQ,2010-06-30,2010-07-31,2010-07-31,2021-08-20,-23789000.0,3114649000.0,,1495974000.0,1618675000.0,,13.85,-14506000.0,1209825000.0,1209825000.0,66743000.0,39327000.0,1.787,0.519,0.0,0.0,0.0,0.0,627883000.0,21554000.0,0.0,0.0,0.0,47747000.0,69301000.0,0.206,69301000.0,47747000.0,47747000.0,0.27,0.26,0.27,2049810000.0,,2049810000.0,2153195425.0,11.0,7.44,193410000.0,1.307,1.0,270186000.0,0.802,1120592000.0,0.0,-52822000.0,,0.0,0.0,0.0,0.0,1064839000.0,837054000.0,227785000.0,3231649425.0,214010000.0,-6809000.0,-60969000.0,-2263000.0,0.0,-63232000.0,64343000.0,85658000.0,207916000.0,4983000.0,39327000.0,39327000.0,39327000.0,0.0,0.0,0.117,219393000.0,50793000.0,240407000.0,0.0,1.577,13.978,13.911,139102000.0,0.0,21.84,2.405,2.406,148582000.0,758727000.0,336929000.0,336929000.0,105649000.0,,,,,14514000.0,111183000.0,1.0,147969296.0,148006000,151106000.0,2.276,1994057000.0,363464000.0,8420000.0,104467000.0,13.473,658920000.0
45,SNPS,MRQ,2010-03-31,2010-04-30,2010-04-30,2021-08-20,-16061000.0,3005336000.0,,1379894000.0,1625442000.0,,13.823,-6446000.0,1078454000.0,1078454000.0,69027000.0,39549000.0,1.915,0.46,0.0,0.0,0.0,0.0,543997000.0,24566000.0,0.0,0.0,0.0,53873000.0,78439000.0,0.232,78439000.0,53873000.0,53873000.0,0.27,0.26,0.27,2058161000.0,,2058161000.0,2298325258.0,11.0,7.38,75199000.0,0.505,1.0,269079000.0,0.796,1118716000.0,0.0,87569000.0,,0.0,0.0,0.0,0.0,947175000.0,720597000.0,226578000.0,3390668258.0,42941000.0,-127745000.0,40077000.0,-602000.0,0.0,39475000.0,-76013000.0,58178000.0,81645000.0,-2166000.0,39549000.0,39549000.0,39549000.0,0.0,0.0,0.117,224111000.0,44968000.0,186802000.0,0.0,1.647,14.169,13.902,140630000.0,0.0,22.66,2.508,2.496,149654000.0,725102000.0,338106000.0,338106000.0,113050000.0,,,,,13466000.0,108076000.0,1.0,149632315.0,148890000,152482000.0,2.271,1886620000.0,376888000.0,14324000.0,116156000.0,12.671,659297000.0
46,SNPS,MRQ,2009-12-31,2010-01-31,2010-01-31,2021-08-20,-10102000.0,2909765000.0,,1398521000.0,1511244000.0,,13.422,-8757000.0,1092343000.0,1092343000.0,65581000.0,132786000.0,1.934,0.476,0.0,0.0,0.0,0.0,546869000.0,25652000.0,0.0,0.0,0.0,57342000.0,82994000.0,0.251,82994000.0,57342000.0,57342000.0,0.9,0.88,0.9,1970743000.0,,1970743000.0,1965939672.0,9.0,6.097,-54174000.0,-0.369,1.0,264586000.0,0.801,1023764000.0,0.0,70474000.0,,0.0,0.0,0.0,0.0,939022000.0,723184000.0,215838000.0,3134265672.0,-75123000.0,-3127000.0,-17124000.0,-744000.0,0.0,-17868000.0,-13160000.0,-1276000.0,-45417000.0,1322000.0,132786000.0,132786000.0,132786000.0,0.0,0.0,0.402,209494000.0,55092000.0,182159000.0,0.0,1.59,12.636,12.512,143371000.0,0.0,21.27,2.321,2.313,142493000.0,705216000.0,330167000.0,330167000.0,101232000.0,,,,,17234000.0,105469000.0,1.0,147356167.0,146830000,150788000.0,2.249,1886001000.0,367853000.0,-75444000.0,122143000.0,12.845,675337000.0
47,SNPS,MRQ,2009-09-30,2009-10-31,2009-10-31,2021-08-20,-3831000.0,2938854000.0,,1463800000.0,1475054000.0,,12.655,-15189000.0,1168326000.0,1168326000.0,73172000.0,19528000.0,1.797,0.594,0.0,0.0,0.0,0.0,588729000.0,26872000.0,0.0,0.0,0.0,31813000.0,58685000.0,0.173,58685000.0,31813000.0,31813000.0,0.13,0.13,0.13,1844166000.0,,1844166000.0,2126704530.0,9.0,6.357,48721000.0,0.334,1.0,265106000.0,0.784,1029501000.0,0.0,-73566000.0,,0.0,0.0,0.0,0.0,1094688000.0,814593000.0,280095000.0,3209243530.0,79332000.0,-5110000.0,43681000.0,-1810000.0,0.0,41871000.0,-29792000.0,-9493000.0,63910000.0,3343000.0,19528000.0,19528000.0,19528000.0,0.0,0.0,0.058,240184000.0,24922000.0,255095000.0,0.0,1.74,19.139,18.821,146910000.0,0.0,22.02,2.36,2.327,127010000.0,574980000.0,338278000.0,338278000.0,114116000.0,,,,,14135000.0,121739000.0,1.0,145742213.0,145729000,149331000.0,2.321,1909353000.0,330040000.0,12285000.0,162862000.0,13.102,649207000.0
48,SNPS,MRQ,2009-06-30,2009-07-31,2009-07-31,2021-08-20,-7871000.0,2877744000.0,,1448957000.0,1428787000.0,,12.231,-10643000.0,1082539000.0,1082539000.0,70035000.0,47436000.0,1.775,0.632,0.0,0.0,0.0,0.0,618579000.0,24853000.0,0.0,0.0,0.0,66473000.0,91326000.0,0.265,91326000.0,66473000.0,66473000.0,0.33,0.32,0.33,1762918000.0,,1762918000.0,2003557572.0,8.0,5.641,221821000.0,1.539,1.0,275142000.0,0.797,1036236000.0,0.0,-57123000.0,,0.0,0.0,0.0,0.0,1114826000.0,816092000.0,298734000.0,2880404572.0,115882000.0,-20915000.0,1585000.0,328000.0,0.0,1913000.0,-122372000.0,-90814000.0,232464000.0,3877000.0,47436000.0,47436000.0,47436000.0,0.0,0.0,0.137,214053000.0,61089000.0,221249000.0,0.0,1.634,14.805,14.584,144928000.0,0.0,19.98,2.095,2.095,136760000.0,568639000.0,345177000.0,345177000.0,104989000.0,,,,,13996000.0,105708000.0,1.0,144164393.0,144138000,146063000.0,2.395,1841508000.0,340254000.0,19037000.0,181059000.0,12.776,632865000.0
49,SNPS,MRQ,2009-03-31,2009-04-30,2009-04-30,2021-08-20,-25591000.0,2696051000.0,,1294997000.0,1401054000.0,,11.823,-7241000.0,876847000.0,876847000.0,65019000.0,48288000.0,1.784,0.592,0.0,0.0,0.0,0.0,588465000.0,24310000.0,0.0,0.0,0.0,65113000.0,89423000.0,0.265,89423000.0,65113000.0,65113000.0,0.34,0.33,0.34,1693946000.0,,1693946000.0,2281757432.0,9.0,6.709,17470000.0,0.122,1.0,271816000.0,0.807,1016630000.0,0.0,76476000.0,,0.0,0.0,0.0,0.0,1002105000.0,726098000.0,276007000.0,3124038432.0,36234000.0,0.0,25500000.0,-492000.0,0.0,25008000.0,-7415000.0,-174000.0,24711000.0,-6070000.0,48288000.0,48288000.0,48288000.0,0.0,0.0,0.143,217148000.0,54668000.0,176233000.0,0.0,1.844,15.249,15.021,136799000.0,0.0,21.78,2.274,2.272,189115000.0,522129000.0,336835000.0,336835000.0,102996000.0,,,,,14660000.0,111211000.0,1.0,143436108.0,143275000,145421000.0,2.351,1679421000.0,344541000.0,16825000.0,161072000.0,11.722,568899000.0
50,SNPS,MRQ,2008-12-31,2009-01-31,2009-01-31,2021-08-20,-27143000.0,2636658000.0,,1221367000.0,1415291000.0,,11.307,-8978000.0,842281000.0,842281000.0,65424000.0,52429000.0,1.652,0.644,0.0,0.0,0.0,0.0,608979000.0,25418000.0,0.0,0.0,0.0,69671000.0,95089000.0,0.28,95089000.0,69671000.0,69671000.0,0.37,0.37,0.37,1604115000.0,,1604115000.0,1675262141.0,7.0,5.144,-90904000.0,-0.641,1.0,274331000.0,0.807,1027664000.0,0.0,27367000.0,,0.0,0.0,0.0,0.0,1032543000.0,739346000.0,293197000.0,2626563141.0,-107467000.0,-27333000.0,1152000.0,-492000.0,0.0,660000.0,-32323000.0,3988000.0,-81926000.0,6122000.0,52429000.0,52429000.0,52429000.0,0.0,0.0,0.154,206759000.0,67572000.0,182608000.0,0.0,1.637,13.403,13.309,141152000.0,0.0,18.5,1.93,1.928,150083000.0,485175000.0,339755000.0,339755000.0,97807000.0,,,,,14143000.0,104566000.0,1.0,141976386.0,141865000,142612000.0,2.395,1608994000.0,354137000.0,17242000.0,164074000.0,11.342,482021000.0
51,SNPS,MRQ,2008-09-30,2008-10-31,2008-10-31,2021-08-20,-35279000.0,2742478000.0,,1322290000.0,1420188000.0,,10.712,-13129000.0,951301000.0,951301000.0,66868000.0,46397000.0,1.455,0.794,0.0,0.0,0.0,0.0,680127000.0,23608000.0,0.0,0.0,0.0,55720000.0,79328000.0,0.225,79328000.0,55720000.0,55720000.0,0.33,0.32,0.33,1528371000.0,,1528371000.0,1756915162.0,8.0,5.558,102756000.0,0.72,1.0,285937000.0,0.81,1014400000.0,0.0,-132206000.0,,0.0,0.0,0.0,0.0,1214107000.0,908983000.0,305124000.0,2634002162.0,32143000.0,-3632000.0,-27420000.0,-1517000.0,0.0,-28937000.0,-60490000.0,-43729000.0,115885000.0,5685000.0,46397000.0,46397000.0,46397000.0,0.0,0.0,0.132,220633000.0,65304000.0,289769000.0,0.0,1.723,13.865,13.744,145087000.0,0.0,18.28,1.97,1.959,147365000.0,434057000.0,352805000.0,352805000.0,102564000.0,,,,,14667000.0,115034000.0,1.0,144092022.0,142682000,147408000.0,2.473,1728078000.0,360854000.0,9323000.0,167241000.0,12.111,413307000.0
52,SNPS,MRQ,2008-06-30,2008-07-31,2008-07-31,2021-08-20,201000.0,2658857000.0,,1254171000.0,1404686000.0,,10.737,-7708000.0,877087000.0,877087000.0,67026000.0,57749000.0,1.482,0.737,0.0,0.0,0.0,0.0,657132000.0,23291000.0,0.0,0.0,0.0,52979000.0,76270000.0,0.222,76270000.0,52979000.0,52979000.0,0.41,0.39,0.41,1530404000.0,,1530404000.0,2610226379.0,12.0,8.38,223638000.0,1.569,1.0,277102000.0,0.805,1020546000.0,0.0,-84873000.0,,0.0,0.0,0.0,0.0,1128453000.0,846097000.0,282356000.0,3427724379.0,-29400000.0,-181018000.0,19651000.0,-1000.0,0.0,19650000.0,-278555000.0,-89829000.0,231346000.0,-1841000.0,57749000.0,57749000.0,57749000.0,0.0,0.0,0.168,227070000.0,50032000.0,240676000.0,0.0,2.24,18.569,18.477,130511000.0,0.0,24.02,2.638,2.635,143613000.0,395378000.0,344128000.0,344128000.0,104394000.0,,,,,17321000.0,113328000.0,1.0,142702930.0,142536000,147486000.0,2.414,1638311000.0,323734000.0,-4770000.0,125132000.0,11.494,408074000.0
53,SNPS,MRQ,2008-03-31,2008-04-30,2008-04-30,2021-08-20,3417000.0,2430159000.0,,1216897000.0,1213262000.0,,10.116,-10476000.0,817498000.0,817498000.0,63692000.0,39387000.0,1.716,0.694,0.0,0.0,0.0,0.0,587388000.0,24911000.0,0.0,0.0,0.0,50088000.0,74999000.0,0.231,74999000.0,50088000.0,50088000.0,0.28,0.27,0.28,1434826000.0,,1434826000.0,2418635541.0,13.0,8.221,24562000.0,0.173,1.0,260861000.0,0.804,820354000.0,0.0,83203000.0,,0.0,0.0,0.0,0.0,995333000.0,709104000.0,286229000.0,3278950541.0,146834000.0,0.0,-62335000.0,-1452000.0,0.0,-63787000.0,173041000.0,183517000.0,35038000.0,2542000.0,39387000.0,39387000.0,39387000.0,0.0,0.0,0.121,210924000.0,49937000.0,176746000.0,0.0,2.285,21.615,21.802,127223000.0,0.0,23.11,2.604,2.603,171993000.0,342424000.0,324553000.0,324553000.0,95275000.0,,,,,17842000.0,109058000.0,1.0,141884489.0,141844000,145271000.0,2.288,1609805000.0,338125000.0,10701000.0,147877000.0,11.349,507793000.0
54,SNPS,MRQ,2007-12-31,2008-01-31,2008-01-31,2021-08-20,3562000.0,2464871000.0,,1221502000.0,1243369000.0,,9.862,-10430000.0,860315000.0,860315000.0,61310000.0,46445000.0,1.719,0.712,0.0,0.0,0.0,0.0,608625000.0,25333000.0,0.0,0.0,0.0,60169000.0,85502000.0,0.271,85502000.0,60169000.0,60169000.0,0.32,0.31,0.32,1439926000.0,,1439926000.0,2250254436.0,11.0,7.458,-61611000.0,-0.422,1.0,254155000.0,0.806,836021000.0,0.0,57980000.0,,0.0,0.0,0.0,0.0,1024945000.0,710555000.0,314390000.0,3234707436.0,-151272000.0,0.0,-70768000.0,0.0,0.0,-70768000.0,-35082000.0,-24652000.0,-51181000.0,5759000.0,46445000.0,46445000.0,46445000.0,0.0,0.0,0.147,200316000.0,53839000.0,165054000.0,0.0,2.246,21.062,20.579,128578000.0,0.0,22.02,2.635,2.619,142054000.0,313413000.0,315465000.0,315465000.0,92514000.0,,,,,15644000.0,101211000.0,1.0,146898612.0,146001000,150683000.0,2.161,1628850000.0,348350000.0,13724000.0,162942000.0,11.156,510947000.0
55,SNPS,MRQ,2007-09-30,2007-10-31,2007-10-31,2021-08-20,3905000.0,2617337000.0,,1327539000.0,1289798000.0,,9.911,-8754000.0,984453000.0,984453000.0,62082000.0,41014000.0,1.288,0.822,0.0,0.0,0.0,0.0,642515000.0,27523000.0,0.0,0.0,0.0,47200000.0,74723000.0,0.237,74723000.0,47200000.0,47200000.0,0.29,0.27,0.29,1436393000.0,,1436393000.0,3301283187.0,20.0,12.174,164392000.0,1.134,1.0,253151000.0,0.803,845879000.0,0.0,-244071000.0,,0.0,0.0,0.0,0.0,1180944000.0,1031076000.0,149868000.0,4095505187.0,143473000.0,-23353000.0,46000000.0,0.0,0.0,46000000.0,-75340000.0,-43233000.0,173146000.0,-333000.0,41014000.0,41014000.0,41014000.0,0.0,0.0,0.13,215275000.0,37876000.0,246209000.0,0.0,2.851,31.385,31.055,131866000.0,0.0,28.26,3.378,3.355,123900000.0,263977000.0,315233000.0,315233000.0,97016000.0,,,,,15337000.0,110488000.0,1.0,144922335.0,144934000,151015000.0,2.175,1771458000.0,382332000.0,6186000.0,207572000.0,12.223,296463000.0
56,SNPS,MRQ,2007-06-30,2007-07-31,2007-07-31,2021-08-20,-3714000.0,2455046000.0,,1206467000.0,1248579000.0,,9.164,-12423000.0,794222000.0,794222000.0,58391000.0,24855000.0,1.22,0.863,0.0,0.0,0.0,0.0,635402000.0,25168000.0,0.0,0.0,0.0,33827000.0,58995000.0,0.194,58995000.0,33827000.0,33827000.0,0.17,0.17,0.17,1317955000.0,,1317955000.0,2739060854.0,20.0,11.348,103678000.0,0.721,1.0,245707000.0,0.808,832762000.0,0.0,-160954000.0,,0.0,0.0,0.0,0.0,1137091000.0,989016000.0,148075000.0,3506597854.0,-25220000.0,-34120000.0,-37982000.0,0.0,0.0,-37982000.0,-104984000.0,-58441000.0,116101000.0,1645000.0,24855000.0,24855000.0,24855000.0,0.0,0.0,0.082,222709000.0,22998000.0,232014000.0,0.0,2.661,35.208,35.449,128739000.0,0.0,24.46,2.97,2.98,204787000.0,249097000.0,304098000.0,304098000.0,94365000.0,,,,,16109000.0,119594000.0,1.0,143360501.0,143820000,149709000.0,2.114,1622284000.0,353149000.0,8972000.0,188164000.0,11.28,217451000.0
57,SNPS,MRQ,2007-03-31,2007-04-30,2007-04-30,2021-08-20,-5830000.0,2351004000.0,,1121097000.0,1229907000.0,,9.099,12479000.0,767537000.0,767537000.0,55417000.0,41265000.0,1.249,0.79,0.0,0.0,0.0,0.0,606464000.0,25497000.0,0.0,0.0,0.0,57016000.0,82513000.0,0.282,82513000.0,57016000.0,57016000.0,0.29,0.28,0.29,1313624000.0,,1313624000.0,3335015021.0,29.0,14.789,100645000.0,0.697,1.0,237511000.0,0.811,817929000.0,0.0,-131905000.0,,0.0,0.0,0.0,0.0,1037380000.0,897443000.0,139937000.0,4014720021.0,83918000.0,0.0,-14667000.0,0.0,0.0,-14667000.0,8080000.0,-4399000.0,88166000.0,2339000.0,41265000.0,41265000.0,41265000.0,0.0,0.0,0.141,200163000.0,37348000.0,173156000.0,0.0,3.056,48.786,48.526,141044000.0,0.0,27.66,3.48,3.461,166850000.0,226606000.0,292928000.0,292928000.0,91956000.0,,,,,14350000.0,101563000.0,1.0,145145337.0,144370000,149783000.0,2.029,1533075000.0,345279000.0,15751000.0,184284000.0,10.619,223654000.0
58,SNPS,MRQ,2006-12-31,2007-01-31,2007-01-31,2021-08-20,-11047000.0,2275764000.0,,1023991000.0,1251773000.0,,8.88,-12293000.0,679705000.0,679705000.0,58375000.0,23357000.0,1.17,0.795,0.0,0.0,0.0,0.0,583619000.0,27179000.0,0.0,0.0,0.0,27756000.0,54935000.0,0.183,54935000.0,27756000.0,27756000.0,0.16,0.16,0.16,1267860000.0,,1267860000.0,3258025502.0,48.0,18.061,43772000.0,0.307,1.0,241835000.0,0.806,828031000.0,0.0,-106930000.0,,0.0,4957000.0,0.0,4957000.0,1007904000.0,874958000.0,132946000.0,3830747502.0,46397000.0,0.0,63513000.0,0.0,0.0,63513000.0,-73325000.0,-61032000.0,56065000.0,144000.0,23357000.0,23357000.0,23357000.0,0.0,0.0,0.078,222013000.0,19822000.0,168107000.0,0.0,3.021,82.556,83.125,139585000.0,0.0,26.6,3.373,3.344,141081000.0,192838000.0,300210000.0,300210000.0,95884000.0,,,,,16215000.0,119485000.0,1.0,144013064.0,142772000,148113000.0,2.103,1447733000.0,357865000.0,4399000.0,183929000.0,10.14,149033000.0
59,SNPS,MRQ,2006-09-30,2006-10-31,2006-10-31,2021-08-20,-12481000.0,2157822000.0,,894490000.0,1263332000.0,,8.283,-14936000.0,572722000.0,572722000.0,56812000.0,10120000.0,1.027,0.855,0.0,0.0,0.0,0.0,499268000.0,28944000.0,0.0,0.0,0.0,15976000.0,44920000.0,0.159,44920000.0,15976000.0,15976000.0,0.07,0.07,0.07,1163167000.0,,1163167000.0,2664610600.0,61.0,16.842,84811000.0,0.604,1.0,226572000.0,0.8,841787000.0,0.0,-127783000.0,,0.0,0.0,0.0,0.0,994655000.0,871096000.0,123559000.0,3175884600.0,61042000.0,-20292000.0,-4021000.0,0.0,0.0,-4021000.0,-35350000.0,-122000.0,99747000.0,666000.0,10120000.0,10120000.0,10120000.0,0.0,0.0,0.036,215138000.0,11434000.0,234149000.0,0.0,2.73,128.36,132.412,140660000.0,0.0,22.51,2.899,2.935,122584000.0,170743000.0,283384000.0,283384000.0,95518000.0,,,,,15105000.0,112929000.0,1.0,141087721.0,140433000,141926000.0,2.018,1316035000.0,361134000.0,5856000.0,191349000.0,9.371,23394000.0
60,SNPS,MRQ,2006-06-30,2006-07-31,2006-07-31,2021-08-20,-12699000.0,2065381000.0,,781225000.0,1284156000.0,,8.114,-11812000.0,511274000.0,511274000.0,55445000.0,7550000.0,0.992,0.786,0.0,0.0,0.0,0.0,474024000.0,27572000.0,0.0,0.0,0.0,15574000.0,43146000.0,0.156,43146000.0,15574000.0,15574000.0,0.05,0.05,0.05,1156539000.0,,1156539000.0,2034272944.0,71.0,14.046,47653000.0,0.334,1.0,221763000.0,0.8,858088000.0,0.0,-91840000.0,,0.0,4616000.0,0.0,4616000.0,908842000.0,787859000.0,120983000.0,2568812944.0,-25214000.0,-8956000.0,-65807000.0,0.0,0.0,-65807000.0,-22344000.0,-1576000.0,59465000.0,3472000.0,7550000.0,7550000.0,7550000.0,0.0,0.0,0.027,208610000.0,13153000.0,195279000.0,0.0,2.221,-5253.196,-1790.0,164278000.0,0.0,17.9,2.407,2.391,110875000.0,175667000.0,277208000.0,277208000.0,93972000.0,,,,,15602000.0,107863000.0,1.0,143509103.0,142538000,143964000.0,1.945,1207293000.0,324848000.0,8024000.0,163973000.0,8.47,-6634000.0
61,SNPS,MRQ,2006-03-31,2006-04-30,2006-04-30,2021-08-20,-15269000.0,2131760000.0,,940437000.0,1191323000.0,,8.36,-16358000.0,534540000.0,534540000.0,55981000.0,5375000.0,1.149,0.779,0.0,0.0,0.0,0.0,520132000.0,28245000.0,0.0,0.0,0.0,9143000.0,37388000.0,0.136,37388000.0,9143000.0,9143000.0,0.04,0.04,0.04,1198475000.0,,1198475000.0,2626721188.0,62.0,15.504,10611000.0,0.074,1.0,218798000.0,0.796,859196000.0,0.0,-80663000.0,,0.0,6542000.0,0.0,6542000.0,933285000.0,818687000.0,114598000.0,3141006188.0,-19567000.0,0.0,9951000.0,0.0,0.0,9951000.0,-56659000.0,-40301000.0,26969000.0,172000.0,5375000.0,5375000.0,5375000.0,0.0,0.0,0.02,213607000.0,5191000.0,169006000.0,0.0,2.621,339.385,363.833,166805000.0,0.0,21.83,3.017,3.005,138325000.0,168774000.0,274779000.0,274779000.0,92750000.0,,,,,13903000.0,113726000.0,1.0,143884846.0,143352000,146010000.0,1.917,1272564000.0,334573000.0,3768000.0,172232000.0,8.877,121750000.0
62,SNPS,MRQ,2005-12-31,2006-01-31,2006-01-31,2021-08-20,-14658000.0,2070031000.0,,868424000.0,1201607000.0,,8.069,-8301000.0,514285000.0,514285000.0,55289000.0,1697000.0,1.093,0.769,0.0,0.0,0.0,0.0,513562000.0,29729000.0,0.0,0.0,0.0,3026000.0,32755000.0,0.126,32755000.0,3026000.0,3026000.0,0.01,0.01,0.01,1169857000.0,,1169857000.0,2605560799.0,181.0,15.976,11408000.0,0.079,1.0,204900000.0,0.788,879684000.0,0.0,-118152000.0,,0.0,8322000.0,0.0,8322000.0,900174000.0,794214000.0,105960000.0,3192066799.0,-89938000.0,-11894000.0,-70549000.0,0.0,0.0,-70549000.0,-39424000.0,-19229000.0,19709000.0,326000.0,1697000.0,1697000.0,1697000.0,0.0,0.0,0.007,205246000.0,-346000.0,146477000.0,0.0,2.729,-2923.138,-2211.0,165116000.0,0.0,22.11,3.158,3.171,83997000.0,171559000.0,260189000.0,260189000.0,88389000.0,,,,,18430000.0,108716000.0,1.0,144372085.0,144989000,146969000.0,1.795,1190347000.0,328566000.0,1329000.0,171775000.0,8.21,74210000.0
63,SNPS,MRQ,2005-09-30,2005-10-31,2005-10-31,2021-08-20,-16001000.0,2133424000.0,,947479000.0,1185945000.0,,8.339,-9573000.0,586506000.0,586506000.0,55412000.0,-15111000.0,1.16,0.762,0.0,0.0,0.0,0.0,457708000.0,30752000.0,0.0,0.0,0.0,787000.0,31539000.0,0.124,31539000.0,787000.0,787000.0,-0.11,-0.11,-0.11,1210637000.0,,1210637000.0,2235386915.0,-287.0,13.876,64762000.0,0.446,1.0,199426000.0,0.783,871498000.0,0.0,-141507000.0,,0.0,8092000.0,0.0,8092000.0,922787000.0,816927000.0,105860000.0,2734800915.0,84482000.0,-3078000.0,24193000.0,0.0,0.0,24193000.0,-15273000.0,-2622000.0,74335000.0,1227000.0,-15111000.0,-15111000.0,-15111000.0,0.0,0.0,-0.059,203468000.0,-4042000.0,231359000.0,0.0,2.259,-159.799,-157.917,170195000.0,0.0,18.95,2.757,2.77,100178000.0,162878000.0,254838000.0,254838000.0,83282000.0,,,,,10492000.0,112798000.0,1.0,144316671.0,145183000,145183000.0,1.755,1261926000.0,318203000.0,15898000.0,169879000.0,8.692,130552000.0
64,SNPS,MRQ,2005-06-30,2005-07-31,2005-07-31,2021-08-20,-14390000.0,2122463000.0,,801803000.0,1320660000.0,,8.358,-14031000.0,499414000.0,499414000.0,59408000.0,17294000.0,0.973,0.766,0.0,0.0,0.0,0.0,450434000.0,38155000.0,0.0,0.0,0.0,29584000.0,67739000.0,0.269,67739000.0,29584000.0,29584000.0,0.12,0.12,0.12,1202174000.0,,1202174000.0,2135607981.0,-51.0,15.16,50216000.0,0.349,1.0,192042000.0,0.764,922100000.0,0.0,-123215000.0,,0.0,9143000.0,0.0,9143000.0,920289000.0,824164000.0,96125000.0,2659928981.0,-23175000.0,-80127000.0,3967000.0,0.0,0.0,3967000.0,-92387000.0,1771000.0,64247000.0,998000.0,17294000.0,17294000.0,17294000.0,0.0,0.0,0.069,199658000.0,-7616000.0,211401000.0,0.0,2.213,-89.747,-102.833,174918000.0,0.0,18.51,2.749,2.751,108673000.0,190390000.0,251450000.0,251450000.0,82679000.0,,,,,652000.0,109175000.0,1.0,143702268.0,143830000,145668000.0,1.748,1200363000.0,328079000.0,12290000.0,197315000.0,8.346,-22361000.0
65,SNPS,MRQ,2005-03-31,2005-04-30,2005-04-30,2021-08-20,-9228000.0,2102297000.0,,866127000.0,1236170000.0,,8.095,-15844000.0,524321000.0,524321000.0,69723000.0,-4972000.0,1.028,0.793,0.0,0.0,0.0,0.0,495281000.0,50069000.0,0.0,0.0,0.0,-19006000.0,31063000.0,0.127,31063000.0,-19006000.0,-19006000.0,-0.03,-0.03,-0.03,1172231000.0,,1172231000.0,1803427756.0,-63.0,10.967,-27311000.0,-0.189,1.0,174616000.0,0.715,818704000.0,0.0,-82892000.0,,0.0,11030000.0,0.0,11030000.0,930066000.0,842164000.0,87902000.0,2385930756.0,-33238000.0,0.0,-30039000.0,0.0,0.0,-30039000.0,8970000.0,24814000.0,-11467000.0,-702000.0,-4972000.0,-4972000.0,-4972000.0,0.0,0.0,-0.02,194944000.0,-20328000.0,185338000.0,0.0,2.035,-467.463,-548.0,175625000.0,0.0,16.44,2.391,2.386,134808000.0,176841000.0,244339000.0,244339000.0,80350000.0,,,,,561000.0,106259000.0,1.0,145129608.0,144801000,144801000.0,1.687,1283593000.0,347456000.0,-14034000.0,189664000.0,8.865,23963000.0
66,SNPS,MRQ,2004-12-31,2005-01-31,2005-01-31,2021-08-20,-4843000.0,2145122000.0,,892392000.0,1252730000.0,,8.287,-7068000.0,582503000.0,582503000.0,69975000.0,-14325000.0,1.056,0.772,0.0,0.0,0.0,0.0,513208000.0,49905000.0,0.0,0.0,0.0,-19154000.0,30751000.0,0.127,30751000.0,-19154000.0,-19154000.0,-0.1,-0.1,-0.1,1210331000.0,,1210331000.0,1903263995.0,66.0,8.654,135007000.0,0.924,1.0,171329000.0,0.71,855820000.0,0.0,-138442000.0,,0.0,11472000.0,0.0,11472000.0,934791000.0,845241000.0,89550000.0,2482292995.0,29658000.0,-91293000.0,-37892000.0,0.0,0.0,-37892000.0,-72785000.0,25576000.0,142075000.0,-1740000.0,-14325000.0,-14325000.0,-14325000.0,0.0,0.0,-0.059,196432000.0,-25103000.0,166532000.0,0.0,2.051,86.772,89.474,173532000.0,0.0,17.0,2.368,2.369,108028000.0,186945000.0,241304000.0,241304000.0,73256000.0,,,,,577000.0,109134000.0,1.0,146017235.0,146060000,146060000.0,1.652,1289302000.0,329668000.0,-4829000.0,196517000.0,8.827,47151000.0
67,SNPS,MRQ,2004-09-30,2004-10-31,2004-10-31,2021-08-20,-645000.0,2092187000.0,,913033000.0,1179154000.0,,8.353,-10615000.0,579029000.0,579029000.0,66848000.0,-27635000.0,1.232,0.654,0.0,0.0,0.0,0.0,403102000.0,44889000.0,0.0,0.0,0.0,-33567000.0,11322000.0,0.049,11322000.0,-33567000.0,-33567000.0,-0.17,-0.16,-0.17,1265049000.0,,1265049000.0,1770751026.0,19.0,6.301,22952000.0,0.152,1.0,163707000.0,0.71,791775000.0,0.0,-19772000.0,,0.0,12831000.0,0.0,12831000.0,827138000.0,741155000.0,85983000.0,2470096026.0,-152525000.0,-20408000.0,-120143000.0,0.0,0.0,-120143000.0,-63430000.0,-32407000.0,33567000.0,-2519000.0,-27635000.0,-27635000.0,-27635000.0,0.0,0.0,-0.12,201706000.0,-37999000.0,184146000.0,0.0,1.953,32.898,33.143,178155000.0,0.0,16.24,2.262,2.297,132258000.0,202146000.0,230555000.0,230555000.0,79819000.0,,,,,33887000.0,114731000.0,1.0,152099509.0,151445000,152050000.0,1.522,1300412000.0,318544000.0,-5932000.0,188096000.0,8.587,171878000.0
68,SNPS,MRQ,2004-06-30,2004-07-31,2004-07-31,2021-08-20,143000.0,2221556000.0,,1164761000.0,1056795000.0,,9.108,-11629000.0,699345000.0,699345000.0,64318000.0,41828000.0,1.602,0.572,0.0,0.0,0.0,0.0,414517000.0,48258000.0,0.0,0.0,0.0,43050000.0,91308000.0,0.324,91308000.0,43050000.0,43050000.0,0.27,0.26,0.27,1413542000.0,,1413542000.0,3325592656.0,18.0,8.772,117124000.0,0.755,1.0,217363000.0,0.772,783202000.0,0.0,11731000.0,,0.0,13458000.0,0.0,13458000.0,808014000.0,727278000.0,80736000.0,3938606656.0,43111000.0,-915000.0,-26102000.0,0.0,0.0,-26102000.0,-60548000.0,-48004000.0,128753000.0,1008000.0,41828000.0,41828000.0,41828000.0,0.0,0.0,0.148,175590000.0,41773000.0,159407000.0,0.0,2.786,26.74,26.302,180081000.0,0.0,25.25,3.343,3.327,143006000.0,249844000.0,281681000.0,281681000.0,68471000.0,,,,,0.0,98589000.0,1.0,155984422.0,155199000,160346000.0,1.815,1438354000.0,292329000.0,1222000.0,182569000.0,9.268,437483000.0
69,SNPS,MRQ,2004-03-31,2004-04-30,2004-04-30,2021-08-20,3048000.0,2238473000.0,,1166298000.0,1072175000.0,,9.017,-9835000.0,613014000.0,613014000.0,64898000.0,28739000.0,1.515,0.604,0.0,0.0,0.0,0.0,451883000.0,48042000.0,0.0,0.0,0.0,38500000.0,86542000.0,0.294,86542000.0,38500000.0,38500000.0,0.19,0.18,0.19,1395886000.0,,1395886000.0,3520298569.0,17.0,8.741,80563000.0,0.52,1.0,229706000.0,0.78,815490000.0,0.0,40265000.0,,0.0,7730000.0,0.0,7730000.0,842587000.0,769704000.0,72883000.0,4138066569.0,43395000.0,-38815000.0,-45540000.0,0.0,0.0,-45540000.0,-335000.0,48315000.0,90398000.0,-1128000.0,28739000.0,28739000.0,28739000.0,0.0,0.0,0.098,192131000.0,37575000.0,157733000.0,0.0,2.964,26.881,26.465,182041000.0,0.0,26.73,3.458,3.458,220854000.0,226403000.0,294604000.0,294604000.0,70136000.0,,,,,0.0,113359000.0,1.0,154809823.0,154806000,161840000.0,1.903,1422983000.0,299094000.0,9761000.0,181669000.0,9.192,396594000.0
70,SNPS,MRQ,2003-12-31,2004-01-31,2004-01-31,2021-08-20,7917000.0,2231411000.0,,1184783000.0,1046628000.0,,9.038,-15665000.0,617768000.0,617768000.0,61122000.0,32152000.0,1.591,0.579,0.0,0.0,0.0,0.0,434087000.0,48230000.0,0.0,0.0,0.0,43609000.0,91839000.0,0.322,91839000.0,43609000.0,43609000.0,0.21,0.19,0.21,1412736000.0,,1412736000.0,4826744777.0,23.0,12.004,-4346000.0,-0.028,1.0,224142000.0,0.786,803313000.0,0.0,65504000.0,,0.0,8316000.0,0.0,8316000.0,818675000.0,744826000.0,73849000.0,5525101777.0,-111580000.0,0.0,-74802000.0,0.0,0.0,-74802000.0,-47720000.0,-32055000.0,11319000.0,-377000.0,32152000.0,32152000.0,32152000.0,0.0,0.0,0.113,179464000.0,44678000.0,149388000.0,0.0,3.911,37.461,36.381,186530000.0,0.0,35.29,4.627,4.62,194386000.0,228961000.0,285264000.0,285264000.0,70337000.0,,,,,0.0,99883000.0,1.0,156562816.0,156316000,165864000.0,1.825,1428098000.0,343210000.0,11457000.0,179635000.0,9.136,439957000.0
71,SNPS,MRQ,2003-09-30,2003-10-31,2003-10-31,2021-08-20,9353000.0,2307353000.0,,1239206000.0,1068147000.0,,9.249,-17259000.0,698357000.0,698357000.0,63430000.0,44575000.0,1.539,0.61,0.0,0.0,0.0,0.0,420472000.0,46337000.0,0.0,0.0,0.0,63091000.0,109428000.0,0.346,109428000.0,63091000.0,63091000.0,0.29,0.28,0.29,1433410000.0,,1433410000.0,4358693013.0,20.0,10.813,100959000.0,0.651,1.0,253023000.0,0.8,836315000.0,0.0,-32278000.0,,0.0,8595000.0,0.0,8595000.0,873943000.0,804959000.0,68984000.0,4926758013.0,98024000.0,0.0,21144000.0,0.0,0.0,21144000.0,-47015000.0,-29756000.0,118218000.0,5677000.0,44575000.0,44575000.0,44575000.0,0.0,0.0,0.141,191984000.0,61039000.0,204226000.0,0.0,3.437,32.906,32.04,184313000.0,0.0,31.72,4.186,4.076,200998000.0,251979000.0,316453000.0,316453000.0,79283000.0,,,,,61802000.0,103762000.0,1.0,155320240.0,154980000,164344000.0,2.042,1471038000.0,320549000.0,18516000.0,201855000.0,9.492,434247000.0
72,SNPS,MRQ,2003-06-30,2003-07-31,2003-07-31,2021-08-20,2360000.0,2169250000.0,,1074009000.0,1095241000.0,,8.469,-14492000.0,568093000.0,568093000.0,58158000.0,48475000.0,1.366,0.672,28000.0,28000.0,0.0,28000.0,448746000.0,46898000.0,0.0,0.0,0.0,68026000.0,114924000.0,0.383,114924000.0,68026000.0,68026000.0,0.32,0.3,0.32,1297742000.0,,1297742000.0,4468609753.0,-198.0,27.673,110761000.0,0.723,1.0,242208000.0,0.806,868186000.0,0.0,-52963000.0,,0.0,9563000.0,0.0,9563000.0,871508000.0,785962000.0,85546000.0,4860680753.0,157462000.0,-5283000.0,57414000.0,0.0,0.0,57414000.0,-24823000.0,-5048000.0,125253000.0,-382000.0,48475000.0,48475000.0,48475000.0,0.0,0.0,0.161,179489000.0,62719000.0,181607000.0,0.0,3.745,664.663,-6259.0,180745000.0,0.0,31.295,4.155,4.1,201802000.0,240139000.0,300366000.0,300366000.0,70716000.0,,,,,0.0,97952000.0,1.0,155318126.0,153240000,162696000.0,1.96,1301064000.0,286146000.0,19551000.0,178497000.0,8.49,288047000.0
73,SNPS,MRQ,2003-03-31,2003-04-30,2003-04-30,2021-08-20,10575000.0,2064352000.0,,930365000.0,1133987000.0,,8.062,-8795000.0,392099000.0,392099000.0,59376000.0,22289000.0,1.212,0.722,28000.0,28000.0,0.0,28000.0,477242000.0,46973000.0,0.0,0.0,0.0,38926000.0,85899000.0,0.294,85899000.0,38926000.0,38926000.0,0.15,0.15,0.15,1198840000.0,,1198840000.0,3166654384.0,-13.0,-39.956,107806000.0,0.725,1.0,232652000.0,0.797,894149000.0,0.0,10619000.0,,0.0,25567000.0,0.0,25567000.0,865512000.0,767513000.0,97999000.0,3636836384.0,-78517000.0,-162461000.0,-29529000.0,0.0,0.0,-29529000.0,-165230000.0,6026000.0,116601000.0,-359000.0,22289000.0,22289000.0,22289000.0,0.0,0.0,0.076,201241000.0,31411000.0,168516000.0,0.0,3.034,-20.346,-18.841,180122000.0,0.0,24.305,3.29,3.269,246006000.0,236114000.0,292028000.0,292028000.0,68612000.0,,,,,0.0,105210000.0,1.0,149633260.0,148702000,153034000.0,1.964,1170203000.0,270058000.0,16637000.0,153780000.0,7.869,162852000.0
74,SNPS,MRQ,2002-12-31,2003-01-31,2003-01-31,2021-08-20,11169000.0,2018015000.0,,1007548000.0,1010467000.0,,8.026,-12218000.0,470260000.0,470260000.0,58462000.0,34385000.0,1.357,0.697,78000.0,78000.0,0.0,78000.0,425120000.0,43902000.0,0.0,0.0,0.0,48946000.0,92848000.0,0.346,92848000.0,48946000.0,48946000.0,0.23,0.22,0.23,1188887000.0,,1188887000.0,2455531259.0,-9.0,-21.015,19244000.0,0.13,1.0,209674000.0,0.782,763419000.0,0.0,42001000.0,,0.0,30368000.0,0.0,30368000.0,829128000.0,742413000.0,86715000.0,2868841259.0,34759000.0,0.0,25153000.0,0.0,0.0,25153000.0,-21260000.0,-9042000.0,31462000.0,-596000.0,34385000.0,34385000.0,34385000.0,0.0,0.0,0.128,169938000.0,39736000.0,194641000.0,0.0,2.413,-15.968,-15.285,182454000.0,0.0,19.335,2.871,2.867,220573000.0,225842000.0,268136000.0,268136000.0,67269000.0,,,,,3226000.0,93789000.0,1.0,148375550.0,148130000,153278000.0,1.81,1254596000.0,288920000.0,14561000.0,164136000.0,8.47,265135000.0
75,SNPS,MRQ,2002-09-30,2002-10-31,2002-10-31,2021-08-20,-146000.0,1978714000.0,,929315000.0,1049399000.0,,7.447,-13251000.0,414733000.0,414733000.0,55891000.0,-97836000.0,1.195,0.777,0.0,0.0,0.0,0.0,410722000.0,46265000.0,0.0,0.0,0.0,-178455000.0,-132190000.0,-0.427,-132190000.0,-178455000.0,-178455000.0,-0.705,-0.705,-0.705,1113481000.0,,1113481000.0,2419176040.0,-8.0,-13.997,-116151000.0,-0.777,1.0,253365000.0,0.819,789888000.0,0.0,-3276000.0,,0.0,39386000.0,0.0,39386000.0,865233000.0,777369000.0,87864000.0,2865206040.0,-35081000.0,-66652000.0,-113631000.0,0.0,0.0,-113631000.0,181455000.0,21358000.0,-102900000.0,-5000.0,-97836000.0,-97836000.0,-97836000.0,0.0,0.0,-0.316,189495000.0,63870000.0,248212000.0,0.0,2.573,-14.327,-12.627,185040000.0,0.0,18.94,3.161,2.792,207206000.0,198863000.0,309256000.0,309256000.0,68609000.0,,,,,3220000.0,92995000.0,1.0,151278038.0,149522000,149522000.0,2.068,1188826000.0,284905000.0,-80619000.0,169912000.0,7.951,151946000.0
76,SNPS,MRQ,2002-06-30,2002-07-31,2002-07-31,2021-08-20,-9963000.0,2159005000.0,,903546000.0,1255459000.0,,9.193,-9758000.0,446208000.0,446208000.0,47686000.0,-137589000.0,1.226,0.65,178000.0,178000.0,0.0,178000.0,443064000.0,35569000.0,0.0,0.0,0.0,-161380000.0,-125811000.0,-0.533,-125811000.0,-161380000.0,-161380000.0,-0.965,-0.965,-0.965,1308269000.0,,1308269000.0,2731834822.0,-34.0,429.534,-78277000.0,-0.55,1.0,188409000.0,0.798,719317000.0,0.0,256489000.0,,0.0,48767000.0,0.0,48767000.0,850736000.0,737169000.0,113567000.0,3263059822.0,-135909000.0,234963000.0,-14573000.0,0.0,0.0,-14573000.0,-50358000.0,-35563000.0,-68519000.0,-2459000.0,-137589000.0,-137589000.0,-137589000.0,0.0,0.0,-0.583,361197000.0,-172788000.0,233756000.0,0.0,2.494,-39.911,-42.347,185872000.0,0.0,21.385,4.179,3.898,233157000.0,303755000.0,236095000.0,236095000.0,61581000.0,,,,,5779000.0,91030000.0,1.0,152586384.0,142314000,142314000.0,1.659,1439688000.0,169208000.0,-23791000.0,123338000.0,10.116,166377000.0
77,SNPS,MRQ,2002-03-31,2002-04-30,2002-04-30,2021-08-20,5429000.0,1196289000.0,,867098000.0,329191000.0,,4.989,-9116000.0,531740000.0,531740000.0,34392000.0,21380000.0,1.761,0.958,515000.0,515000.0,0.0,515000.0,396864000.0,17592000.0,0.0,0.0,0.0,30716000.0,48308000.0,0.26,48308000.0,30716000.0,30716000.0,0.175,0.165,0.175,611021000.0,,611021000.0,2322986986.0,23.0,13.699,53212000.0,0.435,1.0,151246000.0,0.815,26974000.0,0.0,145759000.0,,0.0,54634000.0,0.0,54634000.0,585268000.0,492331000.0,92937000.0,2761209986.0,251601000.0,0.0,33604000.0,0.0,0.0,33604000.0,157891000.0,167007000.0,62328000.0,-2222000.0,21380000.0,21380000.0,21380000.0,0.0,0.0,0.115,131743000.0,19503000.0,108741000.0,0.0,4.519,39.289,38.888,194225000.0,0.0,22.555,3.83,3.832,151953000.0,451318000.0,185638000.0,185638000.0,46649000.0,,,,,4161000.0,80738000.0,1.0,122421192.0,122464000,129868000.0,1.516,1169315000.0,152486000.0,9336000.0,55756000.0,9.548,374767000.0
78,SNPS,MRQ,2001-12-31,2002-01-31,2002-01-31,2021-08-20,9383000.0,1114817000.0,,768167000.0,346650000.0,,4.621,-18222000.0,438759000.0,438759000.0,35190000.0,14052000.0,1.678,1.006,536000.0,536000.0,0.0,536000.0,374382000.0,16674000.0,0.0,0.0,0.0,20179000.0,36853000.0,0.21,36853000.0,20179000.0,20179000.0,0.115,0.11,0.115,555830000.0,,555830000.0,2665168313.0,30.0,17.094,-90180000.0,-0.75,1.0,140355000.0,0.8,30922000.0,0.0,187928000.0,,0.0,65405000.0,0.0,65405000.0,558987000.0,457744000.0,101243000.0,3140996313.0,-39727000.0,0.0,42791000.0,0.0,0.0,42791000.0,-13267000.0,4955000.0,-71958000.0,2707000.0,14052000.0,14052000.0,14052000.0,0.0,0.0,0.08,131257000.0,9098000.0,105608000.0,0.0,5.651,51.165,50.863,198091000.0,0.0,25.94,4.495,4.465,146331000.0,439748000.0,175545000.0,175545000.0,48706000.0,,,,,8061000.0,78507000.0,1.0,121086982.0,120272000,130022000.0,1.46,1083895000.0,152134000.0,6127000.0,55772000.0,9.012,310423000.0
79,SNPS,MRQ,2001-09-30,2001-10-31,2001-10-31,2021-08-20,4113000.0,1128907000.0,,791382000.0,337525000.0,,4.098,-30760000.0,476436000.0,476436000.0,34390000.0,20398000.0,1.475,1.324,535000.0,535000.0,0.0,535000.0,379759000.0,17013000.0,0.0,0.0,0.0,29997000.0,47010000.0,0.256,47010000.0,29997000.0,29997000.0,0.17,0.16,0.17,485656000.0,,485656000.0,2478977658.0,30.0,16.672,141398000.0,1.193,1.0,149172000.0,0.813,38274000.0,0.0,78312000.0,,0.0,61699000.0,0.0,61699000.0,643251000.0,536420000.0,106831000.0,2787194658.0,137607000.0,0.0,16045000.0,306000.0,0.0,16351000.0,-48995000.0,-18088000.0,172158000.0,-1907000.0,20398000.0,20398000.0,20398000.0,0.0,0.0,0.111,136058000.0,13114000.0,135272000.0,0.0,5.739,49.069,50.0,192304000.0,0.0,23.5,4.097,4.186,146294000.0,436662000.0,183562000.0,183562000.0,46592000.0,,,,,1390000.0,84968000.0,1.0,118604028.0,118508000,125100000.0,1.549,1090633000.0,194487000.0,9599000.0,110561000.0,9.203,254962000.0
80,SNPS,MRQ,2001-06-30,2001-07-31,2001-07-31,2021-08-20,16366000.0,894034000.0,,539153000.0,354881000.0,,3.831,-18638000.0,308875000.0,308875000.0,32720000.0,14450000.0,1.318,0.943,658000.0,535000.0,123000.0,658000.0,250752000.0,16158000.0,0.0,0.0,0.0,21250000.0,37408000.0,0.212,37408000.0,21250000.0,21250000.0,0.12,0.11,0.12,460076000.0,,460076000.0,2758713742.0,146.0,32.737,7803000.0,0.065,1.0,143390000.0,0.814,39428000.0,0.0,137432000.0,,0.0,88222000.0,0.0,88222000.0,433958000.0,408957000.0,25001000.0,3149334742.0,-11086000.0,0.0,-101550000.0,-1400000.0,0.0,-102950000.0,66359000.0,84911000.0,26441000.0,-936000.0,14450000.0,14450000.0,14450000.0,0.0,0.0,0.082,141639000.0,1751000.0,120980000.0,0.0,6.845,222.804,161.719,173661000.0,0.0,25.875,4.999,4.932,131721000.0,421507000.0,176110000.0,176110000.0,49382000.0,,,,,6107000.0,88094000.0,1.0,121713420.0,120096000,129774000.0,1.466,854606000.0,0.0,6800000.0,36690000.0,7.116,130196000.0
81,SNPS,MRQ,2001-03-31,2001-04-30,2001-04-30,2021-08-20,23466000.0,982426000.0,,620291000.0,362135000.0,,4.51,-15588000.0,392699000.0,392699000.0,30956000.0,12490000.0,1.531,0.792,2078000.0,1624000.0,454000.0,2078000.0,257322000.0,16276000.0,0.0,0.0,0.0,18368000.0,34644000.0,0.212,34644000.0,18368000.0,18368000.0,0.105,0.095,0.105,548169000.0,,548169000.0,3179845108.0,53.0,25.257,66592000.0,0.548,1.0,132568000.0,0.811,43677000.0,0.0,142858000.0,,0.0,102580000.0,0.0,102580000.0,434257000.0,405270000.0,28987000.0,3504743108.0,-53978000.0,0.0,-24708000.0,-1985000.0,0.0,-26693000.0,-111136000.0,-95296000.0,82180000.0,1671000.0,12490000.0,12490000.0,12490000.0,0.0,0.0,0.076,136121000.0,-3553000.0,104701000.0,0.0,6.394,85.365,83.232,166419000.0,0.0,28.715,5.133,5.112,132291000.0,412726000.0,163524000.0,163524000.0,47636000.0,,,,,5511000.0,84306000.0,1.0,122052694.0,121552000,130768000.0,1.345,938749000.0,0.0,5878000.0,41623000.0,7.723,215021000.0
82,SNPS,MRQ,2000-12-31,2001-01-31,2001-01-31,2021-08-20,37606000.0,955611000.0,,573521000.0,382090000.0,,4.596,-18504000.0,328922000.0,328922000.0,32055000.0,9465000.0,1.582,0.679,4024000.0,3520000.0,504000.0,4024000.0,220373000.0,15715000.0,0.0,0.0,0.0,13919000.0,29634000.0,0.189,29634000.0,13919000.0,13919000.0,0.075,0.075,0.075,569017000.0,,569017000.0,3289915756.0,36.0,20.968,-3763000.0,-0.03,1.0,125099000.0,0.796,48014000.0,0.0,220268000.0,,0.0,128228000.0,0.0,128228000.0,386594000.0,362431000.0,24163000.0,3718574756.0,46448000.0,4122000.0,-116310000.0,-3083000.0,0.0,-119393000.0,155597000.0,169979000.0,14741000.0,-4497000.0,9465000.0,9465000.0,9465000.0,0.0,0.0,0.06,136661000.0,-11562000.0,95506000.0,0.0,6.535,59.842,53.608,162558000.0,0.0,26.0,5.136,4.446,145247000.0,408042000.0,157154000.0,157154000.0,46221000.0,,,,,2985000.0,86268000.0,1.0,143022106.0,123802000,130486000.0,1.269,907597000.0,0.0,4454000.0,43032000.0,7.331,211090000.0
83,SNPS,MRQ,2000-09-30,2000-10-31,2000-10-31,2021-08-20,47558000.0,1050993000.0,,684521000.0,366472000.0,,5.338,-23768000.0,433250000.0,433250000.0,33643000.0,-22270000.0,1.941,0.539,6980000.0,6416000.0,564000.0,6980000.0,150654000.0,17187000.0,0.0,0.0,0.0,-34605000.0,-17418000.0,-0.131,-17418000.0,-34605000.0,-34605000.0,-0.14,-0.135,-0.14,682829000.0,,682829000.0,1624449430.0,11.0,7.746,-39694000.0,-0.31,1.0,99579000.0,0.747,51776000.0,0.0,220283000.0,,0.0,126741000.0,0.0,126741000.0,368164000.0,352664000.0,15500000.0,2263386430.0,-298262000.0,-5882000.0,-173628000.0,493000.0,0.0,-173135000.0,-109369000.0,-82732000.0,-15926000.0,168000.0,-22270000.0,-22270000.0,-22270000.0,0.0,0.0,-0.167,147556000.0,-47977000.0,139290000.0,0.0,3.315,23.148,24.392,157243000.0,0.0,17.44,2.888,3.049,146863000.0,405419000.0,133222000.0,133222000.0,48728000.0,,,,,456000.0,94655000.0,1.0,129781332.0,127924000,132438000.0,1.041,999217000.0,109466000.0,-12335000.0,56304000.0,7.811,331857000.0
84,SNPS,MRQ,2000-06-30,2000-07-31,2000-07-31,2021-08-20,42300000.0,1223718000.0,,871850000.0,351868000.0,,6.384,-17844000.0,646070000.0,646070000.0,32020000.0,41371000.0,2.595,0.404,7133000.0,6414000.0,719000.0,7133000.0,148040000.0,17179000.0,0.0,0.0,0.0,61862000.0,79041000.0,0.345,79041000.0,61862000.0,61862000.0,0.305,0.295,0.305,871826000.0,,871826000.0,1725425501.0,,,57227000.0,0.419,1.0,196815000.0,0.86,52206000.0,0.0,196666000.0,,0.0,121048000.0,0.0,121048000.0,351892000.0,335909000.0,15983000.0,2328337501.0,300356000.0,-2946000.0,-20573000.0,-6800000.0,0.0,-27373000.0,253779000.0,273885000.0,75071000.0,-1121000.0,41371000.0,41371000.0,41371000.0,0.0,0.0,0.181,143750000.0,53065000.0,116634000.0,0.0,2.671,,,146211000.0,0.0,16.28,,,178499000.0,434718000.0,228835000.0,228835000.0,50323000.0,,,,,845000.0,89682000.0,1.0,143018274.0,136556000,139206000.0,1.676,1171512000.0,0.0,20491000.0,64821000.0,8.579,535941000.0
85,SNPS,MRQ,2000-03-31,2000-04-30,2000-04-30,2021-08-20,19977000.0,1148106000.0,,838359000.0,309747000.0,,5.986,-15923000.0,616712000.0,616712000.0,29926000.0,33574000.0,2.76,0.387,13800000.0,12303000.0,1497000.0,13800000.0,140010000.0,15102000.0,0.0,0.0,0.0,50541000.0,65643000.0,0.32,65643000.0,50541000.0,50541000.0,0.245,0.235,0.245,827860000.0,,827860000.0,2306855142.0,,,46588000.0,0.337,1.0,174927000.0,0.854,53451000.0,0.0,188011000.0,,0.0,83037000.0,0.0,83037000.0,320246000.0,303732000.0,16514000.0,2944160142.0,-71631000.0,0.0,-84964000.0,-75000.0,0.0,-85039000.0,-47127000.0,-31416000.0,62511000.0,-1976000.0,33574000.0,33574000.0,33574000.0,0.0,0.0,0.164,134080000.0,40847000.0,88098000.0,0.0,3.556,,,141302000.0,0.0,21.0,,,160365000.0,398480000.0,204853000.0,204853000.0,45962000.0,,,,,763000.0,84428000.0,1.0,140198102.0,138306000,142178000.0,1.481,1094655000.0,0.0,16967000.0,63321000.0,7.915,534627000.0
86,SNPS,MRQ,1999-12-31,2000-01-31,2000-01-31,2021-08-20,18494000.0,1177854000.0,,874411000.0,303443000.0,,6.195,-11965000.0,651067000.0,651067000.0,28885000.0,45103000.0,3.119,0.343,13762000.0,9639000.0,4123000.0,13762000.0,136833000.0,14302000.0,0.0,0.0,0.0,68140000.0,82442000.0,0.38,82442000.0,68140000.0,68140000.0,0.32,0.305,0.32,877004000.0,,877004000.0,2613082733.0,,,18262000.0,0.129,1.0,187983000.0,0.867,57488000.0,0.0,202755000.0,,0.0,80920000.0,0.0,80920000.0,300850000.0,280306000.0,20544000.0,3297015733.0,-87152000.0,-5646000.0,-58756000.0,-6398000.0,0.0,-65154000.0,-51721000.0,-33898000.0,30227000.0,-504000.0,45103000.0,45103000.0,45103000.0,0.0,0.0,0.208,128783000.0,59200000.0,80870000.0,0.0,3.759,,,136568000.0,0.0,23.095,,,156899000.0,377932000.0,216868000.0,216868000.0,44267000.0,,,,,8800000.0,79245000.0,1.0,142758854.0,141570000,148562000.0,1.532,1120366000.0,0.0,23037000.0,52964000.0,7.914,594105000.0
87,SNPS,MRQ,1999-09-30,1999-09-30,1999-09-30,2021-08-20,6627000.0,1173918000.0,,914733000.0,259185000.0,,6.153,-13624000.0,704185000.0,704185000.0,30080000.0,52995000.0,3.181,0.356,20252000.0,8610000.0,11642000.0,20252000.0,110285000.0,14668000.0,0.0,0.0,0.0,77933000.0,92601000.0,0.406,92601000.0,77933000.0,77933000.0,0.375,0.36,0.375,865596000.0,,865596000.0,3353565758.0,13.0,11.052,99960000.0,0.711,1.0,198246000.0,0.868,57393000.0,0.0,145066000.0,,0.0,53277000.0,0.0,53277000.0,308322000.0,287526000.0,20796000.0,3978634758.0,128332000.0,-1000.0,-44977000.0,-56000.0,0.0,-45033000.0,59893000.0,72229000.0,113584000.0,-112000.0,52995000.0,52995000.0,52995000.0,0.0,0.0,0.232,129739000.0,68507000.0,118595000.0,0.0,4.596,24.657,24.417,126204000.0,0.0,28.08,4.936,4.885,155885000.0,371395000.0,228326000.0,228326000.0,45106000.0,,,,,7681000.0,81157000.0,1.0,141689272.0,140668000,148278000.0,1.623,1116525000.0,0.0,24938000.0,50036000.0,7.937,627207000.0
88,SNPS,MRQ,1999-06-30,1999-06-30,1999-06-30,2021-08-20,8378000.0,1112400000.0,,851577000.0,260823000.0,,6.018,-14341000.0,645180000.0,645180000.0,30286000.0,41355000.0,3.543,0.307,20111000.0,8665000.0,11446000.0,20111000.0,89689000.0,13635000.0,0.0,0.0,0.0,65146000.0,78781000.0,0.38,78781000.0,65146000.0,65146000.0,0.29,0.28,0.29,851386000.0,,851386000.0,3247744273.0,14.0,11.595,194000.0,0.001,1.0,177074000.0,0.854,58251000.0,0.0,188695000.0,,0.0,53469000.0,0.0,53469000.0,261014000.0,240385000.0,20629000.0,3911210273.0,38466000.0,-11706000.0,-10188000.0,-3098000.0,0.0,-13286000.0,37339000.0,63386000.0,14535000.0,-122000.0,41355000.0,41355000.0,41355000.0,0.0,0.0,0.199,121326000.0,55748000.0,101561000.0,0.0,4.594,26.895,26.407,123790000.0,0.0,27.595,5.068,5.058,157557000.0,344176000.0,207360000.0,207360000.0,41861000.0,,,,,3275000.0,71595000.0,1.0,141736194.0,141476000,147388000.0,1.466,1054149000.0,0.0,23791000.0,40470000.0,7.451,611192000.0
89,SNPS,MRQ,1999-03-31,1999-03-31,1999-03-31,2021-08-20,10464000.0,1099446000.0,,870319000.0,229127000.0,,5.807,-20683000.0,685901000.0,685901000.0,24692000.0,26621000.0,3.333,0.347,22435000.0,8949000.0,13486000.0,22435000.0,102621000.0,12233000.0,0.0,0.0,0.0,48934000.0,61167000.0,0.322,61167000.0,48934000.0,48934000.0,0.19,0.18,0.19,816271000.0,,816271000.0,3133975860.0,14.0,11.88,50039000.0,0.356,1.0,165494000.0,0.87,74012000.0,0.0,100835000.0,,0.0,36043000.0,0.0,36043000.0,283175000.0,261133000.0,22042000.0,3773981860.0,32301000.0,-34786000.0,14713000.0,-1499000.0,0.0,13214000.0,-51150000.0,4319000.0,70722000.0,-485000.0,26621000.0,26621000.0,26621000.0,0.0,0.0,0.14,126268000.0,39226000.0,104395000.0,0.0,4.623,27.367,26.741,119072000.0,0.0,26.875,5.072,5.078,139213000.0,302821000.0,190186000.0,190186000.0,39182000.0,,,,,5374000.0,69349000.0,1.0,140427232.0,140572000,147746000.0,1.353,1025434000.0,0.0,22313000.0,45168000.0,7.295,609186000.0
90,SNPS,MRQ,1998-12-31,1998-12-31,1998-12-31,2021-08-20,13756000.0,1016298000.0,,824347000.0,191951000.0,,5.562,-18041000.0,653201000.0,653201000.0,21706000.0,40391000.0,3.601,0.321,13195000.0,3398000.0,9797000.0,13195000.0,95727000.0,11489000.0,0.0,0.0,0.0,59398000.0,70887000.0,0.393,70887000.0,59398000.0,59398000.0,0.29,0.28,0.29,769424000.0,,769424000.0,3129601250.0,15.0,12.445,6013000.0,0.043,1.0,158520000.0,0.88,0.0,0.0,147399000.0,,0.0,42267000.0,0.0,42267000.0,246874000.0,228893000.0,17981000.0,3708584250.0,-78333000.0,0.0,47823000.0,-7978000.0,0.0,39845000.0,-142601000.0,-124560000.0,24054000.0,369000.0,40391000.0,40391000.0,40391000.0,0.0,0.0,0.224,107606000.0,50914000.0,92861000.0,0.0,4.82,27.178,26.99,107946000.0,0.0,27.125,5.123,5.183,130215000.0,276200000.0,180226000.0,180226000.0,40936000.0,,,,,13519000.0,66670000.0,1.0,136722000.0,138332000,144768000.0,1.303,1016298000.0,0.0,19007000.0,36907000.0,7.347,595454000.0
91,SNPS,MRQ,1998-09-30,1998-09-30,1998-09-30,2021-08-20,11006000.0,951633000.0,,773427000.0,178206000.0,,4.893,-30962000.0,604630000.0,604630000.0,25659000.0,37058000.0,2.879,0.431,20921000.0,7783000.0,13138000.0,20921000.0,93160000.0,11466000.0,0.0,0.0,0.0,57791000.0,69257000.0,0.357,69257000.0,57791000.0,57791000.0,0.275,0.265,0.275,664941000.0,,664941000.0,1646289334.0,11.0,8.691,-194000.0,-0.001,1.0,168358000.0,0.868,20230000.0,0.0,79026000.0,,0.0,38265000.0,0.0,38265000.0,286692000.0,268668000.0,18024000.0,2225155334.0,-6588000.0,23782000.0,-8302000.0,-1092000.0,0.0,-9394000.0,-30052000.0,-19326000.0,30768000.0,2090000.0,37058000.0,37058000.0,37058000.0,0.0,0.0,0.191,145016000.0,23342000.0,15058000.0,0.0,3.346,24.877,24.858,99998000.0,0.0,16.655,3.099,3.089,126336000.0,240465000.0,194017000.0,194017000.0,41537000.0,,,,,-2440000.0,74601000.0,1.0,133602842.0,135896000,141154000.0,1.428,931403000.0,0.0,20733000.0,50313000.0,6.854,504759000.0
92,SNPS,MRQ,1998-06-30,1998-06-30,1998-06-30,2021-08-20,11010000.0,896398000.0,,738588000.0,157810000.0,,4.664,-9788000.0,588739000.0,588739000.0,23326000.0,33834000.0,2.834,0.432,9873000.0,6034000.0,3839000.0,9873000.0,117978000.0,10799000.0,0.0,0.0,0.0,51695000.0,62494000.0,0.348,62494000.0,51695000.0,51695000.0,0.25,0.24,0.25,626047000.0,,626047000.0,2528558000.0,20.0,14.738,38341000.0,0.286,1.0,156280000.0,0.87,4017000.0,0.0,52874000.0,,0.0,43785000.0,0.0,43785000.0,270351000.0,260641000.0,9710000.0,3022245000.0,77772000.0,0.0,35649000.0,-1696000.0,0.0,33953000.0,-3740000.0,-2748000.0,48129000.0,-570000.0,33834000.0,33834000.0,33834000.0,0.0,0.0,0.188,111295000.0,44985000.0,121938000.0,0.0,4.828,38.363,38.445,87998000.0,0.0,22.875,4.332,4.402,111190000.0,205462000.0,179606000.0,179606000.0,38218000.0,,,,,9725000.0,69956000.0,1.0,132120000.0,134228000,140698000.0,1.338,892381000.0,0.0,17861000.0,14691000.0,6.648,477947000.0
93,SNPS,MRQ,1998-03-31,1998-03-31,1998-03-31,2021-08-20,22275000.0,829794000.0,,647678000.0,182116000.0,,4.266,-12234000.0,505198000.0,505198000.0,21290000.0,25174000.0,2.512,0.475,11511000.0,7910000.0,3601000.0,11511000.0,114994000.0,10505000.0,0.0,0.0,0.0,38325000.0,48830000.0,0.287,48830000.0,38325000.0,38325000.0,0.19,0.185,0.19,562643000.0,,562643000.0,1688929250.0,15.0,10.818,48431000.0,0.367,1.0,148815000.0,0.875,4150000.0,0.0,74108000.0,,0.0,66130000.0,0.0,66130000.0,267151000.0,257849000.0,9302000.0,2124263250.0,-14626000.0,0.0,9922000.0,-2174000.0,0.0,7748000.0,-83199000.0,-62169000.0,60665000.0,160000.0,25174000.0,25174000.0,25174000.0,0.0,0.0,0.148,116909000.0,31906000.0,115622000.0,0.0,3.776,30.757,30.324,88441000.0,0.0,16.375,3.121,3.173,112969000.0,170791000.0,170105000.0,170105000.0,36471000.0,,,,,2182000.0,68550000.0,1.0,129726000.0,131900000,136524000.0,1.29,825644000.0,0.0,13151000.0,19323000.0,6.26,389829000.0
94,SNPS,MRQ,1997-12-31,1997-12-31,1997-12-31,2021-08-20,9450000.0,777514000.0,,615494000.0,162020000.0,,3.925,-7215000.0,448998000.0,448998000.0,23492000.0,-6620000.0,2.416,0.518,13664000.0,8394000.0,5270000.0,13664000.0,107481000.0,11382000.0,0.0,0.0,0.0,-2546000.0,8836000.0,0.051,8836000.0,-2546000.0,-2546000.0,-0.05,-0.05,-0.05,512242000.0,,512242000.0,,,,-1178000.0,-0.009,1.0,150720000.0,0.865,4224000.0,0.0,83154000.0,,0.0,52802000.0,0.0,52802000.0,265272000.0,254802000.0,10470000.0,2318852250.0,-19317000.0,-2236000.0,18527000.0,-2665000.0,0.0,15862000.0,-39897000.0,-30446000.0,6037000.0,-1319000.0,-6620000.0,-6620000.0,-6620000.0,0.0,0.0,-0.038,160076000.0,-9356000.0,126690000.0,0.0,4.527,45.648,44.136,86491000.0,0.0,17.875,3.475,3.496,131335000.0,145264000.0,174212000.0,174212000.0,40437000.0,,,,,4300000.0,79448000.0,1.0,129726000.0,130520000,130520000.0,1.335,773290000.0,0.0,4074000.0,12237000.0,5.925,360692000.0
95,SNPS,MRQ,1997-09-30,1997-09-30,1997-09-30,2021-08-20,15155000.0,768589000.0,,590440000.0,178149000.0,,3.841,-19491000.0,434830000.0,434830000.0,23341000.0,26393000.0,2.319,0.532,18155000.0,8964000.0,9191000.0,18155000.0,97523000.0,10706000.0,0.0,0.0,0.0,40701000.0,51407000.0,0.296,51407000.0,40701000.0,40701000.0,0.205,0.195,0.205,501543000.0,,501543000.0,,,,33149000.0,0.254,1.0,150331000.0,0.866,0.0,0.0,97264000.0,,0.0,61056000.0,0.0,61056000.0,267046000.0,254650000.0,12396000.0,,18936000.0,2000000.0,15938000.0,-3073000.0,0.0,14169000.0,-47666000.0,-29896000.0,52640000.0,-207000.0,26393000.0,26393000.0,26393000.0,0.0,0.0,0.152,114449000.0,35882000.0,21439000.0,0.0,,,32.692,92079000.0,0.0,21.25,,4.129,119030000.0,151664000.0,173672000.0,173672000.0,36404000.0,,,,,7762000.0,78045000.0,1.0,,130582000,136710000.0,1.33,768589000.0,0.0,14308000.0,33282000.0,5.886,335790000.0
96,SNPS,MRQ,1997-06-30,1997-06-30,1997-06-30,2021-08-20,,,,,,,,-15244000.0,,,23043000.0,24120000.0,,,,,,,,9924000.0,,0.0,0.0,37132000.0,47056000.0,0.289,47056000.0,37132000.0,37132000.0,0.195,0.185,0.195,,,,,,,21052000.0,0.168,1.0,139567000.0,0.858,,0.0,,,,,,,,,,,31893000.0,3000000.0,13705000.0,-3461000.0,0.0,10244000.0,-15509000.0,-3061000.0,36296000.0,862000.0,24120000.0,24120000.0,24120000.0,0.0,0.0,0.148,108188000.0,31379000.0,,0.0,,,,,0.0,18.375,,,,,162610000.0,162610000.0,37324000.0,,,,,4100000.0,70864000.0,1.0,,125222000,130670000.0,1.299,,,13012000.0,,,
97,SNPS,MRQ,1997-03-31,1997-03-31,1997-03-31,2021-08-20,,,,,,,,-13122000.0,,,20937000.0,6905000.0,,,,,,,,9864000.0,,0.0,0.0,17516000.0,27380000.0,0.175,27380000.0,17516000.0,17516000.0,0.055,0.055,0.055,,,,,,,18218000.0,0.147,1.0,135834000.0,0.866,,0.0,,,,,,,,,,,-16897000.0,0.0,7049000.0,-2401000.0,0.0,3344000.0,-50861000.0,-37887000.0,31340000.0,-720000.0,6905000.0,6905000.0,6905000.0,0.0,0.0,0.044,124509000.0,11325000.0,,0.0,,,,,0.0,12.5,,,,,156771000.0,156771000.0,37268000.0,,,,,8756000.0,70341000.0,1.0,,124078000,130182000.0,1.263,,,10611000.0,,,
98,SNPS,MRQ,1996-12-31,1996-12-31,1996-12-31,2021-08-20,,,,,,,,-13465000.0,,,19564000.0,24332000.0,,,,,,,,9332000.0,,0.0,0.0,37444000.0,46776000.0,0.304,46776000.0,37444000.0,37444000.0,0.195,0.185,0.195,,,,,,,-4703000.0,-0.038,1.0,134339000.0,0.873,,0.0,,,,,,,,,,,6275000.0,0.0,-483000.0,-2633000.0,0.0,-3116000.0,1654000.0,15119000.0,8762000.0,-1025000.0,24332000.0,24332000.0,24332000.0,0.0,0.0,0.158,104493000.0,29846000.0,,0.0,,,,,0.0,23.125,,,,,153903000.0,153903000.0,35853000.0,,,,,9406000.0,68640000.0,1.0,,123256000,129838000.0,1.249,,,13112000.0,,,
0,SNPS,MRT,2021-06-30,2021-07-31,2021-07-31,2021-08-20,-48411000.0,8485906000.0,8217092750.0,2763976000.0,5721930000.0,0.496,33.747,-103967000.0,1530168000.0,1530168000.0,851600000.0,751777000.0,1.184,0.647,674085000.0,161757000.0,512328000.0,674085000.0,1646365000.0,287334000.0,0.0,0.0,0.0,799749000.0,1087083000.0,0.267,1087083000.0,799749000.0,799749000.0,4.94,4.8,4.94,5151020000.0,5007202750.0,5151020000.0,43174256603.0,54.0,39.716,1220247000.0,7.995,1.0,3225613000.0,0.791,3735155000.0,0.0,1560032000.0,1674248500.0,241103000.0,0.0,0.0,0.0,3330770000.0,2334636000.0,996134000.0,43940046603.0,335749000.0,-164053000.0,-392018000.0,-26299000.0,0.0,-578539000.0,-421365000.0,-152545000.0,1324214000.0,11439000.0,753524000.0,753524000.0,753524000.0,0.0,-1747000.0,0.185,2484979000.0,740634000.0,615737000.0,0.0,8.53,58.313,58.298,964028000.0,0.0,287.99,10.777,10.781,577845000.0,4348266000.0,4077213000.0,4077213000.0,1430525000.0,0.092,0.15,0.478,0.196,326959000.0,1005133000.0,1.0,152574904.0,152635000,156907000.0,26.712,4750751000.0,573894000.0,46225000.0,39136000.0,31.125,429340000.0
1,SNPS,MRT,2021-03-31,2021-04-30,2021-04-30,2021-08-20,-41355000.0,8339565000.0,8011428750.0,2689800000.0,5649765000.0,0.497,33.316,-121293000.0,1457918000.0,1457918000.0,839542000.0,806296000.0,1.192,0.638,692128000.0,167555000.0,524573000.0,692128000.0,1680311000.0,291067000.0,0.0,0.0,0.0,823012000.0,1114079000.0,0.28,1114079000.0,823012000.0,823012000.0,5.31,5.15,5.31,5088135000.0,4868429000.0,5088135000.0,37277967404.0,45.0,33.461,1180577000.0,7.73,1.0,3144675000.0,0.789,3666386000.0,0.0,1651689000.0,1683924000.0,230068000.0,0.0,0.0,0.0,3247060000.0,2255700000.0,991360000.0,37645313404.0,601818000.0,-124493000.0,-257915000.0,-123637000.0,0.0,-483652000.0,-244435000.0,2151000.0,1301870000.0,28035000.0,807789000.0,807789000.0,807789000.0,0.0,-1493000.0,0.203,2395366000.0,749309000.0,480831000.0,0.0,7.399,46.603,46.527,984200000.0,0.0,247.06,9.449,9.47,612285000.0,4149620000.0,3984217000.0,3984217000.0,1381981000.0,0.101,0.166,0.489,0.207,303634000.0,979831000.0,1.0,152373162.0,152725000,157077000.0,26.088,4673179000.0,557137000.0,15223000.0,50131000.0,30.599,434100000.0
2,SNPS,MRT,2020-12-31,2021-01-31,2021-01-31,2021-08-20,-34775000.0,8012838000.0,7757154000.0,2397724000.0,5615114000.0,0.493,32.015,-131882000.0,1023074000.0,1023074000.0,809821000.0,721414000.0,1.104,0.64,655728000.0,170190000.0,485538000.0,655728000.0,1653039000.0,289050000.0,0.0,0.0,0.0,716907000.0,1005957000.0,0.263,1005957000.0,716907000.0,716907000.0,4.76,4.62,4.76,4882252000.0,4665166750.0,4882252000.0,38519989359.0,54.0,38.292,1023569000.0,6.712,1.0,3011400000.0,0.788,3687378000.0,0.0,1786731000.0,1668909750.0,230907000.0,0.0,0.0,0.0,3125940000.0,2171383000.0,954557000.0,39092151359.0,323123000.0,-200327000.0,-167436000.0,-210824000.0,0.0,-527150000.0,-330320000.0,1889000.0,1155451000.0,25142000.0,722631000.0,722631000.0,722631000.0,0.0,-1217000.0,0.189,2330427000.0,680973000.0,422928000.0,0.0,8.007,54.097,53.666,948740000.0,0.0,255.45,10.23,10.195,789320000.0,3954542000.0,3821221000.0,3821221000.0,1322207000.0,0.093,0.155,0.43,0.188,280483000.0,943057000.0,1.0,153032497.0,152498000,157277000.0,25.058,4325460000.0,556346000.0,-5724000.0,57411000.0,28.364,226341000.0
3,SNPS,MRT,2020-09-30,2020-10-31,2020-10-31,2021-08-20,-54074000.0,8030062000.0,7554670250.0,2549217000.0,5480845000.0,0.488,32.47,-158762000.0,1235653000.0,1235653000.0,794690000.0,663447000.0,1.191,0.635,663491000.0,100257000.0,563234000.0,663491000.0,1493113000.0,292881000.0,0.0,0.0,0.0,639059000.0,931940000.0,0.253,931940000.0,639059000.0,639059000.0,4.4,4.27,4.4,4907404000.0,4481810500.0,4907404000.0,32079260810.0,50.0,34.422,832551000.0,5.509,1.0,2890591000.0,0.784,3619436000.0,0.0,1698542000.0,1670124500.0,192333000.0,0.0,0.0,0.0,3117695000.0,2139922000.0,977773000.0,32455754810.0,507443000.0,-201045000.0,-44675000.0,-12390000.0,0.0,-140606000.0,-360418000.0,-611000.0,991313000.0,17154000.0,664347000.0,664347000.0,664347000.0,0.0,-900000.0,0.18,2270450000.0,620141000.0,623664000.0,0.0,6.614,48.854,48.605,949636000.0,0.0,213.86,8.807,8.77,780709000.0,3795397000.0,3685281000.0,3685281000.0,1279022000.0,0.088,0.148,0.383,0.173,248584000.0,916540000.0,1.0,151761689.0,151135000,155706000.0,24.384,4410626000.0,538177000.0,-25288000.0,52916000.0,29.183,409295000.0
4,SNPS,MRT,2020-06-30,2020-07-31,2020-07-31,2021-08-20,-72820000.0,7663250000.0,7148444750.0,2186015000.0,5477235000.0,0.491,30.366,-201054000.0,1049922000.0,1049922000.0,752884000.0,627606000.0,1.063,0.666,673428000.0,96109000.0,577319000.0,673428000.0,1501524000.0,271284000.0,0.0,0.0,0.0,578216000.0,849500000.0,0.242,849500000.0,578216000.0,578216000.0,4.16,4.03,4.16,4595925000.0,4275712750.0,4595925000.0,29954043209.0,52.0,35.261,809357000.0,5.348,1.0,2758039000.0,0.786,3631745000.0,0.0,1598734000.0,1398305000.0,159813000.0,0.0,0.0,0.0,3061933000.0,2056277000.0,1005656000.0,30040126209.0,363307000.0,-237650000.0,-147753000.0,-11479000.0,0.0,-211051000.0,-442560000.0,-3856000.0,1010411000.0,6507000.0,627606000.0,627606000.0,627606000.0,0.0,0.0,0.179,2204309000.0,553730000.0,549906000.0,0.0,6.536,47.865,47.889,956773000.0,0.0,199.22,8.556,8.588,638489000.0,3597944000.0,3510923000.0,3510923000.0,1229959000.0,0.088,0.147,0.414,0.165,210330000.0,884839000.0,1.0,150788707.0,151352000,155973000.0,23.197,4031505000.0,493133000.0,-49390000.0,47664000.0,26.637,129738000.0
5,SNPS,MRT,2020-03-31,2020-04-30,2020-04-30,2021-08-20,-104030000.0,7322466000.0,6770984250.0,1960755000.0,5361711000.0,0.502,28.388,-214728000.0,856424000.0,856424000.0,746508000.0,474624000.0,0.955,0.711,770341000.0,193877000.0,576464000.0,770341000.0,1521664000.0,243426000.0,0.0,0.0,0.0,474273000.0,717699000.0,0.211,717699000.0,474273000.0,474273000.0,3.16,3.06,3.16,4275086000.0,4110183000.0,4275086000.0,23761850237.0,50.0,33.108,766723000.0,5.091,1.0,2653251000.0,0.78,3590554000.0,0.0,1591632000.0,1136560250.0,166437000.0,0.0,0.0,0.0,3041517000.0,2054197000.0,987320000.0,23603688237.0,225370000.0,-187783000.0,-228627000.0,-55311000.0,0.0,-345013000.0,-406333000.0,-3822000.0,981451000.0,-4735000.0,474624000.0,474624000.0,474624000.0,0.0,0.0,0.14,2182525000.0,470726000.0,447055000.0,0.0,5.521,49.731,49.722,933190000.0,0.0,157.12,6.943,6.96,634807000.0,3356489000.0,3399759000.0,3399759000.0,1192161000.0,0.07,0.115,0.417,0.14,187945000.0,879358000.0,1.0,150227140.0,150597000,154379000.0,22.575,3731912000.0,463982000.0,-351000.0,41343000.0,24.781,-93442000.0
6,SNPS,MRT,2019-12-31,2020-01-31,2020-01-31,2021-08-20,-83311000.0,7202903000.0,6488923500.0,1951429000.0,5251474000.0,0.52,27.614,-228314000.0,700356000.0,700356000.0,752922000.0,482914000.0,0.949,0.735,858518000.0,276850000.0,581668000.0,858518000.0,1501441000.0,225279000.0,0.0,0.0,0.0,498024000.0,723303000.0,0.214,723303000.0,498024000.0,498024000.0,3.22,3.12,3.22,4148827000.0,4018804500.0,4148827000.0,21614509706.0,43.0,29.883,726038000.0,4.832,1.0,2621752000.0,0.777,3513737000.0,0.0,1791590000.0,906466500.0,148057000.0,0.0,0.0,0.0,3048213000.0,2055738000.0,992475000.0,22205399706.0,108076000.0,-111993000.0,-215012000.0,-210694000.0,0.0,-506498000.0,-339691000.0,616000.0,954352000.0,-87000.0,482914000.0,482914000.0,482914000.0,0.0,0.0,0.143,2161419000.0,460333000.0,355352000.0,0.0,5.352,45.982,45.811,917664000.0,0.0,147.51,6.58,6.567,799078000.0,3268205000.0,3374674000.0,3374674000.0,1179889000.0,0.074,0.12,0.549,0.148,168424000.0,885687000.0,1.0,150534877.0,150244000,154504000.0,22.461,3689166000.0,444944000.0,15110000.0,48691000.0,24.554,-104309000.0
7,SNPS,MRT,2019-09-30,2019-10-31,2019-10-31,2021-08-20,-92447000.0,6405160000.0,6274319250.0,1738917000.0,4666243000.0,0.536,27.243,-202388000.0,728597000.0,728597000.0,752946000.0,532367000.0,0.992,0.567,137707000.0,17614000.0,120093000.0,137707000.0,1302578000.0,201676000.0,0.0,0.0,0.0,545506000.0,747182000.0,0.222,747182000.0,545506000.0,545506000.0,3.55,3.45,3.55,4083013000.0,3926298250.0,4083013000.0,19856562050.0,36.0,26.575,598125000.0,3.991,1.0,2607748000.0,0.776,3450553000.0,0.0,611264000.0,656200500.0,141518000.0,0.0,0.0,0.0,2316284000.0,1752453000.0,563831000.0,20401404050.0,5526000.0,-36605000.0,-172821000.0,-331166000.0,0.0,-561892000.0,-235877000.0,3116000.0,800513000.0,2782000.0,532367000.0,532367000.0,532367000.0,0.0,0.0,0.158,2087517000.0,520231000.0,506459000.0,0.0,4.997,38.322,38.239,429532000.0,0.0,135.75,6.071,6.054,553895000.0,3164144000.0,3360694000.0,3360694000.0,1136932000.0,0.085,0.136,0.831,0.162,155001000.0,862108000.0,1.0,150286586.0,149872000,154190000.0,22.424,2954607000.0,430487000.0,13139000.0,45815000.0,19.714,-13536000.0
8,SNPS,MRT,2019-06-30,2019-07-31,2019-07-31,2021-08-20,-96653000.0,6153408000.0,6209522750.0,1617645000.0,4535763000.0,0.532,26.204,-153346000.0,686780000.0,686780000.0,760785000.0,625981000.0,0.992,0.563,141938000.0,16653000.0,125285000.0,141938000.0,1230222000.0,211095000.0,0.0,0.0,0.0,466131000.0,677226000.0,0.205,677226000.0,466131000.0,466131000.0,4.19,4.09,4.19,3933806000.0,3775333000.0,3933806000.0,19561289507.0,42.0,28.884,556836000.0,3.709,1.0,2543910000.0,0.77,3426361000.0,0.0,551755000.0,574908250.0,155108000.0,0.0,0.0,0.0,2213739000.0,1630450000.0,583289000.0,19900606507.0,-54484000.0,-5956000.0,-83724000.0,-479593000.0,0.0,-606524000.0,-155857000.0,3445000.0,710182000.0,-2285000.0,625981000.0,625981000.0,625981000.0,0.0,0.0,0.189,2091875000.0,452035000.0,471629000.0,0.0,5.059,31.791,31.685,372566000.0,0.0,132.76,6.022,6.031,457390000.0,3003430000.0,3304695000.0,3304695000.0,1137304000.0,0.101,0.166,0.811,0.141,152318000.0,867882000.0,1.0,149899115.0,150123000,154600000.0,22.013,2727047000.0,383078000.0,-159850000.0,31022000.0,18.165,-12805000.0
9,SNPS,MRT,2019-03-31,2019-04-30,2019-04-30,2021-08-20,-96720000.0,6194223000.0,6119974500.0,1643883000.0,4550340000.0,0.528,26.114,-122007000.0,631161000.0,631161000.0,759534000.0,605461000.0,0.949,0.583,291844000.0,165692000.0,126152000.0,291844000.0,1255229000.0,215219000.0,0.0,0.0,0.0,405113000.0,620332000.0,0.192,620332000.0,405113000.0,405113000.0,4.05,3.96,4.05,3909572000.0,3581416250.0,3909572000.0,18072313770.0,45.0,29.133,506878000.0,3.386,1.0,2471905000.0,0.765,3450722000.0,0.0,671257000.0,451714750.0,166329000.0,0.0,0.0,0.0,2278788000.0,1732927000.0,545861000.0,18122748770.0,60278000.0,-9106000.0,-125979000.0,-232793000.0,0.0,-424837000.0,-130004000.0,1109000.0,628885000.0,-13766000.0,605461000.0,605461000.0,605461000.0,0.0,0.0,0.187,2083496000.0,388409000.0,365848000.0,0.0,4.635,29.932,29.896,344176000.0,0.0,121.08,5.608,5.61,526691000.0,2912811000.0,3231439000.0,3231439000.0,1129902000.0,0.099,0.169,0.897,0.125,150118000.0,885680000.0,1.0,149675824.0,149712000,153904000.0,21.584,2743501000.0,434613000.0,-200348000.0,41650000.0,18.325,-89044000.0
10,SNPS,MRT,2018-12-31,2019-01-31,2019-01-31,2021-08-20,-97852000.0,6344486000.0,5996186500.0,1797630000.0,4546856000.0,0.529,25.312,-100885000.0,592305000.0,592305000.0,747634000.0,589723000.0,0.887,0.677,541870000.0,414730000.0,127140000.0,541870000.0,1325214000.0,217117000.0,0.0,0.0,0.0,390495000.0,607612000.0,0.192,607612000.0,390495000.0,390495000.0,3.95,3.86,3.95,3778802000.0,3418096500.0,3778802000.0,13703415370.0,35.0,22.553,238549000.0,1.598,1.0,2424399000.0,0.764,3477887000.0,0.0,790526000.0,334244500.0,137559000.0,0.0,0.0,0.0,2559821000.0,2025638000.0,534183000.0,13957226370.0,-13716000.0,-44299000.0,-131484000.0,-30535000.0,0.0,-187140000.0,-148251000.0,-3067000.0,339434000.0,-17759000.0,589723000.0,589723000.0,589723000.0,0.0,0.0,0.186,2024478000.0,399921000.0,335341000.0,0.0,3.694,23.667,23.633,317896000.0,0.0,93.35,4.4,4.393,762292000.0,2820910000.0,3172033000.0,3172033000.0,1091737000.0,0.098,0.173,1.168,0.123,146169000.0,876674000.0,1.0,149515012.0,149288000,152661000.0,21.248,2866599000.0,448093000.0,-199228000.0,61298000.0,19.202,-228008000.0
11,SNPS,MRT,2018-09-30,2018-10-31,2018-10-31,2021-08-20,-113177000.0,6145974000.0,5839452250.0,1543797000.0,4602177000.0,0.534,23.344,-100264000.0,723115000.0,723115000.0,735898000.0,432518000.0,0.734,0.765,469304000.0,343769000.0,125535000.0,469304000.0,1269721000.0,209207000.0,0.0,0.0,0.0,363543000.0,572750000.0,0.184,572750000.0,363543000.0,363543000.0,2.9,2.82,2.9,3479152000.0,3257528250.0,3479152000.0,13183415220.0,36.0,23.018,324135000.0,2.175,1.0,2385160000.0,0.764,3503653000.0,0.0,286095000.0,178673250.0,122407000.0,0.0,0.0,0.0,2660959000.0,2102415000.0,558544000.0,13303093220.0,-325074000.0,-652643000.0,-276171000.0,325322000.0,0.0,5138000.0,-743525000.0,9382000.0,424399000.0,-11086000.0,432518000.0,432518000.0,432518000.0,0.0,0.0,0.139,2024935000.0,360225000.0,578326000.0,0.0,3.824,30.757,30.872,309310000.0,0.0,89.53,4.262,4.275,554217000.0,2543688000.0,3121058000.0,3121058000.0,1084822000.0,0.074,0.133,2.035,0.116,140032000.0,885538000.0,1.0,148588107.0,149036000,153393000.0,20.942,2642321000.0,619003000.0,-68975000.0,78048000.0,17.729,-558618000.0
12,SNPS,MRT,2018-06-30,2018-07-31,2018-07-31,2021-08-20,-94653000.0,5795215000.0,5652062250.0,1465583000.0,4329632000.0,0.535,21.268,-91718000.0,741236000.0,741236000.0,712180000.0,58108000.0,0.703,0.833,621558000.0,497808000.0,123750000.0,621558000.0,1243493000.0,195575000.0,0.0,0.0,0.0,411221000.0,606796000.0,0.201,606796000.0,411221000.0,411221000.0,0.4,0.39,0.4,3158139000.0,3206645250.0,3158139000.0,13279591145.0,32.0,21.885,384534000.0,2.59,1.0,2310440000.0,0.764,3533151000.0,0.0,58981000.0,86429250.0,0.0,0.0,0.0,0.0,2631213000.0,2083405000.0,547808000.0,13326045145.0,-415623000.0,-718265000.0,-326659000.0,185625000.0,0.0,-237885000.0,-650193000.0,159790000.0,476252000.0,-3797000.0,58108000.0,58108000.0,58108000.0,0.0,0.0,0.019,1920027000.0,390413000.0,449037000.0,0.0,4.22,229.332,223.575,290446000.0,0.0,89.43,4.409,4.393,501331000.0,2296546000.0,3022620000.0,3022620000.0,1038462000.0,0.01,0.018,4.758,0.136,131137000.0,835366000.0,1.0,149010904.0,148490000,152614000.0,20.356,2262064000.0,298210000.0,353113000.0,43613000.0,15.234,-617822000.0
13,SNPS,MRT,2018-03-31,2018-04-30,2018-04-30,2021-08-20,-62389000.0,5699071000.0,5622993250.0,1370186000.0,4328885000.0,0.523,21.849,-89003000.0,570801000.0,570801000.0,696345000.0,95450000.0,0.728,0.749,524347000.0,396847000.0,127500000.0,524347000.0,1221816000.0,189227000.0,0.0,0.0,0.0,452119000.0,641346000.0,0.218,641346000.0,452119000.0,452119000.0,0.65,0.62,0.65,3256293000.0,3272902500.0,3256293000.0,12683727498.0,28.0,19.777,377937000.0,2.536,1.0,2241942000.0,0.763,3569319000.0,0.0,201376000.0,106401500.0,0.0,0.0,0.0,0.0,2438674000.0,1881922000.0,556752000.0,12717484498.0,-422357000.0,-715115000.0,-311942000.0,106563000.0,0.0,-247554000.0,-650625000.0,153493000.0,466940000.0,8882000.0,95450000.0,95450000.0,95450000.0,0.0,0.0,0.032,1810127000.0,431815000.0,373938000.0,0.0,3.906,133.237,131.554,283782000.0,0.0,85.51,4.328,4.337,568434000.0,2223287000.0,2938287000.0,2938287000.0,989723000.0,0.017,0.029,4.249,0.154,122186000.0,770947000.0,1.0,148725114.0,149034000,153167000.0,19.716,2129752000.0,279179000.0,356669000.0,46711000.0,14.29,-511736000.0
14,SNPS,MRT,2017-12-31,2018-01-31,2018-01-31,2021-08-20,-37192000.0,5717549000.0,5564865000.0,1332346000.0,4385203000.0,0.511,20.988,-83466000.0,605892000.0,605892000.0,679594000.0,46284000.0,0.683,0.822,572135000.0,440885000.0,131250000.0,572135000.0,1241161000.0,183898000.0,0.0,0.0,0.0,394840000.0,578738000.0,0.204,578738000.0,394840000.0,394840000.0,0.31,0.29,0.31,3136529000.0,3303203000.0,3136529000.0,12868003238.0,33.0,22.235,443080000.0,2.965,1.0,2161926000.0,0.761,3565137000.0,0.0,168241000.0,111853750.0,0.0,0.0,0.0,0.0,2576916000.0,1950414000.0,626502000.0,13772372238.0,-223589000.0,-679922000.0,-348382000.0,252500000.0,0.0,-158633000.0,-611511000.0,151877000.0,526546000.0,20009000.0,46284000.0,46284000.0,46284000.0,0.0,0.0,0.016,1803519000.0,358407000.0,349365000.0,0.0,4.391,297.562,298.742,284441000.0,0.0,92.61,4.847,4.871,499373000.0,2133854000.0,2841520000.0,2841520000.0,960604000.0,0.008,0.014,3.53,0.139,114783000.0,785599000.0,1.0,148713662.0,149441000,149441000.0,19.014,2152412000.0,331439000.0,348556000.0,134395000.0,14.403,-618068000.0
15,SNPS,MRT,2017-09-30,2017-10-31,2017-10-31,2021-08-20,-65979000.0,5396414000.0,5451541250.0,1682593000.0,3713821000.0,0.5,21.771,-73554000.0,1048356000.0,1048356000.0,654184000.0,136563000.0,1.042,0.646,143987000.0,9924000.0,134063000.0,143987000.0,1147780000.0,189442000.0,0.0,0.0,0.0,383098000.0,572540000.0,0.21,572540000.0,383098000.0,383098000.0,0.91,0.88,0.91,3275620000.0,3350242000.0,3275620000.0,12132771803.0,32.0,21.191,558928000.0,3.715,1.0,2070696000.0,0.76,2960817000.0,0.0,-82881000.0,121469250.0,61884000.0,0.0,0.0,0.0,2116690000.0,1614109000.0,502581000.0,12999427803.0,69653000.0,-259202000.0,-253663000.0,-60625000.0,0.0,-373120000.0,-189282000.0,141374000.0,632482000.0,-427000.0,136563000.0,136563000.0,136563000.0,0.0,0.0,0.05,1723133000.0,347563000.0,499846000.0,0.0,3.969,95.19,95.077,266014000.0,0.0,86.52,4.771,4.777,451144000.0,2143873000.0,2724880000.0,2724880000.0,908841000.0,0.025,0.041,3.154,0.141,108294000.0,746092000.0,1.0,150247663.0,150457000,154874000.0,18.111,2435597000.0,312403000.0,246535000.0,73050000.0,16.188,68484000.0
16,SNPS,MRT,2017-06-30,2017-07-31,2017-07-31,2021-08-20,-67664000.0,5678939000.0,5412529000.0,1894632000.0,3784307000.0,0.492,22.789,-73189000.0,1302494000.0,1302494000.0,629531000.0,329342000.0,1.074,0.659,435838000.0,298025000.0,137813000.0,435838000.0,1129802000.0,193330000.0,0.0,0.0,0.0,365924000.0,559254000.0,0.21,559254000.0,365924000.0,365924000.0,2.18,2.12,2.18,3423168000.0,3330123500.0,3423168000.0,10795405020.0,30.0,19.303,524184000.0,3.49,1.0,2032424000.0,0.764,2909015000.0,0.0,138870000.0,99239000.0,0.0,0.0,0.0,0.0,2255771000.0,1764398000.0,491373000.0,11509284020.0,208669000.0,-187624000.0,-265883000.0,158750000.0,0.0,-127206000.0,-262055000.0,-3342000.0,597373000.0,557000.0,329342000.0,329342000.0,329342000.0,0.0,0.0,0.124,1693817000.0,338607000.0,403302000.0,0.0,3.362,34.946,35.124,262025000.0,0.0,76.57,4.324,4.321,411262000.0,2277499000.0,2661955000.0,2661955000.0,886280000.0,0.061,0.099,3.687,0.137,105237000.0,739554000.0,1.0,150310618.0,150214000,154683000.0,17.721,2769924000.0,453951000.0,36582000.0,39815000.0,18.44,130234000.0
17,SNPS,MRT,2017-03-31,2017-04-30,2017-04-30,2021-08-20,-79249000.0,5466558000.0,5269991500.0,1682012000.0,3784546000.0,0.49,22.459,-73428000.0,1131568000.0,1131568000.0,599662000.0,277309000.0,1.056,0.619,417689000.0,278001000.0,139688000.0,417689000.0,1033526000.0,196850000.0,0.0,0.0,0.0,338364000.0,535214000.0,0.207,535214000.0,338364000.0,338364000.0,1.83,1.79,1.83,3377495000.0,3254518000.0,3377495000.0,10444862016.0,31.0,19.515,495800000.0,3.297,1.0,1982116000.0,0.768,2936147000.0,0.0,223185000.0,20098250.0,0.0,0.0,0.0,0.0,2089063000.0,1593347000.0,495716000.0,11091679016.0,163379000.0,-201580000.0,-255227000.0,168125000.0,0.0,-121331000.0,-282433000.0,-9525000.0,569228000.0,-2085000.0,277309000.0,277309000.0,277309000.0,0.0,0.0,0.107,1672157000.0,309959000.0,351500000.0,0.0,3.284,39.998,40.273,259476000.0,0.0,73.7,4.296,4.293,373770000.0,2170133000.0,2581778000.0,2581778000.0,879491000.0,0.053,0.085,16.835,0.131,102507000.0,731560000.0,1.0,150497680.0,150384000,154861000.0,17.168,2530411000.0,437573000.0,61055000.0,49510000.0,16.826,88665000.0
18,SNPS,MRT,2016-12-31,2017-01-31,2017-01-31,2021-08-20,-98994000.0,5264254000.0,5144667750.0,1484043000.0,3780211000.0,0.487,22.05,-73994000.0,966357000.0,966357000.0,569264000.0,293379000.0,1.019,0.583,319540000.0,177040000.0,142500000.0,319540000.0,1093789000.0,200060000.0,0.0,0.0,0.0,373567000.0,573627000.0,0.229,573627000.0,373567000.0,373567000.0,1.94,1.9,1.94,3324685000.0,3197645500.0,3324685000.0,8527549657.0,23.0,14.866,594693000.0,3.944,1.0,1937450000.0,0.773,2954179000.0,0.0,206703000.0,-48385750.0,0.0,0.0,0.0,0.0,1939569000.0,1456555000.0,483014000.0,9439864657.0,244723000.0,-228739000.0,-188998000.0,92500000.0,0.0,-108805000.0,-315983000.0,-15350000.0,668687000.0,824000.0,293379000.0,293379000.0,293379000.0,0.0,0.0,0.117,1594291000.0,343159000.0,251098000.0,0.0,2.839,32.176,32.418,256811000.0,0.0,62.89,3.766,3.783,331984000.0,2137395000.0,2506714000.0,2506714000.0,872648000.0,0.057,0.092,-7.721,0.149,100404000.0,673390000.0,1.0,150101203.0,150782000,154433000.0,16.625,2310075000.0,425865000.0,80188000.0,46977000.0,15.321,27488000.0
19,SNPS,MRT,2016-09-30,2016-10-31,2016-10-31,2021-08-20,-104577000.0,5240365000.0,5015485000.0,1716938000.0,3523427000.0,0.483,21.018,-71040000.0,1117315000.0,1117315000.0,542962000.0,266826000.0,1.001,0.64,205000000.0,205000000.0,0.0,205000000.0,1165658000.0,207032000.0,0.0,0.0,0.0,329548000.0,536580000.0,0.221,536580000.0,329548000.0,329548000.0,1.76,1.73,1.76,3195146000.0,3114070000.0,3195146000.0,8163549736.0,25.0,15.214,515595000.0,3.392,1.0,1879570000.0,0.776,2784906000.0,0.0,-171802000.0,-93665750.0,0.0,0.0,0.0,0.0,2045219000.0,1714946000.0,330273000.0,8975908736.0,140432000.0,-60056000.0,-274717000.0,0.0,0.0,-306937000.0,-142675000.0,-11579000.0,586635000.0,3409000.0,266826000.0,266826000.0,266826000.0,0.0,0.0,0.11,1562175000.0,317395000.0,401451000.0,0.0,2.809,33.64,33.699,257035000.0,0.0,59.31,3.705,3.722,438873000.0,1947585000.0,2422532000.0,2422532000.0,856705000.0,0.053,0.086,-3.518,0.136,97583000.0,668330000.0,1.0,151338876.0,152017000,154721000.0,15.936,2455459000.0,352008000.0,62722000.0,62255000.0,16.153,1992000.0
20,SNPS,MRT,2016-06-30,2016-07-31,2016-07-31,2021-08-20,-109555000.0,5108789000.0,4966828500.0,1552038000.0,3556751000.0,0.478,20.644,-71349000.0,1089859000.0,1089859000.0,540595000.0,243891000.0,0.933,0.637,277500000.0,277500000.0,0.0,277500000.0,1086856000.0,215100000.0,0.0,0.0,0.0,302714000.0,517814000.0,0.218,517814000.0,302714000.0,302714000.0,1.6,1.57,1.6,3120746000.0,3098780750.0,3120746000.0,7512989000.0,25.0,14.509,520041000.0,3.44,1.0,1835377000.0,0.772,2810527000.0,0.0,-177693000.0,-82577500.0,0.0,0.0,0.0,0.0,1988043000.0,1663596000.0,324447000.0,8222911000.0,-40106000.0,-273326000.0,-256766000.0,64999000.0,0.0,-281065000.0,-351512000.0,-6837000.0,591390000.0,1081000.0,243891000.0,243891000.0,243891000.0,0.0,0.0,0.103,1543181000.0,292196000.0,347606000.0,0.0,2.635,33.716,33.85,258794000.0,0.0,54.16,3.461,3.446,317067000.0,1894333000.0,2375972000.0,2375972000.0,843056000.0,0.049,0.079,-3.666,0.127,94980000.0,669186000.0,1.0,151826274.0,151169000,153890000.0,15.717,2298262000.0,348307000.0,58823000.0,62808000.0,15.203,-111558000.0
21,SNPS,MRT,2016-03-31,2016-04-30,2016-04-30,2021-08-20,-103063000.0,4965263000.0,4928124250.0,1403197000.0,3562066000.0,0.47,20.69,-75676000.0,959922000.0,959922000.0,530389000.0,234560000.0,0.945,0.576,250000000.0,250000000.0,0.0,250000000.0,1017783000.0,216996000.0,0.0,0.0,0.0,282676000.0,499672000.0,0.216,499672000.0,282676000.0,282676000.0,1.53,1.5,1.53,3150005000.0,3103156250.0,3150005000.0,6722168624.0,24.0,13.453,539012000.0,3.54,1.0,1786184000.0,0.771,2820880000.0,0.0,-50751000.0,-55680500.0,0.0,0.0,0.0,0.0,1815258000.0,1485212000.0,330046000.0,7200602624.0,-40899000.0,-383950000.0,-197478000.0,29999000.0,0.0,-199303000.0,-454056000.0,5570000.0,614688000.0,-2228000.0,234560000.0,234560000.0,234560000.0,0.0,0.0,0.101,1509228000.0,276956000.0,285196000.0,0.0,2.286,30.698,31.059,258856000.0,0.0,47.52,3.108,3.123,299076000.0,1838704000.0,2316573000.0,2316573000.0,819181000.0,0.048,0.076,-5.077,0.122,92008000.0,660223000.0,1.0,151527833.0,152250000,154536000.0,15.216,2144383000.0,348270000.0,48116000.0,58124000.0,14.085,-82015000.0
22,SNPS,MRT,2015-12-31,2016-01-31,2016-01-31,2021-08-20,-128795000.0,4747523000.0,4875850250.0,1200528000.0,3546995000.0,0.465,19.549,-86388000.0,705934000.0,705934000.0,523731000.0,220780000.0,0.838,0.588,227500000.0,227500000.0,0.0,227500000.0,1031167000.0,217728000.0,0.0,0.0,0.0,269337000.0,487065000.0,0.215,487065000.0,269337000.0,269337000.0,1.43,1.4,1.43,2990383000.0,3081904500.0,2990383000.0,5737392866.0,21.0,11.78,460945000.0,3.013,1.0,1745041000.0,0.769,2810224000.0,0.0,25583000.0,-20191750.0,0.0,0.0,0.0,0.0,1757140000.0,1433282000.0,323858000.0,6497327866.0,-213838000.0,-359094000.0,-175292000.0,-75202000.0,0.0,-302130000.0,-448179000.0,-3597000.0,547333000.0,-10862000.0,220780000.0,220780000.0,220780000.0,0.0,0.0,0.097,1478964000.0,266077000.0,254872000.0,0.0,2.173,29.429,30.0,261235000.0,0.0,42.9,2.864,2.892,354766000.0,1784317000.0,2268772000.0,2268772000.0,791324000.0,0.045,0.072,-13.339,0.119,88832000.0,659298000.0,1.0,151452864.0,152968000,155283000.0,14.832,1937299000.0,347766000.0,48557000.0,50895000.0,12.665,-232754000.0
23,SNPS,MRT,2015-09-30,2015-10-31,2015-10-31,2021-08-20,-105375000.0,5045739000.0,4854556750.0,1468807000.0,3576932000.0,0.462,20.225,-90647000.0,964935000.0,964935000.0,518920000.0,225934000.0,0.931,0.61,205000000.0,205000000.0,0.0,205000000.0,1061859000.0,211821000.0,0.0,0.0,0.0,281610000.0,493431000.0,0.22,493431000.0,281610000.0,281610000.0,1.46,1.43,1.46,3133989000.0,3068564000.0,3133989000.0,6883832402.0,24.0,13.951,404513000.0,2.61,1.0,1723291000.0,0.769,2834900000.0,0.0,-127449000.0,5007000.0,0.0,0.0,0.0,0.0,1911750000.0,1578353000.0,333397000.0,7794251402.0,-149574000.0,-340153000.0,-150236000.0,129575000.0,0.0,-62070000.0,-559629000.0,-129729000.0,495160000.0,-23035000.0,225934000.0,225934000.0,225934000.0,0.0,0.0,0.101,1456825000.0,266466000.0,385542000.0,0.0,2.487,34.498,34.233,263077000.0,0.0,49.98,3.476,3.454,385694000.0,1725727000.0,2242211000.0,2242211000.0,776229000.0,0.047,0.074,56.243,0.126,86400000.0,639504000.0,1.0,155947407.0,154957000,158065000.0,14.47,2210839000.0,339377000.0,55676000.0,57328000.0,14.267,-109546000.0
24,SNPS,MRT,2015-06-30,2015-07-31,2015-07-31,2021-08-20,-95865000.0,4953972000.0,4786996750.0,1627537000.0,3326435000.0,0.458,20.177,-116522000.0,1122919000.0,1122919000.0,500497000.0,238627000.0,1.115,0.579,212500000.0,190000000.0,22500000.0,212500000.0,1003337000.0,206611000.0,0.0,0.0,0.0,287820000.0,494431000.0,0.225,494431000.0,287820000.0,287820000.0,1.54,1.5,1.54,3138248000.0,3049109250.0,3138248000.0,7099189929.0,25.0,14.358,399133000.0,2.566,1.0,1693567000.0,0.772,2654315000.0,0.0,-70105000.0,1179250.0,0.0,0.0,0.0,0.0,1815724000.0,1459343000.0,356381000.0,7884613929.0,83377000.0,-147993000.0,-105192000.0,129347000.0,0.0,2343000.0,-400889000.0,-136786000.0,515655000.0,-33732000.0,238627000.0,238627000.0,238627000.0,0.0,0.0,0.109,1427159000.0,266408000.0,330825000.0,0.0,2.512,33.042,33.013,260667000.0,0.0,50.84,3.594,3.604,307825000.0,1688764000.0,2194064000.0,2194064000.0,758297000.0,0.05,0.078,244.07,0.131,84562000.0,628191000.0,1.0,155086820.0,155533000,158584000.0,14.107,2299657000.0,337816000.0,49193000.0,64957000.0,14.786,168194000.0
25,SNPS,MRT,2015-03-31,2015-04-30,2015-04-30,2021-08-20,-88530000.0,4756167000.0,4684736000.0,1544975000.0,3211192000.0,0.461,19.836,-120981000.0,1005424000.0,1005424000.0,486556000.0,248896000.0,1.166,0.552,220000000.0,190000000.0,30000000.0,220000000.0,926382000.0,203292000.0,0.0,0.0,0.0,293398000.0,496690000.0,0.23,496690000.0,293398000.0,293398000.0,1.6,1.57,1.6,3064998000.0,3013560500.0,3064998000.0,6590262667.0,22.0,13.268,459797000.0,2.976,1.0,1673515000.0,0.775,2554501000.0,0.0,91204000.0,-14098000.0,0.0,0.0,0.0,0.0,1691169000.0,1325038000.0,366131000.0,7204824667.0,47212000.0,-28961000.0,-79590000.0,-70895000.0,0.0,-212599000.0,-289083000.0,-136553000.0,580778000.0,-31884000.0,248896000.0,248896000.0,248896000.0,0.0,0.0,0.115,1401362000.0,272153000.0,301101000.0,0.0,2.351,28.947,29.3,258199000.0,0.0,46.88,3.335,3.353,338407000.0,1643207000.0,2160071000.0,2160071000.0,743107000.0,0.053,0.083,-20.811,0.136,83363000.0,616987000.0,1.0,153686533.0,154515000,157483000.0,13.98,2201666000.0,328469000.0,44502000.0,46157000.0,14.249,219937000.0
26,SNPS,MRT,2014-12-31,2015-01-31,2015-01-31,2021-08-20,-97245000.0,4662349000.0,4635828250.0,1416273000.0,3246076000.0,0.457,19.015,-111274000.0,917062000.0,917062000.0,475669000.0,256617000.0,1.054,0.587,302500000.0,265000000.0,37500000.0,302500000.0,922158000.0,199641000.0,0.0,0.0,0.0,277573000.0,477214000.0,0.225,477214000.0,277573000.0,277573000.0,1.65,1.62,1.65,2937021000.0,2977090750.0,2937021000.0,5671150028.0,20.0,11.884,426228000.0,2.76,1.0,1644895000.0,0.776,2578305000.0,0.0,126378000.0,-19109750.0,0.0,0.0,0.0,0.0,1725328000.0,1343104000.0,382224000.0,6581912028.0,-96229000.0,-394623000.0,-116309000.0,204057000.0,0.0,25141000.0,-628817000.0,-119432000.0,537502000.0,-30055000.0,256617000.0,256617000.0,256617000.0,0.0,0.0,0.121,1384835000.0,260060000.0,242335000.0,0.0,2.241,25.649,26.055,256092000.0,0.0,42.99,3.104,3.131,283007000.0,1608758000.0,2120564000.0,2120564000.0,732835000.0,0.055,0.086,-14.525,0.131,81903000.0,610792000.0,1.0,153103327.0,154458000,157206000.0,13.729,2084044000.0,356105000.0,20956000.0,54178000.0,13.493,73169000.0
27,SNPS,MRT,2014-09-30,2014-10-31,2014-10-31,2021-08-20,-62089000.0,4775499000.0,4518280000.0,1504735000.0,3270764000.0,0.455,19.71,-106913000.0,985762000.0,985762000.0,456885000.0,259124000.0,1.085,0.563,75000000.0,30000000.0,45000000.0,75000000.0,1005888000.0,192826000.0,0.0,0.0,0.0,272142000.0,464968000.0,0.226,464968000.0,272142000.0,272142000.0,1.67,1.64,1.67,3056170000.0,2948639250.0,3056170000.0,5565185203.0,20.0,11.969,444040000.0,2.864,1.0,1600587000.0,0.778,2620738000.0,0.0,-142760000.0,-29412000.0,0.0,0.0,0.0,0.0,1719329000.0,1386759000.0,332570000.0,6385731203.0,-36679000.0,-394623000.0,-16017000.0,-30968000.0,0.0,-73689000.0,-497250000.0,7774000.0,550953000.0,-16693000.0,259124000.0,259124000.0,259124000.0,0.0,0.0,0.126,1351870000.0,248717000.0,397113000.0,0.0,2.089,24.644,24.539,249098000.0,0.0,40.98,3.104,3.088,326727000.0,1551592000.0,2057472000.0,2057472000.0,718768000.0,0.057,0.088,-9.253,0.132,79440000.0,608294000.0,1.0,155825554.0,155054000,157710000.0,13.269,2154761000.0,363746000.0,13018000.0,82356000.0,13.897,117976000.0
28,SNPS,MRT,2014-06-30,2014-07-31,2014-07-31,2021-08-20,-41512000.0,4544929000.0,4414139000.0,1314783000.0,3230146000.0,0.458,19.305,-79660000.0,903046000.0,903046000.0,454573000.0,253559000.0,1.071,0.517,82500000.0,30000000.0,52500000.0,82500000.0,924843000.0,186398000.0,0.0,0.0,0.0,269071000.0,455469000.0,0.225,455469000.0,269071000.0,269071000.0,1.64,1.61,1.64,2996053000.0,2881666000.0,2996053000.0,5312707119.0,20.0,11.664,489716000.0,3.156,1.0,1568762000.0,0.775,2628313000.0,0.0,-131214000.0,-16927250.0,0.0,0.0,0.0,0.0,1548876000.0,1227284000.0,321592000.0,5844340119.0,10676000.0,-373513000.0,-68043000.0,-30976000.0,0.0,-108413000.0,-448093000.0,8080000.0,569376000.0,-2194000.0,253559000.0,253559000.0,253559000.0,0.0,0.0,0.125,1326531000.0,242231000.0,319036000.0,0.0,1.951,23.049,23.03,216010000.0,0.0,37.77,2.888,2.897,238863000.0,1501238000.0,2023335000.0,2023335000.0,703452000.0,0.057,0.088,-15.896,0.133,76133000.0,599095000.0,1.0,154734978.0,155194000,157622000.0,13.037,1916616000.0,332215000.0,15512000.0,57746000.0,12.35,87499000.0
29,SNPS,MRT,2014-03-31,2014-04-30,2014-04-30,2021-08-20,-39853000.0,4560536000.0,4350024750.0,1328271000.0,3232265000.0,0.456,18.885,-69631000.0,821633000.0,821633000.0,454690000.0,240200000.0,1.018,0.562,290000000.0,230000000.0,60000000.0,290000000.0,853486000.0,184835000.0,0.0,0.0,0.0,256472000.0,441307000.0,0.222,441307000.0,256472000.0,256472000.0,1.56,1.52,1.56,2919119000.0,2816685250.0,2919119000.0,5001072559.0,19.0,11.332,422693000.0,2.735,1.0,1529778000.0,0.771,2653014000.0,0.0,71157000.0,14864000.0,0.0,0.0,0.0,0.0,1641417000.0,1304732000.0,336685000.0,5796625559.0,140615000.0,-367965000.0,-79718000.0,169028000.0,0.0,80351000.0,-429525000.0,8071000.0,492324000.0,-2535000.0,240200000.0,240200000.0,240200000.0,0.0,0.0,0.121,1299779000.0,229999000.0,275611000.0,0.0,1.986,24.132,24.115,202860000.0,0.0,37.62,2.921,2.93,322606000.0,1437246000.0,1984468000.0,1984468000.0,687311000.0,0.055,0.085,17.255,0.129,71223000.0,589277000.0,1.0,154083614.0,154572000,157082000.0,12.838,1907522000.0,330785000.0,16272000.0,60790000.0,12.341,23539000.0
30,SNPS,MRT,2013-12-31,2014-01-31,2014-01-31,2021-08-20,-46425000.0,4192156000.0,4234612750.0,1320865000.0,2871291000.0,0.464,18.325,-68418000.0,893053000.0,893053000.0,448338000.0,245574000.0,1.274,0.485,97500000.0,30000000.0,67500000.0,97500000.0,832825000.0,184054000.0,0.0,0.0,0.0,275120000.0,459174000.0,0.234,459174000.0,275120000.0,275120000.0,1.6,1.56,1.6,2823215000.0,2761638500.0,2823215000.0,5234666994.0,19.0,11.4,445833000.0,2.894,1.0,1517690000.0,0.772,2274731000.0,0.0,85169000.0,34004000.0,0.0,0.0,0.0,0.0,1368941000.0,1036703000.0,332238000.0,6152107994.0,342688000.0,0.0,-61883000.0,-30432000.0,0.0,-102593000.0,-60638000.0,7780000.0,514251000.0,-8332000.0,245574000.0,245574000.0,245574000.0,0.0,0.0,0.125,1272022000.0,245668000.0,217404000.0,0.0,2.179,25.052,24.913,197335000.0,0.0,39.86,3.129,3.124,246774000.0,1382199000.0,1966028000.0,1966028000.0,679230000.0,0.058,0.089,8.091,0.14,67929000.0,570102000.0,1.0,154342900.0,154066000,156756000.0,12.761,1917425000.0,355130000.0,29546000.0,61847000.0,12.445,284162000.0
31,SNPS,MRT,2013-09-30,2013-10-31,2013-10-31,2021-08-20,-28695000.0,4358935000.0,4191710250.0,1447977000.0,2910958000.0,0.468,18.186,-67068000.0,1022441000.0,1022441000.0,453552000.0,247800000.0,1.184,0.563,105000000.0,30000000.0,75000000.0,105000000.0,882290000.0,187404000.0,0.0,0.0,0.0,275666000.0,463070000.0,0.236,463070000.0,275666000.0,275666000.0,1.62,1.58,1.62,2788277000.0,2706374500.0,2788277000.0,4843681998.0,18.0,10.46,429637000.0,2.802,1.0,1508662000.0,0.769,2311396000.0,0.0,-92821000.0,56016250.0,0.0,0.0,0.0,0.0,1570658000.0,1222919000.0,347739000.0,5623551998.0,322059000.0,0.0,-13102000.0,-30712000.0,0.0,-97985000.0,-66079000.0,989000.0,496705000.0,-10582000.0,247800000.0,247800000.0,247800000.0,0.0,0.0,0.126,1262169000.0,246493000.0,358197000.0,0.0,2.017,22.694,22.481,197600000.0,0.0,36.42,2.866,2.846,256026000.0,1324854000.0,1962214000.0,1962214000.0,669197000.0,0.059,0.092,4.921,0.14,67511000.0,569773000.0,1.0,154408347.0,153319000,156601000.0,12.798,2047539000.0,361336000.0,27866000.0,60232000.0,13.355,225058000.0
32,SNPS,MRT,2013-06-30,2013-07-31,2013-07-31,2021-08-20,-40171000.0,4288472000.0,4138890500.0,1330084000.0,2958388000.0,0.462,17.777,-70772000.0,892370000.0,892370000.0,436967000.0,219991000.0,1.135,0.567,112500000.0,30000000.0,82500000.0,112500000.0,871995000.0,183520000.0,0.0,0.0,0.0,259341000.0,442861000.0,0.232,442861000.0,259341000.0,259341000.0,1.44,1.4,1.44,2736130000.0,2634726750.0,2736130000.0,5134415561.0,20.0,11.594,337530000.0,2.193,1.0,1474585000.0,0.771,2340969000.0,0.0,-4049000.0,50803000.0,0.0,0.0,0.0,0.0,1552342000.0,1171682000.0,380660000.0,5695433561.0,-71397000.0,-385671000.0,67870000.0,-25298000.0,0.0,-13465000.0,-456221000.0,222000.0,408302000.0,-10013000.0,219991000.0,219991000.0,219991000.0,0.0,0.0,0.115,1239616000.0,234969000.0,321103000.0,0.0,2.082,25.889,25.722,194198000.0,0.0,37.04,2.979,2.982,278878000.0,1283068000.0,1911552000.0,1911552000.0,647708000.0,0.053,0.083,5.105,0.136,67055000.0,569059000.0,1.0,153764405.0,153915000,157056000.0,12.42,1947503000.0,375250000.0,39350000.0,62044000.0,12.653,158402000.0
33,SNPS,MRT,2013-03-31,2013-04-30,2013-04-30,2021-08-20,-28007000.0,4098888000.0,4034090250.0,1106369000.0,2992519000.0,0.464,17.581,-65582000.0,681018000.0,681018000.0,421109000.0,243350000.0,1.092,0.519,120000000.0,30000000.0,90000000.0,120000000.0,754722000.0,176132000.0,0.0,0.0,0.0,262254000.0,438386000.0,0.234,438386000.0,262254000.0,262254000.0,1.61,1.57,1.61,2698932000.0,2548469250.0,2698932000.0,5047684224.0,19.0,11.514,375322000.0,2.445,1.0,1451245000.0,0.775,2377231000.0,0.0,147717000.0,31818250.0,0.0,0.0,0.0,0.0,1399956000.0,1012922000.0,387034000.0,5470549224.0,-115576000.0,-405561000.0,104911000.0,-128349000.0,0.0,-75608000.0,-470415000.0,728000.0,440904000.0,-10457000.0,243350000.0,243350000.0,243350000.0,0.0,0.0,0.13,1207876000.0,243369000.0,277114000.0,0.0,2.027,22.48,22.093,195315000.0,0.0,35.57,2.922,2.916,251682000.0,1231378000.0,1872354000.0,1872354000.0,624995000.0,0.06,0.095,8.242,0.14,67790000.0,560941000.0,1.0,153796717.0,153515000,156606000.0,12.197,1721657000.0,374475000.0,18904000.0,71394000.0,11.215,93447000.0
34,SNPS,MRT,2012-12-31,2013-01-31,2013-01-31,2021-08-20,-16199000.0,4020546000.0,3945488750.0,999782000.0,3020764000.0,0.458,17.179,-60547000.0,550365000.0,550365000.0,413882000.0,195630000.0,0.978,0.545,127500000.0,30000000.0,97500000.0,127500000.0,832498000.0,171939000.0,0.0,0.0,0.0,199036000.0,370975000.0,0.205,370975000.0,199036000.0,199036000.0,1.3,1.27,1.3,2602159000.0,2446230250.0,2602159000.0,4490746000.0,23.0,12.105,373401000.0,2.465,1.0,1391776000.0,0.771,2402451000.0,0.0,173218000.0,27424750.0,0.0,0.0,0.0,0.0,1418387000.0,1022012000.0,396375000.0,5056128000.0,-260974000.0,-964466000.0,130405000.0,106897000.0,0.0,207046000.0,-892414000.0,132599000.0,433948000.0,-9554000.0,195630000.0,195630000.0,195630000.0,0.0,0.0,0.108,1210774000.0,181002000.0,223456000.0,0.0,1.943,25.845,25.723,193051000.0,0.0,33.44,2.8,2.805,270217000.0,1167623000.0,1805658000.0,1805658000.0,606263000.0,0.05,0.08,7.258,0.11,72866000.0,583541000.0,1.0,151200000.0,151477000,154531000.0,11.92,1618095000.0,387955000.0,3406000.0,62572000.0,10.682,-22230000.0
35,SNPS,MRT,2012-09-30,2012-10-31,2012-10-31,2021-08-20,-15461000.0,4147656000.0,3765102250.0,1140656000.0,3007000000.0,0.466,17.031,-57493000.0,700382000.0,700382000.0,392673000.0,182402000.0,0.911,0.641,135000000.0,30000000.0,105000000.0,135000000.0,902048000.0,156840000.0,0.0,0.0,0.0,201135000.0,357975000.0,0.204,357975000.0,201135000.0,201135000.0,1.24,1.21,1.24,2501686000.0,2338641750.0,2501686000.0,3980602114.0,20.0,11.12,428575000.0,2.918,1.0,1363344000.0,0.776,2443309000.0,0.0,-113674000.0,-12209000.0,0.0,0.0,0.0,0.0,1603685000.0,1252639000.0,351046000.0,4801869114.0,-154695000.0,-970089000.0,135896000.0,113844000.0,0.0,243488000.0,-879123000.0,148459000.0,486068000.0,-5128000.0,182402000.0,182402000.0,182402000.0,0.0,0.0,0.104,1173320000.0,190024000.0,383093000.0,0.0,1.919,26.326,25.968,191243000.0,0.0,32.2,2.735,2.693,292668000.0,1098694000.0,1756017000.0,1756017000.0,581628000.0,0.048,0.078,-16.474,0.115,71414000.0,573088000.0,1.0,149126370.0,146887000,150280000.0,11.955,1704347000.0,340820000.0,18733000.0,57327000.0,11.603,-111983000.0
36,SNPS,MRT,2012-06-30,2012-07-31,2012-07-31,2021-08-20,-31723000.0,3869271000.0,3570399250.0,1293702000.0,2575569000.0,0.474,16.178,-50151000.0,963767000.0,963767000.0,375534000.0,193263000.0,1.137,0.618,142500000.0,30000000.0,112500000.0,142500000.0,856089000.0,146667000.0,0.0,0.0,0.0,211958000.0,358625000.0,0.212,358625000.0,211958000.0,211958000.0,1.32,1.3,1.32,2391100000.0,2238545250.0,2391100000.0,3908751347.0,18.0,10.899,406011000.0,2.747,1.0,1316804000.0,0.778,1989777000.0,0.0,-79988000.0,-16507250.0,0.0,0.0,0.0,0.0,1478171000.0,1138215000.0,339956000.0,4455345347.0,73881000.0,-620051000.0,64059000.0,116131000.0,0.0,146855000.0,-520719000.0,149483000.0,456162000.0,-8417000.0,193263000.0,193263000.0,193263000.0,0.0,0.0,0.114,1109953000.0,206851000.0,302888000.0,0.0,1.863,23.053,22.947,165909000.0,0.0,30.29,2.633,2.645,210929000.0,1079382000.0,1692338000.0,1692338000.0,553475000.0,0.054,0.086,-12.84,0.125,69062000.0,539673000.0,1.0,147089645.0,147801000,150644000.0,11.45,1879494000.0,389630000.0,18695000.0,52099000.0,12.716,155487000.0
37,SNPS,MRT,2012-03-31,2012-04-30,2012-04-30,2021-08-20,-22642000.0,3744482000.0,3445241000.0,1173541000.0,2570941000.0,0.475,15.69,-59242000.0,796594000.0,796594000.0,360477000.0,169689000.0,1.093,0.635,250000000.0,130000000.0,120000000.0,250000000.0,735887000.0,138414000.0,0.0,0.0,0.0,206840000.0,345254000.0,0.211,345254000.0,206840000.0,206840000.0,1.17,1.15,1.17,2289976000.0,2171147000.0,2289976000.0,3431838667.0,17.0,9.94,411675000.0,2.821,1.0,1274909000.0,0.78,1994528000.0,0.0,130143000.0,-24949750.0,0.0,0.0,0.0,0.0,1454506000.0,1073217000.0,381289000.0,4375327667.0,102562000.0,-602023000.0,-42334000.0,223638000.0,0.0,147969000.0,-515099000.0,146166000.0,470917000.0,-1225000.0,169689000.0,169689000.0,169689000.0,0.0,0.0,0.104,1073274000.0,201635000.0,258820000.0,0.0,1.911,25.784,25.65,157792000.0,0.0,30.01,2.675,2.678,236314000.0,1009475000.0,1635386000.0,1635386000.0,532067000.0,0.049,0.078,-8.29,0.126,65353000.0,525684000.0,1.0,145795657.0,145948000,149297000.0,11.205,1749954000.0,394802000.0,37151000.0,86358000.0,11.99,100324000.0
38,SNPS,MRT,2011-12-31,2012-01-31,2012-01-31,2021-08-20,-24155000.0,3299000000.0,3311487750.0,1289650000.0,2009350000.0,0.482,15.094,-61051000.0,943489000.0,943489000.0,345999000.0,229832000.0,1.493,0.519,0.0,0.0,0.0,0.0,722788000.0,128839000.0,0.0,0.0,0.0,240610000.0,369449000.0,0.231,369449000.0,240610000.0,240610000.0,1.58,1.54,1.58,2171805000.0,2135502500.0,2171805000.0,3202240000.0,13.0,8.668,379580000.0,2.638,1.0,1250496000.0,0.783,1477000000.0,0.0,14683000.0,-36466750.0,0.0,0.0,0.0,0.0,1127195000.0,863828000.0,263367000.0,4206314000.0,110727000.0,-43897000.0,-206017000.0,-5054000.0,0.0,-264406000.0,-71754000.0,33194000.0,440631000.0,6256000.0,229832000.0,229832000.0,229832000.0,0.0,0.0,0.144,1014312000.0,236184000.0,204543000.0,0.0,1.937,18.302,18.462,157219000.0,0.0,29.17,2.635,2.629,213763000.0,1001409000.0,1596495000.0,1596495000.0,504006000.0,0.069,0.108,-6.598,0.151,57415000.0,495932000.0,1.0,144200000.0,143882000,147113000.0,11.096,1822000000.0,348117000.0,10778000.0,88833000.0,12.663,425822000.0
39,SNPS,MRT,2011-09-30,2011-10-31,2011-10-31,2021-08-20,-20945000.0,3368844000.0,3290059750.0,1338055000.0,2030789000.0,0.467,14.336,-60230000.0,1004074000.0,1004074000.0,340450000.0,221364000.0,1.324,0.603,0.0,0.0,0.0,0.0,759763000.0,128550000.0,0.0,0.0,0.0,219113000.0,347663000.0,0.226,347663000.0,219113000.0,219113000.0,1.51,1.47,1.51,2101300000.0,2132019500.0,2101300000.0,2823795480.0,13.0,8.122,380086000.0,2.593,1.0,1195193000.0,0.778,1485317000.0,0.0,-130867000.0,-24666500.0,0.0,0.0,0.0,0.0,1267544000.0,1010320000.0,257224000.0,3862076480.0,79670000.0,-41015000.0,-239656000.0,-4628000.0,0.0,-277619000.0,-88819000.0,12426000.0,440316000.0,5792000.0,221364000.0,221364000.0,221364000.0,0.0,0.0,0.144,982350000.0,212843000.0,302176000.0,0.0,1.838,17.447,17.755,159517000.0,0.0,26.81,2.515,2.559,203124000.0,957517000.0,1535643000.0,1535643000.0,491871000.0,0.067,0.104,-8.883,0.143,56414000.0,475878000.0,1.0,144053580.0,146573000,150367000.0,10.477,1883527000.0,366647000.0,-2251000.0,97529000.0,12.85,327735000.0
40,SNPS,MRT,2011-06-30,2011-07-31,2011-07-31,2021-08-20,-1540000.0,3368638000.0,3269484000.0,1362296000.0,2006342000.0,0.465,14.635,-57471000.0,1038281000.0,1038281000.0,334808000.0,206823000.0,1.387,0.588,0.0,0.0,0.0,0.0,753679000.0,126388000.0,0.0,0.0,0.0,205254000.0,331642000.0,0.218,331642000.0,205254000.0,205254000.0,1.4,1.35,1.4,2121507000.0,2131740000.0,2121507000.0,2675442649.0,13.0,8.067,406711000.0,2.806,1.0,1185760000.0,0.78,1462025000.0,0.0,-113758000.0,-14271500.0,0.0,0.0,0.0,0.0,1247131000.0,982090000.0,265041000.0,3515905649.0,6445000.0,-368530000.0,-216513000.0,-4675000.0,0.0,-221188000.0,-252988000.0,173013000.0,464182000.0,16439000.0,206823000.0,206823000.0,206823000.0,0.0,0.0,0.136,995977000.0,189783000.0,284463000.0,0.0,1.657,17.0,17.121,159059000.0,0.0,23.97,2.312,2.285,175386000.0,931281000.0,1520568000.0,1520568000.0,495754000.0,0.063,0.097,-14.382,0.135,56204000.0,485923000.0,1.0,146679418.0,144960000,148045000.0,10.49,1906613000.0,373284000.0,-1569000.0,101140000.0,13.153,380206000.0
41,SNPS,MRT,2011-03-31,2011-04-30,2011-04-30,2021-08-20,629000.0,3209469000.0,3205986750.0,1206622000.0,2002847000.0,0.459,14.464,-48984000.0,840463000.0,840463000.0,316819000.0,194068000.0,1.494,0.495,0.0,0.0,0.0,0.0,625507000.0,115981000.0,0.0,0.0,0.0,197034000.0,313015000.0,0.213,313015000.0,197034000.0,197034000.0,1.31,1.26,1.31,2147398000.0,2113815750.0,2147398000.0,3267030733.0,17.0,10.437,312679000.0,2.106,1.0,1153883000.0,0.785,1477095000.0,0.0,84075000.0,962500.0,0.0,0.0,0.0,0.0,1062071000.0,807836000.0,254235000.0,4134158733.0,24601000.0,-373477000.0,-188465000.0,-3656000.0,0.0,-192121000.0,-160979000.0,261482000.0,361663000.0,16038000.0,194068000.0,194068000.0,194068000.0,0.0,0.0,0.132,971486000.0,182397000.0,226784000.0,0.0,1.925,21.303,20.908,150370000.0,0.0,27.39,2.811,2.765,210068000.0,883487000.0,1470702000.0,1470702000.0,478856000.0,0.061,0.092,204.711,0.134,57202000.0,479322000.0,1.0,150936792.0,148461000,152593000.0,9.906,1732374000.0,363799000.0,2966000.0,98182000.0,11.669,398786000.0
42,SNPS,MRT,2010-12-31,2011-01-31,2011-01-31,2021-08-20,-13189000.0,3213288000.0,3154953500.0,1194277000.0,2019011000.0,0.449,14.481,-44248000.0,867128000.0,867128000.0,299818000.0,152503000.0,1.521,0.489,0.0,0.0,0.0,0.0,601607000.0,107225000.0,0.0,0.0,0.0,193648000.0,300873000.0,0.213,300873000.0,193648000.0,193648000.0,1.03,0.99,1.03,2157873000.0,2091506500.0,2157873000.0,3111948000.0,16.0,10.343,302572000.0,2.03,1.0,1115320000.0,0.788,1499194000.0,0.0,61884000.0,1836000.0,0.0,0.0,0.0,0.0,1055415000.0,785082000.0,270333000.0,4050509000.0,74122000.0,-500443000.0,-34779000.0,-3603000.0,0.0,-38382000.0,-244152000.0,300539000.0,346820000.0,9836000.0,152503000.0,152503000.0,152503000.0,0.0,0.0,0.108,939640000.0,175680000.0,216672000.0,0.0,1.877,26.56,26.34,149554000.0,0.0,27.13,2.862,2.857,169165000.0,816700000.0,1415138000.0,1415138000.0,468737000.0,0.048,0.073,105.473,0.137,58001000.0,458366000.0,1.0,149300000.0,149016000,153640000.0,9.497,1714094000.0,367852000.0,41145000.0,131213000.0,11.503,409195000.0
43,SNPS,MRT,2010-09-30,2010-10-31,2010-10-31,2021-08-20,-15774000.0,3286541000.0,3079072750.0,1247755000.0,2038786000.0,0.448,14.189,-42075000.0,938561000.0,938561000.0,281094000.0,237063000.0,1.354,0.565,0.0,0.0,0.0,0.0,634672000.0,101201000.0,0.0,0.0,0.0,198658000.0,299859000.0,0.217,299859000.0,198658000.0,198658000.0,1.6,1.56,1.6,2100182000.0,2044724000.0,2100182000.0,2590380447.0,13.0,8.639,298961000.0,2.02,1.0,1099567000.0,0.796,1515499000.0,0.0,-89287000.0,3983500.0,0.0,0.0,0.0,0.0,1186359000.0,921768000.0,264591000.0,3800205447.0,73794000.0,-500829000.0,-39370000.0,-3692000.0,0.0,-43062000.0,-238733000.0,304171000.0,341036000.0,14553000.0,237063000.0,237063000.0,237063000.0,0.0,0.0,0.172,915457000.0,184110000.0,312850000.0,0.0,1.809,16.03,15.988,148580000.0,0.0,25.58,2.752,2.742,181102000.0,770674000.0,1380661000.0,1380661000.0,449229000.0,0.077,0.116,49.87,0.144,59988000.0,454646000.0,1.0,148561589.0,148013000,151911000.0,9.328,1771042000.0,360649000.0,-38405000.0,136952000.0,11.965,325987000.0
44,SNPS,MRT,2010-06-30,2010-07-31,2010-07-31,2021-08-20,-23789000.0,3114649000.0,2992151000.0,1495974000.0,1618675000.0,0.449,13.85,-44898000.0,1209825000.0,1209825000.0,274523000.0,231190000.0,1.787,0.519,0.0,0.0,0.0,0.0,627883000.0,98644000.0,0.0,0.0,0.0,190775000.0,289419000.0,0.215,289419000.0,190775000.0,190775000.0,1.57,1.53,1.57,2049810000.0,1980720000.0,2049810000.0,2153195425.0,11.0,7.44,263156000.0,1.778,1.0,1068957000.0,0.796,1120592000.0,0.0,-52822000.0,7913750.0,0.0,0.0,0.0,0.0,1064839000.0,837054000.0,227785000.0,3231649425.0,261160000.0,-142791000.0,5665000.0,-5419000.0,0.0,246000.0,-54622000.0,133067000.0,308054000.0,7482000.0,231190000.0,231190000.0,231190000.0,0.0,0.0,0.172,893182000.0,175775000.0,240407000.0,0.0,1.577,13.978,13.911,139102000.0,0.0,21.84,2.405,2.406,148582000.0,758727000.0,1343480000.0,1343480000.0,434047000.0,0.077,0.117,24.107,0.142,59349000.0,446467000.0,1.0,147969296.0,148006000,151106000.0,9.077,1994057000.0,363464000.0,-40415000.0,104467000.0,13.473,658920000.0
45,SNPS,MRT,2010-03-31,2010-04-30,2010-04-30,2021-08-20,-16061000.0,3005336000.0,2932924750.0,1379894000.0,1625442000.0,0.461,13.823,-41035000.0,1078454000.0,1078454000.0,277815000.0,239299000.0,1.915,0.46,0.0,0.0,0.0,0.0,543997000.0,101943000.0,0.0,0.0,0.0,209501000.0,311444000.0,0.23,311444000.0,209501000.0,209501000.0,1.63,1.59,1.63,2058161000.0,1908997000.0,2058161000.0,2298325258.0,11.0,7.38,291567000.0,1.958,1.0,1073913000.0,0.794,1118716000.0,0.0,87569000.0,6838500.0,0.0,0.0,0.0,0.0,947175000.0,720597000.0,226578000.0,3390668258.0,163032000.0,-156897000.0,68219000.0,-2828000.0,0.0,65391000.0,-241337000.0,-43405000.0,332602000.0,6376000.0,239299000.0,239299000.0,239299000.0,0.0,0.0,0.177,887842000.0,186071000.0,186802000.0,0.0,1.647,14.169,13.902,140630000.0,0.0,22.66,2.508,2.496,149654000.0,725102000.0,1351728000.0,1351728000.0,433387000.0,0.082,0.125,30.636,0.155,58831000.0,440992000.0,1.0,149632315.0,148890000,152482000.0,9.079,1886620000.0,376888000.0,-29798000.0,116156000.0,12.671,659297000.0
46,SNPS,MRT,2009-12-31,2010-01-31,2010-01-31,2021-08-20,-10102000.0,2909765000.0,2855603500.0,1398521000.0,1511244000.0,0.473,13.422,-41830000.0,1092343000.0,1092343000.0,273807000.0,248038000.0,1.934,0.476,0.0,0.0,0.0,0.0,546869000.0,101687000.0,0.0,0.0,0.0,220741000.0,322428000.0,0.239,322428000.0,220741000.0,220741000.0,1.7,1.66,1.7,1970743000.0,1817943250.0,1970743000.0,1965939672.0,9.0,6.097,233838000.0,1.593,1.0,1076650000.0,0.797,1023764000.0,0.0,70474000.0,4065250.0,0.0,0.0,0.0,0.0,939022000.0,723184000.0,215838000.0,3134265672.0,156325000.0,-29152000.0,53642000.0,-2718000.0,0.0,50924000.0,-172739000.0,-101757000.0,275668000.0,2472000.0,248038000.0,248038000.0,248038000.0,0.0,0.0,0.184,880879000.0,195771000.0,182159000.0,0.0,1.59,12.636,12.512,143371000.0,0.0,21.27,2.321,2.313,142493000.0,705216000.0,1350457000.0,1350457000.0,423333000.0,0.087,0.136,54.299,0.163,60025000.0,444127000.0,1.0,147356167.0,146830000,150788000.0,9.197,1886001000.0,367853000.0,-27297000.0,122143000.0,12.845,675337000.0
47,SNPS,MRT,2009-09-30,2009-10-31,2009-10-31,2021-08-20,-3831000.0,2938854000.0,2787326750.0,1463800000.0,1475054000.0,0.488,12.829,-42051000.0,1168326000.0,1168326000.0,273650000.0,167681000.0,1.797,0.594,0.0,0.0,0.0,0.0,588729000.0,101453000.0,0.0,0.0,0.0,233070000.0,334523000.0,0.246,334523000.0,233070000.0,233070000.0,1.17,1.15,1.17,1844166000.0,1726286250.0,1844166000.0,2126704530.0,9.0,6.357,197108000.0,1.371,1.0,1086395000.0,0.799,1029501000.0,0.0,-73566000.0,-6711500.0,0.0,0.0,0.0,0.0,1094688000.0,814593000.0,280095000.0,3209243530.0,123981000.0,-53358000.0,71918000.0,-2466000.0,0.0,69452000.0,-191902000.0,-96493000.0,239159000.0,7272000.0,167681000.0,167681000.0,167681000.0,0.0,0.0,0.123,878144000.0,208251000.0,255095000.0,0.0,1.74,19.139,18.821,146910000.0,0.0,22.02,2.36,2.327,127010000.0,574980000.0,1360045000.0,1360045000.0,419908000.0,0.06,0.097,-34.727,0.171,56934000.0,443224000.0,1.0,145742213.0,143752000,145857000.0,9.461,1909353000.0,330040000.0,65389000.0,162862000.0,13.282,649207000.0
48,SNPS,MRT,2009-06-30,2009-07-31,2009-07-31,2021-08-20,-7871000.0,2877744000.0,2738232750.0,1448957000.0,1428787000.0,0.502,12.231,-39991000.0,1082539000.0,1082539000.0,267346000.0,194550000.0,1.775,0.632,0.0,0.0,0.0,0.0,618579000.0,98189000.0,0.0,0.0,0.0,256977000.0,355166000.0,0.258,355166000.0,256977000.0,256977000.0,1.37,1.34,1.37,1762918000.0,1647337500.0,1762918000.0,2003557572.0,8.0,5.641,251143000.0,1.742,1.0,1107226000.0,0.806,1036236000.0,0.0,-57123000.0,-21371500.0,0.0,0.0,0.0,0.0,1114826000.0,816092000.0,298734000.0,2880404572.0,76792000.0,-51880000.0,817000.0,-2173000.0,0.0,-1356000.0,-222600000.0,-130729000.0,291134000.0,9614000.0,194550000.0,194550000.0,194550000.0,0.0,0.0,0.142,858593000.0,248633000.0,221249000.0,0.0,1.634,14.805,14.584,144928000.0,0.0,19.98,2.095,2.095,136760000.0,568639000.0,1374572000.0,1374572000.0,408356000.0,0.071,0.118,-12.024,0.187,57466000.0,436519000.0,1.0,144164393.0,144138000,146063000.0,9.536,1841508000.0,340254000.0,62427000.0,181059000.0,12.776,632865000.0
49,SNPS,MRT,2009-03-31,2009-04-30,2009-04-30,2021-08-20,-25591000.0,2696051000.0,2683511000.0,1294997000.0,1401054000.0,0.512,11.823,-37056000.0,876847000.0,876847000.0,264337000.0,204863000.0,1.784,0.592,0.0,0.0,0.0,0.0,588465000.0,96627000.0,0.0,0.0,0.0,243483000.0,340110000.0,0.248,340110000.0,243483000.0,243483000.0,1.45,1.41,1.45,1693946000.0,1589209000.0,1693946000.0,2281757432.0,9.0,6.709,252960000.0,1.766,1.0,1109186000.0,0.808,1016630000.0,0.0,76476000.0,-28309000.0,0.0,0.0,0.0,0.0,1002105000.0,726098000.0,276007000.0,3124038432.0,-68490000.0,-211983000.0,18883000.0,-2502000.0,0.0,16381000.0,-378783000.0,-129744000.0,290016000.0,3896000.0,204863000.0,204863000.0,204863000.0,0.0,0.0,0.149,871610000.0,237576000.0,176233000.0,0.0,1.844,15.249,15.021,136799000.0,0.0,21.78,2.274,2.272,189115000.0,522129000.0,1373523000.0,1373523000.0,407761000.0,0.076,0.129,-8.601,0.177,60791000.0,444139000.0,1.0,143436108.0,143275000,145421000.0,9.587,1679421000.0,344541000.0,38620000.0,161072000.0,11.722,568899000.0
50,SNPS,MRT,2008-12-31,2009-01-31,2009-01-31,2021-08-20,-27143000.0,2636658000.0,2617038000.0,1221367000.0,1415291000.0,0.52,11.307,-40291000.0,842281000.0,842281000.0,263010000.0,195962000.0,1.652,0.644,0.0,0.0,0.0,0.0,608979000.0,97228000.0,0.0,0.0,0.0,228458000.0,325686000.0,0.239,325686000.0,228458000.0,228458000.0,1.39,1.35,1.39,1604115000.0,1524429000.0,1604115000.0,1675262141.0,7.0,5.144,260052000.0,1.833,1.0,1098231000.0,0.807,1027664000.0,0.0,27367000.0,-26627250.0,0.0,0.0,0.0,0.0,1032543000.0,739346000.0,293197000.0,2626563141.0,42110000.0,-211983000.0,-68952000.0,-3462000.0,0.0,-72414000.0,-198327000.0,53947000.0,300343000.0,12508000.0,195962000.0,195962000.0,195962000.0,0.0,0.0,0.144,865386000.0,232845000.0,182608000.0,0.0,1.637,13.403,13.309,141152000.0,0.0,18.5,1.93,1.928,150083000.0,485175000.0,1361241000.0,1361241000.0,400040000.0,0.075,0.129,-8.58,0.168,63973000.0,441986000.0,1.0,141976386.0,141865000,142612000.0,9.595,1608994000.0,354137000.0,32496000.0,164074000.0,11.342,482021000.0
51,SNPS,MRT,2008-09-30,2008-10-31,2008-10-31,2021-08-20,-35279000.0,2742478000.0,2574091250.0,1322290000.0,1420188000.0,0.519,10.669,-41743000.0,951301000.0,951301000.0,258896000.0,189978000.0,1.455,0.794,0.0,0.0,0.0,0.0,680127000.0,97143000.0,0.0,0.0,0.0,218956000.0,316099000.0,0.236,316099000.0,218956000.0,218956000.0,1.33,1.29,1.33,1528371000.0,1483381750.0,1528371000.0,1756915162.0,8.0,5.558,289345000.0,2.02,1.0,1078055000.0,0.806,1014400000.0,0.0,-132206000.0,-18974000.0,0.0,0.0,0.0,0.0,1214107000.0,908983000.0,305124000.0,2634002162.0,-1695000.0,-184650000.0,-140872000.0,-2970000.0,0.0,-143842000.0,-201086000.0,25307000.0,331088000.0,12145000.0,189978000.0,189978000.0,189978000.0,0.0,0.0,0.142,858943000.0,219112000.0,289769000.0,0.0,1.723,13.865,13.744,145087000.0,0.0,18.28,1.97,1.959,147365000.0,434057000.0,1336951000.0,1336951000.0,394747000.0,0.074,0.128,-11.54,0.164,65474000.0,438631000.0,1.0,144092022.0,143258000,147672000.0,9.332,1728078000.0,360854000.0,28978000.0,167241000.0,12.063,413307000.0
52,SNPS,MRT,2008-06-30,2008-07-31,2008-07-31,2021-08-20,201000.0,2658857000.0,2542806000.0,1254171000.0,1404686000.0,0.511,10.737,-37368000.0,877087000.0,877087000.0,254110000.0,184595000.0,1.482,0.737,0.0,0.0,0.0,0.0,657132000.0,101058000.0,0.0,0.0,0.0,210436000.0,311494000.0,0.24,311494000.0,210436000.0,210436000.0,1.3,1.24,1.3,1530404000.0,1460387250.0,1530404000.0,2610226379.0,12.0,8.38,350981000.0,2.462,1.0,1045269000.0,0.804,1020546000.0,0.0,-84873000.0,-46940250.0,0.0,0.0,0.0,0.0,1128453000.0,846097000.0,282356000.0,3427724379.0,109635000.0,-204371000.0,-67452000.0,-1453000.0,0.0,-68905000.0,-215936000.0,25803000.0,388349000.0,6127000.0,184595000.0,184595000.0,184595000.0,0.0,0.0,0.142,853585000.0,191684000.0,240676000.0,0.0,2.24,18.569,18.477,130511000.0,0.0,24.02,2.638,2.635,143613000.0,395378000.0,1299379000.0,1299379000.0,389199000.0,0.073,0.126,-4.483,0.162,66144000.0,434085000.0,1.0,142702930.0,142536000,147486000.0,9.116,1638311000.0,323734000.0,25841000.0,125132000.0,11.494,408074000.0
53,SNPS,MRT,2008-03-31,2008-04-30,2008-04-30,2021-08-20,3417000.0,2430159000.0,2491853250.0,1216897000.0,1213262000.0,0.505,10.116,-42083000.0,817498000.0,817498000.0,245475000.0,151701000.0,1.716,0.694,0.0,0.0,0.0,0.0,587388000.0,102935000.0,0.0,0.0,0.0,191284000.0,294219000.0,0.234,294219000.0,191284000.0,191284000.0,1.06,1.02,1.06,1434826000.0,1407275000.0,1434826000.0,2418635541.0,13.0,8.221,231021000.0,1.629,1.0,1013874000.0,0.805,820354000.0,0.0,83203000.0,-65960500.0,0.0,0.0,0.0,0.0,995333000.0,709104000.0,286229000.0,3278950541.0,113815000.0,-57473000.0,-125085000.0,-1452000.0,0.0,-126537000.0,-42365000.0,57191000.0,273104000.0,9613000.0,151701000.0,151701000.0,151701000.0,0.0,0.0,0.12,849224000.0,164650000.0,176746000.0,0.0,2.285,21.615,21.802,127223000.0,0.0,23.11,2.604,2.603,171993000.0,342424000.0,1259349000.0,1259349000.0,379170000.0,0.061,0.108,-2.9,0.152,64932000.0,440351000.0,1.0,141884489.0,141844000,145271000.0,8.878,1609805000.0,338125000.0,39583000.0,147877000.0,11.349,507793000.0
54,SNPS,MRT,2007-12-31,2008-01-31,2008-01-31,2021-08-20,3562000.0,2464871000.0,2472064500.0,1221502000.0,1243369000.0,0.497,9.862,-19128000.0,860315000.0,860315000.0,237200000.0,153579000.0,1.719,0.712,0.0,0.0,0.0,0.0,608625000.0,103521000.0,0.0,0.0,0.0,198212000.0,301733000.0,0.246,301733000.0,198212000.0,198212000.0,1.07,1.03,1.07,1439926000.0,1376974500.0,1439926000.0,2250254436.0,11.0,7.458,307104000.0,2.103,1.0,990524000.0,0.807,836021000.0,0.0,57980000.0,-119737500.0,0.0,0.0,0.0,0.0,1024945000.0,710555000.0,314390000.0,3234707436.0,50899000.0,-57473000.0,-77417000.0,0.0,0.0,-77417000.0,-207326000.0,-130725000.0,326232000.0,9410000.0,153579000.0,153579000.0,153579000.0,0.0,0.0,0.125,838463000.0,152061000.0,165054000.0,0.0,2.246,21.062,20.579,128578000.0,0.0,22.02,2.635,2.619,142054000.0,313413000.0,1227724000.0,1227724000.0,375851000.0,0.062,0.112,-1.655,0.161,61440000.0,432856000.0,1.0,146898612.0,146001000,150683000.0,8.409,1628850000.0,348350000.0,44633000.0,162942000.0,11.156,510947000.0
55,SNPS,MRT,2007-09-30,2007-10-31,2007-10-31,2021-08-20,3905000.0,2617337000.0,2424787750.0,1327539000.0,1289798000.0,0.5,9.978,-20991000.0,984453000.0,984453000.0,234265000.0,130491000.0,1.288,0.822,0.0,0.0,0.0,0.0,642515000.0,105367000.0,0.0,0.0,0.0,165799000.0,271166000.0,0.224,271166000.0,165799000.0,165799000.0,0.91,0.87,0.91,1436393000.0,1333958000.0,1436393000.0,3301283187.0,20.0,12.174,412487000.0,2.865,1.0,978204000.0,0.807,845879000.0,0.0,-244071000.0,-160965000.0,0.0,0.0,0.0,0.0,1180944000.0,1031076000.0,149868000.0,4095505187.0,248568000.0,-57473000.0,56864000.0,0.0,0.0,56864000.0,-245569000.0,-167105000.0,433478000.0,3795000.0,130491000.0,130491000.0,130491000.0,0.0,0.0,0.108,860160000.0,118044000.0,246209000.0,0.0,2.851,31.385,31.055,131866000.0,0.0,28.26,3.378,3.355,123900000.0,263977000.0,1212469000.0,1212469000.0,379221000.0,0.054,0.098,-1.03,0.137,62011000.0,451130000.0,1.0,144922335.0,143953000,149716000.0,8.423,1771458000.0,382332000.0,35308000.0,207572000.0,12.306,296463000.0
56,SNPS,MRT,2007-06-30,2007-07-31,2007-07-31,2021-08-20,-3714000.0,2455046000.0,2309909000.0,1206467000.0,1248579000.0,0.511,9.164,-27173000.0,794222000.0,794222000.0,228995000.0,99597000.0,1.22,0.863,0.0,0.0,0.0,0.0,635402000.0,106788000.0,0.0,0.0,0.0,134575000.0,241363000.0,0.204,241363000.0,134575000.0,134575000.0,0.69,0.68,0.69,1317955000.0,1265651500.0,1317955000.0,2739060854.0,20.0,11.348,332906000.0,2.315,1.0,951625000.0,0.806,832762000.0,0.0,-160954000.0,-131893000.0,0.0,0.0,0.0,0.0,1137091000.0,989016000.0,148075000.0,3506597854.0,166137000.0,-54412000.0,6843000.0,0.0,0.0,6843000.0,-205579000.0,-123994000.0,360079000.0,4794000.0,99597000.0,99597000.0,99597000.0,0.0,0.0,0.084,860023000.0,91602000.0,232014000.0,0.0,2.661,35.208,35.449,128739000.0,0.0,24.46,2.97,2.98,204787000.0,249097000.0,1180620000.0,1180620000.0,377723000.0,0.043,0.079,-1.02,0.114,61779000.0,453571000.0,1.0,143360501.0,143820000,149709000.0,8.209,1622284000.0,353149000.0,34978000.0,188164000.0,11.28,217451000.0
57,SNPS,MRT,2007-03-31,2007-04-30,2007-04-30,2021-08-20,-5830000.0,2351004000.0,2212492750.0,1121097000.0,1229907000.0,0.521,9.099,-26562000.0,767537000.0,767537000.0,226049000.0,82292000.0,1.249,0.79,0.0,0.0,0.0,0.0,606464000.0,109192000.0,0.0,0.0,0.0,116322000.0,225514000.0,0.195,225514000.0,116322000.0,116322000.0,0.57,0.56,0.57,1313624000.0,1225297500.0,1313624000.0,3335015021.0,29.0,14.789,276881000.0,1.918,1.0,927681000.0,0.804,817929000.0,0.0,-131905000.0,-114614500.0,0.0,0.0,0.0,0.0,1037380000.0,897443000.0,139937000.0,4014720021.0,166143000.0,-29248000.0,-20982000.0,0.0,0.0,-20982000.0,-122939000.0,-67129000.0,303443000.0,6621000.0,82292000.0,82292000.0,82292000.0,0.0,0.0,0.071,845924000.0,81757000.0,173156000.0,0.0,3.056,48.786,48.526,141044000.0,0.0,27.66,3.48,3.461,166850000.0,226606000.0,1153730000.0,1153730000.0,377330000.0,0.037,0.067,-1.015,0.101,61272000.0,441840000.0,1.0,145145337.0,144370000,149783000.0,7.991,1533075000.0,345279000.0,34030000.0,184284000.0,10.619,223654000.0
58,SNPS,MRT,2006-12-31,2007-01-31,2007-01-31,2021-08-20,-11047000.0,2275764000.0,2157681750.0,1023991000.0,1251773000.0,0.526,8.88,-55399000.0,679705000.0,679705000.0,226613000.0,46402000.0,1.17,0.795,0.0,0.0,0.0,0.0,583619000.0,111940000.0,0.0,0.0,0.0,68449000.0,180389000.0,0.159,180389000.0,68449000.0,68449000.0,0.32,0.32,0.32,1267860000.0,1196510250.0,1267860000.0,3258025502.0,48.0,18.061,186847000.0,1.309,1.0,908968000.0,0.8,828031000.0,0.0,-106930000.0,-101804000.0,0.0,4957000.0,0.0,4957000.0,1007904000.0,874958000.0,132946000.0,3830747502.0,62658000.0,-29248000.0,3636000.0,0.0,0.0,3636000.0,-187678000.0,-103031000.0,242246000.0,4454000.0,46402000.0,46402000.0,46402000.0,0.0,0.0,0.041,859368000.0,49600000.0,168107000.0,0.0,3.021,82.556,83.125,139585000.0,0.0,26.6,3.373,3.344,141081000.0,192838000.0,1135581000.0,1135581000.0,378124000.0,0.022,0.039,-0.672,0.06,60825000.0,454003000.0,1.0,144013064.0,142772000,148113000.0,7.954,1447733000.0,357865000.0,22047000.0,183929000.0,10.14,149033000.0
59,SNPS,MRT,2006-09-30,2006-10-31,2006-10-31,2021-08-20,-12481000.0,2157822000.0,2106248500.0,894490000.0,1263332000.0,0.52,8.144,-51407000.0,572722000.0,572722000.0,223527000.0,24742000.0,1.027,0.855,0.0,0.0,0.0,0.0,499268000.0,114490000.0,0.0,0.0,0.0,43719000.0,158209000.0,0.144,158209000.0,43719000.0,43719000.0,0.17,0.17,0.17,1163167000.0,1172009500.0,1163167000.0,2664610600.0,61.0,16.842,154483000.0,1.082,1.0,872033000.0,0.796,841787000.0,0.0,-127783000.0,-104609500.0,0.0,0.0,0.0,0.0,994655000.0,871096000.0,123559000.0,3175884600.0,-73677000.0,-41142000.0,-130426000.0,0.0,0.0,-130426000.0,-153777000.0,-61228000.0,205890000.0,4636000.0,24742000.0,24742000.0,24742000.0,0.0,0.0,0.023,842601000.0,29432000.0,234149000.0,0.0,2.73,128.36,132.412,140660000.0,0.0,22.51,2.899,2.935,122584000.0,170743000.0,1095560000.0,1095560000.0,370629000.0,0.012,0.021,-0.418,0.04,63040000.0,443234000.0,1.0,141087721.0,142830000,144728000.0,7.67,1316035000.0,361134000.0,18977000.0,191349000.0,9.214,23394000.0
60,SNPS,MRT,2006-06-30,2006-07-31,2006-07-31,2021-08-20,-12699000.0,2065381000.0,2100149000.0,781225000.0,1284156000.0,0.508,8.114,-46044000.0,511274000.0,511274000.0,222127000.0,-489000.0,0.992,0.786,0.0,0.0,0.0,0.0,474024000.0,116298000.0,0.0,0.0,0.0,28530000.0,144828000.0,0.136,144828000.0,28530000.0,28530000.0,-0.01,-0.01,-0.01,1156539000.0,1183877000.0,1156539000.0,2034272944.0,71.0,14.046,134434000.0,0.943,1.0,844887000.0,0.792,858088000.0,0.0,-91840000.0,-108040500.0,0.0,4616000.0,0.0,4616000.0,908842000.0,787859000.0,120983000.0,2568812944.0,-50237000.0,-23928000.0,-102212000.0,0.0,0.0,-102212000.0,-133700000.0,-63728000.0,180478000.0,5197000.0,-489000.0,-489000.0,-489000.0,0.0,0.0,0.0,830931000.0,13956000.0,195279000.0,0.0,2.221,-5253.196,-1790.0,164278000.0,0.0,17.9,2.407,2.391,110875000.0,175667000.0,1067014000.0,1067014000.0,358393000.0,0.0,0.0,-0.264,0.027,58427000.0,443103000.0,1.0,143509103.0,142538000,143964000.0,7.486,1207293000.0,324848000.0,29019000.0,163973000.0,8.47,-6634000.0
61,SNPS,MRT,2006-03-31,2006-04-30,2006-04-30,2021-08-20,-15269000.0,2131760000.0,2114419500.0,940437000.0,1191323000.0,0.492,8.36,-48263000.0,534540000.0,534540000.0,226090000.0,9255000.0,1.149,0.779,0.0,0.0,0.0,0.0,520132000.0,126881000.0,0.0,0.0,0.0,42540000.0,169421000.0,0.163,169421000.0,42540000.0,42540000.0,0.06,0.06,0.06,1198475000.0,1195285750.0,1198475000.0,2626721188.0,62.0,15.504,136997000.0,0.956,1.0,815166000.0,0.783,859196000.0,0.0,-80663000.0,-115884250.0,0.0,6542000.0,0.0,6542000.0,933285000.0,818687000.0,114598000.0,3141006188.0,-48198000.0,-95099000.0,-32438000.0,0.0,0.0,-32438000.0,-203743000.0,-60381000.0,185260000.0,2723000.0,9255000.0,9255000.0,9255000.0,0.0,0.0,0.009,821979000.0,-6813000.0,169006000.0,0.0,2.621,339.385,363.833,166805000.0,0.0,21.83,3.017,3.005,138325000.0,168774000.0,1041256000.0,1041256000.0,347100000.0,0.004,0.008,-0.367,0.041,43477000.0,444415000.0,1.0,143884846.0,143352000,146010000.0,7.264,1272564000.0,334573000.0,33285000.0,172232000.0,8.877,121750000.0
62,SNPS,MRT,2005-12-31,2006-01-31,2006-01-31,2021-08-20,-14658000.0,2070031000.0,2107053750.0,868424000.0,1201607000.0,0.48,8.069,-47749000.0,514285000.0,514285000.0,239832000.0,-1092000.0,1.093,0.769,0.0,0.0,0.0,0.0,513562000.0,148705000.0,0.0,0.0,0.0,14391000.0,163096000.0,0.161,163096000.0,14391000.0,14391000.0,-0.01,-0.01,-0.01,1169857000.0,1188724750.0,1169857000.0,2605560799.0,181.0,15.976,99075000.0,0.683,1.0,770984000.0,0.763,879684000.0,0.0,-118152000.0,-116441500.0,0.0,8322000.0,0.0,8322000.0,900174000.0,794214000.0,105960000.0,3192066799.0,-61869000.0,-95099000.0,-72428000.0,0.0,0.0,-72428000.0,-138114000.0,4734000.0,146824000.0,1849000.0,-1092000.0,-1092000.0,-1092000.0,0.0,0.0,-0.001,803316000.0,-32332000.0,146477000.0,0.0,2.729,-2923.138,-2211.0,165116000.0,0.0,22.11,3.158,3.171,83997000.0,171559000.0,1010816000.0,1010816000.0,334700000.0,-0.001,-0.001,-0.124,0.014,30135000.0,436948000.0,1.0,144372085.0,144989000,146969000.0,6.972,1190347000.0,328566000.0,15483000.0,171775000.0,8.21,74210000.0
63,SNPS,MRT,2005-09-30,2005-10-31,2005-10-31,2021-08-20,-16001000.0,2133424000.0,2125826500.0,947479000.0,1185945000.0,0.467,8.351,-46516000.0,586506000.0,586506000.0,254636000.0,-17114000.0,1.16,0.762,0.0,0.0,0.0,0.0,457708000.0,168881000.0,0.0,0.0,0.0,-7789000.0,161092000.0,0.162,161092000.0,-7789000.0,-7789000.0,-0.12,-0.12,-0.12,1210637000.0,1198843250.0,1210637000.0,2235386915.0,-287.0,13.876,222674000.0,1.536,1.0,737295000.0,0.743,871498000.0,0.0,-141507000.0,-121514000.0,0.0,8092000.0,0.0,8092000.0,922787000.0,816927000.0,105860000.0,2734800915.0,57727000.0,-174498000.0,-39771000.0,0.0,0.0,-39771000.0,-171475000.0,49539000.0,269190000.0,-217000.0,-17114000.0,-17114000.0,-17114000.0,0.0,0.0,-0.017,797140000.0,-59845000.0,231359000.0,0.0,2.259,-159.799,-157.917,170195000.0,0.0,18.95,2.757,2.77,100178000.0,162878000.0,991931000.0,991931000.0,320940000.0,-0.008,-0.014,0.064,-0.008,12282000.0,438631000.0,1.0,144316671.0,144970000,144970000.0,6.842,1261926000.0,318203000.0,9325000.0,169879000.0,8.705,130552000.0
64,SNPS,MRT,2005-06-30,2005-07-31,2005-07-31,2021-08-20,-14390000.0,2122463000.0,2115517250.0,801803000.0,1320660000.0,0.457,8.358,-47558000.0,499414000.0,499414000.0,265954000.0,-29638000.0,0.973,0.766,0.0,0.0,0.0,0.0,450434000.0,183018000.0,0.0,0.0,0.0,-42143000.0,140875000.0,0.146,140875000.0,-42143000.0,-42143000.0,-0.18,-0.17,-0.18,1202174000.0,1212446250.0,1202174000.0,2135607981.0,-51.0,15.16,180864000.0,1.257,1.0,701694000.0,0.725,922100000.0,0.0,-123215000.0,-91080250.0,0.0,9143000.0,0.0,9143000.0,920289000.0,824164000.0,96125000.0,2659928981.0,-179280000.0,-191828000.0,-184107000.0,0.0,0.0,-184107000.0,-219632000.0,19754000.0,228422000.0,-3963000.0,-29638000.0,-29638000.0,-29638000.0,0.0,0.0,-0.031,792740000.0,-91046000.0,211401000.0,0.0,2.213,-89.747,-102.833,174918000.0,0.0,18.51,2.749,2.751,108673000.0,190390000.0,967648000.0,967648000.0,316104000.0,-0.014,-0.024,0.463,-0.044,35677000.0,439299000.0,1.0,143702268.0,143830000,145668000.0,6.728,1200363000.0,328079000.0,-12505000.0,197315000.0,8.346,-22361000.0
65,SNPS,MRT,2005-03-31,2005-04-30,2005-04-30,2021-08-20,-9228000.0,2102297000.0,2140290500.0,866127000.0,1236170000.0,0.466,8.095,-45156000.0,524321000.0,524321000.0,270864000.0,-5104000.0,1.028,0.793,0.0,0.0,0.0,0.0,495281000.0,193121000.0,0.0,0.0,0.0,-28677000.0,164444000.0,0.165,164444000.0,-28677000.0,-28677000.0,-0.03,-0.03,-0.03,1172231000.0,1265288250.0,1172231000.0,1803427756.0,-63.0,10.967,247772000.0,1.711,1.0,727015000.0,0.729,818704000.0,0.0,-82892000.0,-57343750.0,0.0,11030000.0,0.0,11030000.0,930066000.0,842164000.0,87902000.0,2385930756.0,-112994000.0,-112616000.0,-214176000.0,0.0,0.0,-214176000.0,-187793000.0,-30021000.0,292928000.0,-3953000.0,-5104000.0,-5104000.0,-5104000.0,0.0,0.0,-0.005,768672000.0,-41657000.0,185338000.0,0.0,2.035,-467.463,-548.0,175625000.0,0.0,16.44,2.391,2.386,134808000.0,176841000.0,997879000.0,997879000.0,301896000.0,-0.002,-0.004,0.5,-0.029,35025000.0,428713000.0,1.0,145129608.0,144801000,144801000.0,6.891,1283593000.0,347456000.0,-23573000.0,189664000.0,8.865,23963000.0
66,SNPS,MRT,2004-12-31,2005-01-31,2005-01-31,2021-08-20,-4843000.0,2145122000.0,2174334500.0,892392000.0,1252730000.0,0.482,8.287,-39147000.0,582503000.0,582503000.0,266039000.0,28607000.0,1.056,0.772,0.0,0.0,0.0,0.0,513208000.0,191094000.0,0.0,0.0,0.0,28829000.0,219923000.0,0.21,219923000.0,28829000.0,28829000.0,0.19,0.18,0.19,1210331000.0,1321202000.0,1210331000.0,1903263995.0,66.0,8.654,355646000.0,2.435,1.0,782105000.0,0.746,855820000.0,0.0,-138442000.0,-26554500.0,0.0,11472000.0,0.0,11472000.0,934791000.0,845241000.0,89550000.0,2482292995.0,-36361000.0,-151431000.0,-229677000.0,0.0,0.0,-229677000.0,-197098000.0,-6520000.0,394793000.0,-4379000.0,28607000.0,28607000.0,28607000.0,0.0,0.0,0.027,765859000.0,16246000.0,166532000.0,0.0,2.051,86.772,89.474,173532000.0,0.0,17.0,2.368,2.369,108028000.0,186945000.0,1048144000.0,1048144000.0,291682000.0,0.013,0.022,-1.086,0.028,34464000.0,435813000.0,1.0,146017235.0,146060000,146060000.0,7.176,1289302000.0,329668000.0,222000.0,196517000.0,8.827,47151000.0
67,SNPS,MRT,2004-09-30,2004-10-31,2004-10-31,2021-08-20,-645000.0,2092187000.0,2195906750.0,913033000.0,1179154000.0,0.497,8.191,-47744000.0,579029000.0,579029000.0,257186000.0,75084000.0,1.232,0.654,0.0,0.0,0.0,0.0,403102000.0,189419000.0,0.0,0.0,0.0,91592000.0,281011000.0,0.257,281011000.0,91592000.0,91592000.0,0.49,0.47,0.49,1265049000.0,1371803250.0,1265049000.0,1770751026.0,19.0,6.301,216293000.0,1.401,1.0,834918000.0,0.765,791775000.0,0.0,-19772000.0,24432000.0,0.0,12831000.0,0.0,12831000.0,827138000.0,741155000.0,85983000.0,2470096026.0,-177599000.0,-60138000.0,-266587000.0,0.0,0.0,-266587000.0,-172033000.0,-64151000.0,264037000.0,-3016000.0,75084000.0,75084000.0,75084000.0,0.0,0.0,0.069,748891000.0,86027000.0,184146000.0,0.0,1.953,32.898,33.143,178155000.0,0.0,16.24,2.262,2.297,132258000.0,202146000.0,1092104000.0,1092104000.0,288763000.0,0.034,0.055,3.749,0.084,33887000.0,426562000.0,1.0,152099509.0,154439000,159991000.0,7.071,1300412000.0,318544000.0,16508000.0,188096000.0,8.42,171878000.0
68,SNPS,MRT,2004-06-30,2004-07-31,2004-07-31,2021-08-20,143000.0,2221556000.0,2249698250.0,1164761000.0,1056795000.0,0.524,9.108,-54388000.0,699345000.0,699345000.0,253768000.0,147294000.0,1.602,0.572,0.0,0.0,0.0,0.0,414517000.0,190867000.0,0.0,0.0,0.0,188250000.0,379117000.0,0.322,379117000.0,188250000.0,188250000.0,0.96,0.91,0.96,1413542000.0,1413893500.0,1413542000.0,3325592656.0,18.0,8.772,294300000.0,1.896,1.0,924234000.0,0.785,783202000.0,0.0,11731000.0,21305500.0,0.0,13458000.0,0.0,13458000.0,808014000.0,727278000.0,80736000.0,3938606656.0,72950000.0,-39730000.0,-125300000.0,0.0,0.0,-125300000.0,-155618000.0,-61500000.0,348688000.0,5180000.0,147294000.0,147294000.0,147294000.0,0.0,0.0,0.125,739169000.0,185065000.0,159407000.0,0.0,2.786,26.74,26.302,180081000.0,0.0,25.25,3.343,3.327,143006000.0,249844000.0,1178002000.0,1178002000.0,288227000.0,0.065,0.104,8.836,0.16,61802000.0,415593000.0,1.0,155984422.0,155199000,160346000.0,7.59,1438354000.0,292329000.0,40956000.0,182569000.0,9.268,437483000.0
69,SNPS,MRT,2004-03-31,2004-04-30,2004-04-30,2021-08-20,3048000.0,2238473000.0,2236621750.0,1166298000.0,1072175000.0,0.535,9.017,-57251000.0,613014000.0,613014000.0,247608000.0,153941000.0,1.515,0.604,0.0,0.0,0.0,0.0,451883000.0,189507000.0,0.0,0.0,0.0,213226000.0,402733000.0,0.337,402733000.0,213226000.0,213226000.0,1.01,0.95,1.01,1395886000.0,1384943500.0,1395886000.0,3520298569.0,17.0,8.741,287937000.0,1.86,1.0,949079000.0,0.793,815490000.0,0.0,40265000.0,5132000.0,0.0,7730000.0,0.0,7730000.0,842587000.0,769704000.0,72883000.0,4138066569.0,187301000.0,-44098000.0,-41784000.0,0.0,0.0,-41784000.0,-119893000.0,-18544000.0,345188000.0,3790000.0,153941000.0,153941000.0,153941000.0,0.0,0.0,0.129,743068000.0,206011000.0,157733000.0,0.0,2.964,26.881,26.465,182041000.0,0.0,26.73,3.458,3.458,220854000.0,226403000.0,1196687000.0,1196687000.0,290472000.0,0.069,0.111,41.548,0.178,61802000.0,414956000.0,1.0,154809823.0,154806000,161840000.0,7.73,1422983000.0,299094000.0,59285000.0,181669000.0,9.192,396594000.0
70,SNPS,MRT,2003-12-31,2004-01-31,2004-01-31,2021-08-20,7917000.0,2231411000.0,2193091500.0,1184783000.0,1046628000.0,0.544,9.038,-56211000.0,617768000.0,617768000.0,242086000.0,147491000.0,1.591,0.579,0.0,0.0,0.0,0.0,434087000.0,188438000.0,0.0,0.0,0.0,213652000.0,402090000.0,0.337,402090000.0,213652000.0,213652000.0,0.97,0.92,0.97,1412736000.0,1335682000.0,1412736000.0,4826744777.0,23.0,12.004,315180000.0,2.016,1.0,952025000.0,0.797,803313000.0,0.0,65504000.0,-2279500.0,0.0,8316000.0,0.0,8316000.0,818675000.0,744826000.0,73849000.0,5525101777.0,65389000.0,-167744000.0,-25773000.0,0.0,0.0,-25773000.0,-284788000.0,-60833000.0,371391000.0,4559000.0,147491000.0,147491000.0,147491000.0,0.0,0.0,0.124,752178000.0,199847000.0,149388000.0,0.0,3.911,37.461,36.381,186530000.0,0.0,35.29,4.627,4.62,194386000.0,228961000.0,1194111000.0,1194111000.0,288948000.0,0.067,0.11,-93.728,0.179,61802000.0,406807000.0,1.0,156562816.0,156316000,165864000.0,7.639,1428098000.0,343210000.0,66161000.0,179635000.0,9.136,439957000.0
71,SNPS,MRT,2003-09-30,2003-10-31,2003-10-31,2021-08-20,9353000.0,2307353000.0,2139742500.0,1239206000.0,1068147000.0,0.55,9.477,-52764000.0,698357000.0,698357000.0,240317000.0,149724000.0,1.539,0.61,0.0,0.0,0.0,0.0,420472000.0,184110000.0,0.0,0.0,0.0,218989000.0,403099000.0,0.342,403099000.0,218989000.0,218989000.0,0.99,0.95,0.99,1433410000.0,1279719750.0,1433410000.0,4358693013.0,20.0,10.813,338770000.0,2.24,1.0,936666000.0,0.796,836315000.0,0.0,-32278000.0,-8155250.0,0.0,8595000.0,0.0,8595000.0,873943000.0,804959000.0,68984000.0,4926758013.0,211728000.0,-167744000.0,74182000.0,0.0,0.0,74182000.0,-258328000.0,-37820000.0,391534000.0,4340000.0,149724000.0,149724000.0,149724000.0,0.0,0.0,0.127,741761000.0,194905000.0,204226000.0,0.0,3.437,32.906,32.04,184313000.0,0.0,31.72,4.186,4.076,200998000.0,251979000.0,1176983000.0,1176983000.0,285880000.0,0.07,0.117,-26.853,0.186,65028000.0,400713000.0,1.0,155320240.0,151251000,158326000.0,7.782,1471038000.0,320549000.0,69265000.0,201855000.0,9.726,434247000.0
72,SNPS,MRT,2003-06-30,2003-07-31,2003-07-31,2021-08-20,2360000.0,2169250000.0,2057582750.0,1074009000.0,1095241000.0,0.569,8.469,-48756000.0,568093000.0,568093000.0,231887000.0,7313000.0,1.366,0.672,28000.0,28000.0,0.0,28000.0,448746000.0,184038000.0,0.0,0.0,0.0,-22557000.0,161481000.0,0.138,161481000.0,-22557000.0,-22557000.0,-0.005,-0.035,-0.005,1297742000.0,1199737500.0,1297742000.0,4468609753.0,-198.0,27.673,121660000.0,0.794,1.0,937899000.0,0.802,868186000.0,0.0,-52963000.0,-904750.0,0.0,9563000.0,0.0,9563000.0,871508000.0,785962000.0,85546000.0,4860680753.0,78623000.0,-234396000.0,-60593000.0,0.0,0.0,-60593000.0,-29858000.0,13294000.0,170416000.0,-1342000.0,7313000.0,7313000.0,7313000.0,0.0,0.0,0.006,740163000.0,197736000.0,181607000.0,0.0,3.745,664.663,-6259.0,180745000.0,0.0,31.295,4.155,4.1,201802000.0,240139000.0,1169786000.0,1169786000.0,275206000.0,0.004,0.006,24.932,-0.019,6446000.0,389946000.0,1.0,155318126.0,153240000,162696000.0,7.634,1301064000.0,286146000.0,-29870000.0,178497000.0,8.49,288047000.0
73,SNPS,MRT,2003-03-31,2003-04-30,2003-04-30,2021-08-20,10575000.0,2064352000.0,2055021500.0,930365000.0,1133987000.0,0.538,8.062,-44022000.0,392099000.0,392099000.0,221415000.0,-178751000.0,1.212,0.722,28000.0,28000.0,0.0,28000.0,477242000.0,172709000.0,0.0,0.0,0.0,-251963000.0,-79254000.0,-0.072,-79254000.0,-251963000.0,-251963000.0,-1.29,-1.3,-1.29,1198840000.0,1202369250.0,1198840000.0,3166654384.0,-13.0,-39.956,-67378000.0,-0.453,1.0,884100000.0,0.8,894149000.0,0.0,10619000.0,76458250.0,0.0,25567000.0,0.0,25567000.0,865512000.0,767513000.0,97999000.0,3636836384.0,-214748000.0,5850000.0,-132580000.0,0.0,0.0,-132580000.0,-55393000.0,-17221000.0,-23356000.0,-3419000.0,-178751000.0,-178751000.0,-178751000.0,0.0,0.0,-0.162,921871000.0,-37771000.0,168516000.0,0.0,3.034,-20.346,-18.841,180122000.0,0.0,24.305,3.29,3.269,246006000.0,236114000.0,1105515000.0,1105515000.0,266071000.0,-0.087,-0.149,-3.295,-0.228,12225000.0,383024000.0,1.0,149633260.0,148702000,153034000.0,7.434,1170203000.0,270058000.0,-73212000.0,153780000.0,7.869,162852000.0
74,SNPS,MRT,2002-12-31,2003-01-31,2003-01-31,2021-08-20,11169000.0,2018015000.0,1838005750.0,1007548000.0,1010467000.0,0.544,8.026,-44343000.0,470260000.0,470260000.0,196431000.0,-179660000.0,1.357,0.697,78000.0,78000.0,0.0,78000.0,425120000.0,143328000.0,0.0,0.0,0.0,-260173000.0,-116845000.0,-0.117,-116845000.0,-260173000.0,-260173000.0,-1.265,-1.285,-1.265,1188887000.0,1055414500.0,1188887000.0,2455531259.0,-9.0,-21.015,-121972000.0,-0.823,1.0,802694000.0,0.803,763419000.0,0.0,42001000.0,110243250.0,0.0,30368000.0,0.0,30368000.0,829128000.0,742413000.0,86715000.0,2868841259.0,115370000.0,168311000.0,-69447000.0,0.0,0.0,-69447000.0,267728000.0,143760000.0,-77629000.0,-5282000.0,-179660000.0,-179660000.0,-179660000.0,0.0,0.0,-0.18,852373000.0,-49679000.0,194641000.0,0.0,2.413,-15.968,-15.285,182454000.0,0.0,19.335,2.871,2.867,220573000.0,225842000.0,999125000.0,999125000.0,244108000.0,-0.098,-0.17,-2.36,-0.26,16386000.0,358552000.0,1.0,148375550.0,148130000,153278000.0,6.745,1254596000.0,288920000.0,-80513000.0,164136000.0,8.47,265135000.0
75,SNPS,MRT,2002-09-30,2002-10-31,2002-10-31,2021-08-20,-146000.0,1978714000.0,1612206250.0,929315000.0,1049399000.0,0.562,8.333,-50347000.0,414733000.0,414733000.0,173159000.0,-199993000.0,1.195,0.777,0.0,0.0,0.0,0.0,410722000.0,116100000.0,0.0,0.0,0.0,-288940000.0,-172840000.0,-0.191,-172840000.0,-288940000.0,-288940000.0,-1.5,-1.5,-1.5,1113481000.0,897150250.0,1113481000.0,2419176040.0,-8.0,-13.997,-231396000.0,-1.732,1.0,733375000.0,0.809,789888000.0,0.0,-3276000.0,146725000.0,0.0,39386000.0,0.0,39386000.0,865233000.0,777369000.0,87864000.0,2865206040.0,40884000.0,168311000.0,-51809000.0,0.0,0.0,-51809000.0,275721000.0,157757000.0,-181049000.0,-1979000.0,-199993000.0,-199993000.0,-199993000.0,0.0,0.0,-0.221,813692000.0,-80317000.0,248212000.0,0.0,2.573,-14.327,-12.627,185040000.0,0.0,18.94,3.161,2.792,207206000.0,198863000.0,906534000.0,906534000.0,225545000.0,-0.124,-0.223,-1.969,-0.319,21221000.0,343270000.0,1.0,151278038.0,133616000,133616000.0,6.785,1188826000.0,284905000.0,-88947000.0,169912000.0,8.897,151946000.0
76,SNPS,MRT,2002-06-30,2002-07-31,2002-07-31,2021-08-20,-9963000.0,2159005000.0,1399754500.0,903546000.0,1255459000.0,0.558,9.193,-67856000.0,446208000.0,446208000.0,151658000.0,-81759000.0,1.226,0.65,178000.0,178000.0,0.0,178000.0,443064000.0,86848000.0,0.0,0.0,0.0,-80488000.0,6360000.0,0.008,6360000.0,-80488000.0,-80488000.0,-0.505,-0.53,-0.505,1308269000.0,740194000.0,1308269000.0,2731834822.0,-34.0,429.534,26153000.0,0.184,1.0,629182000.0,0.806,719317000.0,0.0,256489000.0,167122000.0,0.0,48767000.0,0.0,48767000.0,850736000.0,737169000.0,113567000.0,3263059822.0,213572000.0,234963000.0,77867000.0,306000.0,0.0,78173000.0,45271000.0,118311000.0,94009000.0,-3881000.0,-81759000.0,-81759000.0,-81759000.0,0.0,0.0,-0.105,760255000.0,-131073000.0,233756000.0,0.0,2.494,-39.911,-42.347,185872000.0,0.0,21.385,4.179,3.898,233157000.0,303755000.0,780840000.0,780840000.0,203528000.0,-0.058,-0.11,-0.482,-0.103,19391000.0,335243000.0,1.0,152586384.0,142314000,142314000.0,5.487,1439688000.0,169208000.0,1271000.0,123338000.0,10.116,166377000.0
77,SNPS,MRT,2002-03-31,2002-04-30,2002-04-30,2021-08-20,5429000.0,1196289000.0,1083511750.0,867098000.0,329191000.0,0.665,4.989,-76736000.0,531740000.0,531740000.0,136692000.0,70280000.0,1.761,0.958,515000.0,515000.0,0.0,515000.0,396864000.0,67437000.0,0.0,0.0,0.0,102142000.0,169579000.0,0.235,169579000.0,102142000.0,102142000.0,0.58,0.545,0.58,611021000.0,528145750.0,611021000.0,2322986986.0,23.0,13.699,112233000.0,0.916,1.0,584163000.0,0.81,26974000.0,0.0,145759000.0,137357750.0,0.0,54634000.0,0.0,54634000.0,585268000.0,492331000.0,92937000.0,2761209986.0,338395000.0,0.0,-9110000.0,-1094000.0,0.0,-10204000.0,161988000.0,238785000.0,188969000.0,-2358000.0,70280000.0,70280000.0,70280000.0,0.0,0.0,0.097,540697000.0,43466000.0,108741000.0,0.0,4.519,39.289,38.888,194225000.0,0.0,22.555,3.83,3.832,151953000.0,451318000.0,720855000.0,720855000.0,191329000.0,0.065,0.133,0.744,0.142,19719000.0,332307000.0,1.0,122421192.0,122464000,129868000.0,5.886,1169315000.0,152486000.0,31862000.0,55756000.0,9.548,374767000.0
78,SNPS,MRT,2001-12-31,2002-01-31,2002-01-31,2021-08-20,9383000.0,1114817000.0,1030046000.0,768167000.0,346650000.0,0.678,4.621,-83208000.0,438759000.0,438759000.0,133256000.0,61390000.0,1.678,1.006,536000.0,536000.0,0.0,536000.0,374382000.0,66121000.0,0.0,0.0,0.0,89794000.0,155915000.0,0.223,155915000.0,89794000.0,89794000.0,0.51,0.475,0.51,555830000.0,512432750.0,555830000.0,2665168313.0,30.0,17.094,125613000.0,1.044,1.0,565485000.0,0.809,30922000.0,0.0,187928000.0,136632500.0,0.0,65405000.0,0.0,65405000.0,558987000.0,457744000.0,101243000.0,3140996313.0,32816000.0,0.0,-67422000.0,-3079000.0,0.0,-70501000.0,-107039000.0,-23518000.0,208821000.0,1535000.0,61390000.0,61390000.0,61390000.0,0.0,0.0,0.088,545075000.0,20410000.0,105608000.0,0.0,5.651,51.165,50.863,198091000.0,0.0,25.94,4.495,4.465,146331000.0,439748000.0,698741000.0,698741000.0,192316000.0,0.06,0.12,0.657,0.129,21069000.0,335875000.0,1.0,121086982.0,120272000,130022000.0,5.81,1083895000.0,152134000.0,28404000.0,55772000.0,9.012,310423000.0
79,SNPS,MRT,2001-09-30,2001-10-31,2001-10-31,2021-08-20,4113000.0,1128907000.0,990244500.0,791382000.0,337525000.0,0.687,4.007,-83490000.0,476436000.0,476436000.0,130122000.0,56802000.0,1.475,1.324,535000.0,535000.0,0.0,535000.0,379759000.0,65162000.0,0.0,0.0,0.0,83533000.0,148695000.0,0.219,148695000.0,83533000.0,83533000.0,0.47,0.44,0.47,485656000.0,515729500.0,485656000.0,2478977658.0,30.0,16.672,212030000.0,1.749,1.0,550228000.0,0.809,38274000.0,0.0,78312000.0,144717500.0,0.0,61699000.0,0.0,61699000.0,643251000.0,536420000.0,106831000.0,2787194658.0,118991000.0,4122000.0,-226523000.0,-6162000.0,0.0,-232685000.0,61825000.0,141506000.0,295520000.0,-5669000.0,56802000.0,56802000.0,56802000.0,0.0,0.0,0.083,550479000.0,-251000.0,135272000.0,0.0,5.739,49.069,50.0,192304000.0,0.0,23.5,4.097,4.186,146294000.0,436662000.0,680350000.0,680350000.0,189831000.0,0.057,0.11,0.577,0.123,15993000.0,343636000.0,1.0,118604028.0,121202000,129318000.0,5.613,1090633000.0,194487000.0,26731000.0,110561000.0,8.998,254962000.0
80,SNPS,MRT,2001-06-30,2001-07-31,2001-07-31,2021-08-20,16366000.0,894034000.0,970766000.0,539153000.0,354881000.0,0.649,3.831,-76498000.0,308875000.0,308875000.0,129374000.0,14135000.0,1.318,0.943,658000.0,535000.0,123000.0,658000.0,250752000.0,65336000.0,0.0,0.0,0.0,18932000.0,84268000.0,0.134,84268000.0,18932000.0,18932000.0,0.16,0.145,0.16,460076000.0,565022750.0,460076000.0,2758713742.0,146.0,32.737,30938000.0,0.258,1.0,500636000.0,0.795,39428000.0,0.0,137432000.0,180210250.0,0.0,88222000.0,0.0,88222000.0,433958000.0,408957000.0,25001000.0,3149334742.0,-316878000.0,-1760000.0,-416196000.0,-5975000.0,0.0,-422171000.0,1451000.0,76862000.0,107436000.0,-3594000.0,14135000.0,14135000.0,14135000.0,0.0,0.0,0.022,561977000.0,-61341000.0,120980000.0,0.0,6.845,222.804,161.719,173661000.0,0.0,25.875,4.999,4.932,131721000.0,421507000.0,630010000.0,630010000.0,191967000.0,0.015,0.025,0.105,0.03,15059000.0,353323000.0,1.0,121713420.0,120096000,129774000.0,5.246,854606000.0,0.0,4797000.0,36690000.0,7.116,130196000.0
81,SNPS,MRT,2001-03-31,2001-04-30,2001-04-30,2021-08-20,23466000.0,982426000.0,1053187000.0,620291000.0,362135000.0,0.648,4.51,-75704000.0,392699000.0,392699000.0,128674000.0,41056000.0,1.531,0.792,2078000.0,1624000.0,454000.0,2078000.0,257322000.0,66357000.0,0.0,0.0,0.0,59544000.0,125901000.0,0.184,125901000.0,59544000.0,59544000.0,0.345,0.33,0.345,548169000.0,667960250.0,548169000.0,3179845108.0,53.0,25.257,80362000.0,0.661,1.0,554061000.0,0.812,43677000.0,0.0,142858000.0,195018750.0,0.0,102580000.0,0.0,102580000.0,434257000.0,405270000.0,28987000.0,3504743108.0,-5436000.0,-4706000.0,-335219000.0,-11375000.0,0.0,-346594000.0,188871000.0,265836000.0,156066000.0,-3779000.0,41056000.0,41056000.0,41056000.0,0.0,0.0,0.06,564088000.0,-10027000.0,104701000.0,0.0,6.394,85.365,83.232,166419000.0,0.0,28.715,5.133,5.112,132291000.0,412726000.0,682735000.0,682735000.0,192908000.0,0.039,0.061,0.305,0.087,9797000.0,354911000.0,1.0,122052694.0,121552000,130768000.0,5.617,938749000.0,0.0,18488000.0,41623000.0,7.723,215021000.0
82,SNPS,MRT,2000-12-31,2001-01-31,2001-01-31,2021-08-20,37606000.0,955611000.0,1094607000.0,573521000.0,382090000.0,0.661,4.596,-76039000.0,328922000.0,328922000.0,127644000.0,62140000.0,1.582,0.679,4024000.0,3520000.0,504000.0,4024000.0,220373000.0,65183000.0,0.0,0.0,0.0,91717000.0,156900000.0,0.217,156900000.0,91717000.0,91717000.0,0.485,0.47,0.485,569017000.0,737883000.0,569017000.0,3289915756.0,36.0,20.968,60358000.0,0.488,1.0,596420000.0,0.824,48014000.0,0.0,220268000.0,206307000.0,0.0,128228000.0,0.0,128228000.0,386594000.0,362431000.0,24163000.0,3718574756.0,-23089000.0,-4706000.0,-395475000.0,-9465000.0,0.0,-404940000.0,252880000.0,329716000.0,136397000.0,-7426000.0,62140000.0,62140000.0,62140000.0,0.0,0.0,0.086,562047000.0,34373000.0,95506000.0,0.0,6.535,59.842,53.608,162558000.0,0.0,26.0,5.136,4.446,145247000.0,408042000.0,724064000.0,724064000.0,191234000.0,0.057,0.084,0.445,0.127,5049000.0,355033000.0,1.0,143022106.0,123802000,130486000.0,5.849,907597000.0,0.0,29577000.0,43032000.0,7.331,211090000.0
83,SNPS,MRT,2000-09-30,2000-10-31,2000-10-31,2021-08-20,47558000.0,1050993000.0,1150167750.0,684521000.0,366472000.0,0.681,4.983,-69500000.0,433250000.0,433250000.0,124474000.0,97778000.0,1.941,0.539,6980000.0,6416000.0,564000.0,6980000.0,150654000.0,63770000.0,0.0,0.0,0.0,145938000.0,209708000.0,0.268,209708000.0,145938000.0,145938000.0,0.715,0.69,0.715,682829000.0,814879750.0,682829000.0,1624449430.0,11.0,7.746,82383000.0,0.601,1.0,659304000.0,0.841,51776000.0,0.0,220283000.0,201928750.0,0.0,126741000.0,0.0,126741000.0,368164000.0,352664000.0,15500000.0,2263386430.0,-156689000.0,-14474000.0,-337921000.0,-12780000.0,0.0,-350701000.0,45562000.0,125839000.0,151883000.0,-3433000.0,97778000.0,97778000.0,97778000.0,0.0,0.0,0.125,554169000.0,105135000.0,139290000.0,0.0,3.315,23.148,24.392,157243000.0,0.0,17.44,2.888,3.049,146863000.0,405419000.0,783778000.0,783778000.0,189280000.0,0.085,0.12,0.723,0.186,10864000.0,348010000.0,1.0,129781332.0,137020000,141996000.0,5.72,999217000.0,109466000.0,48160000.0,56304000.0,7.292,331857000.0
84,SNPS,MRT,2000-06-30,2000-07-31,2000-07-31,2021-08-20,42300000.0,1223718000.0,,871850000.0,351868000.0,,6.384,,646070000.0,646070000.0,,,2.595,0.404,7133000.0,6414000.0,719000.0,7133000.0,148040000.0,,0.0,0.0,0.0,,,,,,,,,,871826000.0,,871826000.0,1725425501.0,,,,,1.0,,,52206000.0,,196666000.0,,0.0,121048000.0,0.0,121048000.0,351892000.0,335909000.0,15983000.0,2328337501.0,,,,,,,,,,,,,,,,,,,116634000.0,,2.671,,,146211000.0,,16.28,,,178499000.0,434718000.0,,,,,,,,,,1.0,143018274.0,136556000,,,1171512000.0,0.0,,64821000.0,8.579,535941000.0
85,SNPS,MRT,2000-03-31,2000-04-30,2000-04-30,2021-08-20,19977000.0,1148106000.0,,838359000.0,309747000.0,,5.986,,616712000.0,616712000.0,,,2.76,0.387,13800000.0,12303000.0,1497000.0,13800000.0,140010000.0,,0.0,0.0,0.0,,,,,,,,,,827860000.0,,827860000.0,2306855142.0,,,,,1.0,,,53451000.0,,188011000.0,,0.0,83037000.0,0.0,83037000.0,320246000.0,303732000.0,16514000.0,2944160142.0,,,,,,,,,,,,,,,,,,,88098000.0,,3.556,,,141302000.0,,21.0,,,160365000.0,398480000.0,,,,,,,,,,1.0,140198102.0,138306000,,,1094655000.0,0.0,,63321000.0,7.915,534627000.0
86,SNPS,MRT,1999-12-31,2000-01-31,2000-01-31,2021-08-20,18494000.0,1177854000.0,,874411000.0,303443000.0,,6.195,,651067000.0,651067000.0,,,3.119,0.343,13762000.0,9639000.0,4123000.0,13762000.0,136833000.0,,0.0,0.0,0.0,,,,,,,,,,877004000.0,,877004000.0,2613082733.0,,,,,1.0,,,57488000.0,,202755000.0,,0.0,80920000.0,0.0,80920000.0,300850000.0,280306000.0,20544000.0,3297015733.0,,,,,,,,,,,,,,,,,,,80870000.0,,3.759,,,136568000.0,,23.095,,,156899000.0,377932000.0,,,,,,,,,,1.0,142758854.0,141570000,,,1120366000.0,0.0,,52964000.0,7.914,594105000.0
87,SNPS,MRT,1999-09-30,1999-09-30,1999-09-30,2021-08-20,6627000.0,1173918000.0,1100515500.0,914733000.0,259185000.0,0.732,6.172,-66689000.0,704185000.0,704185000.0,106764000.0,161362000.0,3.181,0.356,20252000.0,8610000.0,11642000.0,20252000.0,110285000.0,52025000.0,0.0,0.0,0.0,251411000.0,303436000.0,0.376,303436000.0,251411000.0,251411000.0,1.15,1.1,1.15,865596000.0,825669250.0,865596000.0,3353565758.0,13.0,11.052,156206000.0,1.114,1.0,699334000.0,0.868,57393000.0,0.0,145066000.0,145498750.0,0.0,53277000.0,0.0,53277000.0,308322000.0,287526000.0,20796000.0,3978634758.0,120766000.0,-46493000.0,7371000.0,-12631000.0,0.0,-5260000.0,-96519000.0,15374000.0,222895000.0,-350000.0,161362000.0,161362000.0,161362000.0,0.0,0.0,0.2,484939000.0,214395000.0,118595000.0,0.0,4.596,24.657,24.417,126204000.0,0.0,28.08,4.936,4.885,155885000.0,371395000.0,806098000.0,806098000.0,167085000.0,0.147,0.195,1.728,0.312,29849000.0,288771000.0,1.0,141689272.0,140236000,146844000.0,5.748,1116525000.0,0.0,90049000.0,50036000.0,7.962,627207000.0
88,SNPS,MRT,1999-06-30,1999-06-30,1999-06-30,2021-08-20,8378000.0,1112400000.0,1044944250.0,851577000.0,260823000.0,0.739,6.018,-84027000.0,645180000.0,645180000.0,102343000.0,145425000.0,3.543,0.307,20111000.0,8665000.0,11446000.0,20111000.0,89689000.0,48823000.0,0.0,0.0,0.0,231269000.0,280092000.0,0.363,280092000.0,231269000.0,231269000.0,1.045,1.005,1.045,851386000.0,775505500.0,851386000.0,3247744273.0,14.0,11.595,56052000.0,0.396,1.0,669446000.0,0.867,58251000.0,0.0,188695000.0,128988750.0,0.0,53469000.0,0.0,53469000.0,261014000.0,240385000.0,20629000.0,3911210273.0,-14154000.0,-22710000.0,44046000.0,-13667000.0,0.0,30379000.0,-186464000.0,-76181000.0,140079000.0,1852000.0,145425000.0,145425000.0,145425000.0,0.0,0.0,0.188,500216000.0,169230000.0,101561000.0,0.0,4.594,26.895,26.407,123790000.0,0.0,27.595,5.068,5.058,157557000.0,344176000.0,771789000.0,771789000.0,163516000.0,0.139,0.188,1.793,0.3,19728000.0,282215000.0,1.0,141736194.0,141476000,147388000.0,5.455,1054149000.0,0.0,85844000.0,40470000.0,7.451,611192000.0
89,SNPS,MRT,1999-03-31,1999-03-31,1999-03-31,2021-08-20,10464000.0,1099446000.0,990943750.0,870319000.0,229127000.0,0.751,5.807,-79474000.0,685901000.0,685901000.0,95383000.0,137904000.0,3.333,0.347,22435000.0,8949000.0,13486000.0,22435000.0,102621000.0,45987000.0,0.0,0.0,0.0,217818000.0,263805000.0,0.355,263805000.0,217818000.0,217818000.0,1.005,0.965,1.005,816271000.0,719170750.0,816271000.0,3133975860.0,14.0,11.88,94199000.0,0.67,1.0,648652000.0,0.872,74012000.0,0.0,100835000.0,95033500.0,0.0,36043000.0,0.0,36043000.0,283175000.0,261133000.0,22042000.0,3773981860.0,25152000.0,-11004000.0,89883000.0,-12265000.0,0.0,77618000.0,-227543000.0,-142315000.0,173673000.0,1404000.0,137904000.0,137904000.0,137904000.0,0.0,0.0,0.185,490185000.0,158467000.0,104395000.0,0.0,4.623,27.367,26.741,119072000.0,0.0,26.875,5.072,5.078,139213000.0,302821000.0,744035000.0,744035000.0,159873000.0,0.139,0.192,2.292,0.293,26178000.0,280576000.0,1.0,140427232.0,140572000,147746000.0,5.293,1025434000.0,0.0,79914000.0,45168000.0,7.295,609186000.0
90,SNPS,MRT,1998-12-31,1998-12-31,1998-12-31,2021-08-20,13756000.0,1016298000.0,923530750.0,824347000.0,191951000.0,0.784,5.562,-71025000.0,653201000.0,653201000.0,91981000.0,136457000.0,3.601,0.321,13195000.0,3398000.0,9797000.0,13195000.0,95727000.0,44259000.0,0.0,0.0,0.0,207209000.0,251468000.0,0.347,251468000.0,207209000.0,207209000.0,1.005,0.97,1.005,769424000.0,655763750.0,769424000.0,3129601250.0,15.0,12.445,92591000.0,0.669,1.0,631973000.0,0.873,0.0,0.0,147399000.0,88351750.0,0.0,42267000.0,0.0,42267000.0,246874000.0,228893000.0,17981000.0,3708584250.0,-21775000.0,23782000.0,85092000.0,-12940000.0,0.0,72152000.0,-259592000.0,-208803000.0,163616000.0,2049000.0,136457000.0,136457000.0,136457000.0,0.0,0.0,0.188,480826000.0,151147000.0,92861000.0,0.0,4.82,27.178,26.99,107946000.0,0.0,27.125,5.123,5.183,130215000.0,276200000.0,723954000.0,723954000.0,157162000.0,0.148,0.208,2.345,0.286,22986000.0,279777000.0,1.0,136722000.0,138332000,144768000.0,5.233,1016298000.0,0.0,70752000.0,36907000.0,7.347,595454000.0
91,SNPS,MRT,1998-09-30,1998-09-30,1998-09-30,2021-08-20,11006000.0,951633000.0,863834750.0,773427000.0,178206000.0,0.831,4.994,-60199000.0,604630000.0,604630000.0,93767000.0,89446000.0,2.879,0.431,20921000.0,7783000.0,13138000.0,20921000.0,93160000.0,44152000.0,0.0,0.0,0.0,145265000.0,189417000.0,0.264,189417000.0,145265000.0,145265000.0,0.67,0.645,0.67,664941000.0,591468250.0,664941000.0,1646289334.0,11.0,8.691,85400000.0,0.641,1.0,624173000.0,0.869,20230000.0,0.0,79026000.0,72290500.0,0.0,38265000.0,0.0,38265000.0,286692000.0,268668000.0,18024000.0,2225155334.0,37241000.0,21546000.0,55796000.0,-7627000.0,0.0,48169000.0,-156888000.0,-114689000.0,145599000.0,361000.0,89446000.0,89446000.0,89446000.0,0.0,0.0,0.125,533296000.0,90877000.0,15058000.0,0.0,3.346,24.877,24.858,99998000.0,0.0,16.655,3.099,3.089,126336000.0,240465000.0,717940000.0,717940000.0,156663000.0,0.104,0.151,2.009,0.202,13767000.0,292555000.0,1.0,133602842.0,133136000,139048000.0,5.393,931403000.0,0.0,55819000.0,50313000.0,6.996,504759000.0
92,SNPS,MRT,1998-06-30,1998-06-30,1998-06-30,2021-08-20,11010000.0,896398000.0,818073750.0,738588000.0,157810000.0,0.853,4.664,-48728000.0,588739000.0,588739000.0,91449000.0,78781000.0,2.834,0.432,9873000.0,6034000.0,3839000.0,9873000.0,117978000.0,43392000.0,0.0,0.0,0.0,128175000.0,171567000.0,0.246,171567000.0,128175000.0,128175000.0,0.595,0.57,0.595,626047000.0,550618750.0,626047000.0,2528558000.0,20.0,14.738,118743000.0,0.885,1.0,606146000.0,0.869,4017000.0,0.0,52874000.0,76850000.0,0.0,43785000.0,0.0,43785000.0,270351000.0,260641000.0,9710000.0,3022245000.0,62765000.0,-236000.0,80036000.0,-9608000.0,0.0,71732000.0,-174502000.0,-125259000.0,167471000.0,-1936000.0,78781000.0,78781000.0,78781000.0,0.0,0.0,0.113,502729000.0,103417000.0,121938000.0,0.0,4.828,38.363,38.445,87998000.0,0.0,22.875,4.332,4.402,111190000.0,205462000.0,697595000.0,697595000.0,151530000.0,0.096,0.143,1.668,0.184,23969000.0,295999000.0,1.0,132120000.0,134228000,140698000.0,5.197,892381000.0,0.0,49394000.0,14691000.0,6.648,477947000.0
93,SNPS,MRT,1998-03-31,1998-03-31,1998-03-31,2021-08-20,22275000.0,829794000.0,,647678000.0,182116000.0,,4.266,-54184000.0,505198000.0,505198000.0,91166000.0,69067000.0,2.512,0.475,11511000.0,7910000.0,3601000.0,11511000.0,114994000.0,42517000.0,0.0,0.0,0.0,113612000.0,156129000.0,0.229,156129000.0,113612000.0,113612000.0,0.54,0.515,0.54,562643000.0,,562643000.0,1688929250.0,15.0,10.818,101454000.0,0.769,1.0,589433000.0,0.866,4150000.0,0.0,74108000.0,,0.0,66130000.0,0.0,66130000.0,267151000.0,257849000.0,9302000.0,2124263250.0,16886000.0,2764000.0,58092000.0,-11373000.0,0.0,48023000.0,-186271000.0,-125572000.0,155638000.0,-504000.0,69067000.0,69067000.0,69067000.0,0.0,0.0,0.101,499622000.0,89811000.0,115622000.0,0.0,3.776,30.757,30.324,88441000.0,0.0,16.375,3.121,3.173,112969000.0,170791000.0,680599000.0,680599000.0,150636000.0,,,,0.167,18344000.0,296907000.0,1.0,129726000.0,131900000,136524000.0,5.16,825644000.0,0.0,44545000.0,19323000.0,6.26,389829000.0
94,SNPS,MRT,1997-12-31,1997-12-31,1997-12-31,2021-08-20,9450000.0,777514000.0,,615494000.0,162020000.0,,3.925,-55072000.0,448998000.0,448998000.0,90813000.0,50798000.0,2.416,0.518,13664000.0,8394000.0,5270000.0,13664000.0,107481000.0,41876000.0,0.0,0.0,0.0,92803000.0,134679000.0,0.202,134679000.0,92803000.0,92803000.0,0.405,0.385,0.405,512242000.0,,512242000.0,,,,71241000.0,0.546,1.0,576452000.0,0.864,4224000.0,0.0,83154000.0,,0.0,52802000.0,0.0,52802000.0,265272000.0,254802000.0,10470000.0,2318852250.0,14615000.0,2764000.0,55219000.0,-11600000.0,0.0,43619000.0,-153933000.0,-101290000.0,126313000.0,-1384000.0,50798000.0,50798000.0,50798000.0,0.0,0.0,0.076,507222000.0,69230000.0,126690000.0,0.0,4.527,45.648,44.136,86491000.0,0.0,17.875,3.475,3.496,131335000.0,145264000.0,667265000.0,667265000.0,151433000.0,,,,0.139,24918000.0,298698000.0,1.0,129726000.0,130520000,130520000.0,5.112,773290000.0,0.0,42005000.0,12237000.0,5.925,360692000.0
95,SNPS,MRT,1997-09-30,1997-09-30,1997-09-30,2021-08-20,15155000.0,768589000.0,,590440000.0,178149000.0,,3.99,-61322000.0,434830000.0,434830000.0,86885000.0,81750000.0,2.319,0.532,18155000.0,8964000.0,9191000.0,18155000.0,97523000.0,39826000.0,0.0,0.0,0.0,132793000.0,172619000.0,0.267,172619000.0,132793000.0,132793000.0,0.65,0.62,0.65,501543000.0,,501543000.0,,,,67716000.0,0.539,1.0,560071000.0,0.866,0.0,0.0,97264000.0,,0.0,61056000.0,0.0,61056000.0,267046000.0,254650000.0,12396000.0,,40207000.0,5000000.0,36209000.0,-11568000.0,0.0,24641000.0,-112382000.0,-55725000.0,129038000.0,-1090000.0,81750000.0,81750000.0,81750000.0,0.0,0.0,0.126,451639000.0,108432000.0,21439000.0,0.0,,,32.692,92079000.0,0.0,21.25,,4.129,119030000.0,151664000.0,646956000.0,646956000.0,146849000.0,,,,0.205,30024000.0,287890000.0,1.0,,125704000,131850000.0,5.147,768589000.0,0.0,51043000.0,33282000.0,6.114,335790000.0
96,SNPS,MRT,1997-06-30,1997-06-30,1997-06-30,2021-08-20,,,,,,,,,,,,,,,,,,,,,,0.0,0.0,,,,,,,,,,,,,,,,,,1.0,,,,,,,,,,,,,,,,,,,,,,,,,,,,,,,,,,,,,,,,18.375,,,,,,,,,,,,,,1.0,,125222000,,,,,,,,
97,SNPS,MRT,1997-03-31,1997-03-31,1997-03-31,2021-08-20,,,,,,,,,,,,,,,,,,,,,,0.0,0.0,,,,,,,,,,,,,,,,,,1.0,,,,,,,,,,,,,,,,,,,,,,,,,,,,,,,,,,,,,,,,12.5,,,,,,,,,,,,,,1.0,,124078000,,,,,,,,
98,SNPS,MRT,1996-12-31,1996-12-31,1996-12-31,2021-08-20,,,,,,,,,,,,,,,,,,,,,,0.0,0.0,,,,,,,,,,,,,,,,,,1.0,,,,,,,,,,,,,,,,,,,,,,,,,,,,,,,,,,,,,,,,23.125,,,,,,,,,,,,,,1.0,,123256000,,,,,,,,
99,SNPS,MRT,1996-09-30,1996-09-30,1996-09-30,2021-08-20,,,,,,,,-53702000.0,,,65546000.0,16802000.0,,,,,,,,28947000.0,,0.0,0.0,40228000.0,69175000.0,0.132,69175000.0,40228000.0,40228000.0,0.14,0.135,0.14,,,,,,,72847000.0,0.605,1.0,460053000.0,0.875,,0.0,,,,,,,,,,,-52803000.0,67000.0,11531000.0,-8396000.0,0.0,3135000.0,-182200000.0,-117665000.0,126549000.0,-287000.0,16802000.0,16802000.0,16802000.0,0.0,0.0,0.032,431453000.0,28600000.0,,0.0,,,164.714,,0.0,23.06,,5.279,,,525599000.0,525599000.0,120005000.0,,,,0.077,8967000.0,246919000.0,1.0,,120324000,125982000.0,4.368,,,23426000.0,,,
