None,ticker,dimension,calendardate,datekey,reportperiod,lastupdated,accoci,assets,assetsavg,assetsc,assetsnc,assetturnover,bvps,capex,cashneq,cashnequsd,cor,consolinc,currentratio,de,debt,debtc,debtnc,debtusd,deferredrev,depamor,deposits,divyield,dps,ebit,ebitda,ebitdamargin,ebitdausd,ebitusd,ebt,eps,epsdil,epsusd,equity,equityavg,equityusd,ev,evebit,evebitda,fcf,fcfps,fxusd,gp,grossmargin,intangibles,intexp,invcap,invcapavg,inventory,investments,investmentsc,investmentsnc,liabilities,liabilitiesc,liabilitiesnc,marketcap,ncf,ncfbus,ncfcommon,ncfdebt,ncfdiv,ncff,ncfi,ncfinv,ncfo,ncfx,netinc,netinccmn,netinccmnusd,netincdis,netincnci,netmargin,opex,opinc,payables,payoutratio,pb,pe,pe1,ppnenet,prefdivis,price,ps,ps1,receivables,retearn,revenue,revenueusd,rnd,roa,roe,roic,ros,sbcomp,sgna,sharefactor,sharesbas,shareswa,shareswadil,sps,tangibles,taxassets,taxexp,taxliabilities,tbvps,workingcapital
0,TSLA,MRY,2020-12-31,2020-12-31,2020-12-31,2021-07-27,363000000.0,52148000000.0,43306000000.0,26717000000.0,25431000000.0,0.728,23.821,-3232000000.0,19384000000.0,19384000000.0,24906000000.0,862000000.0,1.875,1.279,11739000000.0,2132000000.0,9607000000.0,11739000000.0,2742000000.0,2322000000.0,752000000.0,0.0,0.0,1761000000.0,4083000000.0,0.129,4083000000.0,1761000000.0,1013000000.0,0.74,0.64,0.74,22225000000.0,14321000000.0,22225000000.0,668107110256.0,379.0,163.631,2711000000.0,2.906,1.0,6630000000.0,0.21,520000000.0,748000000.0,29735000000.0,30574250000.0,4101000000.0,0.0,0.0,0.0,28418000000.0,14248000000.0,14170000000.0,668905110256.0,13118000000.0,-13000000.0,12686000000.0,-2494000000.0,0.0,9973000000.0,-3132000000.0,0.0,5943000000.0,334000000.0,721000000.0,721000000.0,721000000.0,0.0,141000000.0,0.023,4636000000.0,1994000000.0,6051000000.0,0.0,30.097,927.746,953.608,23375000000.0,0.0,705.67,21.211,20.877,1886000000.0,-5399000000.0,31536000000.0,31536000000.0,1491000000.0,0.017,0.05,0.058,0.056,1734000000.0,3145000000.0,1.0,947900733.0,933000000,933000000.0,33.801,51628000000.0,0.0,292000000.0,0.0,55.335,12469000000.0
1,TSLA,MRY,2019-12-31,2019-12-31,2019-12-31,2021-07-27,-36000000.0,34309000000.0,31972280250.0,12103000000.0,22206000000.0,0.769,7.461,-1432000000.0,6268000000.0,6268000000.0,20509000000.0,-775000000.0,1.135,3.959,13419000000.0,1785000000.0,11634000000.0,13419000000.0,2370000000.0,2154000000.0,726000000.0,0.0,0.0,-67000000.0,2087000000.0,0.085,2087000000.0,-67000000.0,-752000000.0,-0.98,-0.98,-0.98,6618000000.0,5744747250.0,6618000000.0,83173831447.0,-1241.0,39.853,973000000.0,1.097,1.0,4069000000.0,0.166,537000000.0,685000000.0,30256000000.0,29593029250.0,3552000000.0,0.0,0.0,0.0,26199000000.0,10667000000.0,15532000000.0,75401831447.0,2506000000.0,-45000000.0,1285000000.0,761000000.0,0.0,1529000000.0,-1436000000.0,0.0,2405000000.0,8000000.0,-862000000.0,-862000000.0,-862000000.0,0.0,87000000.0,-0.035,4138000000.0,-69000000.0,3771000000.0,0.0,11.393,-87.473,-85.373,20199000000.0,0.0,83.666,3.068,3.019,1324000000.0,-6083000000.0,24578000000.0,24578000000.0,1343000000.0,-0.027,-0.15,-0.002,-0.003,898000000.0,2646000000.0,1.0,901224290.0,887000000,887000000.0,27.709,33772000000.0,0.0,110000000.0,0.0,38.074,1436000000.0
2,TSLA,MRY,2018-12-31,2018-12-31,2018-12-31,2021-07-27,-8000000.0,29740000000.0,28546035500.0,8307000000.0,21433000000.0,0.752,5.771,-2319000000.0,3879000000.0,3879000000.0,17419000000.0,-1063000000.0,0.831,4.759,11972000000.0,2568000000.0,9404000000.0,11972000000.0,1621000000.0,1901000000.0,793000000.0,0.0,0.0,-255000000.0,1646000000.0,0.077,1646000000.0,-255000000.0,-918000000.0,-1.14,-1.14,-1.14,4923000000.0,4447238500.0,4923000000.0,65805687520.0,-258.0,39.979,-221000000.0,-0.259,1.0,4042000000.0,0.188,350000000.0,663000000.0,27490000000.0,27275058250.0,3113000000.0,820000000.0,0.0,820000000.0,23427000000.0,9993000000.0,13434000000.0,57152667520.0,312000000.0,-18000000.0,296000000.0,74000000.0,0.0,574000000.0,-2337000000.0,0.0,2098000000.0,-23000000.0,-976000000.0,-976000000.0,-976000000.0,0.0,-87000000.0,-0.045,4430000000.0,-388000000.0,3405000000.0,0.0,11.609,-58.558,-58.386,19691000000.0,0.0,66.56,2.663,2.646,949000000.0,-5318000000.0,21461000000.0,21461000000.0,1460000000.0,-0.034,-0.219,-0.009,-0.012,749000000.0,2835000000.0,1.0,858663875.0,853000000,853000000.0,25.159,29390000000.0,0.0,58000000.0,0.0,34.455,-1686000000.0
3,TSLA,MRY,2017-12-31,2017-12-31,2017-12-31,2021-07-27,33348000.0,28655372000.0,26964969250.0,6570520000.0,22084852000.0,0.436,5.105,-4081000000.0,3523237000.0,3523237000.0,9536000000.0,-2241000000.0,0.856,5.433,10314938000.0,896549000.0,9418389000.0,10314938000.0,2193052000.0,1636000000.0,853919000.0,0.0,0.0,-1459000000.0,177000000.0,0.015,177000000.0,-1459000000.0,-1930000000.0,-2.366,-2.366,-2.366,4237242000.0,4760548250.0,4237242000.0,58668350433.0,-40.0,331.46,-4142000000.0,-4.99,1.0,2223000000.0,0.189,421739000.0,471000000.0,27350664000.0,25306667000.0,2263537000.0,898374000.0,0.0,898374000.0,23022980000.0,7674670000.0,15348310000.0,52327783433.0,198000000.0,-115000000.0,712000000.0,3672000000.0,0.0,4415000000.0,-4196000000.0,0.0,-61000000.0,40000000.0,-1962000000.0,-1962000000.0,-1962000000.0,0.0,-279000000.0,-0.167,3855000000.0,-1632000000.0,2390250000.0,0.0,12.349,-26.671,-26.319,20491616000.0,0.0,62.27,4.45,4.395,515381000.0,-4974299000.0,11759000000.0,11759000000.0,1378000000.0,-0.073,-0.412,-0.058,-0.124,467000000.0,2477000000.0,1.0,840336975.0,830000000,830000000.0,14.167,28233633000.0,0.0,32000000.0,0.0,34.016,-1104150000.0
4,TSLA,MRY,2016-12-31,2016-12-31,2016-12-31,2021-07-27,-23740000.0,22664076000.0,14079281750.0,6259796000.0,16404280000.0,0.497,6.592,-1440471000.0,3498735000.0,3498735000.0,5400875000.0,-773046000.0,1.074,3.524,7128431000.0,1150147000.0,5978284000.0,7128431000.0,1614916000.0,947099000.0,663859000.0,0.0,0.0,-449406000.0,497693000.0,0.071,497693000.0,-449406000.0,-648216000.0,-0.936,-0.936,-0.936,4752911000.0,2731014500.0,4752911000.0,31570458391.0,-70.0,63.434,-1564300000.0,-2.169,1.0,1599257000.0,0.228,376145000.0,198810000.0,20090622000.0,10971527500.0,2067454000.0,774467000.0,0.0,774467000.0,16750167000.0,5827005000.0,10923162000.0,32030248391.0,2532509000.0,342719000.0,1865551000.0,1718190000.0,0.0,3743976000.0,-1081085000.0,16667000.0,-123829000.0,-6553000.0,-674914000.0,-674914000.0,-674914000.0,0.0,-98132000.0,-0.096,2266597000.0,-667340000.0,1860341000.0,0.0,6.739,-47.458,-45.66,15036917000.0,0.0,42.738,4.576,4.402,499142000.0,-2997237000.0,7000132000.0,7000132000.0,834408000.0,-0.048,-0.247,-0.041,-0.064,334225000.0,1432189000.0,1.0,749455950.0,721060000,721060000.0,9.708,22287931000.0,0.0,26698000.0,0.0,30.91,432791000.0
5,TSLA,MRY,2015-12-31,2015-12-31,2015-12-31,2021-07-27,-3556000.0,8067939000.0,7050912750.0,2782006000.0,5285933000.0,0.574,1.691,-1634850000.0,1219536000.0,1219536000.0,3122522000.0,-888663000.0,0.99,6.401,2696305000.0,627927000.0,2068378000.0,2696305000.0,870066000.0,422590000.0,283370000.0,0.0,0.0,-756773000.0,-334183000.0,-0.083,-334183000.0,-756773000.0,-875624000.0,-1.386,-1.386,-1.386,1083704000.0,985072750.0,1083704000.0,32656619073.0,-43.0,-97.721,-2159349000.0,-3.369,1.0,923503000.0,0.228,12816000.0,118851000.0,6720857000.0,5882772500.0,1277838000.0,31522000.0,0.0,31522000.0,6936950000.0,2811035000.0,4125915000.0,31429626073.0,-708805000.0,-12260000.0,856611000.0,683937000.0,0.0,1523523000.0,-1673551000.0,0.0,-524499000.0,-34278000.0,-888663000.0,-888663000.0,-888663000.0,0.0,0.0,-0.22,1640132000.0,-716629000.0,916148000.0,0.0,29.002,-35.367,-34.633,5194737000.0,0.0,48.002,7.768,7.605,168965000.0,-2322323000.0,4046025000.0,4046025000.0,717900000.0,-0.126,-0.902,-0.129,-0.187,197999000.0,922232000.0,1.0,654756595.0,641010000,641010000.0,6.312,8055123000.0,0.0,13039000.0,0.0,12.566,-29029000.0
6,TSLA,MRY,2014-12-31,2014-12-31,2014-12-31,2021-07-27,-22000.0,5830667000.0,5205768250.0,3180073000.0,2650594000.0,0.614,1.464,-969885000.0,1917087000.0,1917087000.0,2316685000.0,-294040000.0,1.509,5.331,2488080000.0,611099000.0,1876981000.0,2488080000.0,483922000.0,231931000.0,257587000.0,0.0,0.0,-183750000.0,48181000.0,0.015,48181000.0,-183750000.0,-284636000.0,-0.472,-0.472,-0.472,911710000.0,933548250.0,911710000.0,27975160693.0,-152.0,580.626,-1027222000.0,-1.65,1.0,881671000.0,0.276,0.0,100886000.0,4294494000.0,3528488250.0,953675000.0,17947000.0,17947000.0,0.0,4860761000.0,2107166000.0,2753595000.0,27886165693.0,1059824000.0,0.0,489615000.0,2292092000.0,0.0,2143130000.0,-990444000.0,-16710000.0,-57337000.0,-35525000.0,-294040000.0,-294040000.0,-294040000.0,0.0,0.0,-0.092,1068360000.0,-186689000.0,777946000.0,0.0,30.587,-94.838,-94.242,2596011000.0,0.0,44.482,8.719,8.66,226604000.0,-1433660000.0,3198356000.0,3198356000.0,464700000.0,-0.056,-0.315,-0.052,-0.057,156496000.0,603660000.0,1.0,626908990.0,622695000,622695000.0,5.136,5830667000.0,0.0,9404000.0,0.0,9.364,1072907000.0
7,TSLA,MRY,2013-12-31,2013-12-31,2013-12-31,2021-07-27,0.0,2416930000.0,1903690250.0,1265939000.0,1150991000.0,1.058,1.117,-264224000.0,852324000.0,852324000.0,1557234000.0,-74014000.0,1.875,2.623,606878000.0,7904000.0,598974000.0,606878000.0,273062000.0,106083000.0,163153000.0,0.0,0.0,-38492000.0,67591000.0,0.034,67591000.0,-38492000.0,-71426000.0,-0.124,-0.124,-0.124,667120000.0,507323500.0,667120000.0,18314092995.0,-476.0,270.955,580000.0,0.001,1.0,456262000.0,0.227,0.0,32934000.0,1496324000.0,1108375750.0,340355000.0,3012000.0,3012000.0,0.0,1749810000.0,675160000.0,1074650000.0,18441681995.0,643999000.0,0.0,630625000.0,199238000.0,0.0,635422000.0,-249417000.0,0.0,264804000.0,-6810000.0,-74014000.0,-74014000.0,-74014000.0,0.0,0.0,-0.037,517545000.0,-61283000.0,303969000.0,0.0,27.644,-249.165,-242.627,1120919000.0,0.0,30.086,9.159,8.922,49109000.0,-1139620000.0,2013496000.0,2013496000.0,231976000.0,-0.039,-0.146,-0.035,-0.019,80737000.0,285569000.0,1.0,612969640.0,597105000,597105000.0,3.372,2416930000.0,0.0,2588000.0,0.0,4.048,590779000.0
8,TSLA,MRY,2012-12-31,2012-12-31,2012-12-31,2021-07-27,0.0,1114190000.0,865334000.0,524768000.0,589422000.0,0.478,0.232,-239228000.0,226143000.0,226143000.0,383189000.0,-396213000.0,0.973,7.935,466666000.0,55206000.0,411460000.0,466666000.0,4965000.0,28825000.0,138817000.0,0.0,0.0,-395823000.0,-366998000.0,-0.888,-366998000.0,-395823000.0,-396077000.0,-0.738,-0.738,-0.738,124700000.0,78228500.0,124700000.0,4214962158.0,-11.0,-11.485,-503043000.0,-0.937,1.0,30067000.0,0.073,0.0,254000.0,815605000.0,730697250.0,268504000.0,0.0,0.0,0.0,989490000.0,539108000.0,450382000.0,3853690158.0,-53376000.0,0.0,246381000.0,173254000.0,0.0,419635000.0,-206930000.0,25008000.0,-263815000.0,-2266000.0,-396213000.0,-396213000.0,-396213000.0,0.0,0.0,-0.959,424350000.0,-394283000.0,303382000.0,0.0,30.904,-9.726,-9.179,562300000.0,0.0,6.774,9.325,8.798,26842000.0,-1065606000.0,413256000.0,413256000.0,273978000.0,-0.458,-5.065,-0.542,-0.958,50145000.0,150372000.0,1.0,568894325.0,536745940,536745940.0,0.77,1114190000.0,0.0,136000.0,0.0,2.076,-14340000.0
9,TSLA,MRY,2011-12-31,2011-12-31,2011-12-31,2021-07-27,-3000.0,713448000.0,616785500.0,372838000.0,340610000.0,0.331,0.446,-184226000.0,286810000.0,286810000.0,142647000.0,-254411000.0,1.949,2.184,280148000.0,8983000.0,271165000.0,280148000.0,5491000.0,16919000.0,91761000.0,0.0,0.0,-253879000.0,-236960000.0,-1.16,-236960000.0,-253879000.0,-253922000.0,-0.506,-0.506,-0.506,224045000.0,258588250.0,224045000.0,2930430987.0,-12.0,-12.367,-312260000.0,-0.622,1.0,61595000.0,0.302,0.0,43000.0,515447000.0,392079250.0,50082000.0,25061000.0,25061000.0,0.0,489403000.0,191339000.0,298064000.0,2978768987.0,155708000.0,0.0,241993000.0,204007000.0,0.0,446000000.0,-162258000.0,-24952000.0,-128034000.0,0.0,-254411000.0,-254411000.0,-254411000.0,0.0,0.0,-1.246,313083000.0,-251488000.0,56141000.0,0.0,13.295,-11.708,-11.289,310171000.0,0.0,5.712,14.585,14.038,9539000.0,-669392000.0,204242000.0,204242000.0,208981000.0,-0.412,-0.984,-0.648,-1.243,29419000.0,104102000.0,1.0,521493170.0,501944075,501944075.0,0.407,713448000.0,0.0,489000.0,0.0,1.421,181499000.0
10,TSLA,MRY,2010-12-31,2010-12-31,2010-12-31,2021-07-27,0.0,386082000.0,260249250.0,235886000.0,150196000.0,0.449,0.816,-105413000.0,178022000.0,178022000.0,86013000.0,-154328000.0,2.757,0.865,72603000.0,279000.0,72324000.0,72603000.0,7418000.0,10623000.0,30755000.0,0.0,0.0,-153163000.0,-142540000.0,-1.221,-142540000.0,-153163000.0,-154155000.0,-0.608,-0.608,-0.608,207048000.0,-40525250.0,207048000.0,2299027768.0,-15.0,-16.129,-233230000.0,-0.92,1.0,30731000.0,0.263,0.0,992000.0,195098000.0,105940750.0,45182000.0,0.0,0.0,0.0,179034000.0,85565000.0,93469000.0,2483798768.0,29931000.0,0.0,270192000.0,71513000.0,0.0,338045000.0,-180297000.0,0.0,-127817000.0,0.0,-154328000.0,-154328000.0,-154328000.0,0.0,0.0,-1.322,177569000.0,-146838000.0,28951000.0,0.0,11.996,-16.094,-8.76,122599000.0,0.0,5.326,21.276,11.569,6710000.0,-414982000.0,116744000.0,116744000.0,92996000.0,-0.593,3.808,-1.446,-1.312,21082000.0,84573000.0,1.0,466353505.0,253591510,253591510.0,0.46,386082000.0,0.0,173000.0,0.0,1.522,150321000.0
11,TSLA,MRY,2009-12-31,2009-12-31,2009-12-31,2021-07-27,0.0,130424000.0,91061500.0,100559000.0,29865000.0,1.229,-7.221,-11884000.0,73207000.0,73207000.0,102408000.0,-55740000.0,1.749,-0.255,1090000.0,290000.0,800000.0,1090000.0,2617000.0,6940000.0,26048000.0,,0.0,-53183000.0,-46243000.0,-0.413,-46243000.0,-53183000.0,-55714000.0,-1.588,-1.588,-1.588,-253523000.0,-226618500.0,-253523000.0,,,,-92709000.0,-2.641,1.0,9535000.0,0.085,0.0,2531000.0,818000.0,4921000.0,23222000.0,0.0,0.0,0.0,64722000.0,57489000.0,7233000.0,,60350000.0,0.0,497000.0,25146000.0,0.0,155419000.0,-14244000.0,0.0,-80825000.0,0.0,-55740000.0,-55740000.0,-55740000.0,0.0,0.0,-0.498,61432000.0,-51897000.0,15086000.0,0.0,,,,23535000.0,0.0,,,,3488000.0,-260654000.0,111943000.0,111943000.0,19282000.0,-0.612,0.246,-10.807,-0.475,1434000.0,42150000.0,1.0,465989690.0,35109815,35109815.0,3.188,130424000.0,0.0,26000.0,0.0,3.715,43070000.0
12,TSLA,MRY,2008-12-31,2008-12-31,2008-12-31,2021-07-27,0.0,51699000.0,,31427000.0,20272000.0,,-6.01,-10630000.0,10497000.0,10497000.0,15883000.0,-82782000.0,0.357,-0.752,55757000.0,341000.0,55416000.0,55757000.0,4073000.0,4157000.0,48019000.0,,0.0,-78938000.0,-74781000.0,-5.073,-74781000.0,-78938000.0,-82685000.0,-2.492,-2.492,-2.492,-199714000.0,,-199714000.0,,,,-63042000.0,-1.897,1.0,-1141000.0,-0.077,0.0,3747000.0,9024000.0,,16650000.0,0.0,0.0,0.0,150235000.0,87935000.0,62300000.0,,-7934000.0,0.0,477000.0,55591000.0,0.0,56068000.0,-11590000.0,0.0,-52412000.0,0.0,-82782000.0,-82782000.0,-82782000.0,0.0,0.0,-5.615,77363000.0,-78504000.0,14184000.0,0.0,,,,18793000.0,0.0,,,,3320000.0,-204914000.0,14742000.0,14742000.0,53714000.0,,,,-5.355,437000.0,23649000.0,1.0,,33231935,33231935.0,0.444,51699000.0,0.0,97000.0,0.0,1.556,-56508000.0
13,TSLA,MRY,2007-12-31,2007-12-31,2007-12-31,2021-07-27,,,,,,,,-9802000.0,,,9000.0,-78157000.0,,,,,,,,2895000.0,,,0.0,-78047000.0,-75152000.0,-1029.479,-75152000.0,-78047000.0,-78047000.0,-4.538,-4.538,-4.538,,,,,,,-63271000.0,-3.674,1.0,64000.0,0.877,,0.0,,,,,,,,,,,-18190000.0,0.0,100000.0,0.0,0.0,45041000.0,-9762000.0,0.0,-53469000.0,0.0,-78157000.0,-78157000.0,-78157000.0,0.0,0.0,-1070.644,79997000.0,-79933000.0,,0.0,,,,,0.0,,,,,,73000.0,73000.0,62753000.0,,,,-1069.137,198000.0,17244000.0,1.0,,17219030,17219030.0,0.004,,,110000.0,,,
0,TSLA,MRQ,2021-06-30,2021-06-30,2021-06-30,2021-07-27,206000000.0,55146000000.0,,24693000000.0,30453000000.0,,25.545,-1515000000.0,16229000000.0,16229000000.0,9074000000.0,1178000000.0,1.508,1.165,9401000000.0,1530000000.0,7871000000.0,9401000000.0,3011000000.0,681000000.0,812000000.0,0.0,0.0,1332000000.0,2013000000.0,0.168,2013000000.0,1332000000.0,1257000000.0,1.18,1.02,1.18,24804000000.0,,24804000000.0,648506705506.0,202.0,113.355,609000000.0,0.627,1.0,2884000000.0,0.241,486000000.0,75000000.0,31461000000.0,,4733000000.0,1311000000.0,0.0,1311000000.0,28896000000.0,16371000000.0,12525000000.0,654775705506.0,-898000000.0,0.0,70000000.0,-1588000000.0,0.0,-1549000000.0,-1515000000.0,0.0,2124000000.0,42000000.0,1142000000.0,1142000000.0,1142000000.0,0.0,36000000.0,0.096,1572000000.0,1312000000.0,7558000000.0,0.0,26.398,300.218,302.089,27030000000.0,0.0,679.7,15.641,15.766,2129000000.0,-3608000000.0,11958000000.0,11958000000.0,576000000.0,,,,,474000000.0,973000000.0,1.0,963330448.0,971000000,971000000.0,12.315,54660000000.0,0.0,115000000.0,0.0,56.292,8322000000.0
1,TSLA,MRQ,2021-03-31,2021-03-31,2021-03-31,2021-07-27,143000000.0,52972000000.0,,24705000000.0,28267000000.0,,23.951,-1360000000.0,17141000000.0,17141000000.0,8174000000.0,464000000.0,1.661,1.239,10872000000.0,1819000000.0,9053000000.0,10872000000.0,2886000000.0,621000000.0,745000000.0,0.0,0.0,606000000.0,1227000000.0,0.118,1227000000.0,606000000.0,507000000.0,0.46,0.39,0.46,23017000000.0,,23017000000.0,633469950927.0,291.0,138.615,281000000.0,0.292,1.0,2215000000.0,0.213,505000000.0,99000000.0,31321000000.0,,4132000000.0,1331000000.0,0.0,1331000000.0,28507000000.0,14877000000.0,13630000000.0,641114950927.0,-2178000000.0,0.0,183000000.0,-1167000000.0,0.0,-1016000000.0,-2582000000.0,-1228000000.0,1641000000.0,-221000000.0,438000000.0,438000000.0,438000000.0,0.0,26000000.0,0.042,1621000000.0,594000000.0,6648000000.0,0.0,27.854,560.905,566.042,24844000000.0,0.0,667.93,17.838,17.86,1890000000.0,-4750000000.0,10389000000.0,10389000000.0,666000000.0,,,,,614000000.0,1056000000.0,1.0,959853504.0,961000000,961000000.0,10.811,52467000000.0,0.0,69000000.0,0.0,54.596,9828000000.0
2,TSLA,MRQ,2020-12-31,2020-12-31,2020-12-31,2021-07-27,363000000.0,52148000000.0,,26717000000.0,25431000000.0,,23.37,-1164000000.0,19384000000.0,19384000000.0,8678000000.0,296000000.0,1.875,1.279,11739000000.0,2132000000.0,9607000000.0,11739000000.0,2742000000.0,618000000.0,752000000.0,0.0,0.0,599000000.0,1217000000.0,0.113,1217000000.0,599000000.0,353000000.0,0.29,0.24,0.29,22225000000.0,,22225000000.0,668107110256.0,379.0,163.631,1855000000.0,1.951,1.0,2066000000.0,0.192,520000000.0,246000000.0,29735000000.0,,4101000000.0,0.0,0.0,0.0,28418000000.0,14248000000.0,14170000000.0,668905110256.0,4898000000.0,0.0,5043000000.0,-2305000000.0,0.0,2692000000.0,-1047000000.0,0.0,3019000000.0,234000000.0,270000000.0,270000000.0,270000000.0,0.0,26000000.0,0.025,1491000000.0,575000000.0,6051000000.0,0.0,30.097,927.746,953.608,23375000000.0,0.0,705.67,21.211,20.877,1886000000.0,-5399000000.0,10744000000.0,10744000000.0,522000000.0,,,,,633000000.0,969000000.0,1.0,947900733.0,951000000,951000000.0,11.298,51628000000.0,0.0,83000000.0,0.0,54.288,12469000000.0
3,TSLA,MRQ,2020-09-30,2020-09-30,2020-09-30,2021-07-27,125000000.0,45691000000.0,,21744000000.0,23947000000.0,,17.109,-1021000000.0,14531000000.0,14531000000.0,6708000000.0,369000000.0,1.635,1.756,13733000000.0,3126000000.0,10607000000.0,13733000000.0,2491000000.0,584000000.0,708000000.0,0.0,0.0,680000000.0,1264000000.0,0.144,1264000000.0,680000000.0,517000000.0,0.32,0.27,0.32,16031000000.0,,16031000000.0,405279220356.0,274.0,107.787,1379000000.0,1.472,1.0,2063000000.0,0.235,521000000.0,163000000.0,31070000000.0,,4218000000.0,0.0,0.0,0.0,28143000000.0,13302000000.0,14841000000.0,399755220356.0,5897000000.0,-13000000.0,5117000000.0,-587000000.0,0.0,4450000000.0,-1039000000.0,0.0,2400000000.0,86000000.0,331000000.0,331000000.0,331000000.0,0.0,38000000.0,0.038,1254000000.0,809000000.0,4958000000.0,0.0,24.936,718.984,739.672,21990000000.0,0.0,429.01,14.188,14.267,1757000000.0,-5669000000.0,8771000000.0,8771000000.0,366000000.0,,,,,543000000.0,888000000.0,1.0,931808630.0,937000000,937000000.0,9.361,45170000000.0,0.0,186000000.0,0.0,48.207,8442000000.0
4,TSLA,MRQ,2020-06-30,2020-06-30,2020-06-30,2021-07-27,-40000000.0,38135000000.0,,15336000000.0,22799000000.0,,10.62,-566000000.0,8615000000.0,8615000000.0,4769000000.0,129000000.0,1.25,2.715,14139000000.0,3679000000.0,10460000000.0,14139000000.0,2328000000.0,567000000.0,713000000.0,0.0,0.0,295000000.0,862000000.0,0.143,862000000.0,295000000.0,125000000.0,0.11,0.1,0.11,9855000000.0,,9855000000.0,206028572890.0,179.0,60.955,398000000.0,0.429,1.0,1267000000.0,0.21,508000000.0,170000000.0,30881000000.0,,4018000000.0,0.0,0.0,0.0,26754000000.0,12270000000.0,14484000000.0,200165572890.0,559000000.0,0.0,57000000.0,111000000.0,0.0,123000000.0,-566000000.0,0.0,964000000.0,38000000.0,104000000.0,104000000.0,104000000.0,0.0,25000000.0,0.017,940000000.0,327000000.0,3638000000.0,0.0,20.311,543.928,514.195,20876000000.0,0.0,215.962,7.786,7.796,1485000000.0,-6000000000.0,6036000000.0,6036000000.0,279000000.0,,,,,347000000.0,661000000.0,1.0,926855525.0,928000000,928000000.0,6.504,37627000000.0,0.0,21000000.0,0.0,40.546,3066000000.0
5,TSLA,MRQ,2020-03-31,2020-03-31,2020-03-31,2021-07-27,-113000000.0,37250000000.0,,14893000000.0,22357000000.0,,10.025,-481000000.0,8080000000.0,8080000000.0,4751000000.0,68000000.0,1.243,2.891,13943000000.0,3217000000.0,10726000000.0,13943000000.0,2385000000.0,553000000.0,788000000.0,0.0,0.0,187000000.0,740000000.0,0.124,740000000.0,187000000.0,18000000.0,0.02,0.02,0.02,9173000000.0,,9173000000.0,101927991064.0,159.0,35.392,-921000000.0,-1.007,1.0,1234000000.0,0.206,516000000.0,169000000.0,30611000000.0,,4494000000.0,0.0,0.0,0.0,26518000000.0,11986000000.0,14532000000.0,95022991064.0,1764000000.0,0.0,2469000000.0,287000000.0,0.0,2708000000.0,-480000000.0,0.0,-440000000.0,-24000000.0,16000000.0,16000000.0,16000000.0,0.0,52000000.0,0.003,951000000.0,283000000.0,3970000000.0,0.0,10.359,-659.882,-689.474,20468000000.0,0.0,104.8,3.652,3.685,1274000000.0,-6104000000.0,5985000000.0,5985000000.0,324000000.0,,,,,211000000.0,627000000.0,1.0,906707930.0,915000000,915000000.0,6.541,36734000000.0,0.0,2000000.0,0.0,40.146,2907000000.0
6,TSLA,MRQ,2019-12-31,2019-12-31,2019-12-31,2021-07-27,-36000000.0,34309000000.0,,12103000000.0,22206000000.0,,7.337,-449000000.0,6268000000.0,6268000000.0,5993000000.0,132000000.0,1.135,3.959,13419000000.0,1785000000.0,11634000000.0,13419000000.0,2370000000.0,577000000.0,726000000.0,0.0,0.0,317000000.0,894000000.0,0.121,894000000.0,317000000.0,147000000.0,0.13,0.13,0.13,6618000000.0,,6618000000.0,83173831447.0,-1241.0,39.853,976000000.0,1.082,1.0,1391000000.0,0.188,537000000.0,170000000.0,30256000000.0,,3552000000.0,0.0,0.0,0.0,26199000000.0,10667000000.0,15532000000.0,75401831447.0,957000000.0,0.0,96000000.0,-200000000.0,0.0,-79000000.0,-403000000.0,0.0,1425000000.0,14000000.0,105000000.0,105000000.0,105000000.0,0.0,27000000.0,0.014,1032000000.0,359000000.0,3771000000.0,0.0,11.393,-87.473,-85.373,20199000000.0,0.0,83.666,3.068,3.019,1324000000.0,-6083000000.0,7384000000.0,7384000000.0,345000000.0,,,,,281000000.0,699000000.0,1.0,901224290.0,902000000,902000000.0,8.186,33772000000.0,0.0,42000000.0,0.0,37.441,1436000000.0
7,TSLA,MRQ,2019-09-30,2019-09-30,2019-09-30,2021-07-27,-120000000.0,32795000000.0,,10940000000.0,21855000000.0,,6.734,-410000000.0,5571000000.0,5571000000.0,5112000000.0,150000000.0,1.078,4.191,13343000000.0,2030000000.0,11313000000.0,13343000000.0,2185000000.0,530000000.0,665000000.0,0.0,0.0,354000000.0,884000000.0,0.14,884000000.0,354000000.0,169000000.0,0.16,0.16,0.16,6040000000.0,,6040000000.0,51089118058.0,-1087.0,25.204,346000000.0,0.386,1.0,1191000000.0,0.189,537000000.0,185000000.0,29884000000.0,,3581000000.0,653000000.0,0.0,653000000.0,25313000000.0,10146000000.0,15167000000.0,43146378058.0,377000000.0,-76000000.0,71000000.0,45000000.0,0.0,118000000.0,-486000000.0,0.0,756000000.0,-11000000.0,143000000.0,143000000.0,143000000.0,0.0,7000000.0,0.023,930000000.0,261000000.0,3468000000.0,0.0,7.143,-52.172,-50.709,19845000000.0,0.0,48.174,1.767,1.77,1128000000.0,-6188000000.0,6303000000.0,6303000000.0,334000000.0,,,,,199000000.0,596000000.0,1.0,895636195.0,897000000,897000000.0,7.027,32258000000.0,0.0,26000000.0,0.0,35.962,794000000.0
8,TSLA,MRQ,2019-06-30,2019-06-30,2019-06-30,2021-07-27,-5605000.0,31872597000.0,,10181952000.0,21690645000.0,,6.458,-268000000.0,5082746000.0,5082746000.0,5429000000.0,-389000000.0,1.062,4.326,13025486000.0,1791085000.0,11234401000.0,13025486000.0,2065335000.0,579000000.0,631107000.0,0.0,0.0,-217000000.0,362000000.0,0.057,362000000.0,-217000000.0,-389000000.0,-0.462,-0.462,-0.462,5715393000.0,,5715393000.0,47984192191.0,470.0,22.334,596000000.0,0.673,1.0,921000000.0,0.145,480833000.0,172000000.0,29745731000.0,,3382358000.0,765855000.0,0.0,765855000.0,24722136000.0,9588773000.0,15133363000.0,38819650191.0,2766000000.0,32000000.0,1040000000.0,1601000000.0,0.0,2143000000.0,-241000000.0,0.0,864000000.0,0.0,-408000000.0,-408000000.0,-408000000.0,0.0,19000000.0,-0.064,1088000000.0,-167000000.0,3133587000.0,0.0,6.792,-58.907,-59.909,19600979000.0,0.0,44.692,1.556,1.586,1147100000.0,-6331639000.0,6350000000.0,6350000000.0,324000000.0,,,,,210000000.0,647000000.0,1.0,868604005.0,885000000,885000000.0,7.175,31391764000.0,0.0,19000000.0,0.0,35.471,593179000.0
9,TSLA,MRQ,2019-03-31,2019-03-31,2019-03-31,2021-07-27,-35019000.0,28912524000.0,,7677822000.0,21234702000.0,,5.324,-305000000.0,2329119000.0,2329119000.0,3975000000.0,-668000000.0,0.831,4.967,11493661000.0,1705711000.0,9787950000.0,11493661000.0,1920153000.0,468000000.0,768276000.0,0.0,0.0,-521000000.0,-53000000.0,-0.012,-53000000.0,-521000000.0,-679000000.0,-0.82,-0.82,-0.82,4605596000.0,,4605596000.0,56431037352.0,-255.0,32.591,-945000000.0,-1.092,1.0,566000000.0,0.125,347880000.0,158000000.0,28486386000.0,,3836850000.0,766860000.0,0.0,766860000.0,22874618000.0,9242800000.0,13631818000.0,48337835352.0,-1594000000.0,-1000000.0,78000000.0,-685000000.0,0.0,-653000000.0,-306000000.0,0.0,-640000000.0,5000000.0,-702000000.0,-702000000.0,-702000000.0,0.0,34000000.0,-0.155,1088000000.0,-522000000.0,3248827000.0,0.0,10.495,-49.908,-49.621,19318095000.0,0.0,55.972,2.139,2.143,1046945000.0,-5923305000.0,4541000000.0,4541000000.0,340000000.0,,,,,208000000.0,704000000.0,1.0,863607435.0,865000000,865000000.0,5.25,28564644000.0,0.0,23000000.0,0.0,33.023,-1564978000.0
10,TSLA,MRQ,2018-12-31,2018-12-31,2018-12-31,2021-07-27,-8000000.0,29740000000.0,,8307000000.0,21433000000.0,,5.711,-354000000.0,3879000000.0,3879000000.0,5783000000.0,210000000.0,0.831,4.759,11972000000.0,2568000000.0,9404000000.0,11972000000.0,1621000000.0,497000000.0,793000000.0,0.0,0.0,337000000.0,834000000.0,0.115,834000000.0,337000000.0,162000000.0,0.172,0.172,0.172,4923000000.0,,4923000000.0,65805687520.0,-258.0,39.979,881000000.0,1.022,1.0,1443000000.0,0.2,350000000.0,175000000.0,27490000000.0,,3113000000.0,820000000.0,0.0,820000000.0,23427000000.0,9993000000.0,13434000000.0,57152667520.0,754000000.0,-11000000.0,76000000.0,-213000000.0,0.0,-112000000.0,-365000000.0,0.0,1235000000.0,-4000000.0,140000000.0,140000000.0,140000000.0,0.0,70000000.0,0.019,1029000000.0,414000000.0,3405000000.0,0.0,11.609,-58.558,-58.386,19691000000.0,0.0,66.56,2.663,2.646,949000000.0,-5318000000.0,7226000000.0,7226000000.0,356000000.0,,,,,205000000.0,668000000.0,1.0,858663875.0,862000000,862000000.0,8.383,29390000000.0,0.0,22000000.0,0.0,34.095,-1686000000.0
11,TSLA,MRQ,2018-09-30,2018-09-30,2018-09-30,2021-07-27,8271000.0,29262713000.0,,7920491000.0,21342222000.0,,5.273,-559150000.0,3126131000.0,3126131000.0,5300000000.0,254000000.0,0.81,5.192,11779151000.0,2106538000.0,9672613000.0,11779151000.0,1521046000.0,502512000.0,905838000.0,0.0,0.0,503000000.0,1005512000.0,0.147,1005512000.0,503000000.0,328000000.0,0.364,0.35,0.364,4508838000.0,,4508838000.0,54401275737.0,-48.0,73.172,831890000.0,0.973,1.0,1524000000.0,0.223,356702000.0,175000000.0,27783707000.0,,3314127000.0,819732000.0,0.0,819732000.0,23409144000.0,9775324000.0,13633820000.0,45167946737.0,739721000.0,-1396000.0,94929000.0,-221311000.0,0.0,-84282000.0,-560546000.0,0.0,1391040000.0,-6491000.0,311000000.0,311000000.0,311000000.0,0.0,-57000000.0,0.046,1108000000.0,416000000.0,3596984000.0,0.0,10.018,-25.205,-24.931,19733969000.0,0.0,52.954,2.578,2.584,1155001000.0,-5457315000.0,6824000000.0,6824000000.0,351000000.0,,,,,205017000.0,730000000.0,1.0,852965720.0,855000000,855000000.0,7.981,28906011000.0,0.0,17000000.0,0.0,33.808,-1854833000.0
12,TSLA,MRQ,2018-06-30,2018-06-30,2018-06-30,2021-07-27,18545000.0,27910000000.0,,6699797000.0,21210203000.0,,4.596,-677213000.0,2383246000.0,2383246000.0,3383301000.0,-742706000.0,0.733,5.796,11616575000.0,2103185000.0,9513390000.0,11616575000.0,1372141000.0,485255000.0,942129000.0,0.0,0.0,-540250000.0,-54995000.0,-0.014,-54995000.0,-540250000.0,-703832000.0,-0.844,-0.844,-0.844,3906421000.0,,3906421000.0,66206635271.0,-31.0,-181.9,-806877000.0,-0.949,1.0,618930000.0,0.155,364690000.0,163582000.0,27637277000.0,,3324643000.0,834833000.0,0.0,834833000.0,22642887000.0,9141362000.0,13501525000.0,58230744271.0,-436470000.0,-5604000.0,31053000.0,245597000.0,0.0,398622000.0,-682817000.0,0.0,-129664000.0,-22611000.0,-717539000.0,-717539000.0,-717539000.0,0.0,-25167000.0,-0.179,1240322000.0,-621392000.0,3030493000.0,0.0,14.906,-21.389,-21.248,19591426000.0,0.0,68.59,4.255,4.26,569874000.0,-5768831000.0,4002231000.0,4002231000.0,386129000.0,,,,,197344000.0,750759000.0,1.0,848968425.0,849985000,849985000.0,4.709,27545310000.0,0.0,13707000.0,0.0,32.407,-2441565000.0
13,TSLA,MRQ,2018-03-31,2018-03-31,2018-03-31,2021-07-27,82921000.0,27271429000.0,,6383920000.0,20887509000.0,,5.263,-728637000.0,2785867000.0,2785867000.0,2952225000.0,-784627000.0,0.738,4.842,10761758000.0,1998030000.0,8763728000.0,10761758000.0,1354715000.0,416233000.0,984823000.0,0.0,0.0,-554400000.0,-138167000.0,-0.041,-138167000.0,-554400000.0,-703946000.0,-0.838,-0.838,-0.838,4450695000.0,,4450695000.0,51746364898.0,-29.0,-391.674,-1127013000.0,-1.333,1.0,456526000.0,0.134,407712000.0,149546000.0,26189249000.0,,2565826000.0,883595000.0,0.0,883595000.0,21551021000.0,8650359000.0,12900662000.0,44954663898.0,-745251000.0,0.0,94018000.0,262714000.0,0.0,371660000.0,-728637000.0,0.0,-398376000.0,10102000.0,-709551000.0,-709551000.0,-709551000.0,0.0,-75076000.0,-0.208,1053500000.0,-596974000.0,2603498000.0,0.0,10.101,-19.201,-19.064,19180724000.0,0.0,53.226,3.605,3.609,652848000.0,-5051292000.0,3408751000.0,3408751000.0,367096000.0,,,,,141639000.0,686404000.0,1.0,844599705.0,845730000,845730000.0,4.031,26863717000.0,0.0,5605000.0,0.0,31.764,-2266439000.0
14,TSLA,MRQ,2017-12-31,2017-12-31,2017-12-31,2021-07-27,33348000.0,28655372000.0,,6570520000.0,22084852000.0,,5.005,-905789000.0,3523237000.0,3523237000.0,2849199000.0,-771229000.0,0.856,5.433,10314938000.0,896549000.0,9418389000.0,10314938000.0,2193052000.0,469603000.0,853919000.0,0.0,0.0,-538486000.0,-68883000.0,-0.021,-68883000.0,-538486000.0,-684590000.0,-0.806,-0.806,-0.806,4237242000.0,,4237242000.0,58668350433.0,-40.0,331.46,-396244000.0,-0.468,1.0,439299000.0,0.134,421739000.0,146104000.0,27350664000.0,,2263537000.0,898374000.0,0.0,898374000.0,23022980000.0,7674670000.0,15348310000.0,52327783433.0,-111855000.0,-5853000.0,72497000.0,262397000.0,0.0,285978000.0,-911642000.0,0.0,509545000.0,4264000.0,-675950000.0,-675950000.0,-675950000.0,0.0,-95279000.0,-0.206,1037354000.0,-598055000.0,2390250000.0,0.0,12.349,-26.671,-26.319,20491616000.0,0.0,62.27,4.45,4.395,515381000.0,-4974299000.0,3288498000.0,3288498000.0,354564000.0,,,,,134588000.0,682790000.0,1.0,840336975.0,846545000,846545000.0,3.885,28233633000.0,0.0,-8640000.0,0.0,33.352,-1104150000.0
15,TSLA,MRQ,2017-09-30,2017-09-30,2017-09-30,2021-07-27,21250000.0,28107074000.0,,7068733000.0,21038341000.0,,5.633,-1244727000.0,3668211000.0,3668211000.0,2535535000.0,-671163000.0,1.093,4.654,10008778000.0,424224000.0,9584554000.0,10008778000.0,2034604000.0,400624000.0,686084000.0,0.0,0.0,-502552000.0,-101928000.0,-0.034,-101928000.0,-502552000.0,-619661000.0,-0.74,-0.74,-0.74,4711480000.0,,4711480000.0,61714497545.0,-64.0,116.959,-1545289000.0,-1.847,1.0,449140000.0,0.15,417474000.0,117109000.0,27561227000.0,,2471382000.0,872422000.0,0.0,872422000.0,21929057000.0,6468940000.0,15460117000.0,56925163545.0,564017000.0,0.0,80415000.0,2027635000.0,0.0,2101506000.0,-1244727000.0,0.0,-300562000.0,7800000.0,-619376000.0,-619376000.0,-619376000.0,0.0,-51787000.0,-0.208,984620000.0,-535480000.0,2385778000.0,0.0,12.082,-40.447,-40.035,19516596000.0,0.0,68.22,5.293,5.306,607734000.0,-4298960000.0,2984675000.0,2984675000.0,331622000.0,,,,,112653000.0,652998000.0,1.0,834435115.0,836470000,836470000.0,3.568,27689600000.0,0.0,-285000.0,0.0,33.103,599793000.0
16,TSLA,MRQ,2017-06-30,2017-06-30,2017-06-30,2021-07-27,10961000.0,26043705000.0,,6359444000.0,19684261000.0,,6.181,-1157912000.0,3154293000.0,3154293000.0,2122942000.0,-401427000.0,0.971,3.811,7943627000.0,816533000.0,7127094000.0,7943627000.0,1948977000.0,389171000.0,603540000.0,0.0,0.0,-212309000.0,176862000.0,0.063,176862000.0,-212309000.0,-320750000.0,-0.408,-0.408,-0.408,5105752000.0,,5105752000.0,63471974135.0,-164.0,64.322,-1358084000.0,-1.644,1.0,666615000.0,0.239,424613000.0,108441000.0,23862071000.0,,2438111000.0,831108000.0,0.0,831108000.0,19459902000.0,6546355000.0,12913547000.0,59397963135.0,-913024000.0,0.0,101606000.0,156695000.0,0.0,428767000.0,-1157912000.0,0.0,-200172000.0,16293000.0,-336397000.0,-336397000.0,-336397000.0,0.0,-65030000.0,-0.121,907531000.0,-240916000.0,2359316000.0,0.0,11.634,-77.53,-77.433,18218554000.0,0.0,72.322,5.899,5.933,453539000.0,-3679584000.0,2789557000.0,2789557000.0,369774000.0,,,,,116042000.0,537757000.0,1.0,821298680.0,826060000,826060000.0,3.377,25619092000.0,0.0,15647000.0,0.0,31.014,-186911000.0
17,TSLA,MRQ,2017-03-31,2017-03-31,2017-03-31,2021-07-27,-20769000.0,25053726000.0,,7027889000.0,18025837000.0,,6.153,-772572000.0,4095539000.0,4095539000.0,2028324000.0,-397181000.0,1.125,3.786,8169550000.0,1003311000.0,7166239000.0,8169550000.0,1796572000.0,376602000.0,616398000.0,0.0,0.0,-205653000.0,170949000.0,0.063,170949000.0,-205653000.0,-304999000.0,-0.408,-0.408,-0.408,4987719000.0,,4987719000.0,48622576112.0,-117.0,64.832,-842383000.0,-1.039,1.0,667946000.0,0.248,429592000.0,99346000.0,22452706000.0,,2220336000.0,816573000.0,0.0,816573000.0,18885353000.0,6245439000.0,12639914000.0,44992880112.0,658862000.0,-109147000.0,457482000.0,1225273000.0,0.0,1598749000.0,-881719000.0,0.0,-69811000.0,11643000.0,-330277000.0,-330277000.0,-330277000.0,0.0,-66904000.0,-0.122,925495000.0,-257549000.0,2075333000.0,0.0,9.021,-62.237,-58.962,16555136000.0,0.0,55.66,5.263,5.278,440349000.0,-3343187000.0,2696270000.0,2696270000.0,322040000.0,,,,,103717000.0,603455000.0,1.0,808352140.0,810645000,810645000.0,3.326,24624134000.0,0.0,25278000.0,0.0,30.376,782450000.0
18,TSLA,MRQ,2016-12-31,2016-12-31,2016-12-31,2021-07-27,-23740000.0,22664076000.0,,6259796000.0,16404280000.0,,6.129,-681281000.0,3498735000.0,3498735000.0,1849353000.0,-219469000.0,1.074,3.524,7128431000.0,1150147000.0,5978284000.0,7128431000.0,1614916000.0,326939000.0,663859000.0,0.0,0.0,-45163000.0,281776000.0,0.123,281776000.0,-45163000.0,-110267000.0,-0.148,-0.148,-0.148,4752911000.0,,4752911000.0,31570458391.0,-70.0,63.434,-1129490000.0,-1.456,1.0,435278000.0,0.191,376145000.0,65104000.0,20090622000.0,,2067454000.0,774467000.0,0.0,774467000.0,16750167000.0,5827005000.0,10923162000.0,32030248391.0,645160000.0,342719000.0,10356000.0,1184164000.0,0.0,1372827000.0,-259406000.0,0.0,-448209000.0,-20052000.0,-121337000.0,-121337000.0,-121337000.0,0.0,-98132000.0,-0.053,701976000.0,-266698000.0,1860341000.0,0.0,6.739,-47.458,-45.66,15036917000.0,0.0,42.738,4.576,4.402,499142000.0,-2997237000.0,2284631000.0,2284631000.0,245960000.0,,,,,87713000.0,456016000.0,1.0,749455950.0,775525000,775525000.0,2.946,22287931000.0,0.0,11070000.0,0.0,28.739,432791000.0
19,TSLA,MRQ,2016-09-30,2016-09-30,2016-09-30,2021-07-27,25310000.0,12592397000.0,,5172412000.0,7419985000.0,,3.598,-247611000.0,3175251000.0,3175251000.0,1661701000.0,21878000.0,1.267,3.694,2715461000.0,260771000.0,2454690000.0,2715461000.0,1207101000.0,280468000.0,690364000.0,0.0,0.0,76724000.0,357192000.0,0.155,357192000.0,76724000.0,30011000.0,0.03,0.03,0.03,2680488000.0,,2680488000.0,30303804198.0,-45.0,365.511,176038000.0,0.236,1.0,636735000.0,0.277,0.0,46713000.0,8050217000.0,,1604571000.0,23711000.0,23711000.0,0.0,9900639000.0,4082390000.0,5818249000.0,30337752198.0,-162044000.0,0.0,42983000.0,-361546000.0,0.0,-320870000.0,-268006000.0,0.0,423649000.0,3183000.0,21878000.0,21878000.0,21878000.0,0.0,0.0,0.01,551113000.0,85622000.0,1606284000.0,0.0,11.318,-34.712,-31.245,7258345000.0,0.0,40.806,5.116,5.126,326895000.0,-2875900000.0,2298436000.0,2298436000.0,214302000.0,,,,,89543000.0,336811000.0,1.0,743463025.0,744955000,744955000.0,3.085,12592397000.0,0.0,8133000.0,0.0,16.904,1090022000.0
20,TSLA,MRQ,2016-06-30,2016-06-30,2016-06-30,2021-07-27,34193000.0,11868952000.0,,5203705000.0,6665247000.0,,3.601,-294720000.0,3317922000.0,3317922000.0,995241000.0,-293188000.0,1.382,3.695,3283974000.0,626826000.0,2657148000.0,3283974000.0,1092069000.0,183232000.0,679834000.0,0.0,0.0,-243171000.0,-59939000.0,-0.047,-59939000.0,-243171000.0,-289539000.0,-0.418,-0.418,-0.418,2520294000.0,,2520294000.0,30106432358.0,-31.0,-83.01,-144384000.0,-0.206,1.0,274776000.0,0.216,0.0,46368000.0,8068600000.0,,1609607000.0,24525000.0,24525000.0,0.0,9311512000.0,3766404000.0,5545108000.0,28433764358.0,1804512000.0,0.0,1759374000.0,231937000.0,0.0,1976584000.0,-319854000.0,16667000.0,150336000.0,-2554000.0,-293188000.0,-293188000.0,-293188000.0,0.0,0.0,-0.231,512816000.0,-238040000.0,1114878000.0,0.0,11.282,-25.259,-25.092,6526976000.0,0.0,42.456,6.224,6.505,178594000.0,-2897778000.0,1270017000.0,1270017000.0,191664000.0,,,,,67311000.0,321152000.0,1.0,669723110.0,699915000,699915000.0,1.815,11868952000.0,0.0,3649000.0,0.0,16.958,1437301000.0
21,TSLA,MRQ,2016-03-31,2016-03-31,2016-03-31,2021-07-27,13565000.0,9191702000.0,,3239543000.0,5952159000.0,,1.463,-216859000.0,1489572000.0,1489572000.0,894580000.0,-282267000.0,1.016,8.428,3162240000.0,635285000.0,2526955000.0,3162240000.0,1013617000.0,156460000.0,391363000.0,0.0,0.0,-237796000.0,-81336000.0,-0.071,-81336000.0,-237796000.0,-278421000.0,-0.426,-0.426,-0.426,970365000.0,,970365000.0,31829740782.0,-37.0,-86.479,-466464000.0,-0.703,1.0,252468000.0,0.22,0.0,40625000.0,7676671000.0,,1301961000.0,23980000.0,23980000.0,0.0,8178711000.0,3187699000.0,4991012000.0,30342584782.0,244881000.0,0.0,52838000.0,663635000.0,0.0,715435000.0,-233819000.0,0.0,-249605000.0,12870000.0,-282267000.0,-282267000.0,-282267000.0,0.0,0.0,-0.246,500692000.0,-248224000.0,1013486000.0,0.0,31.269,-29.843,-29.382,5837224000.0,0.0,45.954,7.134,7.168,318056000.0,-2604590000.0,1147048000.0,1147048000.0,182482000.0,,,,,89658000.0,318210000.0,1.0,660281690.0,663380000,663380000.0,1.729,9191702000.0,0.0,3846000.0,0.0,13.856,51844000.0
22,TSLA,MRQ,2015-12-31,2015-12-31,2015-12-31,2021-07-27,-3556000.0,8067939000.0,,2782006000.0,5285933000.0,,1.653,-411222000.0,1219536000.0,1219536000.0,995816000.0,-320397000.0,0.99,6.401,2696305000.0,627927000.0,2068378000.0,2696305000.0,870066000.0,143723000.0,283370000.0,0.0,0.0,-276732000.0,-133009000.0,-0.11,-133009000.0,-276732000.0,-315349000.0,-0.492,-0.492,-0.492,1083704000.0,,1083704000.0,32656619073.0,-43.0,-97.721,-441071000.0,-0.673,1.0,218564000.0,0.18,12816000.0,38617000.0,6720857000.0,,1277838000.0,31522000.0,0.0,31522000.0,6936950000.0,2811035000.0,4125915000.0,31429626073.0,-229128000.0,0.0,12585000.0,212920000.0,0.0,225038000.0,-414280000.0,0.0,-29849000.0,-10037000.0,-320397000.0,-320397000.0,-320397000.0,0.0,0.0,-0.264,478897000.0,-260333000.0,916148000.0,0.0,29.002,-35.367,-34.633,5194737000.0,0.0,48.002,7.768,7.605,168965000.0,-2322323000.0,1214380000.0,1214380000.0,190243000.0,,,,,55640000.0,288654000.0,1.0,654756595.0,655665000,655665000.0,1.852,8055123000.0,0.0,5048000.0,0.0,12.285,-29029000.0
23,TSLA,MRQ,2015-09-30,2015-09-30,2015-09-30,2021-07-27,-23985000.0,7547497000.0,,2998795000.0,4548702000.0,,2.038,-392403000.0,1452391000.0,1452391000.0,705293000.0,-229858000.0,1.174,4.706,2679384000.0,651809000.0,2027575000.0,2679384000.0,710378000.0,110366000.0,269545000.0,0.0,0.0,-198766000.0,-88400000.0,-0.094,-88400000.0,-198766000.0,-228074000.0,-0.356,-0.356,-0.356,1314656000.0,,1314656000.0,33099553315.0,-60.0,-158.823,-595743000.0,-0.924,1.0,231496000.0,0.247,0.0,29308000.0,6220719000.0,,1293717000.0,25223000.0,25223000.0,0.0,6186660000.0,2553771000.0,3632889000.0,31582109315.0,275363000.0,0.0,785155000.0,120137000.0,0.0,893978000.0,-404090000.0,0.0,-203340000.0,-11185000.0,-229858000.0,-229858000.0,-229858000.0,0.0,0.0,-0.245,415158000.0,-183662000.0,824861000.0,0.0,24.023,-46.726,-46.78,4464536000.0,0.0,49.68,8.337,8.459,119964000.0,-2001926000.0,936789000.0,936789000.0,178791000.0,,,,,55998000.0,236367000.0,1.0,635710735.0,645030000,645030000.0,1.452,7547497000.0,0.0,1784000.0,0.0,11.701,445024000.0
24,TSLA,MRQ,2015-06-30,2015-06-30,2015-06-30,2021-07-27,-14804000.0,6468185000.0,,2628621000.0,3839564000.0,,1.13,-405165000.0,1170447000.0,1170447000.0,741606000.0,-184227000.0,1.102,7.964,2687891000.0,638275000.0,2049616000.0,2687891000.0,623155000.0,91389000.0,272848000.0,0.0,0.0,-156708000.0,-65319000.0,-0.068,-65319000.0,-156708000.0,-181060000.0,-0.29,-0.29,-0.29,715934000.0,,715934000.0,34969705510.0,-88.0,-360.691,-564681000.0,-0.891,1.0,213370000.0,0.223,0.0,24352000.0,5601241000.0,,1212279000.0,20591000.0,20591000.0,0.0,5701978000.0,2384388000.0,3317590000.0,33909081510.0,-359403000.0,-12260000.0,23653000.0,198984000.0,0.0,218351000.0,-422837000.0,0.0,-159516000.0,4599000.0,-184227000.0,-184227000.0,-184227000.0,0.0,0.0,-0.193,383558000.0,-170188000.0,771637000.0,0.0,47.363,-65.116,-64.954,3766263000.0,0.0,53.652,9.156,9.177,138648000.0,-1772068000.0,954976000.0,954976000.0,181712000.0,,,,,43335000.0,201846000.0,1.0,632018965.0,633445000,633445000.0,1.508,6468185000.0,0.0,3167000.0,0.0,10.211,244233000.0
25,TSLA,MRQ,2015-03-31,2015-03-31,2015-03-31,2021-07-27,-15965000.0,6120030000.0,,2921417000.0,3198613000.0,,1.312,-426060000.0,1523922000.0,1523922000.0,679807000.0,-154181000.0,1.333,6.344,2584546000.0,630332000.0,1954214000.0,2584546000.0,539324000.0,77112000.0,249476000.0,0.0,0.0,-124567000.0,-47455000.0,-0.05,-47455000.0,-124567000.0,-151141000.0,-0.244,-0.244,-0.244,825997000.0,,825997000.0,24311242363.0,-90.0,-3780.909,-557854000.0,-0.886,1.0,260073000.0,0.277,0.0,26574000.0,4988273000.0,,1054840000.0,20693000.0,20693000.0,0.0,5239756000.0,2192381000.0,3047375000.0,23740250363.0,-395637000.0,0.0,35218000.0,151896000.0,0.0,186156000.0,-432344000.0,0.0,-131794000.0,-17655000.0,-154181000.0,-154181000.0,-154181000.0,0.0,0.0,-0.164,362519000.0,-102446000.0,732331000.0,0.0,28.741,-59.586,-59.362,3136252000.0,0.0,37.754,6.749,6.759,200052000.0,-1587841000.0,939880000.0,939880000.0,167154000.0,,,,,43026000.0,195365000.0,1.0,628814175.0,629735000,629735000.0,1.493,6120030000.0,0.0,3040000.0,0.0,9.718,729036000.0
26,TSLA,MRQ,2014-12-31,2014-12-31,2014-12-31,2021-07-27,-22000.0,5830667000.0,,3180073000.0,2650594000.0,,1.453,-368661000.0,1917087000.0,1917087000.0,694964000.0,-107629000.0,1.509,5.331,2488080000.0,611099000.0,1876981000.0,2488080000.0,483922000.0,67976000.0,257587000.0,0.0,0.0,-75207000.0,-7231000.0,-0.008,-7231000.0,-75207000.0,-103910000.0,-0.172,-0.172,-0.172,911710000.0,,911710000.0,27975160693.0,-152.0,580.626,-455063000.0,-0.725,1.0,261697000.0,0.274,0.0,28703000.0,4294494000.0,,953675000.0,17947000.0,17947000.0,0.0,4860761000.0,2107166000.0,2753595000.0,27886165693.0,-482833000.0,0.0,10530000.0,794000.0,0.0,11325000.0,-372231000.0,-10000.0,-86402000.0,-17714000.0,-107629000.0,-107629000.0,-107629000.0,0.0,0.0,-0.113,336535000.0,-74838000.0,777946000.0,0.0,30.587,-94.838,-94.242,2596011000.0,0.0,44.482,8.719,8.66,226604000.0,-1433660000.0,956661000.0,956661000.0,139565000.0,,,,,44516000.0,196970000.0,1.0,626908990.0,627525000,627525000.0,1.524,5830667000.0,0.0,3719000.0,0.0,9.292,1072907000.0
27,TSLA,MRQ,2014-09-30,2014-09-30,2014-09-30,2021-07-27,0.0,5437533000.0,,3362914000.0,2074619000.0,,1.534,-284175000.0,2379825000.0,2379825000.0,599953000.0,-74708000.0,1.828,4.61,2468820000.0,607218000.0,1861602000.0,2468820000.0,415891000.0,64972000.0,227056000.0,0.0,0.0,-41919000.0,23053000.0,0.027,23053000.0,-41919000.0,-70981000.0,-0.12,-0.12,-0.12,958094000.0,,958094000.0,30013624262.0,-256.0,355.932,-312171000.0,-0.5,1.0,251851000.0,0.296,0.0,29062000.0,3686751000.0,,752492000.0,17331000.0,17331000.0,0.0,4417278000.0,1839777000.0,2577501000.0,30245163262.0,-286364000.0,0.0,36810000.0,-3056000.0,0.0,33754000.0,-291643000.0,-5563000.0,-27996000.0,-18290000.0,-74708000.0,-74708000.0,-74708000.0,0.0,0.0,-0.088,290980000.0,-39129000.0,649362000.0,0.0,31.568,-149.232,-148.883,2022069000.0,0.0,48.536,10.587,10.611,156889000.0,-1326041000.0,851804000.0,851804000.0,135873000.0,,,,,39158000.0,155107000.0,1.0,623149070.0,624555000,624555000.0,1.364,5437533000.0,0.0,3727000.0,0.0,8.706,1523137000.0
28,TSLA,MRQ,2014-06-30,2014-06-30,2014-06-30,2021-07-27,0.0,5054463000.0,,3441694000.0,1612769000.0,,1.533,-175685000.0,2682157000.0,2682157000.0,556354000.0,-61900000.0,2.184,4.238,2450618000.0,603412000.0,1847206000.0,2450618000.0,374416000.0,54715000.0,228017000.0,0.0,0.0,-29512000.0,25203000.0,0.033,25203000.0,-29512000.0,-60750000.0,-0.1,-0.1,-0.1,952333000.0,,952333000.0,29587777810.0,-278.0,505.817,-177347000.0,-0.285,1.0,212995000.0,0.277,0.0,31238000.0,3247074000.0,,596927000.0,11714000.0,11714000.0,0.0,4036047000.0,1575850000.0,2460197000.0,29789083810.0,281002000.0,0.0,68149000.0,296899000.0,0.0,281492000.0,2610000.0,177974000.0,-1662000.0,-1438000.0,-61900000.0,-61900000.0,-61900000.0,0.0,0.0,-0.08,241748000.0,-28753000.0,443548000.0,0.0,31.28,-178.956,-177.822,1567048000.0,0.0,48.012,12.226,12.242,96607000.0,-1251327000.0,769349000.0,769349000.0,107717000.0,,,,,35784000.0,134031000.0,1.0,620450800.0,621252140,621252140.0,1.238,5054463000.0,0.0,1150000.0,0.0,8.136,1865844000.0
29,TSLA,MRQ,2014-03-31,2014-03-31,2014-03-31,2021-07-27,0.0,4500410000.0,,3156047000.0,1344363000.0,,1.477,-141364000.0,2402059000.0,2402059000.0,465414000.0,-49800000.0,2.233,3.858,2200753000.0,598272000.0,1602481000.0,2200753000.0,323557000.0,44268000.0,198006000.0,0.0,0.0,-37108000.0,7160000.0,0.012,7160000.0,-37108000.0,-48991000.0,-0.08,-0.08,-0.08,912056000.0,,912056000.0,25430901476.0,-292.0,560.09,-82641000.0,-0.134,1.0,155128000.0,0.25,0.0,11883000.0,2885634000.0,,450730000.0,189111000.0,189111000.0,0.0,3518412000.0,1413470000.0,2104942000.0,25679359476.0,1548019000.0,0.0,374126000.0,1997455000.0,0.0,1816559000.0,-329180000.0,-189111000.0,58723000.0,1917000.0,-49800000.0,-49800000.0,-49800000.0,0.0,0.0,-0.08,199095000.0,-43967000.0,375778000.0,0.0,28.155,-190.13,-187.793,1301118000.0,0.0,41.69,12.392,12.42,72380000.0,-1189420000.0,620542000.0,620542000.0,81544000.0,,,,,37038000.0,117551000.0,1.0,615959690.0,617363910,617363910.0,1.005,4500410000.0,0.0,809000.0,0.0,7.29,1742577000.0
30,TSLA,MRQ,2013-12-31,2013-12-31,2013-12-31,2021-07-27,0.0,2416930000.0,,1265939000.0,1150991000.0,,1.086,-89434000.0,852324000.0,852324000.0,458630000.0,-16264000.0,1.875,2.623,606878000.0,7904000.0,598974000.0,606878000.0,273062000.0,37585000.0,163153000.0,0.0,0.0,-8677000.0,28908000.0,0.047,28908000.0,-8677000.0,-14906000.0,-0.026,-0.026,-0.026,667120000.0,,667120000.0,18314092995.0,-476.0,270.955,44553000.0,0.073,1.0,156589000.0,0.255,0.0,6229000.0,1496324000.0,,340355000.0,3012000.0,3012000.0,0.0,1749810000.0,675160000.0,1074650000.0,18441681995.0,48188000.0,0.0,13088000.0,-2045000.0,0.0,10516000.0,-89505000.0,0.0,133987000.0,-4225000.0,-16264000.0,-16264000.0,-16264000.0,0.0,0.0,-0.026,169942000.0,-13353000.0,303969000.0,0.0,27.644,-249.165,-242.627,1120919000.0,0.0,30.086,9.159,8.922,49109000.0,-1139620000.0,615219000.0,615219000.0,68453000.0,,,,,25171000.0,101489000.0,1.0,612969640.0,614187090,614187090.0,1.002,2416930000.0,0.0,1358000.0,0.0,3.935,590779000.0
31,TSLA,MRQ,2013-09-30,2013-09-30,2013-09-30,2021-07-27,0.0,2166209000.0,,1218766000.0,947443000.0,,0.926,-76548000.0,804491000.0,804491000.0,328478000.0,-38496000.0,1.042,2.702,676902000.0,588473000.0,88429000.0,676902000.0,195037000.0,28450000.0,140277000.0,0.0,0.0,-31226000.0,-2776000.0,-0.006,-2776000.0,-31226000.0,-37718000.0,-0.064,-0.064,-0.064,564165000.0,,564165000.0,23323924240.0,-195.0,-604.921,25488000.0,0.042,1.0,102868000.0,0.238,0.0,6492000.0,869161000.0,,347545000.0,0.0,0.0,0.0,1524546000.0,1169459000.0,355087000.0,23484718240.0,48749000.0,0.0,27128000.0,-2746000.0,0.0,24215000.0,-77502000.0,0.0,102036000.0,310000.0,-38496000.0,-38496000.0,-38496000.0,0.0,0.0,-0.089,133422000.0,-30554000.0,302439000.0,0.0,41.627,-159.023,-153.468,923306000.0,0.0,38.674,13.777,13.824,47580000.0,-1123355000.0,431346000.0,431346000.0,56351000.0,,,,,20984000.0,77071000.0,1.0,607248235.0,609312485,609312485.0,0.708,2166209000.0,0.0,778000.0,0.0,3.555,49307000.0
32,TSLA,MRQ,2013-06-30,2013-06-30,2013-06-30,2021-07-27,0.0,1887844000.0,,1129542000.0,758302000.0,,1.065,-40515000.0,754478000.0,754478000.0,304656000.0,-30502000.0,2.322,1.999,593684000.0,5695000.0,587989000.0,593684000.0,98074000.0,22198000.0,133716000.0,0.0,0.0,-10085000.0,12113000.0,0.03,12113000.0,-10085000.0,-30201000.0,-0.052,-0.052,-0.052,629426000.0,,629426000.0,12625096194.0,-63.0,-90.914,-75813000.0,-0.128,1.0,100483000.0,0.248,0.0,20116000.0,1240505000.0,,254891000.0,0.0,0.0,0.0,1258418000.0,486545000.0,771873000.0,12405738194.0,534535000.0,0.0,572506000.0,218248000.0,0.0,597007000.0,-27174000.0,0.0,-35298000.0,-2895000.0,-30502000.0,-30502000.0,-30502000.0,0.0,0.0,-0.075,112275000.0,-11792000.0,262227000.0,0.0,19.71,-56.393,-53.95,727047000.0,0.0,21.472,9.374,9.589,113544000.0,-1084858000.0,405139000.0,405139000.0,52312000.0,,,,,19714000.0,59963000.0,1.0,577763515.0,590968040,590968040.0,0.686,1887844000.0,0.0,301000.0,0.0,3.194,642997000.0
33,TSLA,MRQ,2013-03-31,2013-03-31,2013-03-31,2021-07-27,0.0,1143778000.0,,525993000.0,617785000.0,,0.294,-57727000.0,236180000.0,236180000.0,465472000.0,11248000.0,0.982,5.785,455538000.0,56293000.0,399245000.0,455538000.0,9024000.0,17850000.0,130714000.0,0.0,0.0,11517000.0,29367000.0,0.052,29367000.0,11517000.0,11399000.0,0.02,0.0,0.02,168583000.0,,168583000.0,4579608997.0,-16.0,-18.17,6352000.0,0.011,1.0,96320000.0,0.171,0.0,118000.0,827513000.0,,237618000.0,0.0,0.0,0.0,975195000.0,535623000.0,439572000.0,4339085997.0,12527000.0,0.0,17903000.0,-14219000.0,0.0,3684000.0,-55236000.0,0.0,64079000.0,0.0,11248000.0,11248000.0,11248000.0,0.0,0.0,0.02,101904000.0,-5584000.0,304204000.0,0.0,25.739,-14.704,-13.879,591057000.0,0.0,7.578,4.592,4.6,46139000.0,-1054357000.0,561792000.0,561792000.0,54859000.0,,,,,14868000.0,47045000.0,1.0,572589865.0,573559495,621326460.0,0.979,1143778000.0,0.0,151000.0,0.0,1.994,-9630000.0
34,TSLA,MRQ,2012-12-31,2012-12-31,2012-12-31,2021-07-27,0.0,1114190000.0,,524768000.0,589422000.0,,0.219,-64053000.0,226143000.0,226143000.0,282475000.0,-89931000.0,0.973,7.935,466666000.0,55206000.0,411460000.0,466666000.0,4965000.0,12792000.0,138817000.0,0.0,0.0,-90053000.0,-77261000.0,-0.252,-77261000.0,-90053000.0,-90079000.0,-0.156,-0.156,-0.156,124700000.0,,124700000.0,4214962158.0,-11.0,-11.485,-99278000.0,-0.174,1.0,23857000.0,0.078,0.0,26000.0,815605000.0,,268504000.0,0.0,0.0,0.0,989490000.0,539108000.0,450382000.0,3853690158.0,116197000.0,0.0,228303000.0,-13858000.0,0.0,214445000.0,-60757000.0,0.0,-35225000.0,-2266000.0,-89931000.0,-89931000.0,-89931000.0,0.0,0.0,-0.294,114740000.0,-90883000.0,303382000.0,0.0,30.904,-9.726,-9.179,562300000.0,0.0,6.774,9.325,8.798,26842000.0,-1065606000.0,306332000.0,306332000.0,68832000.0,,,,,14416000.0,45908000.0,1.0,568894325.0,569049160,569049160.0,0.538,1114190000.0,0.0,-148000.0,0.0,1.958,-14340000.0
35,TSLA,MRQ,2012-09-30,2012-09-30,2012-09-30,2021-07-27,0.0,809177000.0,,284541000.0,524636000.0,,-0.053,-62398000.0,113242000.0,113242000.0,58865000.0,-110804000.0,0.738,-30.029,474514000.0,54029000.0,420485000.0,474514000.0,5381000.0,7522000.0,138338000.0,0.0,0.0,-110610000.0,-103088000.0,-2.057,-103088000.0,-110610000.0,-110688000.0,-0.21,-0.21,-0.21,-27875000.0,,-27875000.0,3289549512.0,-8.0,-8.981,-163424000.0,-0.31,1.0,-8761000.0,-0.175,0.0,78000.0,784643000.0,,159048000.0,0.0,0.0,0.0,837052000.0,385806000.0,451246000.0,3087063512.0,-124861000.0,0.0,7687000.0,32492000.0,0.0,40179000.0,-64014000.0,0.0,-101026000.0,0.0,-110804000.0,-110804000.0,-110804000.0,0.0,0.0,-2.211,99699000.0,-108460000.0,162025000.0,0.0,-110.747,-7.961,-7.935,498037000.0,0.0,5.856,21.101,21.126,9164000.0,-975674000.0,50104000.0,50104000.0,61901000.0,,,,,12475000.0,37798000.0,1.0,527162485.0,527780810,527780810.0,0.095,809177000.0,0.0,116000.0,0.0,1.533,-101265000.0
36,TSLA,MRQ,2012-06-30,2012-06-30,2012-06-30,2021-07-27,0.0,776869000.0,,317126000.0,459743000.0,,0.118,-58003000.0,236487000.0,236487000.0,21891000.0,-105603000.0,1.107,11.487,438973000.0,38098000.0,400875000.0,438973000.0,5377000.0,4348000.0,133447000.0,0.0,0.0,-105410000.0,-101062000.0,-3.792,-101062000.0,-105410000.0,-105494000.0,-0.2,-0.2,-0.2,62215000.0,,62215000.0,3396492576.0,-10.0,-10.487,-122267000.0,-0.232,1.0,4762000.0,0.179,0.0,84000.0,692829000.0,,66669000.0,0.0,0.0,0.0,714654000.0,286526000.0,428128000.0,3292158576.0,-8016000.0,0.0,1398000.0,70782000.0,0.0,72180000.0,-15932000.0,25000000.0,-64264000.0,0.0,-105603000.0,-105603000.0,-105603000.0,0.0,0.0,-3.962,110937000.0,-106175000.0,78601000.0,0.0,52.916,-9.625,-9.569,433642000.0,0.0,6.258,21.397,21.403,11023000.0,-864871000.0,26653000.0,26653000.0,74854000.0,,,,,12543000.0,36083000.0,1.0,526072000.0,526212260,526212260.0,0.051,776869000.0,0.0,109000.0,0.0,1.476,30600000.0
37,TSLA,MRQ,2012-03-31,2012-03-31,2012-03-31,2021-07-27,-6000.0,761100000.0,,358897000.0,402203000.0,,0.294,-54774000.0,261574000.0,261574000.0,19957000.0,-89873000.0,1.523,3.946,365908000.0,21864000.0,344044000.0,365908000.0,5666000.0,4163000.0,113318000.0,0.0,0.0,-89749000.0,-85586000.0,-2.837,-85586000.0,-89749000.0,-89814000.0,-0.172,-0.172,-0.172,153874000.0,,153874000.0,3888792599.0,-13.0,-14.025,-118074000.0,-0.225,1.0,10210000.0,0.338,0.0,65000.0,629712000.0,,55427000.0,25009000.0,25009000.0,0.0,607226000.0,235722000.0,371504000.0,3895454599.0,-36696000.0,0.0,8993000.0,83838000.0,0.0,92831000.0,-66227000.0,8000.0,-63300000.0,0.0,-89873000.0,-89873000.0,-89873000.0,0.0,0.0,-2.979,98973000.0,-88763000.0,64333000.0,0.0,25.316,-13.19,-12.976,376174000.0,0.0,7.448,21.013,21.05,13589000.0,-759265000.0,30167000.0,30167000.0,68391000.0,,,,,10711000.0,30582000.0,1.0,523020220.0,523921715,523921715.0,0.058,761100000.0,0.0,59000.0,0.0,1.453,123175000.0
38,TSLA,MRQ,2011-12-31,2011-12-31,2011-12-31,2021-07-27,-3000.0,713448000.0,,372838000.0,340610000.0,,0.429,-40592000.0,286810000.0,286810000.0,31540000.0,-81489000.0,1.949,2.184,280148000.0,8983000.0,271165000.0,280148000.0,5491000.0,4804000.0,91761000.0,0.0,0.0,-81334000.0,-76530000.0,-1.944,-76530000.0,-81334000.0,-81377000.0,-0.156,-0.156,-0.156,224045000.0,,224045000.0,2930430987.0,-12.0,-12.367,-81350000.0,-0.156,1.0,7835000.0,0.199,0.0,43000.0,515447000.0,,50082000.0,25061000.0,25061000.0,0.0,489403000.0,191339000.0,298064000.0,2978768987.0,41938000.0,0.0,2713000.0,51060000.0,0.0,53773000.0,28923000.0,40000000.0,-40758000.0,0.0,-81489000.0,-81489000.0,-81489000.0,0.0,0.0,-2.07,88762000.0,-80927000.0,56141000.0,0.0,13.295,-11.708,-11.289,310171000.0,0.0,5.712,14.585,14.038,9539000.0,-669392000.0,39375000.0,39375000.0,61205000.0,,,,,8682000.0,27557000.0,1.0,521493170.0,522180665,522180665.0,0.075,713448000.0,0.0,112000.0,0.0,1.366,181499000.0
39,TSLA,MRQ,2011-09-30,2011-09-30,2011-09-30,2021-07-27,-24000.0,700250000.0,,412121000.0,288129000.0,,0.565,-68844000.0,274387000.0,274387000.0,40442000.0,-65078000.0,2.673,1.381,226049000.0,388000.0,225661000.0,226049000.0,5802000.0,4280000.0,65215000.0,0.0,0.0,-64991000.0,-60711000.0,-1.053,-60711000.0,-64991000.0,-64991000.0,-0.126,-0.126,-0.126,294118000.0,,294118000.0,2335764703.0,-10.0,-11.179,-90335000.0,-0.174,1.0,17224000.0,0.299,0.0,0.0,497731000.0,,49216000.0,65060000.0,65060000.0,0.0,406132000.0,154181000.0,251951000.0,2537005703.0,-106052000.0,0.0,2882000.0,90727000.0,0.0,93609000.0,-178170000.0,-64952000.0,-21491000.0,0.0,-65078000.0,-65078000.0,-65078000.0,0.0,0.0,-1.129,81701000.0,-64477000.0,53627000.0,0.0,8.626,-11.312,-12.703,259794000.0,0.0,4.878,12.612,12.619,18250000.0,-587903000.0,57666000.0,57666000.0,54083000.0,,,,,7885000.0,27618000.0,1.0,520091370.0,520384150,520384150.0,0.111,700250000.0,0.0,87000.0,0.0,1.346,257940000.0
40,TSLA,MRQ,2011-06-30,2011-06-30,2011-06-30,2021-07-27,0.0,646155000.0,,417758000.0,228397000.0,,0.713,-54314000.0,336064000.0,336064000.0,39663000.0,-58903000.0,3.011,0.854,134823000.0,287000.0,134536000.0,134823000.0,6295000.0,4318000.0,53187000.0,0.0,0.0,-58764000.0,-54446000.0,-0.936,-54446000.0,-58764000.0,-58764000.0,-0.12,-0.12,-0.12,348452000.0,,348452000.0,2950401669.0,-15.0,-16.421,-76802000.0,-0.157,1.0,18508000.0,0.318,0.0,0.0,306178000.0,,54312000.0,0.0,0.0,0.0,297703000.0,138736000.0,158967000.0,2995753669.0,218725000.0,0.0,232692000.0,31643000.0,0.0,264335000.0,-23122000.0,0.0,-22488000.0,0.0,-58903000.0,-58903000.0,-58903000.0,0.0,0.0,-1.013,77247000.0,-58739000.0,57199000.0,0.0,8.597,-15.431,-17.443,200180000.0,0.0,5.826,17.145,16.298,23308000.0,-522826000.0,58171000.0,58171000.0,52531000.0,,,,,6926000.0,24716000.0,1.0,514204200.0,488786330,488786330.0,0.119,646155000.0,0.0,139000.0,0.0,1.322,279022000.0
41,TSLA,MRQ,2011-03-31,2011-03-31,2011-03-31,2021-07-27,0.0,407289000.0,,226906000.0,180383000.0,,0.352,-20476000.0,148532000.0,148532000.0,31002000.0,-48941000.0,2.008,1.428,103180000.0,275000.0,102905000.0,103180000.0,6909000.0,3517000.0,39412000.0,0.0,0.0,-48791000.0,-45274000.0,-0.923,-45274000.0,-48791000.0,-48791000.0,-0.102,-0.102,-0.102,167738000.0,,167738000.0,2540137545.0,-15.0,-15.798,-63773000.0,-0.134,1.0,18028000.0,0.368,0.0,0.0,248961000.0,,50823000.0,0.0,0.0,0.0,239551000.0,112976000.0,126575000.0,2645556545.0,1097000.0,0.0,3706000.0,30577000.0,0.0,34283000.0,10111000.0,0.0,-43297000.0,0.0,-48941000.0,-48941000.0,-48941000.0,0.0,0.0,-0.998,65374000.0,-47346000.0,49660000.0,0.0,15.772,-15.226,-4.542,152513000.0,0.0,5.55,18.25,18.222,20260000.0,-463922000.0,49030000.0,49030000.0,41162000.0,,,,,5926000.0,24212000.0,1.0,476676855.0,475936725,475936725.0,0.103,407289000.0,0.0,150000.0,0.0,0.856,113930000.0
42,TSLA,MRQ,2010-12-31,2010-12-31,2010-12-31,2021-07-27,0.0,386082000.0,,235886000.0,150196000.0,,0.816,-23648000.0,178022000.0,178022000.0,24965000.0,-51358000.0,2.757,0.865,72603000.0,279000.0,72324000.0,72603000.0,7418000.0,2890000.0,30755000.0,0.0,0.0,-51395000.0,-48505000.0,-1.337,-48505000.0,-51395000.0,-51395000.0,-0.036,-0.036,-0.036,207048000.0,,207048000.0,2299027768.0,-15.0,-16.129,-57932000.0,-0.228,1.0,11321000.0,0.312,0.0,0.0,195098000.0,,45182000.0,0.0,0.0,0.0,179034000.0,85565000.0,93469000.0,2483798768.0,2995000.0,0.0,30609000.0,15189000.0,0.0,45829000.0,-8550000.0,0.0,-34284000.0,0.0,-51358000.0,-51358000.0,-51358000.0,0.0,0.0,-1.415,62966000.0,-51645000.0,28951000.0,0.0,11.996,-16.094,-8.76,122599000.0,0.0,5.326,21.276,11.569,6710000.0,-414982000.0,36286000.0,36286000.0,37617000.0,,,,,7769000.0,25349000.0,1.0,466353505.0,253591510,253591510.0,0.143,386082000.0,0.0,-37000.0,0.0,1.522,150321000.0
43,TSLA,MRQ,2010-09-30,2010-09-30,2010-09-30,2021-07-27,0.0,361621000.0,,241133000.0,120488000.0,,0.477,-66478000.0,242185000.0,242185000.0,21945000.0,-34935000.0,3.478,0.644,57414000.0,291000.0,57123000.0,57414000.0,5991000.0,3109000.0,27869000.0,0.0,0.0,-34554000.0,-31445000.0,-1.007,-31445000.0,-34554000.0,-34852000.0,-0.076,-0.076,-0.076,219923000.0,,219923000.0,1895392925.0,-15.0,-16.327,-112435000.0,-0.244,1.0,9296000.0,0.298,0.0,298000.0,107522000.0,,39508000.0,0.0,0.0,0.0,141698000.0,69328000.0,72370000.0,1901703925.0,49259000.0,0.0,239003000.0,11060000.0,0.0,249895000.0,-154679000.0,0.0,-45957000.0,0.0,-34935000.0,-34935000.0,-34935000.0,0.0,0.0,-1.118,47130000.0,-37834000.0,26990000.0,0.0,8.647,-14.949,-1.583,42896000.0,0.0,4.081,19.201,19.01,8062000.0,-363624000.0,31241000.0,31241000.0,26698000.0,,,,,3811000.0,20432000.0,1.0,465989690.0,461353605,461353605.0,0.068,361621000.0,0.0,83000.0,0.0,0.784,171805000.0
44,TSLA,MRQ,2010-06-30,2010-06-30,2010-06-30,2021-07-27,0.0,147974000.0,,90034000.0,57940000.0,,-8.106,-9815000.0,52665000.0,52665000.0,22144000.0,-38517000.0,1.312,-0.447,46354000.0,296000.0,46058000.0,46354000.0,10215000.0,2483000.0,26246000.0,0.0,0.0,-38044000.0,-35561000.0,-1.252,-35561000.0,-38044000.0,-38508000.0,-1.008,-1.008,-1.008,-309775000.0,,-309775000.0,2182805863.0,-23.0,-24.943,-30062000.0,-0.787,1.0,6261000.0,0.22,0.0,464000.0,73029000.0,,29518000.0,0.0,0.0,0.0,138524000.0,68634000.0,69890000.0,2220906863.0,-14242000.0,0.0,222000.0,15421000.0,0.0,13694000.0,-7689000.0,0.0,-20247000.0,0.0,-38517000.0,-38517000.0,-38517000.0,0.0,0.0,-1.356,37623000.0,-31362000.0,25634000.0,0.0,-7.169,-22.921,-1.809,33156000.0,0.0,4.766,19.597,1.607,6467000.0,-328689000.0,28405000.0,28405000.0,15416000.0,,,,,6115000.0,22207000.0,1.0,465989690.0,38217325,38217325.0,0.743,147974000.0,0.0,9000.0,0.0,3.872,21400000.0
45,TSLA,MRQ,2010-03-31,2010-03-31,2010-03-31,2021-07-27,0.0,145320000.0,,100602000.0,44718000.0,,-7.65,-5472000.0,69033000.0,69033000.0,16960000.0,-29519000.0,1.702,-0.377,30932000.0,293000.0,30639000.0,30932000.0,8138000.0,2141000.0,25989000.0,,0.0,-29171000.0,-27030000.0,-1.299,-27030000.0,-29171000.0,-29401000.0,-0.808,-0.808,-0.808,-279297000.0,,-279297000.0,,,,-32801000.0,-0.898,1.0,3852000.0,0.185,0.0,230000.0,48114000.0,,28588000.0,0.0,0.0,0.0,105392000.0,59105000.0,46287000.0,,-8081000.0,0.0,358000.0,29843000.0,0.0,28627000.0,-9379000.0,0.0,-27329000.0,0.0,-29519000.0,-29519000.0,-29519000.0,0.0,0.0,-1.418,29850000.0,-25998000.0,18190000.0,0.0,,,,26866000.0,0.0,,,,5931000.0,-290173000.0,20812000.0,20812000.0,13265000.0,,,,,3387000.0,16585000.0,1.0,465989690.0,36509700,36509700.0,0.57,145320000.0,0.0,118000.0,0.0,3.98,41497000.0
46,TSLA,MRQ,2009-12-31,2009-12-31,2009-12-31,2021-07-27,0.0,130424000.0,,100559000.0,29865000.0,,-7.105,-6199000.0,73207000.0,73207000.0,16804000.0,-24242000.0,1.749,-0.255,1090000.0,290000.0,800000.0,1090000.0,2617000.0,1935000.0,26048000.0,,0.0,-23988000.0,-22053000.0,-1.187,-22053000.0,-23988000.0,-24013000.0,-0.686,-0.686,-0.686,-253523000.0,,-253523000.0,,,,-35206000.0,-0.987,1.0,1781000.0,0.096,0.0,25000.0,818000.0,,23222000.0,0.0,0.0,0.0,64722000.0,57489000.0,7233000.0,,-36920000.0,0.0,379000.0,-47000.0,0.0,-1714000.0,-6199000.0,0.0,-29007000.0,0.0,-24242000.0,-24242000.0,-24242000.0,0.0,0.0,-1.304,24706000.0,-22925000.0,15086000.0,0.0,,,,23535000.0,0.0,,,,3488000.0,-260654000.0,18585000.0,18585000.0,8143000.0,,,,,985000.0,16563000.0,1.0,465989690.0,35684690,35684690.0,0.521,130424000.0,0.0,229000.0,0.0,3.655,43070000.0
47,TSLA,MRQ,2009-09-30,2009-09-30,2009-09-30,2021-07-27,,,,,,,,-2256000.0,,,37828000.0,-4615000.0,,,,,,,,1948000.0,,,0.0,-4816000.0,-2868000.0,-0.063,-2868000.0,-4816000.0,-4834000.0,-0.132,-0.132,-0.132,,,,,,,-25745000.0,-0.734,1.0,7699000.0,0.169,,18000.0,,,,,,,,,,,55847000.0,0.0,53000.0,-60000.0,0.0,82371000.0,-3035000.0,0.0,-23489000.0,0.0,-4615000.0,-4615000.0,-4615000.0,0.0,0.0,-0.101,11990000.0,-4291000.0,,0.0,,,,,0.0,,,,,,45527000.0,45527000.0,1257000.0,,,,,206000.0,10733000.0,1.0,,35070275,35070275.0,1.298,,,-219000.0,,,
48,TSLA,MRQ,2009-06-30,2009-06-30,2009-06-30,2021-07-27,,,,,,,,-2527000.0,,,24844000.0,-10867000.0,,,,,,,,1685000.0,,,0.0,-9773000.0,-8088000.0,-0.3,-8088000.0,-9773000.0,-10859000.0,-0.312,-0.312,-0.312,,,,,,,-14693000.0,-0.422,1.0,2101000.0,0.078,,1086000.0,,,,,,,,,,,38955000.0,0.0,33000.0,5752000.0,0.0,55229000.0,-4108000.0,0.0,-12166000.0,0.0,-10867000.0,-10867000.0,-10867000.0,0.0,0.0,-0.403,10188000.0,-8087000.0,,0.0,,,,,0.0,,,,,,26945000.0,26945000.0,1941000.0,,,,,153000.0,8247000.0,1.0,,34829790,34829790.0,0.774,,,8000.0,,,
49,TSLA,MRQ,2009-03-31,2009-03-31,2009-03-31,2021-07-27,,,,,,,,-902000.0,,,22932000.0,-16016000.0,,,,,,,,1372000.0,,,0.0,-14606000.0,-13234000.0,-0.634,-13234000.0,-14606000.0,-16008000.0,-0.462,-0.462,-0.462,,,,,,,-17065000.0,-0.493,1.0,-2046000.0,-0.098,,1402000.0,,,,,,,,,,,2468000.0,0.0,32000.0,19501000.0,0.0,19533000.0,-902000.0,0.0,-16163000.0,0.0,-16016000.0,-16016000.0,-16016000.0,0.0,0.0,-0.767,14548000.0,-16594000.0,,0.0,,,,,0.0,,,,,,20886000.0,20886000.0,7941000.0,,,,,90000.0,6607000.0,1.0,,34620970,34620970.0,0.603,,,8000.0,,,
50,TSLA,MRQ,2008-12-31,2008-12-31,2008-12-31,2021-07-27,0.0,51699000.0,,31427000.0,20272000.0,,-6.01,,10497000.0,10497000.0,,,0.357,-0.752,55757000.0,341000.0,55416000.0,55757000.0,4073000.0,,48019000.0,,0.0,,,,,,,,,,-199714000.0,,-199714000.0,,,,,,1.0,,,0.0,,9024000.0,,16650000.0,0.0,0.0,0.0,150235000.0,87935000.0,62300000.0,,,,,,,,,,,,,,,,,,,,14184000.0,,,,,18793000.0,,,,,3320000.0,-204914000.0,,,,,,,,,,1.0,,33231935,,,51699000.0,0.0,,0.0,1.556,-56508000.0
0,TSLA,MRT,2021-06-30,2021-06-30,2021-06-30,2021-07-27,206000000.0,55146000000.0,51489250000.0,24693000000.0,30453000000.0,0.813,25.545,-5060000000.0,16229000000.0,16229000000.0,32634000000.0,2307000000.0,1.508,1.165,9401000000.0,1530000000.0,7871000000.0,9401000000.0,3011000000.0,2504000000.0,812000000.0,0.0,0.0,3217000000.0,5721000000.0,0.137,5721000000.0,3217000000.0,2634000000.0,2.25,1.92,2.25,24804000000.0,21519250000.0,24804000000.0,648506705506.0,202.0,113.355,4124000000.0,4.247,1.0,9228000000.0,0.22,486000000.0,583000000.0,31461000000.0,30896750000.0,4733000000.0,1311000000.0,0.0,1311000000.0,28896000000.0,16371000000.0,12525000000.0,654775705506.0,7719000000.0,-13000000.0,10413000000.0,-5647000000.0,0.0,4577000000.0,-6183000000.0,-1228000000.0,9184000000.0,141000000.0,2181000000.0,2181000000.0,2181000000.0,0.0,126000000.0,0.052,5938000000.0,3290000000.0,7558000000.0,0.0,26.398,300.218,302.089,27030000000.0,0.0,679.7,15.641,15.766,2129000000.0,-3608000000.0,41862000000.0,41862000000.0,2130000000.0,0.042,0.101,0.104,0.077,2264000000.0,3886000000.0,1.0,963330448.0,971000000,971000000.0,43.112,54660000000.0,0.0,453000000.0,0.0,56.292,8322000000.0
1,TSLA,MRT,2021-03-31,2021-03-31,2021-03-31,2021-07-27,143000000.0,52972000000.0,47236500000.0,24705000000.0,28267000000.0,0.761,23.951,-4111000000.0,17141000000.0,17141000000.0,28329000000.0,1258000000.0,1.661,1.239,10872000000.0,1819000000.0,9053000000.0,10872000000.0,2886000000.0,2390000000.0,745000000.0,0.0,0.0,2180000000.0,4570000000.0,0.127,4570000000.0,2180000000.0,1502000000.0,1.18,1.0,1.18,23017000000.0,17782000000.0,23017000000.0,633469950927.0,291.0,138.615,3913000000.0,4.072,1.0,7611000000.0,0.212,505000000.0,678000000.0,31321000000.0,30751750000.0,4132000000.0,1331000000.0,0.0,1331000000.0,28507000000.0,14877000000.0,13630000000.0,641114950927.0,9176000000.0,-13000000.0,10400000000.0,-3948000000.0,0.0,6249000000.0,-5234000000.0,-1228000000.0,8024000000.0,137000000.0,1143000000.0,1143000000.0,1143000000.0,0.0,115000000.0,0.032,5306000000.0,2305000000.0,6648000000.0,0.0,27.854,560.905,566.042,24844000000.0,0.0,667.93,17.838,17.86,1890000000.0,-4750000000.0,35940000000.0,35940000000.0,1833000000.0,0.024,0.064,0.071,0.061,2137000000.0,3574000000.0,1.0,959853504.0,961000000,961000000.0,37.399,52467000000.0,0.0,359000000.0,0.0,54.596,9828000000.0
2,TSLA,MRT,2020-12-31,2020-12-31,2020-12-31,2021-07-27,363000000.0,52148000000.0,43306000000.0,26717000000.0,25431000000.0,0.728,23.821,-3232000000.0,19384000000.0,19384000000.0,24906000000.0,862000000.0,1.875,1.279,11739000000.0,2132000000.0,9607000000.0,11739000000.0,2742000000.0,2322000000.0,752000000.0,0.0,0.0,1761000000.0,4083000000.0,0.129,4083000000.0,1761000000.0,1013000000.0,0.74,0.64,0.74,22225000000.0,14321000000.0,22225000000.0,668107110256.0,379.0,163.631,2711000000.0,2.906,1.0,6630000000.0,0.21,520000000.0,748000000.0,29735000000.0,30574250000.0,4101000000.0,0.0,0.0,0.0,28418000000.0,14248000000.0,14170000000.0,668905110256.0,13118000000.0,-13000000.0,12686000000.0,-2494000000.0,0.0,9973000000.0,-3132000000.0,0.0,5943000000.0,334000000.0,721000000.0,721000000.0,721000000.0,0.0,141000000.0,0.023,4636000000.0,1994000000.0,6051000000.0,0.0,30.097,927.746,953.608,23375000000.0,0.0,705.67,21.211,20.877,1886000000.0,-5399000000.0,31536000000.0,31536000000.0,1491000000.0,0.017,0.05,0.058,0.056,1734000000.0,3145000000.0,1.0,947900733.0,933000000,933000000.0,33.801,51628000000.0,0.0,292000000.0,0.0,55.335,12469000000.0
3,TSLA,MRT,2020-09-30,2020-09-30,2020-09-30,2021-07-27,125000000.0,45691000000.0,38846250000.0,21744000000.0,23947000000.0,0.725,17.109,-2517000000.0,14531000000.0,14531000000.0,22221000000.0,698000000.0,1.635,1.756,13733000000.0,3126000000.0,10607000000.0,13733000000.0,2491000000.0,2281000000.0,708000000.0,0.0,0.0,1479000000.0,3760000000.0,0.133,3760000000.0,1479000000.0,807000000.0,0.58,0.52,0.58,16031000000.0,10419250000.0,16031000000.0,405279220356.0,274.0,107.787,1832000000.0,1.955,1.0,5955000000.0,0.211,521000000.0,672000000.0,31070000000.0,30704500000.0,4218000000.0,0.0,0.0,0.0,28143000000.0,13302000000.0,14841000000.0,399755220356.0,9177000000.0,-13000000.0,7739000000.0,-389000000.0,0.0,7202000000.0,-2488000000.0,0.0,4349000000.0,114000000.0,556000000.0,556000000.0,556000000.0,0.0,142000000.0,0.02,4177000000.0,1778000000.0,4958000000.0,0.0,24.936,718.984,739.672,21990000000.0,0.0,429.01,14.188,14.267,1757000000.0,-5669000000.0,28176000000.0,28176000000.0,1314000000.0,0.014,0.053,0.048,0.052,1382000000.0,2875000000.0,1.0,931808630.0,937000000,937000000.0,30.07,45170000000.0,0.0,251000000.0,0.0,48.207,8442000000.0
4,TSLA,MRT,2020-06-30,2020-06-30,2020-06-30,2021-07-27,-40000000.0,38135000000.0,35622250000.0,15336000000.0,22799000000.0,0.722,10.62,-1906000000.0,8615000000.0,8615000000.0,20625000000.0,479000000.0,1.25,2.715,14139000000.0,3679000000.0,10460000000.0,14139000000.0,2328000000.0,2227000000.0,713000000.0,0.0,0.0,1153000000.0,3380000000.0,0.131,3380000000.0,1153000000.0,459000000.0,0.42,0.41,0.42,9855000000.0,7921500000.0,9855000000.0,206028572890.0,179.0,60.955,799000000.0,0.861,1.0,5083000000.0,0.198,508000000.0,694000000.0,30881000000.0,30408000000.0,4018000000.0,0.0,0.0,0.0,26754000000.0,12270000000.0,14484000000.0,200165572890.0,3657000000.0,-76000000.0,2693000000.0,243000000.0,0.0,2870000000.0,-1935000000.0,0.0,2705000000.0,17000000.0,368000000.0,368000000.0,368000000.0,0.0,111000000.0,0.014,3853000000.0,1230000000.0,3638000000.0,0.0,20.311,543.928,514.195,20876000000.0,0.0,215.962,7.786,7.796,1485000000.0,-6000000000.0,25708000000.0,25708000000.0,1282000000.0,0.01,0.046,0.038,0.045,1038000000.0,2583000000.0,1.0,926855525.0,928000000,928000000.0,27.703,37627000000.0,0.0,91000000.0,0.0,40.546,3066000000.0
5,TSLA,MRT,2020-03-31,2020-03-31,2020-03-31,2021-07-27,-113000000.0,37250000000.0,34056649250.0,14893000000.0,22357000000.0,0.764,10.025,-1608000000.0,8080000000.0,8080000000.0,21285000000.0,-39000000.0,1.243,2.891,13943000000.0,3217000000.0,10726000000.0,13943000000.0,2385000000.0,2239000000.0,788000000.0,0.0,0.0,641000000.0,2880000000.0,0.111,2880000000.0,641000000.0,-55000000.0,-0.152,-0.152,-0.152,9173000000.0,6886598250.0,9173000000.0,101927991064.0,159.0,35.392,997000000.0,1.09,1.0,4737000000.0,0.182,516000000.0,696000000.0,30611000000.0,30124182750.0,4494000000.0,0.0,0.0,0.0,26518000000.0,11986000000.0,14532000000.0,95022991064.0,5864000000.0,-44000000.0,3676000000.0,1733000000.0,0.0,4890000000.0,-1610000000.0,0.0,2605000000.0,-21000000.0,-144000000.0,-144000000.0,-144000000.0,0.0,105000000.0,-0.006,4001000000.0,736000000.0,3970000000.0,0.0,10.359,-659.882,-689.474,20468000000.0,0.0,104.8,3.652,3.685,1274000000.0,-6104000000.0,26022000000.0,26022000000.0,1327000000.0,-0.004,-0.021,0.021,0.025,901000000.0,2569000000.0,1.0,906707930.0,915000000,915000000.0,28.439,36734000000.0,0.0,89000000.0,0.0,40.146,2907000000.0
6,TSLA,MRT,2019-12-31,2019-12-31,2019-12-31,2021-07-27,-36000000.0,34309000000.0,31972280250.0,12103000000.0,22206000000.0,0.769,7.461,-1432000000.0,6268000000.0,6268000000.0,20509000000.0,-775000000.0,1.135,3.959,13419000000.0,1785000000.0,11634000000.0,13419000000.0,2370000000.0,2154000000.0,726000000.0,0.0,0.0,-67000000.0,2087000000.0,0.085,2087000000.0,-67000000.0,-752000000.0,-0.98,-0.98,-0.98,6618000000.0,5744747250.0,6618000000.0,83173831447.0,-1241.0,39.853,973000000.0,1.097,1.0,4069000000.0,0.166,537000000.0,685000000.0,30256000000.0,29593029250.0,3552000000.0,0.0,0.0,0.0,26199000000.0,10667000000.0,15532000000.0,75401831447.0,2506000000.0,-45000000.0,1285000000.0,761000000.0,0.0,1529000000.0,-1436000000.0,0.0,2405000000.0,8000000.0,-862000000.0,-862000000.0,-862000000.0,0.0,87000000.0,-0.035,4138000000.0,-69000000.0,3771000000.0,0.0,11.393,-87.473,-85.373,20199000000.0,0.0,83.666,3.068,3.019,1324000000.0,-6083000000.0,24578000000.0,24578000000.0,1343000000.0,-0.027,-0.15,-0.002,-0.003,898000000.0,2646000000.0,1.0,901224290.0,887000000,887000000.0,27.709,33772000000.0,0.0,110000000.0,0.0,38.074,1436000000.0
7,TSLA,MRT,2019-09-30,2019-09-30,2019-09-30,2021-07-27,-120000000.0,32795000000.0,30830030250.0,10940000000.0,21855000000.0,0.792,6.734,-1337000000.0,5571000000.0,5571000000.0,20299000000.0,-697000000.0,1.078,4.191,13343000000.0,2030000000.0,11313000000.0,13343000000.0,2185000000.0,2074000000.0,665000000.0,0.0,0.0,-47000000.0,2027000000.0,0.083,2027000000.0,-47000000.0,-737000000.0,-0.95,-0.95,-0.95,6040000000.0,5320997250.0,6040000000.0,51089118058.0,-1087.0,25.204,878000000.0,0.979,1.0,4121000000.0,0.169,537000000.0,690000000.0,29884000000.0,28901529250.0,3581000000.0,653000000.0,0.0,653000000.0,25313000000.0,10146000000.0,15167000000.0,43146378058.0,2303000000.0,-56000000.0,1265000000.0,748000000.0,0.0,1496000000.0,-1398000000.0,0.0,2215000000.0,-10000000.0,-827000000.0,-827000000.0,-827000000.0,0.0,130000000.0,-0.034,4135000000.0,-14000000.0,3468000000.0,0.0,7.143,-52.172,-50.709,19845000000.0,0.0,48.174,1.767,1.77,1128000000.0,-6188000000.0,24420000000.0,24420000000.0,1354000000.0,-0.027,-0.155,-0.002,-0.002,822000000.0,2615000000.0,1.0,895636195.0,897000000,897000000.0,27.224,32258000000.0,0.0,90000000.0,0.0,35.962,794000000.0
8,TSLA,MRT,2019-06-30,2019-06-30,2019-06-30,2021-07-27,-5605000.0,31872597000.0,29946958500.0,10181952000.0,21690645000.0,0.833,6.458,-1486150000.0,5082746000.0,5082746000.0,20487000000.0,-593000000.0,1.062,4.326,13025486000.0,1791085000.0,11234401000.0,13025486000.0,2065335000.0,2046512000.0,631107000.0,0.0,0.0,102000000.0,2148512000.0,0.086,2148512000.0,102000000.0,-578000000.0,-0.746,-0.76,-0.746,5715393000.0,4938206750.0,5715393000.0,47984192191.0,470.0,22.334,1363890000.0,1.541,1.0,4454000000.0,0.179,480833000.0,680000000.0,29745731000.0,28376456000.0,3382358000.0,765855000.0,0.0,765855000.0,24722136000.0,9588773000.0,15133363000.0,38819650191.0,2665721000.0,18604000.0,1288929000.0,481689000.0,0.0,1293718000.0,-1472546000.0,0.0,2850040000.0,-5491000.0,-659000000.0,-659000000.0,-659000000.0,0.0,66000000.0,-0.026,4313000000.0,141000000.0,3133587000.0,0.0,6.792,-58.907,-59.909,19600979000.0,0.0,44.692,1.556,1.586,1147100000.0,-6331639000.0,24941000000.0,24941000000.0,1371000000.0,-0.022,-0.133,0.004,0.004,828017000.0,2749000000.0,1.0,868604005.0,885000000,885000000.0,28.182,31391764000.0,0.0,81000000.0,0.0,35.471,593179000.0
9,TSLA,MRT,2019-03-31,2019-03-31,2019-03-31,2021-07-27,-35019000.0,28912524000.0,28956309250.0,7677822000.0,21234702000.0,0.78,5.324,-1895363000.0,2329119000.0,2329119000.0,18441301000.0,-946706000.0,0.831,4.967,11493661000.0,1705711000.0,9787950000.0,11493661000.0,1920153000.0,1952767000.0,768276000.0,0.0,0.0,-221250000.0,1731517000.0,0.077,1731517000.0,-221250000.0,-892832000.0,-1.128,-1.142,-1.128,4605596000.0,4485963750.0,4605596000.0,56431037352.0,-255.0,32.591,-38987000.0,-0.045,1.0,4151930000.0,0.184,347880000.0,671582000.0,28486386000.0,27849342500.0,3836850000.0,766860000.0,0.0,766860000.0,22874618000.0,9242800000.0,13631818000.0,48337835352.0,-536749000.0,-19000000.0,279982000.0,-873714000.0,0.0,-450660000.0,-1914363000.0,0.0,1856376000.0,-28102000.0,-968539000.0,-968539000.0,-968539000.0,0.0,21833000.0,-0.043,4465322000.0,-313392000.0,3248827000.0,0.0,10.495,-49.908,-49.621,19318095000.0,0.0,55.972,2.139,2.143,1046945000.0,-5923305000.0,22593231000.0,22593231000.0,1433129000.0,-0.033,-0.216,-0.008,-0.01,815361000.0,2852759000.0,1.0,863607435.0,865000000,865000000.0,26.119,28564644000.0,0.0,75707000.0,0.0,33.023,-1564978000.0
10,TSLA,MRT,2018-12-31,2018-12-31,2018-12-31,2021-07-27,-8000000.0,29740000000.0,28546035500.0,8307000000.0,21433000000.0,0.752,5.771,-2319000000.0,3879000000.0,3879000000.0,17419000000.0,-1063000000.0,0.831,4.759,11972000000.0,2568000000.0,9404000000.0,11972000000.0,1621000000.0,1901000000.0,793000000.0,0.0,0.0,-255000000.0,1646000000.0,0.077,1646000000.0,-255000000.0,-918000000.0,-1.14,-1.14,-1.14,4923000000.0,4447238500.0,4923000000.0,65805687520.0,-258.0,39.979,-221000000.0,-0.259,1.0,4042000000.0,0.188,350000000.0,663000000.0,27490000000.0,27275058250.0,3113000000.0,820000000.0,0.0,820000000.0,23427000000.0,9993000000.0,13434000000.0,57152667520.0,312000000.0,-18000000.0,296000000.0,74000000.0,0.0,574000000.0,-2337000000.0,0.0,2098000000.0,-23000000.0,-976000000.0,-976000000.0,-976000000.0,0.0,-87000000.0,-0.045,4430000000.0,-388000000.0,3405000000.0,0.0,11.609,-58.558,-58.386,19691000000.0,0.0,66.56,2.663,2.646,949000000.0,-5318000000.0,21461000000.0,21461000000.0,1460000000.0,-0.034,-0.219,-0.009,-0.012,749000000.0,2835000000.0,1.0,858663875.0,853000000,853000000.0,25.159,29390000000.0,0.0,58000000.0,0.0,34.455,-1686000000.0
11,TSLA,MRT,2018-09-30,2018-09-30,2018-09-30,2021-07-27,8271000.0,29262713000.0,28274878500.0,7920491000.0,21342222000.0,0.62,5.273,-2870789000.0,3126131000.0,3126131000.0,14484725000.0,-2044562000.0,0.81,5.192,11779151000.0,2106538000.0,9672613000.0,11779151000.0,1521046000.0,1873603000.0,905838000.0,0.0,0.0,-1130136000.0,743467000.0,0.042,743467000.0,-1130136000.0,-1764368000.0,-2.124,-2.138,-2.124,4508838000.0,4275799000.0,4508838000.0,54401275737.0,-48.0,73.172,-1498244000.0,-1.752,1.0,3038755000.0,0.173,356702000.0,634232000.0,27783707000.0,27240224250.0,3314127000.0,819732000.0,0.0,819732000.0,23409144000.0,9775324000.0,13633820000.0,45167946737.0,-553855000.0,-12853000.0,292497000.0,549397000.0,0.0,971978000.0,-2883642000.0,0.0,1372545000.0,-14736000.0,-1792040000.0,-1792040000.0,-1792040000.0,0.0,-252522000.0,-0.102,4439176000.0,-1400421000.0,3596984000.0,0.0,10.018,-25.205,-24.931,19733969000.0,0.0,52.954,2.578,2.584,1155001000.0,-5457315000.0,17523480000.0,17523480000.0,1458789000.0,-0.063,-0.419,-0.041,-0.064,678588000.0,2849953000.0,1.0,852965720.0,855000000,855000000.0,20.495,28906011000.0,0.0,27672000.0,0.0,33.808,-1854833000.0
12,TSLA,MRT,2018-06-30,2018-06-30,2018-06-30,2021-07-27,18545000.0,27910000000.0,27985968750.0,6699797000.0,21210203000.0,0.489,4.596,-3556366000.0,2383246000.0,2383246000.0,11720260000.0,-2969725000.0,0.733,5.796,11616575000.0,2103185000.0,9513390000.0,11616575000.0,1372141000.0,1771715000.0,942129000.0,0.0,0.0,-2135688000.0,-363973000.0,-0.027,-363973000.0,-2135688000.0,-2712029000.0,-3.228,-3.228,-3.228,3906421000.0,4326459500.0,3906421000.0,66206635271.0,-31.0,-181.9,-3875423000.0,-4.559,1.0,1963895000.0,0.144,364690000.0,576341000.0,27637277000.0,27184604250.0,3324643000.0,834833000.0,0.0,834833000.0,22642887000.0,9141362000.0,13501525000.0,58230744271.0,-729559000.0,-11457000.0,277983000.0,2798343000.0,0.0,3157766000.0,-3567823000.0,0.0,-319057000.0,-445000.0,-2722416000.0,-2722416000.0,-2722416000.0,0.0,-247309000.0,-0.199,4315796000.0,-2351901000.0,3030493000.0,0.0,14.906,-21.389,-21.248,19591426000.0,0.0,68.59,4.255,4.26,569874000.0,-5768831000.0,13684155000.0,13684155000.0,1439411000.0,-0.097,-0.629,-0.079,-0.156,586224000.0,2772951000.0,1.0,848968425.0,849985000,849985000.0,16.099,27545310000.0,0.0,10387000.0,0.0,32.407,-2441565000.0
13,TSLA,MRT,2018-03-31,2018-03-31,2018-03-31,2021-07-27,82921000.0,27271429000.0,27519395000.0,6383920000.0,20887509000.0,0.453,5.263,-4037065000.0,2785867000.0,2785867000.0,10459901000.0,-2628446000.0,0.738,4.842,10761758000.0,1998030000.0,8763728000.0,10761758000.0,1354715000.0,1675631000.0,984823000.0,0.0,0.0,-1807747000.0,-132116000.0,-0.011,-132116000.0,-1807747000.0,-2328947000.0,-2.792,-2.792,-2.792,4450695000.0,4626292250.0,4450695000.0,51746364898.0,-29.0,-391.674,-4426630000.0,-5.234,1.0,2011580000.0,0.161,407712000.0,521200000.0,26189249000.0,26240802750.0,2565826000.0,883595000.0,0.0,883595000.0,21551021000.0,8650359000.0,12900662000.0,44954663898.0,-1206113000.0,-5853000.0,348536000.0,2709441000.0,0.0,3187911000.0,-4042918000.0,0.0,-389565000.0,38459000.0,-2341274000.0,-2341274000.0,-2341274000.0,0.0,-287172000.0,-0.188,3983005000.0,-1971425000.0,2603498000.0,0.0,10.101,-19.201,-19.064,19180724000.0,0.0,53.226,3.605,3.609,652848000.0,-5051292000.0,12471481000.0,12471481000.0,1423056000.0,-0.085,-0.506,-0.069,-0.145,504922000.0,2559949000.0,1.0,844599705.0,845730000,845730000.0,14.746,26863717000.0,0.0,12327000.0,0.0,31.764,-2266439000.0
14,TSLA,MRT,2017-12-31,2017-12-31,2017-12-31,2021-07-27,33348000.0,28655372000.0,26964969250.0,6570520000.0,22084852000.0,0.436,5.105,-4081000000.0,3523237000.0,3523237000.0,9536000000.0,-2241000000.0,0.856,5.433,10314938000.0,896549000.0,9418389000.0,10314938000.0,2193052000.0,1636000000.0,853919000.0,0.0,0.0,-1459000000.0,177000000.0,0.015,177000000.0,-1459000000.0,-1930000000.0,-2.366,-2.366,-2.366,4237242000.0,4760548250.0,4237242000.0,58668350433.0,-40.0,331.46,-4142000000.0,-4.99,1.0,2223000000.0,0.189,421739000.0,471000000.0,27350664000.0,25306667000.0,2263537000.0,898374000.0,0.0,898374000.0,23022980000.0,7674670000.0,15348310000.0,52327783433.0,198000000.0,-115000000.0,712000000.0,3672000000.0,0.0,4415000000.0,-4196000000.0,0.0,-61000000.0,40000000.0,-1962000000.0,-1962000000.0,-1962000000.0,0.0,-279000000.0,-0.167,3855000000.0,-1632000000.0,2390250000.0,0.0,12.349,-26.671,-26.319,20491616000.0,0.0,62.27,4.45,4.395,515381000.0,-4974299000.0,11759000000.0,11759000000.0,1378000000.0,-0.073,-0.412,-0.058,-0.124,467000000.0,2477000000.0,1.0,840336975.0,830000000,830000000.0,14.167,28233633000.0,0.0,32000000.0,0.0,34.016,-1104150000.0
15,TSLA,MRT,2017-09-30,2017-09-30,2017-09-30,2021-07-27,21250000.0,28107074000.0,25467145250.0,7068733000.0,21038341000.0,0.422,5.633,-3856492000.0,3668211000.0,3668211000.0,8536154000.0,-1689240000.0,1.093,4.654,10008778000.0,424224000.0,9584554000.0,10008778000.0,2034604000.0,1493336000.0,686084000.0,0.0,0.0,-965677000.0,527659000.0,0.049,527659000.0,-965677000.0,-1355677000.0,-1.704,-1.704,-1.704,4711480000.0,4889465500.0,4711480000.0,61714497545.0,-64.0,116.959,-4875246000.0,-5.828,1.0,2218979000.0,0.206,417474000.0,390000000.0,27561227000.0,23491656500.0,2471382000.0,872422000.0,0.0,872422000.0,21929057000.0,6468940000.0,15460117000.0,56925163545.0,955015000.0,233572000.0,649859000.0,4593767000.0,0.0,5501849000.0,-3543764000.0,0.0,-1018754000.0,15684000.0,-1407387000.0,-1407387000.0,-1407387000.0,0.0,-281853000.0,-0.131,3519622000.0,-1300643000.0,2385778000.0,0.0,12.082,-40.447,-40.035,19516596000.0,0.0,68.22,5.293,5.306,607734000.0,-4298960000.0,10755133000.0,10755133000.0,1269396000.0,-0.055,-0.288,-0.041,-0.09,420125000.0,2250226000.0,1.0,834435115.0,836470000,836470000.0,12.858,27689600000.0,0.0,51710000.0,0.0,33.103,599793000.0
16,TSLA,MRT,2017-06-30,2017-06-30,2017-06-30,2021-07-27,10961000.0,26043705000.0,21588476000.0,6359444000.0,19684261000.0,0.466,6.181,-2859376000.0,3154293000.0,3154293000.0,7662320000.0,-996199000.0,0.971,3.811,7943627000.0,816533000.0,7127094000.0,7943627000.0,1948977000.0,1373180000.0,603540000.0,0.0,0.0,-386401000.0,986779000.0,0.098,986779000.0,-386401000.0,-706005000.0,-0.934,-0.934,-0.934,5105752000.0,4381717500.0,5105752000.0,63471974135.0,-164.0,64.322,-3153919000.0,-3.818,1.0,2406574000.0,0.239,424613000.0,319604000.0,23862071000.0,18613904000.0,2438111000.0,831108000.0,0.0,831108000.0,19459902000.0,6546355000.0,12913547000.0,59397963135.0,228954000.0,233572000.0,612427000.0,2204586000.0,0.0,3079473000.0,-2567043000.0,0.0,-294543000.0,11067000.0,-766133000.0,-766133000.0,-766133000.0,0.0,-230066000.0,-0.076,3086115000.0,-679541000.0,2359316000.0,0.0,11.634,-77.53,-77.433,18218554000.0,0.0,72.322,5.899,5.933,453539000.0,-3679584000.0,10068894000.0,10068894000.0,1152076000.0,-0.035,-0.175,-0.021,-0.038,397015000.0,1934039000.0,1.0,821298680.0,826060000,826060000.0,12.189,25619092000.0,0.0,60128000.0,0.0,31.014,-186911000.0
17,TSLA,MRT,2017-03-31,2017-03-31,2017-03-31,2021-07-27,-20769000.0,25053726000.0,18044787750.0,7027889000.0,18025837000.0,0.474,6.153,-1996184000.0,4095539000.0,4095539000.0,6534619000.0,-887960000.0,1.125,3.786,8169550000.0,1003311000.0,7166239000.0,8169550000.0,1796572000.0,1167241000.0,616398000.0,0.0,0.0,-417263000.0,749978000.0,0.088,749978000.0,-417263000.0,-674794000.0,-0.944,-0.944,-0.944,4987719000.0,3735353000.0,4987719000.0,48622576112.0,-117.0,64.832,-1940219000.0,-2.393,1.0,2014735000.0,0.236,429592000.0,257531000.0,22452706000.0,14665536250.0,2220336000.0,816573000.0,0.0,816573000.0,18885353000.0,6245439000.0,12639914000.0,44992880112.0,2946490000.0,233572000.0,2270195000.0,2279828000.0,0.0,4627290000.0,-1728985000.0,16667000.0,55965000.0,-7780000.0,-722924000.0,-722924000.0,-722924000.0,0.0,-165036000.0,-0.085,2691400000.0,-676665000.0,2075333000.0,0.0,9.021,-62.237,-58.962,16555136000.0,0.0,55.66,5.263,5.278,440349000.0,-3343187000.0,8549354000.0,8549354000.0,973966000.0,-0.04,-0.194,-0.028,-0.049,348284000.0,1717434000.0,1.0,808352140.0,810645000,810645000.0,10.546,24624134000.0,0.0,48130000.0,0.0,30.376,782450000.0
18,TSLA,MRT,2016-12-31,2016-12-31,2016-12-31,2021-07-27,-23740000.0,22664076000.0,14079281750.0,6259796000.0,16404280000.0,0.497,6.592,-1440471000.0,3498735000.0,3498735000.0,5400875000.0,-773046000.0,1.074,3.524,7128431000.0,1150147000.0,5978284000.0,7128431000.0,1614916000.0,947099000.0,663859000.0,0.0,0.0,-449406000.0,497693000.0,0.071,497693000.0,-449406000.0,-648216000.0,-0.936,-0.936,-0.936,4752911000.0,2731014500.0,4752911000.0,31570458391.0,-70.0,63.434,-1564300000.0,-2.169,1.0,1599257000.0,0.228,376145000.0,198810000.0,20090622000.0,10971527500.0,2067454000.0,774467000.0,0.0,774467000.0,16750167000.0,5827005000.0,10923162000.0,32030248391.0,2532509000.0,342719000.0,1865551000.0,1718190000.0,0.0,3743976000.0,-1081085000.0,16667000.0,-123829000.0,-6553000.0,-674914000.0,-674914000.0,-674914000.0,0.0,-98132000.0,-0.096,2266597000.0,-667340000.0,1860341000.0,0.0,6.739,-47.458,-45.66,15036917000.0,0.0,42.738,4.576,4.402,499142000.0,-2997237000.0,7000132000.0,7000132000.0,834408000.0,-0.048,-0.247,-0.041,-0.064,334225000.0,1432189000.0,1.0,749455950.0,721060000,721060000.0,9.708,22287931000.0,0.0,26698000.0,0.0,30.91,432791000.0
19,TSLA,MRT,2016-09-30,2016-09-30,2016-09-30,2021-07-27,25310000.0,12592397000.0,10430247500.0,5172412000.0,7419985000.0,0.569,3.598,-1170412000.0,3175251000.0,3175251000.0,4547338000.0,-873974000.0,1.267,3.694,2715461000.0,260771000.0,2454690000.0,2715461000.0,1207101000.0,763883000.0,690364000.0,0.0,0.0,-680975000.0,82908000.0,0.014,82908000.0,-680975000.0,-853298000.0,-1.306,-1.306,-1.306,2680488000.0,1813712750.0,2680488000.0,30303804198.0,-45.0,365.511,-875881000.0,-1.176,1.0,1382543000.0,0.233,0.0,172323000.0,8050217000.0,7629086250.0,1604571000.0,23711000.0,23711000.0,0.0,9900639000.0,4082390000.0,5818249000.0,30337752198.0,1658221000.0,0.0,1867780000.0,746946000.0,0.0,2596187000.0,-1235959000.0,16667000.0,294531000.0,3462000.0,-873974000.0,-873974000.0,-873974000.0,0.0,0.0,-0.147,2043518000.0,-660975000.0,1606284000.0,0.0,11.318,-34.712,-31.245,7258345000.0,0.0,40.806,5.116,5.126,326895000.0,-2875900000.0,5929881000.0,5929881000.0,778691000.0,-0.084,-0.482,-0.089,-0.115,302152000.0,1264827000.0,1.0,743463025.0,744955000,744955000.0,7.96,12592397000.0,0.0,20676000.0,0.0,16.904,1090022000.0
20,TSLA,MRT,2016-06-30,2016-06-30,2016-06-30,2021-07-27,34193000.0,11868952000.0,9169022500.0,5203705000.0,6665247000.0,0.498,3.601,-1315204000.0,3317922000.0,3317922000.0,3590930000.0,-1125710000.0,1.382,3.695,3283974000.0,626826000.0,2657148000.0,3283974000.0,1092069000.0,593781000.0,679834000.0,0.0,0.0,-956465000.0,-362684000.0,-0.079,-362684000.0,-956465000.0,-1111383000.0,-1.692,-1.692,-1.692,2520294000.0,1472254750.0,2520294000.0,30106432358.0,-31.0,-83.01,-1647662000.0,-2.354,1.0,977304000.0,0.214,0.0,154918000.0,8068600000.0,7171711750.0,1609607000.0,24525000.0,24525000.0,0.0,9311512000.0,3766404000.0,5545108000.0,28433764358.0,2095628000.0,0.0,2609952000.0,1228629000.0,0.0,3811035000.0,-1372043000.0,16667000.0,-332458000.0,-10906000.0,-1125710000.0,-1125710000.0,-1125710000.0,0.0,0.0,-0.246,1907563000.0,-930259000.0,1114878000.0,0.0,11.282,-25.259,-25.092,6526976000.0,0.0,42.456,6.224,6.505,178594000.0,-2897778000.0,4568234000.0,4568234000.0,743180000.0,-0.123,-0.765,-0.133,-0.209,268607000.0,1164383000.0,1.0,669723110.0,699915000,699915000.0,6.527,11868952000.0,0.0,14327000.0,0.0,16.958,1437301000.0
21,TSLA,MRT,2016-03-31,2016-03-31,2016-03-31,2021-07-27,13565000.0,9191702000.0,7818830750.0,3239543000.0,5952159000.0,0.544,1.463,-1425649000.0,1489572000.0,1489572000.0,3337295000.0,-1016749000.0,1.016,8.428,3162240000.0,635285000.0,2526955000.0,3162240000.0,1013617000.0,501938000.0,391363000.0,0.0,0.0,-870002000.0,-368064000.0,-0.087,-368064000.0,-870002000.0,-1002904000.0,-1.564,-1.564,-1.564,970365000.0,1021164750.0,970365000.0,31829740782.0,-37.0,-86.479,-2067959000.0,-3.117,1.0,915898000.0,0.215,0.0,132902000.0,7676671000.0,6554872000.0,1301961000.0,23980000.0,23980000.0,0.0,8178711000.0,3187699000.0,4991012000.0,30342584782.0,-68287000.0,-12260000.0,874231000.0,1195676000.0,0.0,2052802000.0,-1475026000.0,0.0,-642310000.0,-3753000.0,-1016749000.0,-1016749000.0,-1016749000.0,0.0,0.0,-0.239,1778305000.0,-862407000.0,1013486000.0,0.0,31.269,-29.843,-29.382,5837224000.0,0.0,45.954,7.134,7.168,318056000.0,-2604590000.0,4253193000.0,4253193000.0,733228000.0,-0.13,-0.996,-0.133,-0.205,244631000.0,1045077000.0,1.0,660281690.0,663380000,663380000.0,6.411,9191702000.0,0.0,13845000.0,0.0,13.856,51844000.0
22,TSLA,MRT,2015-12-31,2015-12-31,2015-12-31,2021-07-27,-3556000.0,8067939000.0,7050912750.0,2782006000.0,5285933000.0,0.574,1.691,-1634850000.0,1219536000.0,1219536000.0,3122522000.0,-888663000.0,0.99,6.401,2696305000.0,627927000.0,2068378000.0,2696305000.0,870066000.0,422590000.0,283370000.0,0.0,0.0,-756773000.0,-334183000.0,-0.083,-334183000.0,-756773000.0,-875624000.0,-1.386,-1.386,-1.386,1083704000.0,985072750.0,1083704000.0,32656619073.0,-43.0,-97.721,-2159349000.0,-3.369,1.0,923503000.0,0.228,12816000.0,118851000.0,6720857000.0,5882772500.0,1277838000.0,31522000.0,0.0,31522000.0,6936950000.0,2811035000.0,4125915000.0,31429626073.0,-708805000.0,-12260000.0,856611000.0,683937000.0,0.0,1523523000.0,-1673551000.0,0.0,-524499000.0,-34278000.0,-888663000.0,-888663000.0,-888663000.0,0.0,0.0,-0.22,1640132000.0,-716629000.0,916148000.0,0.0,29.002,-35.367,-34.633,5194737000.0,0.0,48.002,7.768,7.605,168965000.0,-2322323000.0,4046025000.0,4046025000.0,717900000.0,-0.126,-0.902,-0.129,-0.187,197999000.0,922232000.0,1.0,654756595.0,641010000,641010000.0,6.312,8055123000.0,0.0,13039000.0,0.0,12.566,-29029000.0
23,TSLA,MRT,2015-09-30,2015-09-30,2015-09-30,2021-07-27,-23985000.0,7547497000.0,6491594750.0,2998795000.0,4548702000.0,0.584,2.038,-1592289000.0,1452391000.0,1452391000.0,2821670000.0,-675895000.0,1.174,4.706,2679384000.0,651809000.0,2027575000.0,2679384000.0,710378000.0,346843000.0,269545000.0,0.0,0.0,-555248000.0,-208405000.0,-0.055,-208405000.0,-555248000.0,-664185000.0,-1.062,-1.062,-1.062,1314656000.0,942074250.0,1314656000.0,33099553315.0,-60.0,-158.823,-2173341000.0,-3.369,1.0,966636000.0,0.255,0.0,108937000.0,6220719000.0,5276181750.0,1293717000.0,25223000.0,25223000.0,0.0,6186660000.0,2553771000.0,3632889000.0,31582109315.0,-962510000.0,-12260000.0,854556000.0,471811000.0,0.0,1309810000.0,-1631502000.0,-10000.0,-581052000.0,-41955000.0,-675895000.0,-675895000.0,-675895000.0,0.0,0.0,-0.178,1497770000.0,-531134000.0,824861000.0,0.0,24.023,-46.726,-46.78,4464536000.0,0.0,49.68,8.337,8.459,119964000.0,-2001926000.0,3788306000.0,3788306000.0,667222000.0,-0.104,-0.717,-0.105,-0.147,186875000.0,830548000.0,1.0,635710735.0,645030000,645030000.0,5.873,7547497000.0,0.0,11710000.0,0.0,11.701,445024000.0
24,TSLA,MRT,2015-06-30,2015-06-30,2015-06-30,2021-07-27,-14804000.0,6468185000.0,5964103750.0,2628621000.0,3839564000.0,0.621,1.13,-1484061000.0,1170447000.0,1170447000.0,2716330000.0,-520745000.0,1.102,7.964,2687891000.0,638275000.0,2049616000.0,2687891000.0,623155000.0,301449000.0,272848000.0,0.0,0.0,-398401000.0,-96952000.0,-0.026,-96952000.0,-398401000.0,-507092000.0,-0.826,-0.826,-0.826,715934000.0,852933750.0,715934000.0,34969705510.0,-88.0,-360.691,-1889769000.0,-2.983,1.0,986991000.0,0.267,0.0,108691000.0,5601241000.0,4642689750.0,1212279000.0,20591000.0,20591000.0,0.0,5701978000.0,2384388000.0,3317590000.0,33909081510.0,-1524237000.0,-12260000.0,106211000.0,348618000.0,0.0,449586000.0,-1519055000.0,-5573000.0,-405708000.0,-49060000.0,-520745000.0,-520745000.0,-520745000.0,0.0,0.0,-0.141,1373592000.0,-386601000.0,771637000.0,0.0,47.363,-65.116,-64.954,3766263000.0,0.0,53.652,9.156,9.177,138648000.0,-1772068000.0,3703321000.0,3703321000.0,624304000.0,-0.087,-0.611,-0.086,-0.108,170035000.0,749288000.0,1.0,632018965.0,633445000,633445000.0,5.846,6468185000.0,0.0,13653000.0,0.0,10.211,244233000.0
25,TSLA,MRT,2015-03-31,2015-03-31,2015-03-31,2021-07-27,-15965000.0,6120030000.0,5610673250.0,2921417000.0,3198613000.0,0.627,1.312,-1254581000.0,1523922000.0,1523922000.0,2531078000.0,-398418000.0,1.333,6.344,2584546000.0,630332000.0,1954214000.0,2584546000.0,539324000.0,264775000.0,249476000.0,0.0,0.0,-271205000.0,-6430000.0,-0.002,-6430000.0,-271205000.0,-386782000.0,-0.636,-0.636,-0.636,825997000.0,912033500.0,825997000.0,24311242363.0,-90.0,-3780.909,-1502435000.0,-2.386,1.0,986616000.0,0.28,0.0,115577000.0,4988273000.0,4054148000.0,1054840000.0,20693000.0,20693000.0,0.0,5239756000.0,2192381000.0,3047375000.0,23740250363.0,-883832000.0,0.0,150707000.0,446533000.0,0.0,512727000.0,-1093608000.0,172401000.0,-247854000.0,-55097000.0,-398418000.0,-398418000.0,-398418000.0,0.0,0.0,-0.113,1231782000.0,-245166000.0,732331000.0,0.0,28.741,-59.586,-59.362,3136252000.0,0.0,37.754,6.749,6.759,200052000.0,-1587841000.0,3517694000.0,3517694000.0,550309000.0,-0.071,-0.437,-0.067,-0.077,162484000.0,681473000.0,1.0,628814175.0,629735000,629735000.0,5.586,6120030000.0,0.0,11636000.0,0.0,9.718,729036000.0
26,TSLA,MRT,2014-12-31,2014-12-31,2014-12-31,2021-07-27,-22000.0,5830667000.0,5205768250.0,3180073000.0,2650594000.0,0.614,1.464,-969885000.0,1917087000.0,1917087000.0,2316685000.0,-294040000.0,1.509,5.331,2488080000.0,611099000.0,1876981000.0,2488080000.0,483922000.0,231931000.0,257587000.0,0.0,0.0,-183750000.0,48181000.0,0.015,48181000.0,-183750000.0,-284636000.0,-0.472,-0.472,-0.472,911710000.0,933548250.0,911710000.0,27975160693.0,-152.0,580.626,-1027222000.0,-1.65,1.0,881671000.0,0.276,0.0,100886000.0,4294494000.0,3528488250.0,953675000.0,17947000.0,17947000.0,0.0,4860761000.0,2107166000.0,2753595000.0,27886165693.0,1059824000.0,0.0,489615000.0,2292092000.0,0.0,2143130000.0,-990444000.0,-16710000.0,-57337000.0,-35525000.0,-294040000.0,-294040000.0,-294040000.0,0.0,0.0,-0.092,1068360000.0,-186689000.0,777946000.0,0.0,30.587,-94.838,-94.242,2596011000.0,0.0,44.482,8.719,8.66,226604000.0,-1433660000.0,3198356000.0,3198356000.0,464700000.0,-0.056,-0.315,-0.052,-0.057,156496000.0,603660000.0,1.0,626908990.0,622695000,622695000.0,5.136,5830667000.0,0.0,9404000.0,0.0,9.364,1072907000.0
27,TSLA,MRT,2014-09-30,2014-09-30,2014-09-30,2021-07-27,0.0,5437533000.0,4352334000.0,3362914000.0,2074619000.0,0.656,1.534,-690658000.0,2379825000.0,2379825000.0,2080351000.0,-202672000.0,1.828,4.61,2468820000.0,607218000.0,1861602000.0,2468820000.0,415891000.0,201540000.0,227056000.0,0.0,0.0,-117216000.0,84324000.0,0.03,84324000.0,-117216000.0,-195628000.0,-0.326,-0.326,-0.326,958094000.0,872400750.0,958094000.0,30013624262.0,-256.0,355.932,-527606000.0,-0.845,1.0,776563000.0,0.272,0.0,78412000.0,3686751000.0,2828945750.0,752492000.0,17331000.0,17331000.0,0.0,4417278000.0,1839777000.0,2577501000.0,30245163262.0,1590845000.0,0.0,492173000.0,2289253000.0,0.0,2142321000.0,-707718000.0,-16700000.0,163052000.0,-22036000.0,-202672000.0,-202672000.0,-202672000.0,0.0,0.0,-0.071,901765000.0,-125202000.0,649362000.0,0.0,31.568,-149.232,-148.883,2022069000.0,0.0,48.536,10.587,10.611,156889000.0,-1326041000.0,2856914000.0,2856914000.0,393587000.0,-0.047,-0.232,-0.041,-0.041,137151000.0,508178000.0,1.0,623149070.0,624555000,624555000.0,4.574,5437533000.0,0.0,7044000.0,0.0,8.706,1523137000.0
28,TSLA,MRT,2014-06-30,2014-06-30,2014-06-30,2021-07-27,0.0,5054463000.0,3534503000.0,3441694000.0,1612769000.0,0.689,1.533,-483031000.0,2682157000.0,2682157000.0,1808876000.0,-166460000.0,2.184,4.238,2450618000.0,603412000.0,1847206000.0,2450618000.0,374416000.0,165018000.0,228017000.0,0.0,0.0,-106523000.0,58495000.0,0.024,58495000.0,-106523000.0,-162365000.0,-0.27,-0.27,-0.27,952333000.0,773918500.0,952333000.0,29587777810.0,-278.0,505.817,-189947000.0,-0.306,1.0,627580000.0,0.258,0.0,55842000.0,3247074000.0,2124548250.0,596927000.0,11714000.0,11714000.0,0.0,4036047000.0,1575850000.0,2460197000.0,29789083810.0,1925958000.0,0.0,482491000.0,2289563000.0,0.0,2132782000.0,-493577000.0,-11137000.0,293084000.0,-3436000.0,-166460000.0,-166460000.0,-166460000.0,0.0,0.0,-0.068,744207000.0,-116627000.0,443548000.0,0.0,31.28,-178.956,-177.822,1567048000.0,0.0,48.012,12.226,12.242,96607000.0,-1251327000.0,2436456000.0,2436456000.0,314065000.0,-0.047,-0.215,-0.05,-0.044,118977000.0,430142000.0,1.0,620450800.0,621252140,621252140.0,3.922,5054463000.0,0.0,4095000.0,0.0,8.136,1865844000.0
29,TSLA,MRT,2014-03-31,2014-03-31,2014-03-31,2021-07-27,0.0,4500410000.0,2742848250.0,3156047000.0,1344363000.0,0.756,1.477,-347861000.0,2402059000.0,2402059000.0,1557178000.0,-135062000.0,2.233,3.858,2200753000.0,598272000.0,1602481000.0,2200753000.0,323557000.0,132501000.0,198006000.0,0.0,0.0,-87096000.0,45405000.0,0.022,45405000.0,-87096000.0,-131816000.0,-0.222,-0.222,-0.222,912056000.0,693191750.0,912056000.0,25430901476.0,-292.0,560.09,-88413000.0,-0.143,1.0,515068000.0,0.249,0.0,44720000.0,2885634000.0,1622906000.0,450730000.0,189111000.0,189111000.0,0.0,3518412000.0,1413470000.0,2104942000.0,25679359476.0,2179491000.0,0.0,986848000.0,2210912000.0,0.0,2448297000.0,-523361000.0,-189111000.0,259448000.0,-4893000.0,-135062000.0,-135062000.0,-135062000.0,0.0,0.0,-0.065,614734000.0,-99666000.0,375778000.0,0.0,28.155,-190.13,-187.793,1301118000.0,0.0,41.69,12.392,12.42,72380000.0,-1189420000.0,2072246000.0,2072246000.0,258660000.0,-0.049,-0.195,-0.054,-0.042,102907000.0,356074000.0,1.0,615959690.0,617363910,617363910.0,3.357,4500410000.0,0.0,3246000.0,0.0,7.29,1742577000.0
30,TSLA,MRT,2013-12-31,2013-12-31,2013-12-31,2021-07-27,0.0,2416930000.0,1903690250.0,1265939000.0,1150991000.0,1.058,1.117,-264224000.0,852324000.0,852324000.0,1557234000.0,-74014000.0,1.875,2.623,606878000.0,7904000.0,598974000.0,606878000.0,273062000.0,106083000.0,163153000.0,0.0,0.0,-38492000.0,67591000.0,0.034,67591000.0,-38492000.0,-71426000.0,-0.124,-0.124,-0.124,667120000.0,507323500.0,667120000.0,18314092995.0,-476.0,270.955,580000.0,0.001,1.0,456262000.0,0.227,0.0,32934000.0,1496324000.0,1108375750.0,340355000.0,3012000.0,3012000.0,0.0,1749810000.0,675160000.0,1074650000.0,18441681995.0,643999000.0,0.0,630625000.0,199238000.0,0.0,635422000.0,-249417000.0,0.0,264804000.0,-6810000.0,-74014000.0,-74014000.0,-74014000.0,0.0,0.0,-0.037,517545000.0,-61283000.0,303969000.0,0.0,27.644,-249.165,-242.627,1120919000.0,0.0,30.086,9.159,8.922,49109000.0,-1139620000.0,2013496000.0,2013496000.0,231976000.0,-0.039,-0.146,-0.035,-0.019,80737000.0,285569000.0,1.0,612969640.0,597105000,597105000.0,3.372,2416930000.0,0.0,2588000.0,0.0,4.048,590779000.0
31,TSLA,MRT,2013-09-30,2013-09-30,2013-09-30,2021-07-27,0.0,2166209000.0,1578005250.0,1218766000.0,947443000.0,1.08,0.926,-238843000.0,804491000.0,804491000.0,1381081000.0,-147681000.0,1.042,2.702,676902000.0,588473000.0,88429000.0,676902000.0,195037000.0,81290000.0,140277000.0,0.0,0.0,-119847000.0,-38557000.0,-0.023,-38557000.0,-119847000.0,-146599000.0,-0.252,-0.272,-0.252,564165000.0,371718500.0,564165000.0,23323924240.0,-195.0,-604.921,-143251000.0,-0.235,1.0,323528000.0,0.19,0.0,26752000.0,869161000.0,938196000.0,347545000.0,0.0,0.0,0.0,1524546000.0,1169459000.0,355087000.0,23484718240.0,712008000.0,0.0,845840000.0,187425000.0,0.0,839351000.0,-220669000.0,0.0,95592000.0,-4851000.0,-147681000.0,-147681000.0,-147681000.0,0.0,0.0,-0.087,462341000.0,-138813000.0,302439000.0,0.0,41.627,-159.023,-153.468,923306000.0,0.0,38.674,13.777,13.824,47580000.0,-1123355000.0,1704609000.0,1704609000.0,232354000.0,-0.094,-0.397,-0.128,-0.07,69982000.0,229987000.0,1.0,607248235.0,609312485,609312485.0,2.798,2166209000.0,0.0,1082000.0,0.0,3.555,49307000.0
32,TSLA,MRT,2013-06-30,2013-06-30,2013-06-30,2021-07-27,0.0,1887844000.0,1238747250.0,1129542000.0,758302000.0,1.068,1.065,-224693000.0,754478000.0,754478000.0,1111468000.0,-219989000.0,2.322,1.999,593684000.0,5695000.0,587989000.0,593684000.0,98074000.0,60362000.0,133716000.0,0.0,0.0,-199231000.0,-138869000.0,-0.105,-138869000.0,-199231000.0,-219569000.0,-0.398,-0.418,-0.398,629426000.0,223708500.0,629426000.0,12625096194.0,-63.0,-90.914,-332163000.0,-0.562,1.0,211899000.0,0.16,0.0,20338000.0,1240505000.0,917066500.0,254891000.0,0.0,0.0,0.0,1258418000.0,486545000.0,771873000.0,12405738194.0,538398000.0,0.0,826399000.0,222663000.0,0.0,855315000.0,-207181000.0,0.0,-107470000.0,-5161000.0,-219989000.0,-219989000.0,-219989000.0,0.0,0.0,-0.166,428618000.0,-216719000.0,262227000.0,0.0,19.71,-56.393,-53.95,727047000.0,0.0,21.472,9.374,9.589,113544000.0,-1084858000.0,1323367000.0,1323367000.0,237904000.0,-0.178,-0.983,-0.217,-0.151,61473000.0,190714000.0,1.0,577763515.0,590968040,590968040.0,2.239,1887844000.0,0.0,420000.0,0.0,3.194,642997000.0
33,TSLA,MRT,2013-03-31,2013-03-31,2013-03-31,2021-07-27,0.0,1143778000.0,961003500.0,525993000.0,617785000.0,0.983,0.294,-242181000.0,236180000.0,236180000.0,828703000.0,-295090000.0,0.982,5.785,455538000.0,56293000.0,399245000.0,455538000.0,9024000.0,42512000.0,130714000.0,0.0,0.0,-294556000.0,-252044000.0,-0.267,-252044000.0,-294556000.0,-294862000.0,-0.546,-0.566,-0.546,168583000.0,81905750.0,168583000.0,4579608997.0,-16.0,-18.17,-378617000.0,-0.66,1.0,116178000.0,0.123,0.0,306000.0,827513000.0,780147500.0,237618000.0,0.0,0.0,0.0,975195000.0,535623000.0,439572000.0,4339085997.0,-4153000.0,0.0,255291000.0,75197000.0,0.0,330488000.0,-195939000.0,25000000.0,-136436000.0,-2266000.0,-295090000.0,-295090000.0,-295090000.0,0.0,0.0,-0.312,427280000.0,-311102000.0,304204000.0,0.0,25.739,-14.704,-13.879,591057000.0,0.0,7.578,4.592,4.6,46139000.0,-1054357000.0,944881000.0,944881000.0,260446000.0,-0.307,-3.603,-0.378,-0.312,54302000.0,166834000.0,1.0,572589865.0,573559495,621326460.0,1.647,1143778000.0,0.0,228000.0,0.0,1.994,-9630000.0
34,TSLA,MRT,2012-12-31,2012-12-31,2012-12-31,2021-07-27,0.0,1114190000.0,865334000.0,524768000.0,589422000.0,0.478,0.232,-239228000.0,226143000.0,226143000.0,383189000.0,-396213000.0,0.973,7.935,466666000.0,55206000.0,411460000.0,466666000.0,4965000.0,28825000.0,138817000.0,0.0,0.0,-395823000.0,-366998000.0,-0.888,-366998000.0,-395823000.0,-396077000.0,-0.738,-0.738,-0.738,124700000.0,78228500.0,124700000.0,4214962158.0,-11.0,-11.485,-503043000.0,-0.937,1.0,30067000.0,0.073,0.0,254000.0,815605000.0,730697250.0,268504000.0,0.0,0.0,0.0,989490000.0,539108000.0,450382000.0,3853690158.0,-53376000.0,0.0,246381000.0,173254000.0,0.0,419635000.0,-206930000.0,25008000.0,-263815000.0,-2266000.0,-396213000.0,-396213000.0,-396213000.0,0.0,0.0,-0.959,424350000.0,-394283000.0,303382000.0,0.0,30.904,-9.726,-9.179,562300000.0,0.0,6.774,9.325,8.798,26842000.0,-1065606000.0,413256000.0,413256000.0,273978000.0,-0.458,-5.065,-0.542,-0.958,50145000.0,150372000.0,1.0,568894325.0,536745940,536745940.0,0.77,1114190000.0,0.0,136000.0,0.0,2.076,-14340000.0
35,TSLA,MRT,2012-09-30,2012-09-30,2012-09-30,2021-07-27,0.0,809177000.0,765148500.0,284541000.0,524636000.0,0.191,-0.053,-215767000.0,113242000.0,113242000.0,132253000.0,-387769000.0,0.738,-30.029,474514000.0,54029000.0,420485000.0,474514000.0,5381000.0,20837000.0,138338000.0,0.0,0.0,-387103000.0,-366266000.0,-2.504,-366266000.0,-387103000.0,-387373000.0,-0.738,-0.738,-0.738,-27875000.0,103064750.0,-27875000.0,3289549512.0,-8.0,-8.981,-485115000.0,-0.919,1.0,14046000.0,0.096,0.0,270000.0,784643000.0,655657750.0,159048000.0,0.0,0.0,0.0,837052000.0,385806000.0,451246000.0,3087063512.0,-127635000.0,0.0,20791000.0,238172000.0,0.0,258963000.0,-117250000.0,65008000.0,-269348000.0,0.0,-387769000.0,-387769000.0,-387769000.0,0.0,0.0,-2.651,398371000.0,-384325000.0,162025000.0,0.0,-110.747,-7.961,-7.935,498037000.0,0.0,5.856,21.101,21.126,9164000.0,-975674000.0,146299000.0,146299000.0,266351000.0,-0.507,-3.762,-0.59,-2.646,44411000.0,132020000.0,1.0,527162485.0,527780810,527780810.0,0.277,809177000.0,0.0,396000.0,0.0,1.533,-101265000.0
36,TSLA,MRT,2012-06-30,2012-06-30,2012-06-30,2021-07-27,0.0,776869000.0,737916750.0,317126000.0,459743000.0,0.209,0.118,-222213000.0,236487000.0,236487000.0,113830000.0,-342043000.0,1.107,11.487,438973000.0,38098000.0,400875000.0,438973000.0,5377000.0,17595000.0,133447000.0,0.0,0.0,-341484000.0,-323889000.0,-2.105,-323889000.0,-341484000.0,-341676000.0,-0.654,-0.654,-0.654,62215000.0,183563000.0,62215000.0,3396492576.0,-10.0,-10.487,-412026000.0,-0.783,1.0,40031000.0,0.26,0.0,192000.0,692829000.0,583929750.0,66669000.0,0.0,0.0,0.0,714654000.0,286526000.0,428128000.0,3292158576.0,-108826000.0,0.0,15986000.0,296407000.0,0.0,312393000.0,-231406000.0,56000.0,-189813000.0,0.0,-342043000.0,-342043000.0,-342043000.0,0.0,0.0,-2.223,380373000.0,-340342000.0,78601000.0,0.0,52.916,-9.625,-9.569,433642000.0,0.0,6.258,21.397,21.403,11023000.0,-864871000.0,153861000.0,153861000.0,258533000.0,-0.464,-1.863,-0.585,-2.219,39821000.0,121840000.0,1.0,526072000.0,526212260,526212260.0,0.292,776869000.0,0.0,367000.0,0.0,1.476,30600000.0
37,TSLA,MRT,2012-03-31,2012-03-31,2012-03-31,2021-07-27,-6000.0,761100000.0,705238250.0,358897000.0,402203000.0,0.263,0.294,-218524000.0,261574000.0,261574000.0,131602000.0,-295343000.0,1.523,3.946,365908000.0,21864000.0,344044000.0,365908000.0,5666000.0,17565000.0,113318000.0,0.0,0.0,-294838000.0,-277273000.0,-1.496,-277273000.0,-294838000.0,-294946000.0,-0.574,-0.574,-0.574,153874000.0,255122250.0,153874000.0,3888792599.0,-13.0,-14.025,-366561000.0,-0.7,1.0,53777000.0,0.29,0.0,108000.0,629712000.0,487267000.0,55427000.0,25009000.0,25009000.0,0.0,607226000.0,235722000.0,371504000.0,3895454599.0,117915000.0,0.0,247280000.0,257268000.0,0.0,504548000.0,-238596000.0,-24944000.0,-148037000.0,0.0,-295343000.0,-295343000.0,-295343000.0,0.0,0.0,-1.593,346683000.0,-292906000.0,64333000.0,0.0,25.316,-13.19,-12.976,376174000.0,0.0,7.448,21.013,21.05,13589000.0,-759265000.0,185379000.0,185379000.0,236210000.0,-0.419,-1.158,-0.605,-1.59,34204000.0,110473000.0,1.0,523020220.0,523921715,523921715.0,0.354,761100000.0,0.0,397000.0,0.0,1.453,123175000.0
38,TSLA,MRT,2011-12-31,2011-12-31,2011-12-31,2021-07-27,-3000.0,713448000.0,616785500.0,372838000.0,340610000.0,0.331,0.446,-184226000.0,286810000.0,286810000.0,142647000.0,-254411000.0,1.949,2.184,280148000.0,8983000.0,271165000.0,280148000.0,5491000.0,16919000.0,91761000.0,0.0,0.0,-253879000.0,-236960000.0,-1.16,-236960000.0,-253879000.0,-253922000.0,-0.506,-0.506,-0.506,224045000.0,258588250.0,224045000.0,2930430987.0,-12.0,-12.367,-312260000.0,-0.622,1.0,61595000.0,0.302,0.0,43000.0,515447000.0,392079250.0,50082000.0,25061000.0,25061000.0,0.0,489403000.0,191339000.0,298064000.0,2978768987.0,155708000.0,0.0,241993000.0,204007000.0,0.0,446000000.0,-162258000.0,-24952000.0,-128034000.0,0.0,-254411000.0,-254411000.0,-254411000.0,0.0,0.0,-1.246,313083000.0,-251488000.0,56141000.0,0.0,13.295,-11.708,-11.289,310171000.0,0.0,5.712,14.585,14.038,9539000.0,-669392000.0,204242000.0,204242000.0,208981000.0,-0.412,-0.984,-0.648,-1.243,29419000.0,104102000.0,1.0,521493170.0,501944075,501944075.0,0.407,713448000.0,0.0,489000.0,0.0,1.421,181499000.0
39,TSLA,MRT,2011-09-30,2011-09-30,2011-09-30,2021-07-27,-24000.0,700250000.0,534944000.0,412121000.0,288129000.0,0.376,0.565,-167282000.0,274387000.0,274387000.0,136072000.0,-224280000.0,2.673,1.381,226049000.0,388000.0,225661000.0,226049000.0,5802000.0,15005000.0,65215000.0,0.0,0.0,-223941000.0,-208936000.0,-1.039,-208936000.0,-223941000.0,-223941000.0,-0.384,-0.384,-0.384,294118000.0,254339000.0,294118000.0,2335764703.0,-10.0,-11.179,-288842000.0,-0.555,1.0,65081000.0,0.324,0.0,0.0,497731000.0,311992000.0,49216000.0,65060000.0,65060000.0,0.0,406132000.0,154181000.0,251951000.0,2537005703.0,116765000.0,0.0,269889000.0,168136000.0,0.0,438056000.0,-199731000.0,-64952000.0,-121560000.0,0.0,-224280000.0,-224280000.0,-224280000.0,0.0,0.0,-1.115,287288000.0,-222207000.0,53627000.0,0.0,8.626,-11.312,-12.703,259794000.0,0.0,4.878,12.612,12.619,18250000.0,-587903000.0,201153000.0,201153000.0,185393000.0,-0.419,-0.882,-0.718,-1.113,28506000.0,101895000.0,1.0,520091370.0,520384150,520384150.0,0.387,700250000.0,0.0,339000.0,0.0,1.346,257940000.0
40,TSLA,MRT,2011-06-30,2011-06-30,2011-06-30,2021-07-27,0.0,646155000.0,450286750.0,417758000.0,228397000.0,0.388,0.713,-164916000.0,336064000.0,336064000.0,117575000.0,-194137000.0,3.011,0.854,134823000.0,287000.0,134536000.0,134823000.0,6295000.0,13834000.0,53187000.0,0.0,0.0,-193504000.0,-179670000.0,-1.028,-179670000.0,-193504000.0,-193802000.0,-0.334,-0.334,-0.334,348452000.0,235790250.0,348452000.0,2950401669.0,-15.0,-16.421,-310942000.0,-0.636,1.0,57153000.0,0.327,0.0,298000.0,306178000.0,214439750.0,54312000.0,0.0,0.0,0.0,297703000.0,138736000.0,158967000.0,2995753669.0,272076000.0,0.0,506010000.0,88469000.0,0.0,594342000.0,-176240000.0,0.0,-146026000.0,0.0,-194137000.0,-194137000.0,-194137000.0,0.0,0.0,-1.111,252717000.0,-195564000.0,57199000.0,0.0,8.597,-15.431,-17.443,200180000.0,0.0,5.826,17.145,16.298,23308000.0,-522826000.0,174728000.0,174728000.0,158008000.0,-0.431,-0.823,-0.902,-1.107,24432000.0,94709000.0,1.0,514204200.0,488786330,488786330.0,0.357,646155000.0,0.0,335000.0,0.0,1.322,279022000.0
41,TSLA,MRT,2011-03-31,2011-03-31,2011-03-31,2021-07-27,0.0,407289000.0,325741500.0,226906000.0,180383000.0,0.445,0.352,-120417000.0,148532000.0,148532000.0,100056000.0,-173751000.0,2.008,1.428,103180000.0,275000.0,102905000.0,103180000.0,6909000.0,11999000.0,39412000.0,0.0,0.0,-172784000.0,-160785000.0,-1.109,-160785000.0,-172784000.0,-173546000.0,-1.222,-1.222,-1.222,167738000.0,71233500.0,167738000.0,2540137545.0,-15.0,-15.798,-264202000.0,-0.555,1.0,44906000.0,0.31,0.0,762000.0,248961000.0,156152500.0,50823000.0,0.0,0.0,0.0,239551000.0,112976000.0,126575000.0,2645556545.0,39109000.0,0.0,273540000.0,72247000.0,0.0,343701000.0,-160807000.0,0.0,-143785000.0,0.0,-173751000.0,-173751000.0,-173751000.0,0.0,0.0,-1.199,213093000.0,-168187000.0,49660000.0,0.0,15.772,-15.226,-4.542,152513000.0,0.0,5.55,18.25,18.222,20260000.0,-463922000.0,144962000.0,144962000.0,120893000.0,-0.533,-2.439,-1.107,-1.192,23621000.0,92200000.0,1.0,476676855.0,475936725,475936725.0,0.305,407289000.0,0.0,205000.0,0.0,0.856,113930000.0
42,TSLA,MRT,2010-12-31,2010-12-31,2010-12-31,2021-07-27,0.0,386082000.0,260249250.0,235886000.0,150196000.0,0.449,0.816,-105413000.0,178022000.0,178022000.0,86013000.0,-154328000.0,2.757,0.865,72603000.0,279000.0,72324000.0,72603000.0,7418000.0,10623000.0,30755000.0,0.0,0.0,-153163000.0,-142540000.0,-1.221,-142540000.0,-153163000.0,-154155000.0,-0.608,-0.608,-0.608,207048000.0,-40525250.0,207048000.0,2299027768.0,-15.0,-16.129,-233230000.0,-0.92,1.0,30731000.0,0.263,0.0,992000.0,195098000.0,105940750.0,45182000.0,0.0,0.0,0.0,179034000.0,85565000.0,93469000.0,2483798768.0,29931000.0,0.0,270192000.0,71513000.0,0.0,338045000.0,-180297000.0,0.0,-127817000.0,0.0,-154328000.0,-154328000.0,-154328000.0,0.0,0.0,-1.322,177569000.0,-146838000.0,28951000.0,0.0,11.996,-16.094,-8.76,122599000.0,0.0,5.326,21.276,11.569,6710000.0,-414982000.0,116744000.0,116744000.0,92996000.0,-0.593,3.808,-1.446,-1.312,21082000.0,84573000.0,1.0,466353505.0,253591510,253591510.0,0.46,386082000.0,0.0,173000.0,0.0,1.522,150321000.0
43,TSLA,MRT,2010-09-30,2010-09-30,2010-09-30,2021-07-27,0.0,361621000.0,196334750.0,241133000.0,120488000.0,0.504,0.477,-87964000.0,242185000.0,242185000.0,77853000.0,-127213000.0,3.478,0.644,57414000.0,291000.0,57123000.0,57414000.0,5991000.0,9668000.0,27869000.0,0.0,0.0,-125757000.0,-116089000.0,-1.172,-116089000.0,-125757000.0,-126774000.0,-2.578,-2.578,-2.578,219923000.0,-155668000.0,219923000.0,1895392925.0,-15.0,-16.327,-210504000.0,-0.456,1.0,21190000.0,0.214,0.0,1017000.0,107522000.0,57370750.0,39508000.0,0.0,0.0,0.0,141698000.0,69328000.0,72370000.0,1901703925.0,-9984000.0,0.0,239962000.0,56277000.0,0.0,290502000.0,-177946000.0,0.0,-122540000.0,0.0,-127213000.0,-127213000.0,-127213000.0,0.0,0.0,-1.284,139309000.0,-118119000.0,26990000.0,0.0,8.647,-14.949,-1.583,42896000.0,0.0,4.081,19.201,19.01,8062000.0,-363624000.0,99043000.0,99043000.0,63522000.0,-0.648,0.817,-2.192,-1.27,14298000.0,75787000.0,1.0,465989690.0,461353605,461353605.0,0.215,361621000.0,0.0,439000.0,0.0,0.784,171805000.0
44,TSLA,MRT,2010-06-30,2010-06-30,2010-06-30,2021-07-27,0.0,147974000.0,,90034000.0,57940000.0,,-8.106,-23742000.0,52665000.0,52665000.0,93736000.0,-96893000.0,1.312,-0.447,46354000.0,296000.0,46058000.0,46354000.0,10215000.0,8507000.0,26246000.0,0.0,0.0,-96019000.0,-87512000.0,-0.772,-87512000.0,-96019000.0,-96756000.0,-2.634,-2.634,-2.634,-309775000.0,,-309775000.0,2182805863.0,-23.0,-24.943,-123814000.0,-3.24,1.0,19593000.0,0.173,0.0,737000.0,73029000.0,,29518000.0,0.0,0.0,0.0,138524000.0,68634000.0,69890000.0,2220906863.0,-3396000.0,0.0,1012000.0,45157000.0,0.0,122978000.0,-26302000.0,0.0,-100072000.0,0.0,-96893000.0,-96893000.0,-96893000.0,0.0,0.0,-0.855,104169000.0,-84576000.0,25634000.0,0.0,-7.169,-22.921,-1.809,33156000.0,0.0,4.766,19.597,1.607,6467000.0,-328689000.0,113329000.0,113329000.0,38081000.0,,,,-0.847,10693000.0,66088000.0,1.0,465989690.0,38217325,38217325.0,2.965,147974000.0,0.0,137000.0,0.0,3.872,21400000.0
45,TSLA,MRT,2010-03-31,2010-03-31,2010-03-31,2021-07-27,0.0,145320000.0,,100602000.0,44718000.0,,-7.65,-16454000.0,69033000.0,69033000.0,96436000.0,-69243000.0,1.702,-0.377,30932000.0,293000.0,30639000.0,30932000.0,8138000.0,7709000.0,25989000.0,,0.0,-67748000.0,-60039000.0,-0.537,-60039000.0,-67748000.0,-69107000.0,-1.938,-1.938,-1.938,-279297000.0,,-279297000.0,,,,-108445000.0,-2.97,1.0,15433000.0,0.138,0.0,1359000.0,48114000.0,,28588000.0,0.0,0.0,0.0,105392000.0,59105000.0,46287000.0,,49801000.0,0.0,823000.0,35488000.0,0.0,164513000.0,-22721000.0,0.0,-91991000.0,0.0,-69243000.0,-69243000.0,-69243000.0,0.0,0.0,-0.619,76734000.0,-61301000.0,18190000.0,0.0,,,,26866000.0,0.0,,,,5931000.0,-290173000.0,111869000.0,111869000.0,24606000.0,,,,-0.606,4731000.0,52128000.0,1.0,465989690.0,36509700,36509700.0,3.064,145320000.0,0.0,136000.0,0.0,3.98,41497000.0
46,TSLA,MRT,2009-12-31,2009-12-31,2009-12-31,2021-07-27,0.0,130424000.0,91061500.0,100559000.0,29865000.0,1.229,-7.221,-11884000.0,73207000.0,73207000.0,102408000.0,-55740000.0,1.749,-0.255,1090000.0,290000.0,800000.0,1090000.0,2617000.0,6940000.0,26048000.0,,0.0,-53183000.0,-46243000.0,-0.413,-46243000.0,-53183000.0,-55714000.0,-1.588,-1.588,-1.588,-253523000.0,-226618500.0,-253523000.0,,,,-92709000.0,-2.641,1.0,9535000.0,0.085,0.0,2531000.0,818000.0,4921000.0,23222000.0,0.0,0.0,0.0,64722000.0,57489000.0,7233000.0,,60350000.0,0.0,497000.0,25146000.0,0.0,155419000.0,-14244000.0,0.0,-80825000.0,0.0,-55740000.0,-55740000.0,-55740000.0,0.0,0.0,-0.498,61432000.0,-51897000.0,15086000.0,0.0,,,,23535000.0,0.0,,,,3488000.0,-260654000.0,111943000.0,111943000.0,19282000.0,-0.612,0.246,-10.807,-0.475,1434000.0,42150000.0,1.0,465989690.0,35109815,35109815.0,3.188,130424000.0,0.0,26000.0,0.0,3.715,43070000.0
47,TSLA,MRT,2009-09-30,2009-09-30,2009-09-30,2021-07-27,,,,,,,,,,,,,,,,,,,,,,,0.0,,,,,,,,,,,,,,,,,,1.0,,,,,,,,,,,,,,,,,,,,,,,,,,,,,,,,,,,,,,,,,,,,,,,,,,,,,,1.0,,35070275,,,,,,,,
48,TSLA,MRT,2009-06-30,2009-06-30,2009-06-30,2021-07-27,,,,,,,,,,,,,,,,,,,,,,,0.0,,,,,,,,,,,,,,,,,,1.0,,,,,,,,,,,,,,,,,,,,,,,,,,,,,,,,,,,,,,,,,,,,,,,,,,,,,,1.0,,34829790,,,,,,,,
49,TSLA,MRT,2009-03-31,2009-03-31,2009-03-31,2021-07-27,,,,,,,,,,,,,,,,,,,,,,,0.0,,,,,,,,,,,,,,,,,,1.0,,,,,,,,,,,,,,,,,,,,,,,,,,,,,,,,,,,,,,,,,,,,,,,,,,,,,,1.0,,34620970,,,,,,,,
50,TSLA,MRT,2008-12-31,2008-12-31,2008-12-31,2021-07-27,0.0,51699000.0,,31427000.0,20272000.0,,-6.01,-10630000.0,10497000.0,10497000.0,15883000.0,-82782000.0,0.357,-0.752,55757000.0,341000.0,55416000.0,55757000.0,4073000.0,4157000.0,48019000.0,,0.0,-78938000.0,-74781000.0,-5.073,-74781000.0,-78938000.0,-82685000.0,-2.492,-2.492,-2.492,-199714000.0,,-199714000.0,,,,-63042000.0,-1.897,1.0,-1141000.0,-0.077,0.0,3747000.0,9024000.0,,16650000.0,0.0,0.0,0.0,150235000.0,87935000.0,62300000.0,,-7934000.0,0.0,477000.0,55591000.0,0.0,56068000.0,-11590000.0,0.0,-52412000.0,0.0,-82782000.0,-82782000.0,-82782000.0,0.0,0.0,-5.615,77363000.0,-78504000.0,14184000.0,0.0,,,,18793000.0,0.0,,,,3320000.0,-204914000.0,14742000.0,14742000.0,53714000.0,,,,-5.355,437000.0,23649000.0,1.0,,33231935,33231935.0,0.444,51699000.0,0.0,97000.0,0.0,1.556,-56508000.0
51,TSLA,MRT,2007-12-31,2007-12-31,2007-12-31,2021-07-27,,,,,,,,-9802000.0,,,9000.0,-78157000.0,,,,,,,,2895000.0,,,0.0,-78047000.0,-75152000.0,-1029.479,-75152000.0,-78047000.0,-78047000.0,-4.538,-4.538,-4.538,,,,,,,-63271000.0,-3.674,1.0,64000.0,0.877,,0.0,,,,,,,,,,,-18190000.0,0.0,100000.0,0.0,0.0,45041000.0,-9762000.0,0.0,-53469000.0,0.0,-78157000.0,-78157000.0,-78157000.0,0.0,0.0,-1070.644,79997000.0,-79933000.0,,0.0,,,,,0.0,,,,,,73000.0,73000.0,62753000.0,,,,-1069.137,198000.0,17244000.0,1.0,,17219030,17219030.0,0.004,,,110000.0,,,
