None,ticker,dimension,calendardate,datekey,reportperiod,lastupdated,accoci,assets,assetsavg,assetsc,assetsnc,assetturnover,bvps,capex,cashneq,cashnequsd,cor,consolinc,currentratio,de,debt,debtc,debtnc,debtusd,deferredrev,depamor,deposits,divyield,dps,ebit,ebitda,ebitdamargin,ebitdausd,ebitusd,ebt,eps,epsdil,epsusd,equity,equityavg,equityusd,ev,evebit,evebitda,fcf,fcfps,fxusd,gp,grossmargin,intangibles,intexp,invcap,invcapavg,inventory,investments,investmentsc,investmentsnc,liabilities,liabilitiesc,liabilitiesnc,marketcap,ncf,ncfbus,ncfcommon,ncfdebt,ncfdiv,ncff,ncfi,ncfinv,ncfo,ncfx,netinc,netinccmn,netinccmnusd,netincdis,netincnci,netmargin,opex,opinc,payables,payoutratio,pb,pe,pe1,ppnenet,prefdivis,price,ps,ps1,receivables,retearn,revenue,revenueusd,rnd,roa,roe,roic,ros,sbcomp,sgna,sharefactor,sharesbas,shareswa,shareswadil,sps,tangibles,taxassets,taxexp,taxliabilities,tbvps,workingcapital
0,AMAT,MRY,2020-12-31,2020-10-25,2020-10-25,2021-09-07,-299000000.0,22353000000.0,21276500000.0,13369000000.0,8984000000.0,0.808,11.548,-422000000.0,5351000000.0,5351000000.0,9510000000.0,3619000000.0,2.998,1.113,5448000000.0,0.0,5448000000.0,5448000000.0,1321000000.0,376000000.0,0.0,0.014,0.86,4406000000.0,4782000000.0,0.278,4782000000.0,4406000000.0,4166000000.0,3.95,3.92,3.95,10578000000.0,9457750000.0,10578000000.0,56761584466.0,13.0,11.87,3382000000.0,3.692,1.0,7692000000.0,0.447,3619000000.0,240000000.0,14372000000.0,14324250000.0,3904000000.0,1925000000.0,387000000.0,1538000000.0,11775000000.0,4459000000.0,7316000000.0,55664584466.0,2337000000.0,-107000000.0,-475000000.0,97000000.0,-787000000.0,-1337000000.0,-130000000.0,399000000.0,3804000000.0,0.0,3619000000.0,3619000000.0,3619000000.0,0.0,0.0,0.21,3327000000.0,4365000000.0,3138000000.0,0.218,5.262,15.381,15.43,1604000000.0,0.0,60.95,3.236,3.246,2963000000.0,27209000000.0,17202000000.0,17202000000.0,2234000000.0,0.17,0.383,0.308,0.256,307000000.0,1093000000.0,1.0,913282764.0,916000000,923000000.0,18.779,18734000000.0,2223000000.0,547000000.0,1206000000.0,20.452,8910000000.0
1,AMAT,MRY,2019-12-31,2019-10-27,2019-10-27,2021-09-07,-180000000.0,19024000000.0,18881500000.0,10206000000.0,8818000000.0,0.774,8.766,-441000000.0,3129000000.0,3129000000.0,8222000000.0,2706000000.0,2.295,1.316,5313000000.0,600000000.0,4713000000.0,5313000000.0,1336000000.0,363000000.0,0.0,0.015,0.82,3506000000.0,3869000000.0,0.265,3869000000.0,3506000000.0,3269000000.0,2.89,2.86,2.89,8214000000.0,8185000000.0,8214000000.0,53769559284.0,15.0,13.898,2806000000.0,2.995,1.0,6386000000.0,0.437,3555000000.0,237000000.0,13206000000.0,13608250000.0,3474000000.0,2192000000.0,489000000.0,1703000000.0,10810000000.0,4447000000.0,6363000000.0,51471559284.0,-311000000.0,-28000000.0,-2258000000.0,0.0,-771000000.0,-3115000000.0,-443000000.0,26000000.0,3247000000.0,0.0,2706000000.0,2706000000.0,2706000000.0,0.0,0.0,0.185,3036000000.0,3350000000.0,2511000000.0,0.284,6.266,19.021,19.28,1529000000.0,0.0,55.72,3.524,3.574,2533000000.0,24386000000.0,14608000000.0,14608000000.0,2054000000.0,0.143,0.331,0.258,0.24,263000000.0,982000000.0,1.0,923753756.0,937000000,945000000.0,15.59,15469000000.0,2031000000.0,563000000.0,1275000000.0,16.509,5759000000.0
2,AMAT,MRY,2018-12-31,2018-10-28,2018-10-28,2021-09-07,-125000000.0,17633000000.0,18419250000.0,10604000000.0,7029000000.0,0.907,6.757,-622000000.0,3440000000.0,3440000000.0,9188000000.0,3038000000.0,2.704,1.576,5309000000.0,0.0,5309000000.0,5309000000.0,1201000000.0,457000000.0,0.0,0.019,0.6,4630000000.0,5087000000.0,0.305,5087000000.0,4630000000.0,4396000000.0,3.0,2.96,3.0,6845000000.0,7304500000.0,6845000000.0,33743573260.0,7.0,6.633,3165000000.0,3.124,1.0,7517000000.0,0.45,3581000000.0,234000000.0,11999000000.0,11144000000.0,3721000000.0,2158000000.0,590000000.0,1568000000.0,10788000000.0,3922000000.0,6866000000.0,31809573260.0,-1570000000.0,-6000000.0,-5159000000.0,0.0,-605000000.0,-5928000000.0,571000000.0,1199000000.0,3787000000.0,0.0,3038000000.0,3038000000.0,3038000000.0,0.0,0.0,0.182,3026000000.0,4491000000.0,2721000000.0,0.2,4.647,10.471,10.787,1407000000.0,0.0,32.36,1.904,1.962,2323000000.0,20880000000.0,16705000000.0,16705000000.0,2022000000.0,0.165,0.416,0.415,0.277,258000000.0,1004000000.0,1.0,982990521.0,1013000000,1026000000.0,16.491,14052000000.0,473000000.0,1358000000.0,1254000000.0,13.872,6682000000.0
3,AMAT,MRY,2017-12-31,2017-10-29,2017-10-29,2021-09-07,-64000000.0,19419000000.0,17995250000.0,12918000000.0,6501000000.0,0.817,8.713,-345000000.0,5010000000.0,5010000000.0,8086000000.0,3519000000.0,3.139,1.077,5304000000.0,0.0,5304000000.0,5304000000.0,1665000000.0,407000000.0,0.0,0.007,0.4,4014000000.0,4421000000.0,0.301,4421000000.0,4014000000.0,3816000000.0,3.28,3.25,3.28,9349000000.0,8491000000.0,9349000000.0,60484157384.0,15.0,13.681,3444000000.0,3.21,1.0,6612000000.0,0.45,3780000000.0,198000000.0,11818000000.0,10160000000.0,2930000000.0,3409000000.0,2266000000.0,1143000000.0,10070000000.0,4115000000.0,5955000000.0,60459157384.0,1604000000.0,-68000000.0,-1075000000.0,1971000000.0,-430000000.0,341000000.0,-2526000000.0,-2113000000.0,3789000000.0,0.0,3519000000.0,3519000000.0,3519000000.0,0.0,0.0,0.239,2676000000.0,3936000000.0,2450000000.0,0.122,6.467,17.181,17.284,1066000000.0,0.0,56.69,4.113,4.139,2338000000.0,18258000000.0,14698000000.0,14698000000.0,1781000000.0,0.196,0.414,0.395,0.273,220000000.0,895000000.0,1.0,1066487165.0,1073000000,1084000000.0,13.698,15639000000.0,512000000.0,297000000.0,392000000.0,14.575,8803000000.0
4,AMAT,MRY,2016-12-31,2016-10-30,2016-10-30,2021-09-07,-115000000.0,14570000000.0,13667500000.0,8353000000.0,6217000000.0,0.792,6.519,-253000000.0,3406000000.0,3406000000.0,6314000000.0,1721000000.0,2.3,1.019,3125000000.0,0.0,3125000000.0,3125000000.0,1376000000.0,389000000.0,0.0,0.014,0.4,2168000000.0,2557000000.0,0.236,2557000000.0,2168000000.0,2013000000.0,1.56,1.54,1.56,7217000000.0,6942250000.0,7217000000.0,31493417913.0,15.0,12.317,2313000000.0,2.089,1.0,4511000000.0,0.417,3891000000.0,155000000.0,6766000000.0,7209750000.0,2050000000.0,1272000000.0,343000000.0,929000000.0,7353000000.0,3632000000.0,3721000000.0,30978417913.0,-1391000000.0,-16000000.0,-1804000000.0,-1207000000.0,-444000000.0,-3532000000.0,-425000000.0,-156000000.0,2566000000.0,0.0,1721000000.0,1721000000.0,1721000000.0,0.0,0.0,0.159,2359000000.0,2152000000.0,2256000000.0,0.256,4.292,18.0,18.372,937000000.0,0.0,28.66,2.862,2.931,2279000000.0,15252000000.0,10825000000.0,10825000000.0,1540000000.0,0.126,0.248,0.301,0.2,201000000.0,819000000.0,1.0,1080893856.0,1107000000,1116000000.0,9.779,10679000000.0,460000000.0,292000000.0,0.0,9.647,4721000000.0
5,AMAT,MRY,2015-12-31,2015-10-25,2015-10-25,2021-09-07,-92000000.0,15308000000.0,13780250000.0,9261000000.0,6047000000.0,0.701,6.271,-215000000.0,4797000000.0,4797000000.0,5707000000.0,1377000000.0,2.438,1.011,4542000000.0,1200000000.0,3342000000.0,4542000000.0,765000000.0,371000000.0,0.0,0.024,0.4,1701000000.0,2072000000.0,0.215,2072000000.0,1701000000.0,1598000000.0,1.13,1.12,1.13,7613000000.0,8003250000.0,7613000000.0,18711183215.0,11.0,9.03,948000000.0,0.781,1.0,3952000000.0,0.409,4064000000.0,103000000.0,7191000000.0,5787500000.0,1833000000.0,1114000000.0,168000000.0,946000000.0,7695000000.0,3798000000.0,3897000000.0,19738183215.0,1795000000.0,-4000000.0,-1237000000.0,2581000000.0,-487000000.0,913000000.0,-281000000.0,-62000000.0,1163000000.0,0.0,1377000000.0,1377000000.0,1377000000.0,0.0,0.0,0.143,2348000000.0,1604000000.0,1833000000.0,0.354,2.593,14.334,14.549,892000000.0,0.0,16.44,2.044,2.066,1739000000.0,13967000000.0,9659000000.0,9659000000.0,1451000000.0,0.1,0.172,0.294,0.176,131000000.0,897000000.0,1.0,1200619417.0,1214000000,1226000000.0,7.956,11244000000.0,145000000.0,221000000.0,0.0,9.262,5463000000.0
6,AMAT,MRY,2014-12-31,2014-10-26,2014-10-26,2021-09-07,-76000000.0,13174000000.0,12694750000.0,6967000000.0,6207000000.0,0.715,6.476,-216000000.0,3002000000.0,3002000000.0,5229000000.0,1072000000.0,2.468,0.674,1947000000.0,0.0,1947000000.0,1947000000.0,940000000.0,375000000.0,0.0,0.019,0.4,1543000000.0,1918000000.0,0.211,1918000000.0,1543000000.0,1448000000.0,0.88,0.87,0.88,7868000000.0,7567000000.0,7868000000.0,24795096693.0,16.0,12.928,1584000000.0,1.304,1.0,3843000000.0,0.424,4255000000.0,95000000.0,5041000000.0,5083250000.0,1567000000.0,1095000000.0,160000000.0,935000000.0,5306000000.0,2823000000.0,2483000000.0,25574096693.0,1291000000.0,-12000000.0,107000000.0,0.0,-485000000.0,-348000000.0,-161000000.0,67000000.0,1800000000.0,0.0,1072000000.0,1072000000.0,1072000000.0,0.0,0.0,0.118,2353000000.0,1490000000.0,1883000000.0,0.455,3.25,23.856,23.852,861000000.0,0.0,20.99,2.819,2.811,1670000000.0,13072000000.0,9072000000.0,9072000000.0,1428000000.0,0.084,0.142,0.304,0.17,147000000.0,925000000.0,1.0,1218394316.0,1215000000,1231000000.0,7.467,8919000000.0,156000000.0,376000000.0,0.0,7.341,4144000000.0
7,AMAT,MRY,2013-12-31,2013-10-27,2013-10-27,2021-09-07,-38000000.0,12043000000.0,11800750000.0,5642000000.0,6401000000.0,0.636,5.897,-190000000.0,1711000000.0,1711000000.0,4518000000.0,256000000.0,2.309,0.699,1946000000.0,0.0,1946000000.0,1946000000.0,794000000.0,410000000.0,0.0,0.021,0.38,445000000.0,855000000.0,0.114,855000000.0,445000000.0,350000000.0,0.21,0.21,0.21,7088000000.0,7020250000.0,7088000000.0,21497042952.0,48.0,25.143,433000000.0,0.36,1.0,2991000000.0,0.398,4397000000.0,95000000.0,5438000000.0,5376250000.0,1413000000.0,1185000000.0,180000000.0,1005000000.0,4955000000.0,2443000000.0,2512000000.0,21296042952.0,319000000.0,-1000000.0,-86000000.0,0.0,-456000000.0,-519000000.0,215000000.0,406000000.0,623000000.0,0.0,256000000.0,256000000.0,256000000.0,0.0,0.0,0.034,2559000000.0,432000000.0,1649000000.0,1.81,3.005,83.188,84.31,850000000.0,0.0,17.705,2.836,2.834,1633000000.0,12487000000.0,7509000000.0,7509000000.0,1320000000.0,0.022,0.036,0.083,0.059,139000000.0,891000000.0,1.0,1202826487.0,1202000000,1219000000.0,6.247,7646000000.0,149000000.0,94000000.0,0.0,6.361,3199000000.0
8,AMAT,MRY,2012-12-31,2012-10-28,2012-10-28,2021-09-07,-61000000.0,12102000000.0,13224000000.0,5102000000.0,7000000000.0,0.659,5.715,-162000000.0,1392000000.0,1392000000.0,5406000000.0,109000000.0,2.253,0.673,1946000000.0,0.0,1946000000.0,1946000000.0,755000000.0,422000000.0,0.0,0.032,0.34,411000000.0,833000000.0,0.096,833000000.0,411000000.0,316000000.0,0.09,0.09,0.09,7235000000.0,8231750000.0,7235000000.0,13596323358.0,33.0,16.322,1689000000.0,1.334,1.0,3313000000.0,0.38,4873000000.0,95000000.0,5518000000.0,5867250000.0,1272000000.0,1600000000.0,545000000.0,1055000000.0,4867000000.0,2265000000.0,2602000000.0,13179323358.0,-4568000000.0,-4190000000.0,-1320000000.0,0.0,-434000000.0,-1754000000.0,-4660000000.0,-308000000.0,1851000000.0,-5000000.0,109000000.0,109000000.0,109000000.0,0.0,0.0,0.013,2902000000.0,411000000.0,1510000000.0,3.778,1.822,120.911,118.333,910000000.0,0.0,10.65,1.512,1.546,1220000000.0,12700000000.0,8719000000.0,8719000000.0,1237000000.0,0.008,0.013,0.07,0.047,182000000.0,1076000000.0,1.0,1237495151.0,1266000000,1277000000.0,6.887,7229000000.0,162000000.0,207000000.0,0.0,5.71,2837000000.0
9,AMAT,MRY,2011-12-31,2011-10-30,2011-10-30,2021-09-07,6000000.0,13861000000.0,12798750000.0,10355000000.0,3506000000.0,0.822,6.672,-79000000.0,5960000000.0,5960000000.0,6157000000.0,1926000000.0,3.706,0.575,1947000000.0,0.0,1947000000.0,1947000000.0,1116000000.0,246000000.0,0.0,0.024,0.3,2437000000.0,2683000000.0,0.255,2683000000.0,2437000000.0,2378000000.0,1.46,1.45,1.46,8800000000.0,8343000000.0,8800000000.0,13556247252.0,6.0,5.053,2350000000.0,1.782,1.0,4360000000.0,0.415,1546000000.0,59000000.0,5508000000.0,5366750000.0,1701000000.0,1214000000.0,283000000.0,931000000.0,5061000000.0,2794000000.0,2267000000.0,16627247252.0,4102000000.0,0.0,-373000000.0,1730000000.0,-397000000.0,960000000.0,707000000.0,786000000.0,2429000000.0,6000000.0,1926000000.0,1926000000.0,1926000000.0,0.0,0.0,0.183,1962000000.0,2398000000.0,1520000000.0,0.205,1.889,8.633,8.644,866000000.0,0.0,12.62,1.581,1.583,1532000000.0,13029000000.0,10517000000.0,10517000000.0,1118000000.0,0.15,0.231,0.454,0.232,146000000.0,901000000.0,1.0,1317531478.0,1319000000,1330000000.0,7.973,12315000000.0,743000000.0,452000000.0,262000000.0,9.337,7561000000.0
10,AMAT,MRY,2010-12-31,2010-10-31,2010-10-31,2021-09-07,2000000.0,10943000000.0,10530683750.0,6765000000.0,4178000000.0,0.907,5.624,-169000000.0,1858000000.0,1858000000.0,5834000000.0,938000000.0,2.342,0.452,205000000.0,1000000.0,204000000.0,205000000.0,847000000.0,305000000.0,0.0,0.021,0.26,1408000000.0,1713000000.0,0.179,1713000000.0,1408000000.0,1387000000.0,0.7,0.7,0.7,7536000000.0,7320840750.0,7536000000.0,15142388961.0,11.0,8.84,1554000000.0,1.16,1.0,3715000000.0,0.389,1623000000.0,21000000.0,4779000000.0,4812912750.0,1547000000.0,2034000000.0,727000000.0,1307000000.0,3407000000.0,2888000000.0,519000000.0,16500439961.0,282000000.0,-323000000.0,-221000000.0,-6000000.0,-349000000.0,-576000000.0,-862000000.0,-370000000.0,1723000000.0,-3000000.0,938000000.0,938000000.0,938000000.0,0.0,0.0,0.098,2331000000.0,1384000000.0,1766000000.0,0.371,2.19,17.591,17.643,963000000.0,0.0,12.35,1.728,1.733,1831000000.0,11511000000.0,9549000000.0,9549000000.0,1143000000.0,0.089,0.128,0.293,0.147,126000000.0,942000000.0,1.0,1336068013.0,1340000000,1349000000.0,7.126,9320000000.0,798000000.0,449000000.0,274000000.0,6.955,3877000000.0
11,AMAT,MRY,2009-12-31,2009-10-25,2009-10-25,2021-09-07,-1680000.0,9574243000.0,9832806500.0,5688947000.0,3885296000.0,0.51,5.322,-249000000.0,1576381000.0,1576381000.0,3583000000.0,-305000000.0,2.933,0.35,201894000.0,1240000.0,200654000.0,201894000.0,864280000.0,291000000.0,0.0,0.019,0.24,-465000000.0,-174000000.0,-0.035,-174000000.0,-465000000.0,-486000000.0,-0.23,-0.23,-0.23,7094608000.0,7140196750.0,7094608000.0,15918529326.0,-34.0,-91.486,84000000.0,0.063,1.0,1431000000.0,0.285,1477348000.0,21000000.0,4782951000.0,4875238750.0,1627457000.0,1690514000.0,638349000.0,1052165000.0,2479635000.0,1939457000.0,540178000.0,17271596326.0,165000000.0,0.0,39000000.0,-1000000.0,-319000000.0,-281000000.0,112000000.0,361000000.0,333000000.0,1000000.0,-305000000.0,-305000000.0,-305000000.0,0.0,0.0,-0.061,1825000000.0,-394000000.0,1061502000.0,-1.043,2.434,-56.628,-56.304,1090433000.0,0.0,12.95,3.445,3.443,1041495000.0,10934004000.0,5014000000.0,5014000000.0,934000000.0,-0.031,-0.043,-0.095,-0.093,147000000.0,735000000.0,1.0,1333714002.0,1333000000,1333000000.0,3.761,8096895000.0,806446000.0,-181000000.0,12435000.0,6.074,3749490000.0
12,AMAT,MRY,2008-12-31,2008-10-26,2008-10-26,2021-09-07,-26570000.0,11006318000.0,10832049250.0,6664157000.0,4342161000.0,0.75,5.575,-245696000.0,1411624000.0,1411624000.0,4686412000.0,960746000.0,2.262,0.458,202644000.0,1068000.0,201576000.0,202644000.0,1225735000.0,320051000.0,0.0,0.021,0.24,1429224000.0,1749275000.0,0.215,1749275000.0,1429224000.0,1408718000.0,0.71,0.7,0.71,7548958000.0,7564822000.0,7548958000.0,14357298293.0,10.0,8.208,1464772000.0,1.082,1.0,3442828000.0,0.424,1563102000.0,20506000.0,5288684000.0,5548982000.0,1987017000.0,2135633000.0,689044000.0,1446589000.0,3457360000.0,2945552000.0,511808000.0,15294923293.0,208902000.0,-235324000.0,-1106006000.0,-2117000.0,-325405000.0,-1426037000.0,-75986000.0,405034000.0,1710468000.0,457000.0,960746000.0,960746000.0,960746000.0,0.0,0.0,0.118,2087397000.0,1355431000.0,1545355000.0,0.338,2.026,15.92,16.056,1094200000.0,0.0,11.4,1.881,1.899,1691027000.0,11601288000.0,8129240000.0,8129240000.0,1104122000.0,0.089,0.127,0.258,0.176,171452000.0,965164000.0,1.0,1341659938.0,1354176000,1374507000.0,6.003,9443216000.0,752682000.0,447972000.0,173394000.0,6.973,3718605000.0
13,AMAT,MRY,2007-12-31,2007-10-28,2007-10-28,2021-09-07,11353000.0,10662278000.0,10182971750.0,6607593000.0,4054685000.0,0.956,5.56,-264784000.0,1202722000.0,1202722000.0,5242413000.0,1710196000.0,2.774,0.363,204842000.0,2561000.0,202281000.0,204842000.0,0.0,268334000.0,0.0,0.012,0.22,2478284000.0,2746618000.0,0.282,2746618000.0,2478284000.0,2439653000.0,1.22,1.2,1.22,7821409000.0,7303499250.0,7821409000.0,25285273147.0,10.0,9.206,1944512000.0,1.382,1.0,4492443000.0,0.461,1379588000.0,38631000.0,5903184000.0,6026377000.0,1313237000.0,2644342000.0,1166857000.0,1477485000.0,2840869000.0,2381626000.0,459243000.0,25991066147.0,341259000.0,-562042000.0,-433972000.0,-202139000.0,-305672000.0,-891989000.0,-976613000.0,-149787000.0,2209296000.0,565000.0,1710196000.0,1710196000.0,1710196000.0,0.0,0.0,0.176,2120937000.0,2371506000.0,2221516000.0,0.18,3.323,15.198,15.459,1051242000.0,0.0,18.86,2.67,2.725,2049427000.0,10863291000.0,9734856000.0,9734856000.0,1142073000.0,0.168,0.234,0.411,0.255,111403000.0,952443000.0,1.0,1378105310.0,1406685000,1427002000.0,6.92,9282690000.0,572841000.0,729457000.0,157549000.0,6.599,4225967000.0
14,AMAT,MRY,2006-12-31,2006-10-29,2006-10-29,2021-09-07,-19010000.0,9480837000.0,10979089500.0,6081019000.0,3399818000.0,0.835,4.288,-179482000.0,861463000.0,861463000.0,4875212000.0,1516663000.0,2.496,0.425,407243000.0,202535000.0,204708000.0,407243000.0,0.0,270413000.0,0.0,0.009,0.16,2203067000.0,2473480000.0,0.27,2473480000.0,2203067000.0,2166971000.0,0.98,0.97,0.98,6651400000.0,8150898250.0,6651400000.0,25576448949.0,12.0,10.34,1797636000.0,1.159,1.0,4291802000.0,0.468,773624000.0,36096000.0,5816948000.0,7395183500.0,1406777000.0,2495167000.0,1035875000.0,1459292000.0,2829437000.0,2436045000.0,393392000.0,26475385949.0,-128879000.0,-322887000.0,-3820619000.0,-7710000.0,-250782000.0,-4055447000.0,1948986000.0,2596772000.0,1977118000.0,464000.0,1516663000.0,1516663000.0,1516663000.0,0.0,0.0,0.165,2271181000.0,2020621000.0,2023651000.0,0.163,3.98,17.456,17.612,1024294000.0,0.0,17.26,2.888,2.921,2026199000.0,9472303000.0,9167014000.0,9167014000.0,1152326000.0,0.138,0.186,0.298,0.24,192605000.0,906742000.0,1.0,1533915756.0,1551339000,1565072000.0,5.909,8707213000.0,598081000.0,650308000.0,209859000.0,5.613,3644974000.0
15,AMAT,MRY,2005-12-31,2005-10-30,2005-10-30,2021-09-07,-37248000.0,11269157000.0,11725628250.0,6835077000.0,4434080000.0,0.596,5.426,-199650000.0,990342000.0,990342000.0,3905949000.0,1209900000.0,3.872,0.262,414954000.0,7574000.0,407380000.0,414954000.0,0.0,300433000.0,0.0,0.004,0.06,1619388000.0,1919821000.0,0.275,1919821000.0,1619388000.0,1581569000.0,0.74,0.73,0.74,8928549000.0,9120493000.0,8928549000.0,25748647510.0,16.0,13.412,1087071000.0,0.661,1.0,3085874000.0,0.441,420075000.0,37819000.0,8508280000.0,8337269250.0,1034093000.0,4994879000.0,2342952000.0,2651927000.0,2340608000.0,1765414000.0,575194000.0,26543938510.0,-502950000.0,-101793000.0,-1411396000.0,-61715000.0,-98040000.0,-1571151000.0,-218704000.0,82739000.0,1286721000.0,184000.0,1209900000.0,1209900000.0,1209900000.0,0.0,0.0,0.173,1637909000.0,1447965000.0,1618042000.0,0.081,2.973,21.939,22.108,1275024000.0,0.0,16.36,3.796,3.85,1615504000.0,8227793000.0,6991823000.0,6991823000.0,940507000.0,0.103,0.133,0.194,0.232,84445000.0,697402000.0,1.0,1622490129.0,1645531000,1657493000.0,4.249,10849082000.0,668237000.0,371669000.0,139798000.0,6.593,5069663000.0
16,AMAT,MRY,2004-12-31,2004-10-31,2004-10-31,2021-09-07,10417000.0,12093445000.0,11462585500.0,10281519000.0,1811926000.0,0.699,5.487,-190577000.0,1493292000.0,1493292000.0,4311808000.0,1351303000.0,4.494,0.306,456300000.0,45864000.0,410436000.0,456300000.0,0.0,355538000.0,0.0,0.0,0.0,1882127000.0,2237665000.0,0.279,2237665000.0,1882127000.0,1829250000.0,0.8,0.78,0.8,9262027000.0,8805182500.0,9262027000.0,25852436787.0,14.0,11.553,1436694000.0,0.851,1.0,3701245000.0,0.462,307612000.0,52877000.0,8460860000.0,8005813250.0,1139368000.0,5084704000.0,5084704000.0,0.0,2831418000.0,2287981000.0,543437000.0,27341558787.0,735892000.0,-7400000.0,-253390000.0,-105414000.0,0.0,-358804000.0,-533857000.0,-335880000.0,1627271000.0,1282000.0,1351303000.0,1351303000.0,1351303000.0,0.0,0.0,0.169,1937580000.0,1763665000.0,1895061000.0,0.0,2.952,20.233,20.125,1345528000.0,0.0,16.1,3.412,3.392,1670153000.0,7164170000.0,8013053000.0,8013053000.0,991873000.0,0.118,0.153,0.235,0.235,102046000.0,751621000.0,1.0,1698233465.0,1688121000,1721645000.0,4.747,11785833000.0,610095000.0,477947000.0,347056000.0,6.982,7993538000.0
17,AMAT,MRY,2003-12-31,2003-10-26,2003-10-26,2021-09-07,16383000.0,10311622000.0,10020952500.0,8370773000.0,1940849000.0,0.447,4.862,-265280000.0,1364857000.0,1364857000.0,2872836000.0,-149147000.0,5.101,0.278,561714000.0,105292000.0,456422000.0,561714000.0,0.0,381655000.0,0.0,0.0,0.0,-164681000.0,216974000.0,0.048,216974000.0,-164681000.0,-211556000.0,-0.09,-0.09,-0.09,8068034000.0,7971882000.0,8068034000.0,33620869295.0,-204.0,154.953,589795000.0,0.355,1.0,1604455000.0,0.358,316033000.0,46875000.0,7551569000.0,7730941250.0,950692000.0,4128349000.0,4128349000.0,0.0,2243588000.0,1640877000.0,602711000.0,34343906295.0,-204335000.0,-13498000.0,72784000.0,-64405000.0,0.0,8379000.0,-1068995000.0,-790217000.0,855075000.0,1206000.0,-149147000.0,-149147000.0,-149147000.0,0.0,0.0,-0.033,1918237000.0,-313782000.0,1319471000.0,0.0,4.257,-230.269,-229.444,1559830000.0,0.0,20.65,7.671,7.654,912875000.0,5812867000.0,4477291000.0,4477291000.0,920618000.0,-0.015,-0.019,-0.021,-0.037,126974000.0,625865000.0,1.0,1663143162.0,1659557000,1659557000.0,2.698,9995589000.0,782823000.0,-62409000.0,362403000.0,6.023,6729896000.0
18,AMAT,MRY,2002-12-31,2002-10-27,2002-10-27,2021-09-07,18609000.0,10224765000.0,10025485250.0,8072793000.0,2151972000.0,0.505,4.879,-476457000.0,1284791000.0,1284791000.0,3005651000.0,269004000.0,5.377,0.275,623629000.0,49776000.0,573853000.0,623629000.0,0.0,387526000.0,0.0,0.0,0.0,389868000.0,777394000.0,0.154,777394000.0,389868000.0,340511000.0,0.16,0.16,0.16,8019649000.0,7792296750.0,8019649000.0,23377153641.0,60.0,30.071,75058000.0,0.046,1.0,2056661000.0,0.406,331420000.0,49357000.0,7730727000.0,7889056250.0,1273816000.0,3644735000.0,3644735000.0,0.0,2205116000.0,1501456000.0,703660000.0,23912494641.0,-71513000.0,-107462000.0,74491000.0,56351000.0,0.0,130842000.0,-751959000.0,-168040000.0,551515000.0,-1911000.0,269004000.0,269004000.0,269004000.0,0.0,0.0,0.053,1846703000.0,209958000.0,1348156000.0,0.0,2.982,88.893,90.688,1764937000.0,0.0,14.51,4.724,4.711,1046016000.0,5962014000.0,5062312000.0,5062312000.0,1052269000.0,0.027,0.035,0.049,0.077,75253000.0,708955000.0,1.0,1648001009.0,1643612000,1701557000.0,3.08,9893345000.0,565936000.0,71507000.0,233331000.0,6.019,6571337000.0
19,AMAT,MRY,2001-12-31,2001-10-28,2001-10-28,2021-09-07,24445000.0,9828510000.0,10345345250.0,7782174000.0,2046336000.0,0.71,4.677,-710620000.0,1356304000.0,1356304000.0,4091215000.0,507829000.0,5.077,0.292,569612000.0,4807000.0,564805000.0,569612000.0,0.0,386971000.0,0.0,0.0,0.0,884043000.0,1271014000.0,0.173,1271014000.0,884043000.0,836403000.0,0.31,0.3,0.31,7606737000.0,7668071750.0,7606737000.0,29401345892.0,33.0,23.132,869684000.0,0.535,1.0,3252033000.0,0.443,0.0,47640000.0,7509002000.0,7435142250.0,1412997000.0,3485088000.0,3485088000.0,0.0,2221773000.0,1532816000.0,688957000.0,30095843892.0,-291300000.0,-21017000.0,-169021000.0,-91604000.0,0.0,-260625000.0,-1583313000.0,-851676000.0,1580304000.0,-27666000.0,507829000.0,507829000.0,507829000.0,0.0,0.0,0.069,2321887000.0,930146000.0,1477531000.0,0.0,3.956,59.264,59.468,1706488000.0,0.0,18.435,4.098,4.083,776451000.0,5693010000.0,7343248000.0,7343248000.0,1198799000.0,0.049,0.066,0.119,0.12,106579000.0,901924000.0,1.0,1632538318.0,1626404000,1694658000.0,4.515,9828510000.0,551785000.0,328574000.0,174630000.0,6.043,6249358000.0
20,AMAT,MRY,2000-12-31,2000-10-29,2000-10-29,2021-09-07,-19170000.0,10545730000.0,8738096500.0,8839147000.0,1706583000.0,1.095,4.399,-383255000.0,1647604000.0,1647604000.0,4708684000.0,2063552000.0,3.203,0.485,679423000.0,106297000.0,573126000.0,679423000.0,0.0,361970000.0,0.0,0.0,0.0,2999219000.0,3361189000.0,0.351,3361189000.0,2999219000.0,2947844000.0,1.28,1.2,1.28,7096223000.0,5868943250.0,7096223000.0,38353332993.0,13.0,11.411,1268560000.0,0.786,1.0,4855728000.0,0.508,0.0,51375000.0,6817838000.0,5975784000.0,1503751000.0,2580435000.0,2580435000.0,0.0,3441382000.0,2759711000.0,681671000.0,39039910993.0,779483000.0,0.0,99204000.0,49938000.0,0.0,149142000.0,-1012436000.0,-629181000.0,1651815000.0,-9038000.0,2063552000.0,2063552000.0,2063552000.0,0.0,0.0,0.216,2040517000.0,2815211000.0,2268608000.0,0.0,5.502,18.919,18.801,1366782000.0,0.0,24.065,4.082,4.059,2351379000.0,5185181000.0,9564412000.0,9564412000.0,1107922000.0,0.236,0.352,0.502,0.314,387478000.0,960753000.0,1.0,1622269312.0,1613160000,1718338000.0,5.929,10545730000.0,549108000.0,884292000.0,493351000.0,6.537,6079436000.0
21,AMAT,MRY,1999-12-31,1999-10-31,1999-10-31,2021-09-07,1266000.0,7014510000.0,5766406000.0,5310720000.0,1703790000.0,0.884,2.938,-219657000.0,868121000.0,868121000.0,2677083000.0,747675000.0,3.067,0.533,626630000.0,42273000.0,584357000.0,626630000.0,0.0,288409000.0,0.0,0.0,0.0,1125699000.0,1414108000.0,0.277,1414108000.0,1125699000.0,1078133000.0,0.48,0.455,0.48,4575258000.0,3712265250.0,4575258000.0,34026642470.0,30.0,24.062,860985000.0,0.553,1.0,2419219000.0,0.475,0.0,47566000.0,5041522000.0,4405410750.0,727107000.0,1951254000.0,1951254000.0,0.0,2439252000.0,1731497000.0,707755000.0,33985484470.0,229316000.0,-36466000.0,143953000.0,-16531000.0,0.0,127422000.0,-982337000.0,-726214000.0,1080642000.0,3589000.0,747675000.0,747675000.0,747675000.0,-20996000.0,0.0,0.147,1456325000.0,962894000.0,1442718000.0,0.0,7.428,45.455,46.776,1278269000.0,0.0,22.453,6.669,6.861,1268146000.0,3122337000.0,5096302000.0,5096302000.0,740114000.0,0.13,0.201,0.256,0.221,161291000.0,695296000.0,1.0,1513661484.0,1557208000,1641160000.0,3.273,7014510000.0,341668000.0,330458000.0,369904000.0,4.505,3579223000.0
22,AMAT,MRY,1998-12-31,1998-10-25,1998-10-25,2021-09-07,-4143000.0,4929692000.0,5074030250.0,3518955000.0,1410737000.0,0.853,2.047,-464372000.0,575205000.0,575205000.0,2313701000.0,277669000.0,3.147,0.58,624583000.0,8011000.0,616572000.0,624583000.0,0.0,293499000.0,0.0,0.0,0.0,496699000.0,790198000.0,0.182,790198000.0,496699000.0,450625000.0,0.18,0.175,0.18,3120621000.0,3168866750.0,3120621000.0,12706243640.0,26.0,16.08,404037000.0,0.265,1.0,2016313000.0,0.466,0.0,46074000.0,3860744000.0,4130535750.0,555881000.0,1188351000.0,1188351000.0,0.0,1809071000.0,1118326000.0,690745000.0,12474891640.0,134787000.0,0.0,-84381000.0,-64233000.0,0.0,-148614000.0,-592465000.0,-95866000.0,868409000.0,7457000.0,277669000.0,277669000.0,277669000.0,0.0,0.0,0.064,1564252000.0,452061000.0,1041341000.0,0.0,3.998,44.927,47.139,1261520000.0,0.0,8.485,2.881,2.987,764472000.0,2328940000.0,4330014000.0,4330014000.0,697291000.0,0.055,0.088,0.12,0.115,28373000.0,626311000.0,1.0,1470228832.0,1524304000,1573192000.0,2.841,4929692000.0,337906000.0,172956000.0,80315000.0,3.234,2400629000.0
23,AMAT,MRY,1997-12-31,1997-10-26,1997-10-26,2021-09-07,-10441000.0,5070766000.0,4247632750.0,3770357000.0,1300409000.0,0.959,2.023,-339364000.0,448043000.0,448043000.0,2173350000.0,498474000.0,2.689,0.723,689596000.0,66506000.0,623090000.0,689596000.0,0.0,219435000.0,0.0,0.0,0.0,819626000.0,1039061000.0,0.255,1039061000.0,819626000.0,798921000.0,0.343,0.33,0.343,2942171000.0,2638336000.0,2942171000.0,12216065208.0,15.0,11.757,362348000.0,0.249,1.0,1900925000.0,0.467,0.0,20705000.0,3910231000.0,3137921500.0,686451000.0,1094912000.0,1094912000.0,0.0,2128595000.0,1402088000.0,726507000.0,12169352208.0,44155000.0,-246333000.0,72249000.0,318465000.0,0.0,390714000.0,-1046865000.0,-461168000.0,701712000.0,-1406000.0,498474000.0,498474000.0,498474000.0,0.0,0.0,0.122,1141025000.0,759900000.0,1157808000.0,0.0,4.136,24.413,24.329,1066053000.0,0.0,8.345,2.987,2.978,1110885000.0,2098038000.0,4074275000.0,4074275000.0,567612000.0,0.117,0.189,0.261,0.201,0.0,566595000.0,1.0,1458280672.0,1454168000,1511352000.0,2.802,5070766000.0,324568000.0,300447000.0,224951000.0,3.487,2368269000.0
24,AMAT,MRY,1996-12-31,1996-10-27,1996-10-27,2021-09-07,5683000.0,3637987000.0,3301683000.0,2693069000.0,944918000.0,1.255,1.65,-452535000.0,403888000.0,403888000.0,2195078000.0,599585000.0,2.88,0.535,375647000.0,100162000.0,275485000.0,375647000.0,0.0,148865000.0,0.0,0.0,0.0,943169000.0,1092034000.0,0.263,1092034000.0,943169000.0,922436000.0,0.417,0.407,0.417,2370425000.0,2076964000.0,2370425000.0,,,,239494000.0,0.167,1.0,1949739000.0,0.47,0.0,20733000.0,2674519000.0,2427470500.0,478552000.0,633744000.0,633744000.0,0.0,1267562000.0,935227000.0,332335000.0,4884754383.0,118043000.0,0.0,3329000.0,27028000.0,0.0,30357000.0,-602792000.0,-150257000.0,692029000.0,-1551000.0,599585000.0,599585000.0,599585000.0,0.0,0.0,0.145,1046188000.0,903551000.0,791897000.0,0.0,2.061,8.147,8.094,919038000.0,0.0,3.375,1.179,1.17,822384000.0,1599564000.0,4144817000.0,4144817000.0,481394000.0,0.182,0.289,0.389,0.228,0.0,539694000.0,1.0,1447334632.0,1436416000,1468856000.0,2.886,3637987000.0,281586000.0,322851000.0,54775000.0,2.533,1757842000.0
25,AMAT,MRY,1995-12-31,1995-10-27,1995-10-27,2021-09-07,21675000.0,2965379000.0,,2311613000.0,653766000.0,,1.257,-265557000.0,285845000.0,285845000.0,1652033000.0,454053000.0,2.683,0.663,362619000.0,82812000.0,279807000.0,362619000.0,0.0,83231000.0,0.0,0.0,0.0,719944000.0,803175000.0,0.262,803175000.0,719944000.0,698543000.0,0.32,0.32,0.32,1783503000.0,,1783503000.0,,,,-122858000.0,-0.087,1.0,1409848000.0,0.46,0.0,21401000.0,2180422000.0,,427413000.0,483487000.0,483487000.0,0.0,1181876000.0,861731000.0,320145000.0,,125525000.0,0.0,370353000.0,102536000.0,0.0,472889000.0,-487039000.0,-221482000.0,142699000.0,-3024000.0,454053000.0,454053000.0,454053000.0,0.0,0.0,0.148,715916000.0,693932000.0,659572000.0,0.0,,,19.141,630746000.0,0.0,6.125,,2.838,817730000.0,999979000.0,3061881000.0,3061881000.0,329676000.0,,,,0.235,0.0,386240000.0,1.0,,1418784000,1418784000.0,2.158,2965379000.0,198888000.0,244490000.0,130959000.0,2.09,1449882000.0
26,AMAT,MRY,1994-12-31,1994-10-27,1994-10-27,2021-09-07,,,,,,,,-180440000.0,,,891512000.0,220696000.0,,,,,,,,59051000.0,,0.0,0.0,353732000.0,412783000.0,0.249,412783000.0,353732000.0,337770000.0,0.163,0.163,0.163,,,,,,,-69416000.0,-0.051,1.0,768295000.0,0.463,,15962000.0,,,,,,,,,,,40723000.0,0.0,134263000.0,89918000.0,0.0,224181000.0,-295862000.0,-115422000.0,111024000.0,1380000.0,220696000.0,220696000.0,220696000.0,0.0,0.0,0.133,429058000.0,339237000.0,,0.0,,,19.555,,0.0,3.188,,2.612,,,1659807000.0,1659807000.0,189126000.0,,,,0.213,0.0,239932000.0,1.0,,1360336000,1360336000.0,1.22,,,117074000.0,,,
0,AMAT,MRQ,2021-06-30,2021-08-01,2021-08-01,2021-09-07,-292000000.0,24479000000.0,,15248000000.0,9231000000.0,,13.282,-137000000.0,6066000000.0,6066000000.0,3229000000.0,1716000000.0,2.975,1.03,5451000000.0,0.0,5451000000.0,5451000000.0,1688000000.0,98000000.0,0.0,0.006,0.24,2037000000.0,2135000000.0,0.345,2135000000.0,2037000000.0,1980000000.0,1.89,1.87,1.89,12060000000.0,,12060000000.0,127038327187.0,20.0,19.155,1549000000.0,1.706,1.0,2967000000.0,0.479,3595000000.0,57000000.0,15144000000.0,,4117000000.0,2102000000.0,444000000.0,1658000000.0,12419000000.0,5125000000.0,7294000000.0,127893327187.0,-239000000.0,0.0,-1500000000.0,0.0,-219000000.0,-1731000000.0,-194000000.0,-57000000.0,1686000000.0,0.0,1716000000.0,1716000000.0,1716000000.0,0.0,0.0,0.277,954000000.0,2013000000.0,3437000000.0,0.127,10.605,24.099,24.084,1814000000.0,0.0,139.93,5.913,5.875,3822000000.0,30748000000.0,6196000000.0,6196000000.0,640000000.0,,,,,81000000.0,314000000.0,1.0,913980756.0,908000000,918000000.0,6.824,20884000000.0,2164000000.0,264000000.0,1144000000.0,23.0,10123000000.0
1,AMAT,MRQ,2021-03-31,2021-05-02,2021-05-02,2021-09-07,-290000000.0,24085000000.0,,14971000000.0,9114000000.0,,13.064,-204000000.0,6305000000.0,6305000000.0,2929000000.0,1330000000.0,3.105,1.008,5450000000.0,0.0,5450000000.0,5450000000.0,1706000000.0,97000000.0,0.0,0.007,0.22,1606000000.0,1703000000.0,0.305,1703000000.0,1606000000.0,1545000000.0,1.45,1.43,1.45,11993000000.0,,11993000000.0,121018769015.0,23.0,21.261,983000000.0,1.071,1.0,2653000000.0,0.475,3606000000.0,61000000.0,14802000000.0,,4053000000.0,2029000000.0,460000000.0,1569000000.0,12092000000.0,4822000000.0,7270000000.0,121782769015.0,85000000.0,0.0,-664000000.0,0.0,-202000000.0,-883000000.0,-219000000.0,-15000000.0,1187000000.0,0.0,1330000000.0,1330000000.0,1330000000.0,0.0,0.0,0.238,1074000000.0,1579000000.0,3116000000.0,0.152,10.154,27.478,27.419,1768000000.0,0.0,132.71,6.142,6.145,3375000000.0,29247000000.0,5582000000.0,5582000000.0,617000000.0,,,,,84000000.0,297000000.0,1.0,917660832.0,918000000,927000000.0,6.081,20479000000.0,2171000000.0,215000000.0,1138000000.0,22.308,10149000000.0
2,AMAT,MRQ,2020-12-31,2021-01-31,2021-01-31,2021-09-07,-297000000.0,23305000000.0,,14269000000.0,9036000000.0,,12.539,-121000000.0,6213000000.0,6213000000.0,2813000000.0,1130000000.0,3.168,1.031,5449000000.0,0.0,5449000000.0,5449000000.0,1572000000.0,94000000.0,0.0,0.009,0.22,1301000000.0,1395000000.0,0.27,1395000000.0,1301000000.0,1240000000.0,1.23,1.22,1.23,11473000000.0,,11473000000.0,88495796193.0,19.0,17.632,1300000000.0,1.421,1.0,2349000000.0,0.455,3619000000.0,61000000.0,14418000000.0,,3925000000.0,2011000000.0,410000000.0,1601000000.0,11832000000.0,4504000000.0,7328000000.0,88398796193.0,862000000.0,-12000000.0,0.0,0.0,-201000000.0,-343000000.0,-216000000.0,-83000000.0,1421000000.0,0.0,1130000000.0,1130000000.0,1130000000.0,0.0,0.0,0.219,1066000000.0,1283000000.0,2932000000.0,0.179,7.705,22.919,22.964,1638000000.0,0.0,96.68,4.857,4.86,3045000000.0,28137000000.0,5162000000.0,5162000000.0,606000000.0,,,,,107000000.0,308000000.0,1.0,914344189.0,915000000,925000000.0,5.642,19686000000.0,2178000000.0,110000000.0,1210000000.0,21.515,9765000000.0
3,AMAT,MRQ,2020-09-30,2020-10-25,2020-10-25,2021-09-07,-299000000.0,22353000000.0,,13369000000.0,8984000000.0,,11.548,-162000000.0,5351000000.0,5351000000.0,2558000000.0,1131000000.0,2.998,1.113,5448000000.0,0.0,5448000000.0,5448000000.0,1321000000.0,97000000.0,0.0,0.014,0.22,1302000000.0,1399000000.0,0.298,1399000000.0,1302000000.0,1243000000.0,1.24,1.23,1.24,10578000000.0,,10578000000.0,56761584466.0,13.0,11.87,1153000000.0,1.259,1.0,2130000000.0,0.454,3619000000.0,59000000.0,14372000000.0,,3904000000.0,1925000000.0,387000000.0,1538000000.0,11775000000.0,4459000000.0,7316000000.0,55664584466.0,1001000000.0,0.0,33000000.0,0.0,-200000000.0,-173000000.0,-141000000.0,21000000.0,1315000000.0,0.0,1131000000.0,1131000000.0,1131000000.0,0.0,0.0,0.241,847000000.0,1283000000.0,3138000000.0,0.177,5.262,15.381,15.43,1604000000.0,0.0,60.95,3.236,3.246,2963000000.0,27209000000.0,4688000000.0,4688000000.0,560000000.0,,,,,73000000.0,287000000.0,1.0,913282764.0,916000000,920000000.0,5.118,18734000000.0,2223000000.0,112000000.0,1206000000.0,20.452,8910000000.0
4,AMAT,MRQ,2020-06-30,2020-07-26,2020-07-26,2021-09-07,-277000000.0,21171000000.0,,12248000000.0,8923000000.0,,10.458,-87000000.0,4350000000.0,4350000000.0,2440000000.0,841000000.0,2.858,1.212,5447000000.0,0.0,5447000000.0,5447000000.0,1390000000.0,94000000.0,0.0,0.014,0.22,1101000000.0,1195000000.0,0.272,1195000000.0,1101000000.0,1040000000.0,0.92,0.91,0.92,9569000000.0,,9569000000.0,57090974742.0,14.0,13.052,780000000.0,0.852,1.0,1955000000.0,0.445,3631000000.0,61000000.0,14352000000.0,,3952000000.0,1944000000.0,406000000.0,1538000000.0,11602000000.0,4285000000.0,7317000000.0,55556974742.0,-931000000.0,-80000000.0,-200000000.0,-1401000000.0,-202000000.0,-1806000000.0,8000000.0,175000000.0,867000000.0,0.0,841000000.0,841000000.0,841000000.0,0.0,0.0,0.191,847000000.0,1108000000.0,2895000000.0,0.239,5.806,17.438,17.47,1530000000.0,0.0,60.62,3.415,3.41,2806000000.0,26278000000.0,4395000000.0,4395000000.0,572000000.0,,,,,70000000.0,275000000.0,1.0,916479293.0,915000000,922000000.0,4.803,17540000000.0,2224000000.0,199000000.0,1237000000.0,19.169,7963000000.0
5,AMAT,MRQ,2020-03-31,2020-04-26,2020-04-26,2021-09-07,-315000000.0,21815000000.0,,12735000000.0,9080000000.0,,9.841,-71000000.0,5281000000.0,5281000000.0,2208000000.0,755000000.0,2.673,1.417,6815000000.0,600000000.0,6215000000.0,6815000000.0,1334000000.0,91000000.0,0.0,0.016,0.21,939000000.0,1030000000.0,0.26,1030000000.0,939000000.0,878000000.0,0.82,0.82,0.82,9024000000.0,,9024000000.0,49403106598.0,13.0,12.026,564000000.0,0.615,1.0,1749000000.0,0.442,3558000000.0,61000000.0,15026000000.0,,3725000000.0,2101000000.0,423000000.0,1678000000.0,12791000000.0,4765000000.0,8026000000.0,47513106598.0,1972000000.0,-27000000.0,-123000000.0,1498000000.0,-193000000.0,1172000000.0,165000000.0,263000000.0,635000000.0,0.0,755000000.0,755000000.0,755000000.0,0.0,0.0,0.191,817000000.0,932000000.0,2831000000.0,0.256,5.265,16.294,16.373,1534000000.0,0.0,51.74,3.078,3.074,2625000000.0,25638000000.0,3957000000.0,3957000000.0,550000000.0,,,,,71000000.0,267000000.0,1.0,918305114.0,917000000,923000000.0,4.315,18257000000.0,2310000000.0,123000000.0,1238000000.0,19.909,7970000000.0
6,AMAT,MRQ,2019-12-31,2020-01-26,2020-01-26,2021-09-07,-188000000.0,19767000000.0,,10769000000.0,8998000000.0,,9.454,-102000000.0,3424000000.0,3424000000.0,2304000000.0,892000000.0,2.357,1.283,5314000000.0,600000000.0,4714000000.0,5314000000.0,1400000000.0,94000000.0,0.0,0.013,0.21,1064000000.0,1158000000.0,0.278,1158000000.0,1064000000.0,1005000000.0,0.97,0.96,0.97,8660000000.0,,8660000000.0,58932854076.0,16.0,14.766,885000000.0,0.966,1.0,1858000000.0,0.446,3541000000.0,59000000.0,13547000000.0,,3472000000.0,2249000000.0,536000000.0,1713000000.0,11107000000.0,4569000000.0,6538000000.0,56748854076.0,295000000.0,0.0,-185000000.0,0.0,-192000000.0,-530000000.0,-162000000.0,-60000000.0,987000000.0,0.0,892000000.0,892000000.0,892000000.0,0.0,0.0,0.214,816000000.0,1042000000.0,2569000000.0,0.216,6.553,20.074,20.328,1555000000.0,0.0,62.0,3.779,3.782,2679000000.0,25085000000.0,4162000000.0,4162000000.0,552000000.0,,,,,93000000.0,264000000.0,1.0,915304098.0,916000000,927000000.0,4.544,16226000000.0,2189000000.0,113000000.0,1298000000.0,17.714,6200000000.0
7,AMAT,MRQ,2019-09-30,2019-10-27,2019-10-27,2021-09-07,-180000000.0,19024000000.0,,10206000000.0,8818000000.0,,8.938,-97000000.0,3129000000.0,3129000000.0,2120000000.0,698000000.0,2.295,1.316,5313000000.0,600000000.0,4713000000.0,5313000000.0,1336000000.0,92000000.0,0.0,0.015,0.21,899000000.0,991000000.0,0.264,991000000.0,899000000.0,840000000.0,0.76,0.75,0.76,8214000000.0,,8214000000.0,53769559284.0,15.0,13.898,729000000.0,0.793,1.0,1634000000.0,0.435,3555000000.0,59000000.0,13206000000.0,,3474000000.0,2192000000.0,489000000.0,1703000000.0,10810000000.0,4447000000.0,6363000000.0,51471559284.0,115000000.0,0.0,-428000000.0,0.0,-194000000.0,-625000000.0,-86000000.0,11000000.0,826000000.0,0.0,698000000.0,698000000.0,698000000.0,0.0,0.0,0.186,770000000.0,864000000.0,2511000000.0,0.276,6.266,19.021,19.28,1529000000.0,0.0,55.72,3.524,3.574,2533000000.0,24386000000.0,3754000000.0,3754000000.0,515000000.0,,,,,66000000.0,255000000.0,1.0,923753756.0,919000000,930000000.0,4.085,15469000000.0,2031000000.0,142000000.0,1275000000.0,16.832,5759000000.0
8,AMAT,MRQ,2019-06-30,2019-07-28,2019-07-28,2021-09-07,-137000000.0,18805000000.0,,10042000000.0,8763000000.0,,8.736,-93000000.0,3014000000.0,3014000000.0,2005000000.0,571000000.0,2.653,1.317,5312000000.0,0.0,5312000000.0,5312000000.0,1430000000.0,89000000.0,0.0,0.016,0.21,840000000.0,929000000.0,0.261,929000000.0,840000000.0,782000000.0,0.61,0.61,0.61,8116000000.0,,8116000000.0,49692964097.0,14.0,12.635,694000000.0,0.747,1.0,1557000000.0,0.437,3569000000.0,58000000.0,13749000000.0,,3539000000.0,2197000000.0,547000000.0,1650000000.0,10689000000.0,3785000000.0,6904000000.0,47497964097.0,-102000000.0,-5000000.0,-528000000.0,0.0,-196000000.0,-727000000.0,-162000000.0,-64000000.0,787000000.0,0.0,571000000.0,571000000.0,571000000.0,0.0,0.0,0.16,755000000.0,802000000.0,2355000000.0,0.344,5.852,17.178,17.436,1513000000.0,0.0,50.74,3.25,3.226,2373000000.0,23880000000.0,3562000000.0,3562000000.0,515000000.0,,,,,67000000.0,240000000.0,1.0,936104929.0,929000000,937000000.0,3.834,15236000000.0,2031000000.0,211000000.0,1253000000.0,16.4,6257000000.0
9,AMAT,MRQ,2019-03-31,2019-04-28,2019-04-28,2021-09-07,-138000000.0,18775000000.0,,10062000000.0,8713000000.0,,8.706,-118000000.0,3116000000.0,3116000000.0,2009000000.0,666000000.0,2.791,1.289,5311000000.0,0.0,5311000000.0,5311000000.0,1393000000.0,94000000.0,0.0,0.018,0.2,819000000.0,913000000.0,0.258,913000000.0,819000000.0,759000000.0,0.71,0.7,0.71,8201000000.0,,8201000000.0,44517873918.0,12.0,10.475,682000000.0,0.724,1.0,1530000000.0,0.432,3584000000.0,60000000.0,13781000000.0,,3677000000.0,2116000000.0,507000000.0,1609000000.0,10574000000.0,3605000000.0,6969000000.0,42399873918.0,-76000000.0,-23000000.0,-552000000.0,0.0,-189000000.0,-747000000.0,-129000000.0,12000000.0,800000000.0,0.0,666000000.0,666000000.0,666000000.0,0.0,0.0,0.188,754000000.0,776000000.0,2212000000.0,0.282,5.17,13.209,13.452,1494000000.0,0.0,44.66,2.787,2.765,2264000000.0,23502000000.0,3539000000.0,3539000000.0,508000000.0,,,,,65000000.0,246000000.0,1.0,949392609.0,942000000,948000000.0,3.757,15191000000.0,2026000000.0,93000000.0,1326000000.0,16.126,6457000000.0
10,AMAT,MRQ,2018-12-31,2019-01-27,2019-01-27,2021-09-07,-154000000.0,18922000000.0,,10285000000.0,8637000000.0,,8.578,-133000000.0,3192000000.0,3192000000.0,2088000000.0,771000000.0,2.724,1.305,5310000000.0,0.0,5310000000.0,5310000000.0,1356000000.0,88000000.0,0.0,0.018,0.2,948000000.0,1036000000.0,0.276,1036000000.0,948000000.0,888000000.0,0.81,0.8,0.81,8209000000.0,,8209000000.0,39436772785.0,9.0,8.282,701000000.0,0.732,1.0,1665000000.0,0.444,3567000000.0,60000000.0,13697000000.0,,3703000000.0,2108000000.0,520000000.0,1588000000.0,10713000000.0,3776000000.0,6937000000.0,37567772785.0,-248000000.0,0.0,-750000000.0,0.0,-192000000.0,-1016000000.0,-66000000.0,67000000.0,834000000.0,0.0,771000000.0,771000000.0,771000000.0,0.0,0.0,0.205,757000000.0,908000000.0,2420000000.0,0.247,4.576,10.309,10.649,1456000000.0,0.0,39.19,2.311,2.308,2444000000.0,23032000000.0,3753000000.0,3753000000.0,516000000.0,,,,,65000000.0,241000000.0,1.0,958606093.0,957000000,965000000.0,3.922,15355000000.0,2026000000.0,117000000.0,1303000000.0,16.045,6509000000.0
11,AMAT,MRQ,2018-09-30,2018-10-28,2018-10-28,2021-09-07,-125000000.0,17633000000.0,,10604000000.0,7029000000.0,,7.028,-165000000.0,3440000000.0,3440000000.0,2102000000.0,757000000.0,2.704,1.576,5309000000.0,0.0,5309000000.0,5309000000.0,1201000000.0,120000000.0,0.0,0.019,0.2,935000000.0,1055000000.0,0.281,1055000000.0,935000000.0,875000000.0,0.78,0.76,0.78,6845000000.0,,6845000000.0,33743573260.0,7.0,6.633,912000000.0,0.936,1.0,1657000000.0,0.441,3581000000.0,60000000.0,11999000000.0,,3721000000.0,2158000000.0,590000000.0,1568000000.0,10788000000.0,3922000000.0,6866000000.0,31809573260.0,66000000.0,-1000000.0,-683000000.0,0.0,-195000000.0,-882000000.0,-129000000.0,37000000.0,1077000000.0,0.0,757000000.0,757000000.0,757000000.0,0.0,0.0,0.201,766000000.0,891000000.0,2721000000.0,0.256,4.647,10.471,10.787,1407000000.0,0.0,32.36,1.904,1.962,2323000000.0,20880000000.0,3759000000.0,3759000000.0,519000000.0,,,,,65000000.0,247000000.0,1.0,982990521.0,974000000,987000000.0,3.859,14052000000.0,473000000.0,118000000.0,1254000000.0,14.427,6682000000.0
12,AMAT,MRQ,2018-06-30,2018-07-29,2018-07-29,2021-09-07,-77000000.0,17883000000.0,,10889000000.0,6994000000.0,,6.866,-133000000.0,3374000000.0,3374000000.0,2298000000.0,1016000000.0,2.519,1.62,5308000000.0,0.0,5308000000.0,5308000000.0,1581000000.0,110000000.0,0.0,0.01,0.2,1136000000.0,1246000000.0,0.299,1246000000.0,1136000000.0,1077000000.0,1.02,1.01,1.02,6825000000.0,,6825000000.0,49124706905.0,10.0,9.177,500000000.0,0.503,1.0,1864000000.0,0.448,3631000000.0,59000000.0,11864000000.0,,3681000000.0,2223000000.0,610000000.0,1613000000.0,11058000000.0,4322000000.0,6736000000.0,48688706905.0,-1496000000.0,0.0,-1250000000.0,0.0,-199000000.0,-1455000000.0,-674000000.0,-541000000.0,633000000.0,0.0,1016000000.0,1016000000.0,1016000000.0,0.0,0.0,0.244,771000000.0,1093000000.0,2741000000.0,0.196,7.134,14.543,14.862,1321000000.0,0.0,48.3,2.851,2.812,2882000000.0,20191000000.0,4162000000.0,4162000000.0,505000000.0,,,,,64000000.0,266000000.0,1.0,1008047762.0,994000000,1005000000.0,4.187,14252000000.0,429000000.0,61000000.0,1148000000.0,14.338,6567000000.0
13,AMAT,MRQ,2018-03-31,2018-04-29,2018-04-29,2021-09-07,-78000000.0,18498000000.0,,11891000000.0,6607000000.0,,6.844,-121000000.0,4870000000.0,4870000000.0,2523000000.0,1100000000.0,2.596,1.627,5306000000.0,0.0,5306000000.0,5306000000.0,1961000000.0,108000000.0,0.0,0.008,0.1,1317000000.0,1425000000.0,0.311,1425000000.0,1317000000.0,1261000000.0,1.07,1.06,1.07,7042000000.0,,7042000000.0,50409962549.0,10.0,9.609,490000000.0,0.476,1.0,2056000000.0,0.449,3681000000.0,56000000.0,10673000000.0,,3494000000.0,1696000000.0,482000000.0,1214000000.0,11456000000.0,4580000000.0,6876000000.0,51903962549.0,-1929000000.0,0.0,-2444000000.0,0.0,-105000000.0,-2562000000.0,22000000.0,143000000.0,611000000.0,0.0,1100000000.0,1100000000.0,1100000000.0,0.0,0.0,0.24,764000000.0,1292000000.0,2619000000.0,0.093,7.371,15.936,15.987,1257000000.0,0.0,49.4,3.116,3.052,2665000000.0,19216000000.0,4579000000.0,4579000000.0,509000000.0,,,,,64000000.0,255000000.0,1.0,1050687501.0,1029000000,1040000000.0,4.45,14817000000.0,455000000.0,161000000.0,1282000000.0,14.399,7311000000.0
14,AMAT,MRQ,2017-12-31,2018-01-28,2018-01-28,2021-09-07,-79000000.0,19663000000.0,,13029000000.0,6634000000.0,,8.055,-203000000.0,6799000000.0,6799000000.0,2265000000.0,165000000.0,2.962,1.312,5305000000.0,0.0,5305000000.0,5305000000.0,2018000000.0,119000000.0,0.0,0.007,0.1,1242000000.0,1361000000.0,0.324,1361000000.0,1242000000.0,1183000000.0,0.16,0.15,0.16,8506000000.0,,8506000000.0,60632181584.0,14.0,12.435,1263000000.0,1.196,1.0,1940000000.0,0.461,3730000000.0,59000000.0,10040000000.0,,3125000000.0,1858000000.0,655000000.0,1203000000.0,11157000000.0,4399000000.0,6758000000.0,60338181584.0,1789000000.0,-5000000.0,-782000000.0,0.0,-106000000.0,-1029000000.0,1352000000.0,1560000000.0,1466000000.0,0.0,165000000.0,165000000.0,165000000.0,0.0,0.0,0.039,725000000.0,1215000000.0,2381000000.0,0.625,7.094,20.241,20.547,1195000000.0,0.0,57.12,3.862,3.86,2182000000.0,18288000000.0,4205000000.0,4205000000.0,489000000.0,,,,,65000000.0,236000000.0,1.0,1056340714.0,1056000000,1071000000.0,3.982,15933000000.0,506000000.0,1018000000.0,1158000000.0,15.088,8630000000.0
15,AMAT,MRQ,2017-09-30,2017-10-29,2017-10-29,2021-09-07,-64000000.0,19419000000.0,,12918000000.0,6501000000.0,,8.787,-124000000.0,5010000000.0,5010000000.0,2263000000.0,1067000000.0,3.139,1.077,5304000000.0,0.0,5304000000.0,5304000000.0,1665000000.0,105000000.0,0.0,0.007,0.1,1216000000.0,1321000000.0,0.32,1321000000.0,1216000000.0,1159000000.0,1.0,0.99,1.0,9349000000.0,,9349000000.0,60484157384.0,15.0,13.681,585000000.0,0.55,1.0,1867000000.0,0.452,3780000000.0,57000000.0,11818000000.0,,2930000000.0,3409000000.0,2266000000.0,1143000000.0,10070000000.0,4115000000.0,5955000000.0,60459157384.0,-268000000.0,-12000000.0,-335000000.0,0.0,-107000000.0,-448000000.0,-529000000.0,-393000000.0,709000000.0,0.0,1067000000.0,1067000000.0,1067000000.0,0.0,0.0,0.258,701000000.0,1166000000.0,2450000000.0,0.1,6.467,17.181,17.284,1066000000.0,0.0,56.69,4.113,4.139,2338000000.0,18258000000.0,4130000000.0,4130000000.0,473000000.0,,,,,58000000.0,228000000.0,1.0,1066487165.0,1064000000,1075000000.0,3.882,15639000000.0,512000000.0,92000000.0,392000000.0,14.698,8803000000.0
16,AMAT,MRQ,2017-06-30,2017-07-30,2017-07-30,2021-09-07,-101000000.0,19078000000.0,,12731000000.0,6347000000.0,,8.138,-80000000.0,5278000000.0,5278000000.0,2044000000.0,925000000.0,2.913,1.189,5303000000.0,0.0,5303000000.0,5303000000.0,2116000000.0,102000000.0,0.0,0.009,0.1,1037000000.0,1139000000.0,0.304,1139000000.0,1037000000.0,978000000.0,0.86,0.85,0.86,8716000000.0,,8716000000.0,48985084787.0,14.0,12.314,1297000000.0,1.211,1.0,1700000000.0,0.454,3818000000.0,59000000.0,10914000000.0,,2876000000.0,3012000000.0,1953000000.0,1059000000.0,10362000000.0,4371000000.0,5991000000.0,48627084787.0,334000000.0,-30000000.0,-374000000.0,-205000000.0,-107000000.0,-694000000.0,-349000000.0,-239000000.0,1377000000.0,0.0,925000000.0,925000000.0,925000000.0,0.0,0.0,0.247,677000000.0,1023000000.0,2255000000.0,0.116,5.579,15.881,15.989,996000000.0,0.0,45.25,3.507,3.495,2258000000.0,17383000000.0,3744000000.0,3744000000.0,454000000.0,,,,,55000000.0,223000000.0,1.0,1074631708.0,1071000000,1083000000.0,3.496,15260000000.0,474000000.0,53000000.0,0.0,14.248,8360000000.0
17,AMAT,MRQ,2017-03-31,2017-04-30,2017-04-30,2021-09-07,-110000000.0,18240000000.0,,12018000000.0,6222000000.0,,7.618,-77000000.0,4944000000.0,4944000000.0,1946000000.0,824000000.0,2.933,1.221,5302000000.0,0.0,5302000000.0,5302000000.0,1787000000.0,103000000.0,0.0,0.01,0.1,952000000.0,1055000000.0,0.298,1055000000.0,952000000.0,908000000.0,0.76,0.76,0.76,8212000000.0,,8212000000.0,43485937032.0,14.0,12.291,834000000.0,0.774,1.0,1600000000.0,0.451,3820000000.0,44000000.0,10681000000.0,,2609000000.0,2761000000.0,1800000000.0,961000000.0,10028000000.0,4097000000.0,5931000000.0,43851937032.0,1453000000.0,-26000000.0,-236000000.0,2176000000.0,-108000000.0,1823000000.0,-1281000000.0,-1178000000.0,911000000.0,0.0,824000000.0,824000000.0,824000000.0,0.0,0.0,0.232,660000000.0,940000000.0,2310000000.0,0.132,5.34,16.598,16.643,969000000.0,0.0,40.61,3.388,3.383,2381000000.0,16564000000.0,3546000000.0,3546000000.0,437000000.0,,,,,53000000.0,223000000.0,1.0,1079831003.0,1078000000,1087000000.0,3.289,14420000000.0,472000000.0,84000000.0,0.0,13.377,7921000000.0
18,AMAT,MRQ,2016-12-31,2017-01-29,2017-01-29,2021-09-07,-106000000.0,15244000000.0,,9094000000.0,6150000000.0,,7.131,-64000000.0,3491000000.0,3491000000.0,1833000000.0,703000000.0,2.388,0.983,3125000000.0,0.0,3125000000.0,3125000000.0,1669000000.0,97000000.0,0.0,0.011,0.1,809000000.0,906000000.0,0.276,906000000.0,809000000.0,771000000.0,0.65,0.65,0.65,7687000000.0,,7687000000.0,37660017495.0,14.0,12.507,728000000.0,0.675,1.0,1445000000.0,0.441,3843000000.0,38000000.0,7227000000.0,,2281000000.0,1565000000.0,656000000.0,909000000.0,7557000000.0,3808000000.0,3749000000.0,37723017495.0,85000000.0,0.0,-130000000.0,0.0,-108000000.0,-340000000.0,-367000000.0,-303000000.0,792000000.0,0.0,703000000.0,703000000.0,703000000.0,0.0,0.0,0.214,638000000.0,807000000.0,2139000000.0,0.154,4.907,17.644,17.787,949000000.0,0.0,35.04,3.184,3.189,2369000000.0,15847000000.0,3278000000.0,3278000000.0,417000000.0,,,,,54000000.0,221000000.0,1.0,1076570134.0,1078000000,1089000000.0,3.041,11401000000.0,449000000.0,68000000.0,0.0,10.576,5286000000.0
19,AMAT,MRQ,2016-09-30,2016-10-30,2016-10-30,2021-09-07,-115000000.0,14570000000.0,,8353000000.0,6217000000.0,,6.664,-88000000.0,3406000000.0,3406000000.0,1898000000.0,610000000.0,2.3,1.019,3125000000.0,0.0,3125000000.0,3125000000.0,1376000000.0,100000000.0,0.0,0.014,0.1,778000000.0,878000000.0,0.266,878000000.0,778000000.0,740000000.0,0.56,0.55,0.56,7217000000.0,,7217000000.0,31493417913.0,15.0,12.317,809000000.0,0.747,1.0,1399000000.0,0.424,3891000000.0,38000000.0,6766000000.0,,2050000000.0,1272000000.0,343000000.0,929000000.0,7353000000.0,3632000000.0,3721000000.0,30978417913.0,578000000.0,-11000000.0,-127000000.0,0.0,-108000000.0,-330000000.0,11000000.0,110000000.0,897000000.0,0.0,610000000.0,610000000.0,610000000.0,0.0,0.0,0.185,622000000.0,777000000.0,2256000000.0,0.179,4.292,18.0,18.372,937000000.0,0.0,28.66,2.862,2.931,2279000000.0,15252000000.0,3297000000.0,3297000000.0,394000000.0,,,,,69000000.0,228000000.0,1.0,1080893856.0,1083000000,1095000000.0,3.044,10679000000.0,460000000.0,130000000.0,0.0,9.861,4721000000.0
20,AMAT,MRQ,2016-06-30,2016-07-31,2016-07-31,2021-09-07,-87000000.0,13699000000.0,,7399000000.0,6300000000.0,,6.296,-50000000.0,2828000000.0,2828000000.0,1629000000.0,505000000.0,2.496,1.009,3343000000.0,0.0,3343000000.0,3343000000.0,1164000000.0,97000000.0,0.0,0.015,0.1,602000000.0,699000000.0,0.248,699000000.0,602000000.0,564000000.0,0.47,0.46,0.47,6819000000.0,,6819000000.0,29506593236.0,16.0,13.388,931000000.0,0.86,1.0,1192000000.0,0.423,3926000000.0,38000000.0,7324000000.0,,2026000000.0,1398000000.0,438000000.0,960000000.0,6880000000.0,2964000000.0,3916000000.0,28633593236.0,358000000.0,3000000.0,-196000000.0,-2000000.0,-108000000.0,-301000000.0,-322000000.0,-275000000.0,981000000.0,0.0,505000000.0,505000000.0,505000000.0,0.0,0.0,0.179,596000000.0,596000000.0,1800000000.0,0.213,4.199,19.788,20.38,905000000.0,0.0,26.29,2.893,2.877,1852000000.0,14750000000.0,2821000000.0,2821000000.0,386000000.0,,,,,43000000.0,210000000.0,1.0,1089143904.0,1083000000,1093000000.0,2.605,9773000000.0,509000000.0,59000000.0,0.0,9.024,4435000000.0
21,AMAT,MRQ,2016-03-31,2016-05-01,2016-05-01,2021-09-07,-95000000.0,13075000000.0,,6728000000.0,6347000000.0,,5.898,-47000000.0,2470000000.0,2470000000.0,1446000000.0,320000000.0,2.577,0.992,3343000000.0,0.0,3343000000.0,3343000000.0,981000000.0,96000000.0,0.0,0.02,0.1,432000000.0,528000000.0,0.216,528000000.0,432000000.0,395000000.0,0.29,0.29,0.29,6565000000.0,,6565000000.0,23526932132.0,15.0,11.781,434000000.0,0.39,1.0,1004000000.0,0.41,3972000000.0,37000000.0,7365000000.0,,1924000000.0,1104000000.0,170000000.0,934000000.0,6510000000.0,2611000000.0,3899000000.0,23145932132.0,-492000000.0,-8000000.0,-858000000.0,0.0,-113000000.0,-968000000.0,-5000000.0,50000000.0,481000000.0,0.0,320000000.0,320000000.0,320000000.0,0.0,0.0,0.131,579000000.0,425000000.0,1630000000.0,0.345,3.526,18.211,18.78,904000000.0,0.0,20.47,2.42,2.382,1913000000.0,14353000000.0,2450000000.0,2450000000.0,386000000.0,,,,,45000000.0,193000000.0,1.0,1130724579.0,1113000000,1119000000.0,2.201,9103000000.0,537000000.0,75000000.0,0.0,8.179,4117000000.0
22,AMAT,MRQ,2015-12-31,2016-01-31,2016-01-31,2021-09-07,-94000000.0,13326000000.0,,6910000000.0,6416000000.0,,6.255,-68000000.0,2962000000.0,2962000000.0,1341000000.0,286000000.0,2.995,0.859,3343000000.0,0.0,3343000000.0,3343000000.0,850000000.0,96000000.0,0.0,0.023,0.1,356000000.0,452000000.0,0.2,452000000.0,356000000.0,314000000.0,0.25,0.25,0.25,7168000000.0,,7168000000.0,20027204316.0,13.0,10.156,139000000.0,0.121,1.0,916000000.0,0.406,4016000000.0,42000000.0,7384000000.0,,1835000000.0,1150000000.0,154000000.0,996000000.0,6158000000.0,2307000000.0,3851000000.0,20282204316.0,-1835000000.0,0.0,-623000000.0,-1205000000.0,-115000000.0,-1933000000.0,-109000000.0,-41000000.0,207000000.0,0.0,286000000.0,286000000.0,286000000.0,0.0,0.0,0.127,562000000.0,354000000.0,1457000000.0,0.4,2.83,15.424,16.045,908000000.0,0.0,17.65,2.122,2.116,1625000000.0,14142000000.0,2257000000.0,2257000000.0,374000000.0,,,,,44000000.0,188000000.0,1.0,1149133389.0,1146000000,1154000000.0,1.969,9310000000.0,496000000.0,28000000.0,0.0,8.124,4603000000.0
23,AMAT,MRQ,2015-09-30,2015-10-25,2015-10-25,2021-09-07,-92000000.0,15308000000.0,,9261000000.0,6047000000.0,,6.446,-53000000.0,4797000000.0,4797000000.0,1409000000.0,336000000.0,2.438,1.011,4542000000.0,1200000000.0,3342000000.0,4542000000.0,765000000.0,96000000.0,0.0,0.024,0.1,429000000.0,525000000.0,0.222,525000000.0,429000000.0,397000000.0,0.28,0.28,0.28,7613000000.0,,7613000000.0,18711183215.0,11.0,9.03,418000000.0,0.354,1.0,959000000.0,0.405,4064000000.0,32000000.0,7191000000.0,,1833000000.0,1114000000.0,168000000.0,946000000.0,7695000000.0,3798000000.0,3897000000.0,19738183215.0,2223000000.0,-2000000.0,-655000000.0,2581000000.0,-119000000.0,1809000000.0,-57000000.0,-2000000.0,471000000.0,0.0,336000000.0,336000000.0,336000000.0,0.0,0.0,0.142,625000000.0,334000000.0,1833000000.0,0.357,2.593,14.334,14.549,892000000.0,0.0,16.44,2.044,2.066,1739000000.0,13967000000.0,2368000000.0,2368000000.0,363000000.0,,,,,44000000.0,173000000.0,1.0,1200619417.0,1181000000,1190000000.0,2.005,11244000000.0,145000000.0,61000000.0,0.0,9.521,5463000000.0
24,AMAT,MRQ,2015-06-30,2015-07-26,2015-07-26,2021-09-07,-118000000.0,13153000000.0,,7043000000.0,6110000000.0,,6.533,-49000000.0,2574000000.0,2574000000.0,1472000000.0,329000000.0,2.332,0.649,1547000000.0,0.0,1547000000.0,1547000000.0,858000000.0,93000000.0,0.0,0.023,0.1,399000000.0,492000000.0,0.198,492000000.0,399000000.0,375000000.0,0.27,0.27,0.27,7977000000.0,,7977000000.0,20272862089.0,12.0,9.832,285000000.0,0.233,1.0,1018000000.0,0.409,4115000000.0,24000000.0,4991000000.0,,1739000000.0,1127000000.0,169000000.0,958000000.0,5176000000.0,3020000000.0,2156000000.0,21392862089.0,-493000000.0,-2000000.0,-624000000.0,0.0,-123000000.0,-744000000.0,-84000000.0,-33000000.0,334000000.0,1000000.0,329000000.0,329000000.0,329000000.0,0.0,0.0,0.132,622000000.0,396000000.0,2162000000.0,0.37,2.682,16.494,16.387,882000000.0,0.0,17.37,2.239,2.22,1991000000.0,13747000000.0,2490000000.0,2490000000.0,372000000.0,,,,,43000000.0,247000000.0,1.0,1231598278.0,1221000000,1231000000.0,2.039,9038000000.0,155000000.0,46000000.0,0.0,7.402,4023000000.0
25,AMAT,MRQ,2015-03-31,2015-04-26,2015-04-26,2021-09-07,-125000000.0,13587000000.0,,7447000000.0,6140000000.0,,6.789,-64000000.0,3067000000.0,3067000000.0,1426000000.0,364000000.0,2.762,0.627,1947000000.0,0.0,1947000000.0,1947000000.0,874000000.0,90000000.0,0.0,0.018,0.1,413000000.0,503000000.0,0.206,503000000.0,413000000.0,389000000.0,0.3,0.29,0.3,8351000000.0,,8351000000.0,25803588540.0,15.0,12.544,234000000.0,0.19,1.0,1016000000.0,0.416,4164000000.0,24000000.0,5607000000.0,,1713000000.0,1099000000.0,163000000.0,936000000.0,5236000000.0,2696000000.0,2540000000.0,26785588540.0,138000000.0,0.0,42000000.0,0.0,-123000000.0,-69000000.0,-90000000.0,-26000000.0,298000000.0,-1000000.0,364000000.0,364000000.0,364000000.0,0.0,0.0,0.149,614000000.0,402000000.0,1822000000.0,0.333,3.207,21.108,20.962,887000000.0,0.0,21.8,2.871,2.874,1798000000.0,13538000000.0,2442000000.0,2442000000.0,365000000.0,,,,,35000000.0,249000000.0,1.0,1228696722.0,1230000000,1241000000.0,1.985,9423000000.0,153000000.0,25000000.0,0.0,7.661,4751000000.0
26,AMAT,MRQ,2014-12-31,2015-01-25,2015-01-25,2021-09-07,-77000000.0,13073000000.0,,6933000000.0,6140000000.0,,6.595,-49000000.0,2929000000.0,2929000000.0,1400000000.0,348000000.0,2.75,0.62,1947000000.0,0.0,1947000000.0,1947000000.0,784000000.0,92000000.0,0.0,0.017,0.1,460000000.0,552000000.0,0.234,552000000.0,460000000.0,437000000.0,0.28,0.28,0.28,8072000000.0,,8072000000.0,28394689510.0,17.0,13.946,11000000.0,0.009,1.0,959000000.0,0.407,4209000000.0,23000000.0,5361000000.0,,1641000000.0,1088000000.0,158000000.0,930000000.0,5001000000.0,2521000000.0,2480000000.0,29449689510.0,-73000000.0,0.0,0.0,0.0,-122000000.0,-83000000.0,-50000000.0,-1000000.0,60000000.0,0.0,348000000.0,348000000.0,348000000.0,0.0,0.0,0.148,579000000.0,380000000.0,1737000000.0,0.357,3.648,25.235,25.115,864000000.0,0.0,24.11,3.187,3.193,1580000000.0,13297000000.0,2359000000.0,2359000000.0,351000000.0,,,,,9000000.0,228000000.0,1.0,1221471983.0,1224000000,1240000000.0,1.927,8864000000.0,137000000.0,89000000.0,0.0,7.242,4412000000.0
27,AMAT,MRQ,2014-09-30,2014-10-26,2014-10-26,2021-09-07,-76000000.0,13174000000.0,,6967000000.0,6207000000.0,,6.444,-38000000.0,3002000000.0,3002000000.0,1305000000.0,256000000.0,2.468,0.674,1947000000.0,0.0,1947000000.0,1947000000.0,940000000.0,94000000.0,0.0,0.019,0.1,421000000.0,515000000.0,0.227,515000000.0,421000000.0,398000000.0,0.21,0.21,0.21,7868000000.0,,7868000000.0,24795096693.0,16.0,12.928,369000000.0,0.302,1.0,959000000.0,0.424,4255000000.0,23000000.0,5041000000.0,,1567000000.0,1095000000.0,160000000.0,935000000.0,5306000000.0,2823000000.0,2483000000.0,25574096693.0,276000000.0,-12000000.0,40000000.0,0.0,-122000000.0,-78000000.0,-53000000.0,-3000000.0,407000000.0,0.0,256000000.0,256000000.0,256000000.0,0.0,0.0,0.113,577000000.0,382000000.0,1883000000.0,0.476,3.25,23.856,23.852,861000000.0,0.0,20.99,2.819,2.811,1670000000.0,13072000000.0,2264000000.0,2264000000.0,360000000.0,,,,,41000000.0,226000000.0,1.0,1218394316.0,1221000000,1234000000.0,1.854,8919000000.0,156000000.0,142000000.0,0.0,7.305,4144000000.0
28,AMAT,MRQ,2014-06-30,2014-07-27,2014-07-27,2021-09-07,-42000000.0,12851000000.0,,6640000000.0,6211000000.0,,6.309,-65000000.0,2726000000.0,2726000000.0,1273000000.0,301000000.0,2.41,0.672,1947000000.0,0.0,1947000000.0,1947000000.0,1066000000.0,93000000.0,0.0,0.019,0.1,394000000.0,487000000.0,0.215,487000000.0,394000000.0,370000000.0,0.25,0.24,0.25,7684000000.0,,7684000000.0,25339431722.0,19.0,14.741,519000000.0,0.426,1.0,992000000.0,0.438,4273000000.0,24000000.0,5044000000.0,,1547000000.0,1102000000.0,145000000.0,957000000.0,5167000000.0,2755000000.0,2412000000.0,25845431722.0,273000000.0,0.0,1000000.0,0.0,-121000000.0,-119000000.0,-192000000.0,-127000000.0,584000000.0,0.0,301000000.0,301000000.0,301000000.0,0.0,0.0,0.133,601000000.0,391000000.0,1689000000.0,0.4,3.364,25.871,25.578,849000000.0,0.0,21.23,2.938,2.94,1622000000.0,12938000000.0,2265000000.0,2265000000.0,357000000.0,,,,,43000000.0,234000000.0,1.0,1217401400.0,1218000000,1233000000.0,1.86,8578000000.0,132000000.0,69000000.0,0.0,7.043,3885000000.0
29,AMAT,MRQ,2014-03-31,2014-04-27,2014-04-27,2021-09-07,-41000000.0,12555000000.0,,6401000000.0,6154000000.0,,6.147,-65000000.0,2453000000.0,2453000000.0,1352000000.0,262000000.0,2.405,0.68,1947000000.0,0.0,1947000000.0,1947000000.0,999000000.0,94000000.0,0.0,0.021,0.1,388000000.0,482000000.0,0.205,482000000.0,388000000.0,365000000.0,0.22,0.21,0.22,7475000000.0,,7475000000.0,22352090815.0,19.0,14.12,372000000.0,0.306,1.0,1001000000.0,0.425,4312000000.0,23000000.0,5075000000.0,,1564000000.0,982000000.0,146000000.0,836000000.0,5080000000.0,2662000000.0,2418000000.0,22550090815.0,309000000.0,0.0,56000000.0,0.0,-122000000.0,-59000000.0,-69000000.0,-4000000.0,437000000.0,0.0,262000000.0,262000000.0,262000000.0,0.0,0.0,0.111,614000000.0,387000000.0,1663000000.0,0.455,3.017,26.039,25.861,855000000.0,0.0,18.62,2.651,2.662,1615000000.0,12759000000.0,2353000000.0,2353000000.0,355000000.0,,,,,35000000.0,236000000.0,1.0,1211068250.0,1216000000,1229000000.0,1.935,8243000000.0,151000000.0,103000000.0,0.0,6.779,3739000000.0
30,AMAT,MRQ,2013-12-31,2014-01-26,2014-01-26,2021-09-07,-44000000.0,12199000000.0,,6014000000.0,6185000000.0,,6.004,-48000000.0,2144000000.0,2144000000.0,1299000000.0,253000000.0,2.428,0.685,1946000000.0,0.0,1946000000.0,1946000000.0,901000000.0,94000000.0,0.0,0.023,0.1,340000000.0,434000000.0,0.198,434000000.0,340000000.0,315000000.0,0.21,0.21,0.21,7241000000.0,,7241000000.0,20910830128.0,28.0,18.327,324000000.0,0.269,1.0,891000000.0,0.407,4351000000.0,25000000.0,5173000000.0,,1533000000.0,978000000.0,145000000.0,833000000.0,4958000000.0,2477000000.0,2481000000.0,20675830128.0,433000000.0,0.0,10000000.0,0.0,-120000000.0,-92000000.0,153000000.0,201000000.0,372000000.0,0.0,253000000.0,253000000.0,253000000.0,0.0,0.0,0.116,561000000.0,330000000.0,1576000000.0,0.476,2.855,43.528,44.026,846000000.0,0.0,17.17,2.544,2.548,1510000000.0,12619000000.0,2190000000.0,2190000000.0,356000000.0,,,,,28000000.0,229000000.0,1.0,1204183467.0,1206000000,1225000000.0,1.816,7848000000.0,155000000.0,62000000.0,0.0,6.507,3537000000.0
31,AMAT,MRQ,2013-09-30,2013-10-27,2013-10-27,2021-09-07,-38000000.0,12043000000.0,,5642000000.0,6401000000.0,,5.882,-49000000.0,1711000000.0,1711000000.0,1193000000.0,183000000.0,2.309,0.699,1946000000.0,0.0,1946000000.0,1946000000.0,794000000.0,98000000.0,0.0,0.021,0.1,218000000.0,316000000.0,0.159,316000000.0,218000000.0,194000000.0,0.15,0.15,0.15,7088000000.0,,7088000000.0,21497042952.0,48.0,25.143,-30000000.0,-0.025,1.0,795000000.0,0.4,4397000000.0,24000000.0,5438000000.0,,1413000000.0,1185000000.0,180000000.0,1005000000.0,4955000000.0,2443000000.0,2512000000.0,21296042952.0,-34000000.0,-1000000.0,-13000000.0,0.0,-120000000.0,-110000000.0,57000000.0,107000000.0,19000000.0,0.0,183000000.0,183000000.0,183000000.0,0.0,0.0,0.092,584000000.0,211000000.0,1649000000.0,0.667,3.005,83.188,84.31,850000000.0,0.0,17.705,2.836,2.834,1633000000.0,12487000000.0,1988000000.0,1988000000.0,338000000.0,,,,,18000000.0,209000000.0,1.0,1202826487.0,1205000000,1222000000.0,1.65,7646000000.0,149000000.0,11000000.0,0.0,6.345,3199000000.0
32,AMAT,MRQ,2013-06-30,2013-07-28,2013-07-28,2021-09-07,-61000000.0,11751000000.0,,5237000000.0,6514000000.0,,5.781,-40000000.0,1745000000.0,1745000000.0,1169000000.0,168000000.0,2.378,0.69,1946000000.0,0.0,1946000000.0,1946000000.0,756000000.0,100000000.0,0.0,0.023,0.1,251000000.0,351000000.0,0.178,351000000.0,251000000.0,228000000.0,0.14,0.14,0.14,6954000000.0,,6954000000.0,19782818904.0,-70.0,155.77,324000000.0,0.269,1.0,806000000.0,0.408,4442000000.0,23000000.0,5308000000.0,,1358000000.0,1285000000.0,230000000.0,1055000000.0,4797000000.0,2202000000.0,2595000000.0,19381818904.0,200000000.0,0.0,-10000000.0,0.0,-120000000.0,-130000000.0,-34000000.0,6000000.0,364000000.0,0.0,168000000.0,168000000.0,168000000.0,0.0,0.0,0.085,556000000.0,250000000.0,1446000000.0,0.714,2.787,-43.85,-47.441,872000000.0,0.0,16.13,2.704,2.707,1170000000.0,12425000000.0,1975000000.0,1975000000.0,334000000.0,,,,,40000000.0,208000000.0,1.0,1201600676.0,1203000000,1220000000.0,1.642,7309000000.0,145000000.0,60000000.0,0.0,6.076,3035000000.0
33,AMAT,MRQ,2013-03-31,2013-04-28,2013-04-28,2021-09-07,-54000000.0,11695000000.0,,5113000000.0,6582000000.0,,5.734,-52000000.0,1545000000.0,1545000000.0,1165000000.0,-129000000.0,2.323,0.695,1946000000.0,0.0,1946000000.0,1946000000.0,739000000.0,106000000.0,0.0,0.025,0.09,-66000000.0,40000000.0,0.02,40000000.0,-66000000.0,-90000000.0,-0.11,-0.11,-0.11,6898000000.0,,6898000000.0,17391627222.0,-84.0,84.018,172000000.0,0.143,1.0,808000000.0,0.41,4488000000.0,24000000.0,5407000000.0,,1318000000.0,1305000000.0,225000000.0,1080000000.0,4797000000.0,2201000000.0,2596000000.0,16968627222.0,22000000.0,0.0,-33000000.0,0.0,-108000000.0,-141000000.0,-61000000.0,-9000000.0,224000000.0,0.0,-129000000.0,-129000000.0,-129000000.0,0.0,0.0,-0.065,876000000.0,-68000000.0,1462000000.0,-0.818,2.46,-43.287,-45.613,886000000.0,0.0,14.14,2.252,2.258,1275000000.0,12378000000.0,1973000000.0,1973000000.0,344000000.0,,,,,39000000.0,244000000.0,1.0,1200044358.0,1203000000,1203000000.0,1.64,7207000000.0,128000000.0,39000000.0,0.0,5.991,2912000000.0
34,AMAT,MRQ,2012-12-31,2013-01-27,2013-01-27,2021-09-07,-62000000.0,11714000000.0,,4765000000.0,6949000000.0,,5.961,-49000000.0,1523000000.0,1523000000.0,991000000.0,34000000.0,2.425,0.64,1946000000.0,0.0,1946000000.0,1946000000.0,678000000.0,106000000.0,0.0,0.027,0.09,42000000.0,148000000.0,0.094,148000000.0,42000000.0,18000000.0,0.03,0.03,0.03,7141000000.0,,7141000000.0,15919974002.0,59.0,23.241,-33000000.0,-0.028,1.0,582000000.0,0.37,4820000000.0,24000000.0,5352000000.0,,1278000000.0,1292000000.0,230000000.0,1062000000.0,4573000000.0,1965000000.0,2608000000.0,15365974002.0,131000000.0,0.0,-30000000.0,0.0,-108000000.0,-138000000.0,253000000.0,302000000.0,16000000.0,0.0,34000000.0,34000000.0,34000000.0,0.0,0.0,0.022,543000000.0,39000000.0,1287000000.0,3.0,2.152,590.999,641.5,900000000.0,0.0,12.83,1.896,1.897,1109000000.0,12626000000.0,1573000000.0,1573000000.0,304000000.0,,,,,42000000.0,230000000.0,1.0,1197659704.0,1198000000,1212000000.0,1.313,6894000000.0,167000000.0,-16000000.0,0.0,5.755,2800000000.0
35,AMAT,MRQ,2012-09-30,2012-10-28,2012-10-28,2021-09-07,-61000000.0,12102000000.0,,5102000000.0,7000000000.0,,5.94,-41000000.0,1392000000.0,1392000000.0,1059000000.0,-515000000.0,2.253,0.673,1946000000.0,0.0,1946000000.0,1946000000.0,755000000.0,97000000.0,0.0,0.032,0.09,-509000000.0,-412000000.0,-0.25,-412000000.0,-509000000.0,-532000000.0,-0.4,-0.39,-0.4,7235000000.0,,7235000000.0,13596323358.0,33.0,16.322,370000000.0,0.304,1.0,587000000.0,0.357,4873000000.0,23000000.0,5518000000.0,,1272000000.0,1600000000.0,545000000.0,1055000000.0,4867000000.0,2265000000.0,2602000000.0,13179323358.0,-137000000.0,-1000000.0,-471000000.0,0.0,-111000000.0,-582000000.0,37000000.0,79000000.0,411000000.0,-3000000.0,-515000000.0,-515000000.0,-515000000.0,0.0,0.0,-0.313,1086000000.0,-499000000.0,1510000000.0,-0.225,1.822,120.911,118.333,910000000.0,0.0,10.65,1.512,1.546,1220000000.0,12700000000.0,1646000000.0,1646000000.0,304000000.0,,,,,44000000.0,237000000.0,1.0,1237495151.0,1218000000,1232000000.0,1.351,7229000000.0,162000000.0,-17000000.0,0.0,5.935,2837000000.0
36,AMAT,MRQ,2012-06-30,2012-07-29,2012-07-29,2021-09-07,-5000000.0,13320000000.0,,5865000000.0,7455000000.0,,6.634,-45000000.0,1529000000.0,1529000000.0,1413000000.0,218000000.0,2.436,0.597,1946000000.0,0.0,1946000000.0,1946000000.0,937000000.0,105000000.0,0.0,0.03,0.09,326000000.0,431000000.0,0.184,431000000.0,326000000.0,302000000.0,0.17,0.17,0.17,8339000000.0,,8339000000.0,14150261109.0,11.0,8.473,611000000.0,0.486,1.0,930000000.0,0.397,5349000000.0,24000000.0,5980000000.0,,1380000000.0,1693000000.0,635000000.0,1058000000.0,4981000000.0,2408000000.0,2573000000.0,13964261109.0,-232000000.0,-3000000.0,-494000000.0,0.0,-115000000.0,-609000000.0,-281000000.0,-233000000.0,656000000.0,2000000.0,218000000.0,218000000.0,218000000.0,0.0,0.0,0.093,608000000.0,322000000.0,1410000000.0,0.529,1.675,12.942,13.127,917000000.0,0.0,10.895,1.509,1.48,1535000000.0,13323000000.0,2343000000.0,2343000000.0,309000000.0,,,,,42000000.0,255000000.0,1.0,1281712814.0,1257000000,1268000000.0,1.864,7971000000.0,629000000.0,84000000.0,447000000.0,6.341,3457000000.0
37,AMAT,MRQ,2012-03-31,2012-04-29,2012-04-29,2021-09-07,7000000.0,13877000000.0,,6330000000.0,7547000000.0,,6.752,-39000000.0,1761000000.0,1761000000.0,1530000000.0,289000000.0,2.374,0.595,1947000000.0,1000000.0,1946000000.0,1947000000.0,1113000000.0,108000000.0,0.0,0.027,0.08,410000000.0,518000000.0,0.204,518000000.0,410000000.0,387000000.0,0.22,0.22,0.22,8703000000.0,,8703000000.0,15800195627.0,10.0,7.932,564000000.0,0.438,1.0,1011000000.0,0.398,5403000000.0,23000000.0,5994000000.0,,1594000000.0,1480000000.0,409000000.0,1071000000.0,5174000000.0,2666000000.0,2508000000.0,15532195627.0,80000000.0,-7000000.0,-157000000.0,0.0,-104000000.0,-261000000.0,-259000000.0,-213000000.0,603000000.0,-3000000.0,289000000.0,289000000.0,289000000.0,0.0,0.0,0.114,602000000.0,409000000.0,1466000000.0,0.364,1.785,11.617,11.794,939000000.0,0.0,12.03,1.602,1.599,1785000000.0,13217000000.0,2541000000.0,2541000000.0,321000000.0,,,,,43000000.0,281000000.0,1.0,1291121831.0,1289000000,1301000000.0,1.971,8474000000.0,706000000.0,98000000.0,86000000.0,6.574,3664000000.0
38,AMAT,MRQ,2011-12-31,2012-01-29,2012-01-29,2021-09-07,7000000.0,13597000000.0,,6157000000.0,7440000000.0,,6.659,-37000000.0,1681000000.0,1681000000.0,1403000000.0,117000000.0,2.469,0.572,1949000000.0,2000000.0,1947000000.0,1949000000.0,1014000000.0,112000000.0,0.0,0.025,0.08,183000000.0,295000000.0,0.135,295000000.0,183000000.0,159000000.0,0.09,0.09,0.09,8650000000.0,,8650000000.0,11954941721.0,6.0,5.361,144000000.0,0.111,1.0,786000000.0,0.359,5394000000.0,24000000.0,5977000000.0,,1772000000.0,1271000000.0,316000000.0,955000000.0,4947000000.0,2494000000.0,2453000000.0,15967941721.0,-4279000000.0,-4179000000.0,-198000000.0,0.0,-104000000.0,-302000000.0,-4157000000.0,59000000.0,181000000.0,-1000000.0,117000000.0,117000000.0,117000000.0,0.0,0.0,0.053,607000000.0,179000000.0,1327000000.0,0.889,1.846,10.389,10.453,956000000.0,0.0,12.23,1.594,1.586,1576000000.0,13043000000.0,2189000000.0,2189000000.0,304000000.0,,,,,53000000.0,303000000.0,1.0,1305637099.0,1299000000,1310000000.0,1.685,8203000000.0,707000000.0,42000000.0,151000000.0,6.315,3663000000.0
39,AMAT,MRQ,2011-09-30,2011-10-30,2011-10-30,2021-09-07,6000000.0,13861000000.0,,10355000000.0,3506000000.0,,6.702,57000000.0,5960000000.0,5960000000.0,1330000000.0,455000000.0,3.706,0.575,1947000000.0,0.0,1947000000.0,1947000000.0,1116000000.0,59000000.0,0.0,0.024,0.08,367000000.0,426000000.0,0.195,426000000.0,367000000.0,343000000.0,0.35,0.35,0.35,8800000000.0,,8800000000.0,13556247252.0,6.0,5.053,758000000.0,0.577,1.0,851000000.0,0.39,1546000000.0,24000000.0,5508000000.0,,1701000000.0,1214000000.0,283000000.0,931000000.0,5061000000.0,2794000000.0,2267000000.0,16627247252.0,942000000.0,-126000000.0,-144000000.0,0.0,-106000000.0,-250000000.0,489000000.0,558000000.0,701000000.0,2000000.0,455000000.0,455000000.0,455000000.0,0.0,0.0,0.209,490000000.0,361000000.0,1520000000.0,0.229,1.889,8.633,8.644,866000000.0,0.0,12.62,1.581,1.583,1532000000.0,13029000000.0,2181000000.0,2181000000.0,268000000.0,,,,,36000000.0,222000000.0,1.0,1317531478.0,1313000000,1321000000.0,1.661,12315000000.0,743000000.0,-112000000.0,262000000.0,9.379,7561000000.0
40,AMAT,MRQ,2011-06-30,2011-07-31,2011-07-31,2021-09-07,-4000000.0,14103000000.0,,10273000000.0,3830000000.0,,6.488,-94000000.0,5018000000.0,5018000000.0,1603000000.0,476000000.0,3.134,0.649,1947000000.0,0.0,1947000000.0,1947000000.0,1347000000.0,59000000.0,0.0,0.024,0.08,694000000.0,753000000.0,0.27,753000000.0,694000000.0,669000000.0,0.36,0.36,0.36,8551000000.0,,8551000000.0,13887841984.0,5.0,4.576,505000000.0,0.383,1.0,1184000000.0,0.425,1558000000.0,25000000.0,6196000000.0,,1849000000.0,1791000000.0,739000000.0,1052000000.0,5552000000.0,3278000000.0,2274000000.0,16240841984.0,2460000000.0,126000000.0,-20000000.0,1731000000.0,-105000000.0,1606000000.0,252000000.0,220000000.0,599000000.0,3000000.0,476000000.0,476000000.0,476000000.0,0.0,0.0,0.171,497000000.0,687000000.0,1653000000.0,0.222,1.899,8.376,8.438,854000000.0,0.0,12.32,1.447,1.447,1812000000.0,12678000000.0,2787000000.0,2787000000.0,282000000.0,,,,,38000000.0,240000000.0,1.0,1318250161.0,1318000000,1330000000.0,2.115,12545000000.0,907000000.0,193000000.0,278000000.0,9.518,6995000000.0
41,AMAT,MRQ,2011-03-31,2011-05-01,2011-05-01,2021-09-07,1000000.0,11957000000.0,,7944000000.0,4013000000.0,,6.198,-57000000.0,2558000000.0,2558000000.0,1673000000.0,489000000.0,2.444,0.461,205000000.0,1000000.0,204000000.0,205000000.0,1279000000.0,65000000.0,0.0,0.018,0.07,691000000.0,756000000.0,0.264,756000000.0,691000000.0,686000000.0,0.37,0.37,0.37,8182000000.0,,8182000000.0,18932499313.0,8.0,7.46,647000000.0,0.49,1.0,1189000000.0,0.415,1572000000.0,5000000.0,4781000000.0,,1794000000.0,2019000000.0,750000000.0,1269000000.0,3775000000.0,3251000000.0,524000000.0,20701499313.0,584000000.0,0.0,-72000000.0,-1000000.0,-93000000.0,-166000000.0,45000000.0,102000000.0,704000000.0,1000000.0,489000000.0,489000000.0,489000000.0,0.0,0.0,0.171,512000000.0,677000000.0,1760000000.0,0.189,2.53,13.053,13.185,898000000.0,0.0,15.69,1.89,1.891,1916000000.0,12308000000.0,2862000000.0,2862000000.0,297000000.0,,,,,39000000.0,219000000.0,1.0,1319407222.0,1320000000,1333000000.0,2.168,10385000000.0,929000000.0,197000000.0,211000000.0,7.867,4693000000.0
42,AMAT,MRQ,2010-12-31,2011-01-30,2011-01-30,2021-09-07,0.0,11274000000.0,,7142000000.0,4132000000.0,,5.921,15000000.0,1974000000.0,1974000000.0,1550000000.0,506000000.0,2.451,0.438,205000000.0,1000000.0,204000000.0,205000000.0,1055000000.0,63000000.0,0.0,0.017,0.07,685000000.0,748000000.0,0.278,748000000.0,685000000.0,680000000.0,0.38,0.38,0.38,7839000000.0,,7839000000.0,19285460730.0,10.0,8.53,440000000.0,0.332,1.0,1136000000.0,0.423,1609000000.0,5000000.0,4982000000.0,,1647000000.0,2123000000.0,772000000.0,1351000000.0,3435000000.0,2914000000.0,521000000.0,20937595730.0,116000000.0,0.0,-137000000.0,0.0,-93000000.0,-230000000.0,-79000000.0,-94000000.0,425000000.0,0.0,506000000.0,506000000.0,506000000.0,0.0,0.0,0.188,462000000.0,674000000.0,1582000000.0,0.184,2.671,15.384,15.461,893000000.0,0.0,15.77,2.016,2.01,1946000000.0,11925000000.0,2686000000.0,2686000000.0,270000000.0,,,,,33000000.0,221000000.0,1.0,1327685208.0,1324000000,1335000000.0,2.029,9665000000.0,791000000.0,174000000.0,276000000.0,7.3,4228000000.0
43,AMAT,MRQ,2010-09-30,2010-10-31,2010-10-31,2021-09-07,2000000.0,10943000000.0,,6765000000.0,4178000000.0,,5.649,-35000000.0,1858000000.0,1858000000.0,1670000000.0,468000000.0,2.342,0.452,205000000.0,1000000.0,204000000.0,205000000.0,847000000.0,69000000.0,0.0,0.021,0.07,709000000.0,778000000.0,0.269,778000000.0,709000000.0,703000000.0,0.35,0.35,0.35,7536000000.0,,7536000000.0,15142388961.0,11.0,8.84,490000000.0,0.367,1.0,1217000000.0,0.422,1623000000.0,6000000.0,4779000000.0,,1547000000.0,2034000000.0,727000000.0,1307000000.0,3407000000.0,2888000000.0,519000000.0,16500439961.0,294000000.0,0.0,-120000000.0,0.0,-94000000.0,-214000000.0,-15000000.0,20000000.0,525000000.0,-2000000.0,468000000.0,468000000.0,468000000.0,0.0,0.0,0.162,518000000.0,699000000.0,1766000000.0,0.2,2.19,17.591,17.643,963000000.0,0.0,12.35,1.728,1.733,1831000000.0,11511000000.0,2887000000.0,2887000000.0,278000000.0,,,,,31000000.0,242000000.0,1.0,1336068013.0,1334000000,1343000000.0,2.164,9320000000.0,798000000.0,235000000.0,274000000.0,6.987,3877000000.0
44,AMAT,MRQ,2010-06-30,2010-08-01,2010-08-01,2021-09-07,6570000.0,10726148000.0,,6551748000.0,4174400000.0,,5.431,-36000000.0,1564337000.0,1564337000.0,1658000000.0,123000000.0,2.267,0.474,206286000.0,1848000.0,204438000.0,206286000.0,1036938000.0,73000000.0,0.0,0.021,0.07,183000000.0,256000000.0,0.102,256000000.0,183000000.0,178000000.0,0.09,0.09,0.09,7278139000.0,,7278139000.0,14457376303.0,16.0,12.199,263000000.0,0.196,1.0,860000000.0,0.342,1636827000.0,5000000.0,4841798000.0,,1590052000.0,2063314000.0,783799000.0,1279515000.0,3448009000.0,2889472000.0,558537000.0,15847155303.0,-32000000.0,0.0,-98000000.0,-1000000.0,-94000000.0,-193000000.0,-137000000.0,-101000000.0,299000000.0,-1000000.0,123000000.0,123000000.0,123000000.0,0.0,0.0,0.049,677000000.0,183000000.0,1643606000.0,0.778,2.177,26.056,26.222,983790000.0,0.0,11.8,1.935,1.931,1721496000.0,11135753000.0,2518000000.0,2518000000.0,290000000.0,,,,,33000000.0,252000000.0,1.0,1342979263.0,1340000000,1349000000.0,1.879,9089321000.0,851710000.0,55000000.0,207080000.0,6.783,3662276000.0
45,AMAT,MRQ,2010-03-31,2010-05-02,2010-05-02,2021-09-07,-703000.0,10449749000.0,,6173294000.0,4276455000.0,,5.443,-45000000.0,1596429000.0,1596429000.0,1369000000.0,264000000.0,2.397,0.427,206650000.0,1803000.0,204847000.0,206650000.0,980658000.0,87000000.0,0.0,0.017,0.06,392000000.0,479000000.0,0.209,479000000.0,392000000.0,387000000.0,0.2,0.2,0.2,7321081000.0,,7321081000.0,17324156880.0,28.0,18.562,482000000.0,0.358,1.0,927000000.0,0.404,1682654000.0,5000000.0,4801496000.0,,1690445000.0,1968647000.0,738433000.0,1230214000.0,3128668000.0,2575820000.0,552848000.0,18510263880.0,197000000.0,0.0,-23000000.0,-6000000.0,-80000000.0,-109000000.0,-221000000.0,-176000000.0,527000000.0,0.0,264000000.0,264000000.0,264000000.0,0.0,0.0,0.115,541000000.0,386000000.0,1440225000.0,0.3,2.528,43.015,43.062,1083525000.0,0.0,13.78,2.72,2.723,1437746000.0,11106136000.0,2296000000.0,2296000000.0,306000000.0,,,,,28000000.0,226000000.0,1.0,1343270238.0,1345000000,1352000000.0,1.707,8767095000.0,712797000.0,123000000.0,153134000.0,6.518,3597474000.0
46,AMAT,MRQ,2009-12-31,2010-01-31,2010-01-31,2021-09-07,-511000.0,10003838000.0,,5849263000.0,4154575000.0,,5.326,-53000000.0,1399054000.0,1399054000.0,1138000000.0,83000000.0,2.568,0.4,212947000.0,2400000.0,210547000.0,212947000.0,993357000.0,76000000.0,0.0,0.02,0.06,124000000.0,200000000.0,0.108,200000000.0,124000000.0,119000000.0,0.06,0.06,0.06,7148143000.0,,7148143000.0,14962048022.0,-104.0,98.8,319000000.0,0.238,1.0,711000000.0,0.385,1710426000.0,5000000.0,4829357000.0,,1664269000.0,1801238000.0,755122000.0,1046116000.0,2855695000.0,2277948000.0,577747000.0,16336535022.0,-177000000.0,-323000000.0,20000000.0,1000000.0,-81000000.0,-60000000.0,-489000000.0,-113000000.0,372000000.0,0.0,83000000.0,83000000.0,83000000.0,0.0,0.0,0.045,595000000.0,116000000.0,1252031000.0,1.0,2.285,-183.421,-174.0,1128669000.0,0.0,12.18,2.954,2.956,1267409000.0,10936149000.0,1849000000.0,1849000000.0,269000000.0,,,,,34000000.0,222000000.0,1.0,1341259033.0,1342000000,1350000000.0,1.378,8293412000.0,790061000.0,36000000.0,30160000.0,6.18,3571315000.0
47,AMAT,MRQ,2009-09-30,2009-10-25,2009-10-25,2021-09-07,-1680000.0,9574243000.0,,5688947000.0,3885296000.0,,5.303,-61196000.0,1576381000.0,1576381000.0,967756000.0,138189000.0,2.933,0.35,201894000.0,1240000.0,200654000.0,201894000.0,864280000.0,71391000.0,0.0,0.019,0.06,178706000.0,250097000.0,0.164,250097000.0,178706000.0,173651000.0,0.1,0.1,0.1,7094608000.0,,7094608000.0,15918529326.0,-34.0,-91.486,179008000.0,0.134,1.0,559031000.0,0.366,1477348000.0,5055000.0,4782951000.0,,1627457000.0,1690514000.0,638349000.0,1052165000.0,2479635000.0,1939457000.0,540178000.0,17271596326.0,21154000.0,0.0,32500000.0,-759000.0,-79244000.0,-47503000.0,-171805000.0,-110609000.0,240204000.0,258000.0,138189000.0,138189000.0,138189000.0,0.0,0.0,0.091,386473000.0,172558000.0,1061502000.0,0.6,2.434,-56.628,-56.304,1090433000.0,0.0,12.95,3.445,3.443,1041495000.0,10934004000.0,1526787000.0,1526787000.0,234073000.0,,,,,30886000.0,155881000.0,1.0,1333714002.0,1337770000,1337770000.0,1.141,8096895000.0,806446000.0,35462000.0,12435000.0,6.053,3749490000.0
48,AMAT,MRQ,2009-06-30,2009-07-26,2009-07-26,2021-09-07,5748000.0,9580281000.0,,5764792000.0,3815489000.0,,5.26,-59705000.0,1555470000.0,1555470000.0,808866000.0,-54865000.0,2.827,0.366,202403000.0,1203000.0,201200000.0,202403000.0,911485000.0,73501000.0,0.0,0.018,0.06,-69291000.0,4210000.0,0.004,4210000.0,-69291000.0,-74184000.0,-0.04,-0.04,-0.04,7013609000.0,,7013609000.0,16318072495.0,-52.0,-985.986,134008000.0,0.101,1.0,324874000.0,0.287,1499091000.0,4893000.0,4689140000.0,,1748507000.0,1573355000.0,583188000.0,990167000.0,2566672000.0,2038983000.0,527689000.0,17582727495.0,88494000.0,0.0,1773000.0,82000.0,-80020000.0,-78165000.0,-27054000.0,32651000.0,193713000.0,0.0,-54865000.0,-54865000.0,-54865000.0,0.0,0.0,-0.048,402057000.0,-77183000.0,1056532000.0,-1.5,2.507,-82.901,-82.438,1088058000.0,0.0,13.19,3.179,3.18,842169000.0,10896826000.0,1133740000.0,1133740000.0,234052000.0,,,,,43334000.0,168005000.0,1.0,1333034685.0,1333278000,1333278000.0,0.85,8081190000.0,964814000.0,-19319000.0,69763000.0,6.061,3725809000.0
49,AMAT,MRQ,2009-03-31,2009-04-26,2009-04-26,2021-09-07,-3528000.0,9749099000.0,,5914806000.0,3834293000.0,,5.328,-54781000.0,1466976000.0,1466976000.0,864558000.0,-255390000.0,2.773,0.374,202321000.0,1156000.0,201165000.0,202321000.0,962975000.0,74880000.0,0.0,0.021,0.06,-377750000.0,-302870000.0,-0.297,-302870000.0,-377750000.0,-382808000.0,-0.19,-0.19,-0.19,7095899000.0,,7095899000.0,14390334678.0,26502.0,46.067,29519000.0,0.022,1.0,155519000.0,0.152,1518857000.0,5058000.0,4832754000.0,,1901024000.0,1598094000.0,597389000.0,1000705000.0,2653200000.0,2132833000.0,520367000.0,15553376678.0,100780000.0,0.0,27451000.0,-833000.0,-79974000.0,-53356000.0,69836000.0,124617000.0,84300000.0,0.0,-255390000.0,-255390000.0,-255390000.0,0.0,0.0,-0.25,448802000.0,-293283000.0,1047915000.0,-0.316,2.192,2063.056,,1090123000.0,0.0,11.7,2.49,2.495,914392000.0,11031711000.0,1020077000.0,1020077000.0,236335000.0,,,,,39172000.0,185758000.0,1.0,1329348434.0,1331729000,1331729000.0,0.766,8230242000.0,915034000.0,-127418000.0,120787000.0,6.18,3781973000.0
50,AMAT,MRQ,2008-12-31,2009-01-25,2009-01-25,2021-09-07,-11504000.0,10427603000.0,,6279668000.0,4147935000.0,,5.535,-73318000.0,1366196000.0,1366196000.0,941820000.0,-132934000.0,2.482,0.417,203154000.0,1259000.0,201895000.0,203154000.0,1061034000.0,71228000.0,0.0,0.025,0.06,-196665000.0,-125437000.0,-0.094,-125437000.0,-196665000.0,-202659000.0,-0.1,-0.1,-0.1,7356671000.0,,7356671000.0,11694359789.0,14.0,10.156,-258535000.0,-0.195,1.0,391576000.0,0.294,1538720000.0,5994000.0,5196110000.0,,2131092000.0,1825918000.0,551196000.0,1274722000.0,3070932000.0,2529731000.0,541201000.0,12903339789.0,-45428000.0,0.0,-22724000.0,510000.0,-79762000.0,-101976000.0,241023000.0,314341000.0,-185217000.0,742000.0,-132934000.0,-132934000.0,-132934000.0,0.0,0.0,-0.1,587668000.0,-196092000.0,1326803000.0,-0.6,1.754,22.82,23.683,1108186000.0,0.0,9.71,1.75,1.75,1274853000.0,11386759000.0,1333396000.0,1333396000.0,229540000.0,,,,,33608000.0,225356000.0,1.0,1328871245.0,1329223000,1329223000.0,1.003,8888883000.0,816210000.0,-69725000.0,140635000.0,6.687,3749937000.0
51,AMAT,MRQ,2008-09-30,2008-10-26,2008-10-26,2021-09-07,-26570000.0,11006318000.0,,6664157000.0,4342161000.0,,5.641,-36184000.0,1411624000.0,1411624000.0,1244972000.0,231095000.0,2.262,0.458,202644000.0,1068000.0,201576000.0,202644000.0,1225735000.0,80012000.0,0.0,0.021,0.06,327535000.0,407547000.0,0.199,407547000.0,327535000.0,322689000.0,0.17,0.17,0.17,7548958000.0,,7548958000.0,14357298293.0,10.0,8.208,90133000.0,0.067,1.0,798705000.0,0.391,1563102000.0,4846000.0,5288684000.0,,1987017000.0,2135633000.0,689044000.0,1446589000.0,3457360000.0,2945552000.0,511808000.0,15294923293.0,271092000.0,0.0,-240597000.0,-263000.0,-79846000.0,-318621000.0,463047000.0,499231000.0,126317000.0,349000.0,231095000.0,231095000.0,231095000.0,0.0,0.0,0.113,482240000.0,316465000.0,1545355000.0,0.353,2.026,15.92,16.056,1094200000.0,0.0,11.4,1.881,1.899,1691027000.0,11601288000.0,2043677000.0,2043677000.0,275222000.0,,,,,41693000.0,238541000.0,1.0,1341659938.0,1338228000,1371060000.0,1.527,9443216000.0,752682000.0,91594000.0,173394000.0,7.057,3718605000.0
52,AMAT,MRQ,2008-06-30,2008-07-27,2008-07-27,2021-09-07,-8422000.0,10998441000.0,,6623875000.0,4374566000.0,,5.584,-71813000.0,1140532000.0,1140532000.0,1105854000.0,164768000.0,2.275,0.459,202907000.0,981000.0,201926000.0,202907000.0,0.0,85718000.0,0.0,0.014,0.06,247423000.0,333141000.0,0.18,333141000.0,247423000.0,242564000.0,0.12,0.12,0.12,7540795000.0,,7540795000.0,22162603020.0,13.0,11.019,248605000.0,0.184,1.0,742314000.0,0.402,1595533000.0,4859000.0,5553907000.0,,1853316000.0,2673174000.0,1157143000.0,1516031000.0,3457646000.0,2911376000.0,546270000.0,23056113020.0,42273000.0,0.0,-273888000.0,-1842000.0,-81285000.0,-357015000.0,78913000.0,150726000.0,320418000.0,-43000.0,164768000.0,164768000.0,164768000.0,0.0,0.0,0.089,513982000.0,228332000.0,2790984000.0,0.5,3.058,20.024,20.494,1090462000.0,0.0,17.01,2.728,2.718,1581213000.0,11350019000.0,1848168000.0,1848168000.0,268559000.0,,,,,46121000.0,245285000.0,1.0,1355444622.0,1350526000,1367557000.0,1.368,9402908000.0,683424000.0,77796000.0,119411000.0,6.962,3712499000.0
53,AMAT,MRQ,2008-03-31,2008-04-27,2008-04-27,2021-09-07,2564000.0,10970950000.0,,6606938000.0,4364012000.0,,5.683,-63555000.0,1098259000.0,1098259000.0,1183170000.0,302507000.0,2.44,0.423,204749000.0,2749000.0,202000000.0,204749000.0,0.0,75847000.0,0.0,0.013,0.06,460399000.0,536246000.0,0.249,536246000.0,460399000.0,454143000.0,0.22,0.22,0.22,7710804000.0,,7710804000.0,24843493199.0,12.0,10.188,810447000.0,0.597,1.0,966828000.0,0.45,1633042000.0,6256000.0,5736973000.0,,1626239000.0,2845309000.0,1357097000.0,1488212000.0,3260146000.0,2707425000.0,552721000.0,25853992199.0,-117390000.0,-216240000.0,-7202000.0,-355000.0,-81206000.0,-83357000.0,-907965000.0,-628170000.0,874002000.0,-70000.0,302507000.0,302507000.0,302507000.0,0.0,0.0,0.141,529077000.0,437751000.0,2598891000.0,0.273,3.353,17.706,18.19,1073802000.0,0.0,19.1,2.821,2.827,1729487000.0,11265710000.0,2149998000.0,2149998000.0,287122000.0,,,,,44916000.0,241445000.0,1.0,1353612157.0,1356705000,1373314000.0,1.585,9337908000.0,619143000.0,151636000.0,105785000.0,6.883,3899513000.0
54,AMAT,MRQ,2007-12-31,2008-01-27,2008-01-27,2021-09-07,17264000.0,10352488000.0,,6191806000.0,4160682000.0,,5.439,-74144000.0,1215649000.0,1215649000.0,1152416000.0,262376000.0,2.631,0.388,205150000.0,2674000.0,202476000.0,205150000.0,0.0,78474000.0,0.0,0.013,0.06,393867000.0,472341000.0,0.226,472341000.0,393867000.0,389322000.0,0.19,0.19,0.19,7458731000.0,,7458731000.0,23089669996.0,10.0,8.941,315587000.0,0.23,1.0,934981000.0,0.448,1372155000.0,4545000.0,5616364000.0,,1387512000.0,2253206000.0,689907000.0,1563299000.0,2893757000.0,2353470000.0,540287000.0,24087549996.0,12927000.0,-19084000.0,-584319000.0,343000.0,-83068000.0,-667044000.0,290019000.0,383247000.0,389731000.0,221000.0,262376000.0,262376000.0,262376000.0,0.0,0.0,0.126,562098000.0,372883000.0,2174683000.0,0.316,3.229,15.351,15.416,1065087000.0,0.0,17.42,2.524,2.503,2014501000.0,11044518000.0,2087397000.0,2087397000.0,273219000.0,,,,,38722000.0,239893000.0,1.0,1382752583.0,1371245000,1383886000.0,1.522,8980333000.0,569914000.0,126946000.0,176113000.0,6.549,3838336000.0
55,AMAT,MRQ,2007-09-30,2007-10-28,2007-10-28,2021-09-07,11353000.0,10662278000.0,,6607593000.0,4054685000.0,,5.458,-60548000.0,1202722000.0,1202722000.0,1290139000.0,421761000.0,2.774,0.363,204842000.0,2561000.0,202281000.0,204842000.0,0.0,81024000.0,0.0,0.012,0.06,588488000.0,669512000.0,0.283,669512000.0,588488000.0,579245000.0,0.3,0.29,0.3,7821409000.0,,7821409000.0,25285273147.0,10.0,9.206,616850000.0,0.43,1.0,1076905000.0,0.455,1379588000.0,9243000.0,5903184000.0,,1313237000.0,2644342000.0,1166857000.0,1477485000.0,2840869000.0,2381626000.0,459243000.0,25991066147.0,90047000.0,-448572000.0,61581000.0,-201889000.0,-83135000.0,-190639000.0,-396718000.0,112402000.0,677398000.0,6000.0,421761000.0,421761000.0,421761000.0,0.0,0.0,0.178,515811000.0,561094000.0,2221516000.0,0.2,3.323,15.198,15.459,1051242000.0,0.0,18.86,2.67,2.725,2049427000.0,10863291000.0,2367044000.0,2367044000.0,270878000.0,,,,,-1915000.0,241894000.0,1.0,1378105310.0,1433070000,1460848000.0,1.652,9282690000.0,572841000.0,157484000.0,157549000.0,6.477,4225967000.0
56,AMAT,MRQ,2007-06-30,2007-07-29,2007-07-29,2021-09-07,11759000.0,10365383000.0,,6811435000.0,3553948000.0,,5.332,-72970000.0,1112675000.0,1112675000.0,1344594000.0,473515000.0,2.672,0.403,406882000.0,202528000.0,204354000.0,406882000.0,0.0,63332000.0,0.0,0.01,0.06,696982000.0,760314000.0,0.297,760314000.0,696982000.0,686907000.0,0.34,0.34,0.34,7388137000.0,,7388137000.0,29270050653.0,11.0,10.381,564597000.0,0.407,1.0,1216390000.0,0.475,874877000.0,10075000.0,6235950000.0,,1361875000.0,2771695000.0,1295261000.0,1476434000.0,2977246000.0,2548763000.0,428483000.0,29795218653.0,180631000.0,-3520000.0,-133422000.0,52000.0,-83048000.0,-202671000.0,-254386000.0,-177896000.0,637567000.0,121000.0,473515000.0,473515000.0,473515000.0,0.0,0.0,0.185,544528000.0,671862000.0,2203223000.0,0.176,4.033,17.149,17.528,1046471000.0,0.0,21.56,3.014,3.022,2240290000.0,10525120000.0,2560984000.0,2560984000.0,292584000.0,,,,,33738000.0,250328000.0,1.0,1381967470.0,1385519000,1407264000.0,1.848,9490506000.0,637185000.0,213392000.0,143012000.0,6.85,4262672000.0
57,AMAT,MRQ,2007-03-31,2007-04-29,2007-04-29,2021-09-07,-11474000.0,9896223000.0,,6358992000.0,3537231000.0,,5.059,-72365000.0,932044000.0,932044000.0,1392951000.0,411444000.0,2.587,0.406,406876000.0,202535000.0,204341000.0,406876000.0,0.0,63074000.0,0.0,0.01,0.05,617122000.0,680196000.0,0.269,680196000.0,617122000.0,608277000.0,0.3,0.29,0.3,7037740000.0,,7037740000.0,26298266181.0,10.0,9.22,440769000.0,0.317,1.0,1136610000.0,0.449,884828000.0,8845000.0,6028173000.0,,1470601000.0,2570000000.0,1085749000.0,1484251000.0,2858483000.0,2458054000.0,400429000.0,26959668181.0,-136571000.0,-119434000.0,-305208000.0,-302000.0,-69875000.0,-372142000.0,-277581000.0,-85782000.0,513134000.0,18000.0,411444000.0,411444000.0,411444000.0,0.0,0.0,0.163,547586000.0,589024000.0,2037169000.0,0.167,3.831,15.18,15.82,1030161000.0,0.0,19.3,2.732,2.721,2121817000.0,10134422000.0,2529561000.0,2529561000.0,291044000.0,,,,,44679000.0,231498000.0,1.0,1396873999.0,1391076000,1407255000.0,1.818,9011395000.0,611279000.0,196833000.0,218350000.0,6.478,3900938000.0
58,AMAT,MRQ,2006-12-31,2007-01-28,2007-01-28,2021-09-07,-15296000.0,9808003000.0,,6405585000.0,3402418000.0,,4.995,-58901000.0,1068615000.0,1068615000.0,1214729000.0,403476000.0,2.621,0.408,407213000.0,202521000.0,204692000.0,407213000.0,0.0,60904000.0,0.0,0.01,0.05,575692000.0,636596000.0,0.28,636596000.0,575692000.0,565224000.0,0.29,0.29,0.29,6966711000.0,,6966711000.0,24308750664.0,9.0,8.536,322296000.0,0.231,1.0,1062538000.0,0.467,764204000.0,10468000.0,5938201000.0,,1518882000.0,2482644000.0,1014205000.0,1468439000.0,2841292000.0,2444196000.0,397096000.0,24762970664.0,207152000.0,9484000.0,-56923000.0,0.0,-69614000.0,-126537000.0,-47928000.0,1489000.0,381197000.0,420000.0,403476000.0,403476000.0,403476000.0,0.0,0.0,0.177,513012000.0,549526000.0,1910718000.0,0.172,3.554,13.932,15.068,1028938000.0,0.0,17.78,2.583,2.587,2051606000.0,9805927000.0,2277267000.0,2277267000.0,287567000.0,,,,,34901000.0,228723000.0,1.0,1392743007.0,1394710000,1409014000.0,1.633,9043799000.0,601979000.0,161748000.0,330957000.0,6.484,3961389000.0
59,AMAT,MRQ,2006-09-30,2006-10-29,2006-10-29,2021-09-07,-19010000.0,9480837000.0,,6081019000.0,3399818000.0,,4.462,-59379000.0,861463000.0,861463000.0,1332169000.0,449029000.0,2.496,0.425,407243000.0,202535000.0,204708000.0,407243000.0,0.0,73028000.0,0.0,0.009,0.05,669377000.0,742405000.0,0.295,742405000.0,669377000.0,660069000.0,0.3,0.3,0.3,6651400000.0,,6651400000.0,25576448949.0,12.0,10.34,611233000.0,0.41,1.0,1186124000.0,0.471,773624000.0,9308000.0,5816948000.0,,1406777000.0,2495167000.0,1035875000.0,1459292000.0,2829437000.0,2436045000.0,393392000.0,26475385949.0,-446994000.0,-9767000.0,-2470590000.0,-2311000.0,-76713000.0,-2551053000.0,1432993000.0,1500276000.0,670612000.0,454000.0,449029000.0,449029000.0,449029000.0,0.0,0.0,0.178,551294000.0,634830000.0,2023651000.0,0.167,3.98,17.456,17.612,1024294000.0,0.0,17.26,2.888,2.921,2026199000.0,9472303000.0,2518293000.0,2518293000.0,299240000.0,,,,,56992000.0,250564000.0,1.0,1533915756.0,1490754000,1499654000.0,1.689,8707213000.0,598081000.0,211040000.0,209859000.0,5.841,3644974000.0
60,AMAT,MRQ,2006-06-30,2006-07-30,2006-07-30,2021-09-07,-41530000.0,11773857000.0,,7407679000.0,4366178000.0,,5.588,-39551000.0,1308457000.0,1308457000.0,1320089000.0,512040000.0,3.046,0.359,409520000.0,2550000.0,406970000.0,409520000.0,0.0,61871000.0,0.0,0.009,0.05,731359000.0,793230000.0,0.312,793230000.0,731359000.0,722511000.0,0.33,0.33,0.33,8665944000.0,,8665944000.0,23412274209.0,12.0,10.616,336032000.0,0.217,1.0,1223354000.0,0.481,759638000.0,8848000.0,7683475000.0,,1341918000.0,3996104000.0,1524319000.0,2471785000.0,3107913000.0,2431807000.0,676106000.0,24379507209.0,-68223000.0,-293227000.0,-489580000.0,38000.0,-78208000.0,-561346000.0,117534000.0,597592000.0,375583000.0,6000.0,512040000.0,512040000.0,512040000.0,0.0,0.0,0.201,542573000.0,680781000.0,2189539000.0,0.152,2.813,18.549,18.56,1030667000.0,0.0,15.59,2.914,2.89,2294318000.0,8692135000.0,2543443000.0,2543443000.0,304326000.0,,,,,47280000.0,240893000.0,1.0,1563791354.0,1550744000,1562615000.0,1.64,11014219000.0,714845000.0,210471000.0,239718000.0,7.103,4975872000.0
61,AMAT,MRQ,2006-03-31,2006-04-30,2006-04-30,2021-09-07,-64678000.0,11451756000.0,,7335623000.0,4116133000.0,,5.467,-31731000.0,1376680000.0,1376680000.0,1203061000.0,412814000.0,3.353,0.329,409447000.0,2542000.0,406905000.0,409447000.0,0.0,65838000.0,0.0,0.007,0.03,609701000.0,675539000.0,0.301,675539000.0,609701000.0,600466000.0,0.26,0.26,0.26,8618670000.0,,8618670000.0,27781660437.0,18.0,15.156,480012000.0,0.304,1.0,1044625000.0,0.465,422846000.0,9235000.0,7874148000.0,,1083372000.0,4453069000.0,1952097000.0,2500972000.0,2833086000.0,2187529000.0,645557000.0,28479012437.0,269381000.0,-1636000.0,-426504000.0,-430000.0,-47625000.0,-465047000.0,222685000.0,256052000.0,511743000.0,0.0,412814000.0,412814000.0,412814000.0,0.0,0.0,0.184,483554000.0,561071000.0,1894239000.0,0.115,3.304,24.302,24.257,1040493000.0,0.0,17.95,3.82,3.796,1948873000.0,8657575000.0,2247686000.0,2247686000.0,275883000.0,,,,,45568000.0,209249000.0,1.0,1586574509.0,1576548000,1586404000.0,1.426,11028910000.0,800680000.0,187652000.0,290748000.0,6.996,5148094000.0
62,AMAT,MRQ,2005-12-31,2006-01-29,2006-01-29,2021-09-07,-43084000.0,11209908000.0,,9541395000.0,1668513000.0,,5.423,-48821000.0,1107299000.0,1107299000.0,1019893000.0,142780000.0,5.079,0.293,409947000.0,2567000.0,407380000.0,409947000.0,0.0,69676000.0,0.0,0.005,0.03,192630000.0,262306000.0,0.141,262306000.0,192630000.0,183925000.0,0.09,0.09,0.09,8667579000.0,,8667579000.0,31161566834.0,22.0,18.504,370359000.0,0.232,1.0,837699000.0,0.451,427890000.0,8705000.0,8206163000.0,,1023175000.0,4700837000.0,4700837000.0,0.0,2542329000.0,1878503000.0,663826000.0,31736954834.0,116957000.0,-18257000.0,-433945000.0,-5007000.0,-48236000.0,-478001000.0,175774000.0,242852000.0,419180000.0,4000.0,142780000.0,142780000.0,142780000.0,0.0,0.0,0.077,693760000.0,143939000.0,1603963000.0,0.333,3.662,29.83,29.924,1083250000.0,0.0,19.75,4.49,4.465,1754545000.0,8322978000.0,1857592000.0,1857592000.0,272877000.0,,,,,42765000.0,206036000.0,1.0,1606934422.0,1598260000,1608165000.0,1.162,10782018000.0,825006000.0,41145000.0,271973000.0,6.746,7662892000.0
63,AMAT,MRQ,2005-09-30,2005-10-30,2005-10-30,2021-09-07,-37248000.0,11269157000.0,,6835077000.0,4434080000.0,,5.519,-62884000.0,990342000.0,990342000.0,957990000.0,246714000.0,3.872,0.262,414954000.0,7574000.0,407380000.0,414954000.0,0.0,74313000.0,0.0,0.004,0.03,399908000.0,474221000.0,0.276,474221000.0,399908000.0,390514000.0,0.16,0.15,0.16,8928549000.0,,8928549000.0,25748647510.0,16.0,13.412,174475000.0,0.108,1.0,760130000.0,0.442,420075000.0,9394000.0,8508280000.0,,1034093000.0,4994879000.0,2342952000.0,2651927000.0,2340608000.0,1765414000.0,575194000.0,26543938510.0,-265404000.0,0.0,-327148000.0,-45501000.0,-48710000.0,-421359000.0,-81389000.0,-18505000.0,237359000.0,-15000.0,246714000.0,246714000.0,246714000.0,0.0,0.0,0.144,408590000.0,351540000.0,1618042000.0,0.188,2.973,21.939,22.108,1275024000.0,0.0,16.36,3.796,3.85,1615504000.0,8227793000.0,1718120000.0,1718120000.0,236708000.0,,,,,84349000.0,171882000.0,1.0,1622490129.0,1617904000,1629812000.0,1.062,10849082000.0,668237000.0,143800000.0,139798000.0,6.706,5069663000.0
64,AMAT,MRQ,2005-06-30,2005-07-31,2005-07-31,2021-09-07,-9670000.0,11618649000.0,,9744469000.0,1874180000.0,,5.562,-59036000.0,1255746000.0,1255746000.0,914849000.0,369591000.0,4.928,0.281,460455000.0,46165000.0,414290000.0,460455000.0,0.0,72327000.0,0.0,0.002,0.03,348645000.0,420972000.0,0.258,420972000.0,348645000.0,339307000.0,0.23,0.23,0.23,9071645000.0,,9071645000.0,29177226532.0,16.0,13.846,286694000.0,0.176,1.0,717089000.0,0.439,426426000.0,9338000.0,8419613000.0,,1073722000.0,4972697000.0,4972697000.0,0.0,2547004000.0,1977319000.0,569685000.0,30380207532.0,-408003000.0,0.0,-414606000.0,-313000.0,-49330000.0,-464249000.0,-289343000.0,-230307000.0,345730000.0,-141000.0,369591000.0,369591000.0,369591000.0,0.0,0.0,0.226,414392000.0,302697000.0,1703540000.0,0.13,3.349,21.422,21.741,1283598000.0,0.0,18.48,4.063,4.031,1525133000.0,8078026000.0,1631938000.0,1631938000.0,236448000.0,,,,,0.0,177944000.0,1.0,1643950624.0,1630895000,1641818000.0,1.001,11192223000.0,791522000.0,-30284000.0,227614000.0,6.863,7767150000.0
65,AMAT,MRQ,2005-03-31,2005-05-01,2005-05-01,2021-09-07,6284000.0,11916158000.0,,10004942000.0,1911216000.0,,5.529,-45415000.0,1663749000.0,1663749000.0,1042759000.0,304830000.0,4.627,0.298,460768000.0,46466000.0,414302000.0,460768000.0,0.0,74608000.0,0.0,0.0,0.0,451967000.0,526575000.0,0.283,526575000.0,451967000.0,442152000.0,0.18,0.18,0.18,9181944000.0,,9181944000.0,23628963490.0,11.0,9.794,421233000.0,0.254,1.0,818430000.0,0.44,414085000.0,9815000.0,8137012000.0,,1085578000.0,4743114000.0,4743114000.0,0.0,2734214000.0,2162080000.0,572134000.0,24800531490.0,228865000.0,0.0,-417399000.0,-2148000.0,0.0,-419547000.0,172511000.0,217926000.0,466648000.0,9253000.0,304830000.0,304830000.0,304830000.0,0.0,0.0,0.164,406912000.0,411518000.0,1757039000.0,0.0,2.701,16.654,16.898,1299784000.0,0.0,14.87,3.069,3.056,1595402000.0,7757765000.0,1861189000.0,1861189000.0,225589000.0,,,,,0.0,181323000.0,1.0,1667823234.0,1660584000,1671822000.0,1.121,11502073000.0,859183000.0,137322000.0,358575000.0,6.927,7842862000.0
66,AMAT,MRQ,2004-12-31,2005-01-30,2005-01-30,2021-09-07,11605000.0,12098549000.0,,10200599000.0,1897950000.0,,5.56,-32315000.0,1634484000.0,1634484000.0,990351000.0,288765000.0,4.59,0.301,462916000.0,46672000.0,416244000.0,462916000.0,0.0,79185000.0,0.0,0.0,0.0,418868000.0,498053000.0,0.28,498053000.0,418868000.0,409596000.0,0.17,0.17,0.17,9299834000.0,,9299834000.0,25109382256.0,12.0,9.971,204669000.0,0.122,1.0,790225000.0,0.444,420450000.0,9272000.0,8284172000.0,,1204182000.0,4763735000.0,4763735000.0,0.0,2798715000.0,2222359000.0,576356000.0,26934926256.0,-58408000.0,-101793000.0,-252243000.0,-13753000.0,0.0,-265996000.0,-20483000.0,113625000.0,236984000.0,-8913000.0,288765000.0,288765000.0,288765000.0,0.0,0.0,0.162,408015000.0,382210000.0,1759514000.0,0.0,2.896,17.292,17.435,1329771000.0,0.0,16.04,3.27,3.257,1740874000.0,7452935000.0,1780576000.0,1780576000.0,241762000.0,,,,,96000.0,166253000.0,1.0,1679234804.0,1672671000,1687140000.0,1.065,11678099000.0,768876000.0,120831000.0,416173000.0,6.982,7978240000.0
67,AMAT,MRQ,2004-09-30,2004-10-31,2004-10-31,2021-09-07,10417000.0,12093445000.0,,10281519000.0,1811926000.0,,5.501,-40304000.0,1493292000.0,1493292000.0,1176145000.0,455008000.0,4.494,0.306,456300000.0,45864000.0,410436000.0,456300000.0,0.0,87849000.0,0.0,0.0,0.0,573814000.0,661663000.0,0.3,661663000.0,573814000.0,557908000.0,0.27,0.26,0.27,9262027000.0,,9262027000.0,25852436787.0,14.0,11.553,466770000.0,0.277,1.0,1027203000.0,0.466,307612000.0,15906000.0,8460860000.0,,1139368000.0,5084704000.0,5084704000.0,0.0,2831418000.0,2287981000.0,543437000.0,27341558787.0,16480000.0,0.0,-394654000.0,-102020000.0,0.0,-496674000.0,6564000.0,46868000.0,507074000.0,-484000.0,455008000.0,455008000.0,455008000.0,0.0,0.0,0.207,489489000.0,537714000.0,1895061000.0,0.0,2.952,20.233,20.125,1345528000.0,0.0,16.1,3.412,3.392,1670153000.0,7164170000.0,2203348000.0,2203348000.0,248272000.0,,,,,100874000.0,214590000.0,1.0,1698233465.0,1683765000,1703702000.0,1.309,11785833000.0,610095000.0,102900000.0,347056000.0,7.0,7993538000.0
68,AMAT,MRQ,2004-06-30,2004-08-01,2004-08-01,2021-09-07,13031000.0,11918469000.0,,10141443000.0,1777026000.0,,5.366,-37389000.0,2047442000.0,2047442000.0,1176920000.0,440571000.0,4.595,0.309,558320000.0,103829000.0,454491000.0,558320000.0,0.0,87853000.0,0.0,0.0,0.0,638413000.0,726266000.0,0.325,726266000.0,638413000.0,624924000.0,0.26,0.26,0.26,9103413000.0,,9103413000.0,27866141073.0,21.0,16.427,645247000.0,0.38,1.0,1059232000.0,0.474,311573000.0,13489000.0,7910922000.0,,1152774000.0,4548645000.0,4548645000.0,0.0,2815056000.0,2206852000.0,608204000.0,28755297073.0,608597000.0,-7400000.0,34695000.0,-602000.0,0.0,34093000.0,-118583000.0,-73794000.0,682636000.0,10451000.0,440571000.0,440571000.0,440571000.0,0.0,0.0,0.197,445688000.0,613544000.0,1779143000.0,0.0,3.159,31.539,31.426,1382604000.0,0.0,16.97,4.09,4.095,1527603000.0,6709162000.0,2236152000.0,2236152000.0,256781000.0,,,,,390000.0,188907000.0,1.0,1694478319.0,1696544000,1721690000.0,1.318,11606896000.0,572245000.0,184353000.0,477593000.0,6.841,7934591000.0
69,AMAT,MRQ,2004-03-31,2004-05-02,2004-05-02,2021-09-07,21650000.0,11207449000.0,,9393357000.0,1814092000.0,,5.108,-36731000.0,1448078000.0,1448078000.0,1079464000.0,373348000.0,4.769,0.298,558922000.0,104431000.0,454491000.0,558922000.0,0.0,91080000.0,0.0,0.0,0.0,541254000.0,632334000.0,0.313,632334000.0,541254000.0,529572000.0,0.22,0.22,0.22,8636376000.0,,8636376000.0,29890595061.0,45.0,29.228,183537000.0,0.109,1.0,938641000.0,0.465,305831000.0,11682000.0,8042668000.0,,1110731000.0,4458611000.0,4458611000.0,0.0,2571073000.0,1969794000.0,601279000.0,30799959061.0,-7322000.0,0.0,54928000.0,-2185000.0,0.0,52743000.0,-258813000.0,-222082000.0,220268000.0,-21520000.0,373348000.0,373348000.0,373348000.0,0.0,0.0,0.185,423607000.0,515034000.0,1564120000.0,0.0,3.566,70.907,70.269,1426347000.0,0.0,18.27,5.23,5.245,1405067000.0,6268591000.0,2018105000.0,2018105000.0,244175000.0,,,,,390000.0,179432000.0,1.0,1685821514.0,1690617000,1729506000.0,1.194,10901618000.0,704365000.0,156224000.0,448031000.0,6.448,7423563000.0
70,AMAT,MRQ,2003-12-31,2004-02-01,2004-02-01,2021-09-07,32854000.0,10630979000.0,,8779836000.0,1851143000.0,,4.886,-76153000.0,1470471000.0,1470471000.0,879279000.0,82376000.0,4.853,0.293,561107000.0,105292000.0,455815000.0,561107000.0,0.0,88756000.0,0.0,0.0,0.0,128646000.0,217402000.0,0.14,217402000.0,128646000.0,116846000.0,0.05,0.05,0.05,8218914000.0,,8218914000.0,35667939305.0,779.0,86.492,141140000.0,0.084,1.0,676169000.0,0.435,303792000.0,11800000.0,7608803000.0,,999740000.0,4226823000.0,4226823000.0,0.0,2412065000.0,1809020000.0,603045000.0,36471082305.0,118137000.0,0.0,51641000.0,-607000.0,0.0,51034000.0,-163025000.0,-86872000.0,217293000.0,12835000.0,82376000.0,82376000.0,82376000.0,0.0,0.0,0.053,578796000.0,97373000.0,1466303000.0,0.0,4.437,-33125.415,,1473574000.0,0.0,21.69,7.326,7.328,1081142000.0,5895243000.0,1555448000.0,1555448000.0,242645000.0,,,,,392000.0,168692000.0,1.0,1681469908.0,1682025000,1735268000.0,0.925,10327187000.0,788981000.0,34470000.0,384655000.0,6.14,6970816000.0
71,AMAT,MRQ,2003-09-30,2003-10-26,2003-10-26,2021-09-07,16383000.0,10311622000.0,,8370773000.0,1940849000.0,,4.826,-71971000.0,1364857000.0,1364857000.0,726627000.0,15451000.0,5.101,0.278,561714000.0,105292000.0,456422000.0,561714000.0,0.0,86796000.0,0.0,0.0,0.0,33606000.0,120402000.0,0.099,120402000.0,33606000.0,21916000.0,0.01,0.01,0.01,8068034000.0,,8068034000.0,33620869295.0,-204.0,154.953,207327000.0,0.124,1.0,494371000.0,0.405,316033000.0,11690000.0,7551569000.0,,950692000.0,4128349000.0,4128349000.0,0.0,2243588000.0,1640877000.0,602711000.0,34343906295.0,-204589000.0,0.0,62963000.0,-294000.0,0.0,62669000.0,-546839000.0,-474868000.0,279298000.0,283000.0,15451000.0,15451000.0,15451000.0,0.0,0.0,0.013,490107000.0,4264000.0,1319471000.0,0.0,4.257,-230.269,-229.444,1559830000.0,0.0,20.65,7.671,7.654,912875000.0,5812867000.0,1220998000.0,1220998000.0,227950000.0,,,,,125598000.0,148653000.0,1.0,1663143162.0,1671938000,1671938000.0,0.73,9995589000.0,782823000.0,6465000.0,362403000.0,5.978,6729896000.0
72,AMAT,MRQ,2003-06-30,2003-07-27,2003-07-27,2021-09-07,17454000.0,9823379000.0,,7807742000.0,2015637000.0,,4.74,-46034000.0,1285045000.0,1285045000.0,747979000.0,-36802000.0,6.199,0.249,562008000.0,4847000.0,557161000.0,562008000.0,0.0,93108000.0,0.0,0.0,0.0,-40575000.0,52533000.0,0.048,52533000.0,-40575000.0,-52201000.0,-0.02,-0.02,-0.02,7865093000.0,,7865093000.0,31140000168.0,-1800.0,82.668,82723000.0,0.05,1.0,346928000.0,0.317,325082000.0,11626000.0,7515656000.0,,997277000.0,3947657000.0,3947657000.0,0.0,1958286000.0,1259604000.0,698682000.0,31987647168.0,-142576000.0,-13498000.0,-9194000.0,-17966000.0,0.0,-27160000.0,-244149000.0,-184617000.0,128757000.0,-24000.0,-36802000.0,-36802000.0,-36802000.0,0.0,0.0,-0.034,433634000.0,-86706000.0,1254757000.0,0.0,4.067,-1843.031,-1930.0,1608449000.0,0.0,19.3,6.803,6.811,741618000.0,5797416000.0,1094907000.0,1094907000.0,217025000.0,,,,,1376000.0,150428000.0,1.0,1657391045.0,1659365000,1659365000.0,0.66,9498297000.0,635255000.0,-15399000.0,141521000.0,5.724,6548138000.0
73,AMAT,MRQ,2003-03-31,2003-04-27,2003-04-27,2021-09-07,45663000.0,9923895000.0,,7859088000.0,2064807000.0,,4.794,-35308000.0,1427621000.0,1427621000.0,734403000.0,-62126000.0,6.155,0.25,579974000.0,9821000.0,570153000.0,579974000.0,0.0,97950000.0,0.0,0.0,0.0,-75905000.0,22045000.0,0.02,22045000.0,-75905000.0,-88122000.0,-0.04,-0.04,-0.04,7937922000.0,,7937922000.0,22817988497.0,114.0,38.006,289175000.0,0.175,1.0,372774000.0,0.337,0.0,12217000.0,7799334000.0,,1114726000.0,3792123000.0,3792123000.0,0.0,1985973000.0,1276914000.0,709059000.0,23487288497.0,134673000.0,0.0,-9314000.0,-43674000.0,0.0,-52988000.0,-133249000.0,-97941000.0,324483000.0,-3573000.0,-62126000.0,-62126000.0,-62126000.0,0.0,0.0,-0.056,486935000.0,-114161000.0,1256126000.0,0.0,2.959,174.402,177.375,1661988000.0,0.0,14.19,4.636,4.638,742063000.0,5834218000.0,1107177000.0,1107177000.0,232438000.0,,,,,0.0,161766000.0,1.0,1655200035.0,1655927000,1655927000.0,0.669,9923895000.0,578153000.0,-25996000.0,149873000.0,5.993,6582174000.0
74,AMAT,MRQ,2002-12-31,2003-01-26,2003-01-26,2021-09-07,52780000.0,10024914000.0,,7878747000.0,2146167000.0,,4.857,-111967000.0,1292948000.0,1292948000.0,663827000.0,-65670000.0,6.068,0.251,623648000.0,49903000.0,573745000.0,623648000.0,0.0,103801000.0,0.0,0.0,0.0,-81807000.0,21994000.0,0.021,21994000.0,-81807000.0,-93149000.0,-0.04,-0.04,-0.04,8016479000.0,,8016479000.0,21238400902.0,59.0,27.943,10570000.0,0.006,1.0,390382000.0,0.37,0.0,11342000.0,8057206000.0,,1217107000.0,3695986000.0,3695986000.0,0.0,2008435000.0,1298408000.0,710027000.0,21899562902.0,8157000.0,0.0,28329000.0,-2471000.0,0.0,25858000.0,-144758000.0,-32791000.0,122537000.0,4520000.0,-65670000.0,-65670000.0,-65670000.0,0.0,0.0,-0.062,507561000.0,-117179000.0,1200618000.0,0.0,2.732,88.01,88.467,1755101000.0,0.0,13.27,4.281,4.281,891297000.0,5896344000.0,1054209000.0,1054209000.0,243205000.0,,,,,0.0,165018000.0,1.0,1650306172.0,1650612000,1650612000.0,0.639,10024914000.0,560047000.0,-27479000.0,184169000.0,6.073,6580339000.0
75,AMAT,MRQ,2002-09-30,2002-10-27,2002-10-27,2021-09-07,18609000.0,10224765000.0,,8072793000.0,2151972000.0,,4.868,-118338000.0,1284791000.0,1284791000.0,843372000.0,147242000.0,5.377,0.275,623629000.0,49776000.0,573853000.0,623629000.0,0.0,99130000.0,0.0,0.0,0.0,180987000.0,280117000.0,0.194,280117000.0,180987000.0,167798000.0,0.09,0.09,0.09,8019649000.0,,8019649000.0,23377153641.0,60.0,30.071,129376000.0,0.079,1.0,602326000.0,0.417,331420000.0,13189000.0,7730727000.0,,1273816000.0,3644735000.0,3644735000.0,0.0,2205116000.0,1501456000.0,703660000.0,23912494641.0,120178000.0,0.0,-35130000.0,-2445000.0,0.0,-37575000.0,-87171000.0,31167000.0,247714000.0,-2790000.0,147242000.0,147242000.0,147242000.0,0.0,0.0,0.102,467470000.0,134856000.0,1348156000.0,0.0,2.982,88.893,90.688,1764937000.0,0.0,14.51,4.724,4.711,1046016000.0,5962014000.0,1445698000.0,1445698000.0,272639000.0,,,,,75253000.0,194831000.0,1.0,1648001009.0,1647437000,1685546000.0,0.878,9893345000.0,565936000.0,20556000.0,233331000.0,6.005,6571337000.0
76,AMAT,MRQ,2002-06-30,2002-07-28,2002-07-28,2021-09-07,43510000.0,10209820000.0,,8003700000.0,2206120000.0,,4.77,-158707000.0,1164613000.0,1164613000.0,853539000.0,115227000.0,4.876,0.299,629272000.0,49884000.0,579388000.0,629272000.0,0.0,99696000.0,0.0,0.0,0.0,176523000.0,276219000.0,0.189,276219000.0,176523000.0,163443000.0,0.07,0.07,0.07,7857185000.0,,7857185000.0,23143370134.0,221.0,46.527,23585000.0,0.014,1.0,606143000.0,0.415,0.0,13080000.0,8033123000.0,,1251260000.0,3687434000.0,3687434000.0,0.0,2352635000.0,1641356000.0,711279000.0,23558007134.0,122158000.0,0.0,6531000.0,-5279000.0,0.0,1252000.0,-67651000.0,91056000.0,182292000.0,6265000.0,115227000.0,115227000.0,115227000.0,0.0,0.0,0.079,469730000.0,136413000.0,1439752000.0,0.0,2.998,597.252,716.0,1799271000.0,0.0,14.32,4.826,4.832,1085214000.0,5814772000.0,1459682000.0,1459682000.0,275952000.0,,,,,0.0,193778000.0,1.0,1645112230.0,1647181000,1703196000.0,0.886,10209820000.0,557601000.0,48216000.0,283611000.0,6.198,6362344000.0
77,AMAT,MRQ,2002-03-31,2002-04-28,2002-04-28,2021-09-07,-16781000.0,9857203000.0,,7715128000.0,2142075000.0,,4.671,-112826000.0,1042455000.0,1042455000.0,693732000.0,52030000.0,5.224,0.284,627818000.0,50542000.0,577276000.0,627818000.0,0.0,96843000.0,0.0,0.0,0.0,84899000.0,181742000.0,0.157,181742000.0,84899000.0,73802000.0,0.03,0.03,0.03,7675136000.0,,7675136000.0,38503944178.0,363.0,77.495,-92425000.0,-0.056,1.0,462740000.0,0.4,0.0,11097000.0,7965564000.0,,1186110000.0,3748259000.0,3748259000.0,0.0,2182067000.0,1477002000.0,705065000.0,38978082178.0,-58980000.0,-25500000.0,23764000.0,-3000.0,0.0,23761000.0,-103348000.0,34978000.0,20401000.0,206000.0,52030000.0,52030000.0,52030000.0,0.0,0.0,0.045,423378000.0,39362000.0,1295016000.0,0.0,5.078,995.304,1188.5,1712688000.0,0.0,23.77,7.8,7.816,967316000.0,5699545000.0,1156472000.0,1156472000.0,256879000.0,,,,,0.0,166499000.0,1.0,1639801522.0,1643317000,1719777000.0,0.704,9857203000.0,549078000.0,21772000.0,259233000.0,5.998,6238126000.0
78,AMAT,MRQ,2001-12-31,2002-01-27,2002-01-27,2021-09-07,1094000.0,9810153000.0,,7710671000.0,2099482000.0,,4.655,-86586000.0,1101435000.0,1101435000.0,615008000.0,-45495000.0,5.109,0.288,627297000.0,64976000.0,562321000.0,627297000.0,0.0,91857000.0,0.0,0.0,0.0,-52541000.0,39316000.0,0.039,39316000.0,-52541000.0,-64532000.0,-0.03,-0.03,-0.03,7617217000.0,,7617217000.0,33726068841.0,70.0,38.939,14522000.0,0.009,1.0,385452000.0,0.385,0.0,11991000.0,7826811000.0,,1259915000.0,3786852000.0,3786852000.0,0.0,2192936000.0,1509204000.0,683732000.0,34512760841.0,-254869000.0,-81962000.0,79326000.0,64078000.0,0.0,143404000.0,-493789000.0,-325241000.0,101108000.0,-5592000.0,-45495000.0,-45495000.0,-45495000.0,0.0,0.0,-0.045,486125000.0,-100673000.0,1310528000.0,0.0,4.531,112.968,110.895,1682344000.0,0.0,21.07,5.771,5.765,777582000.0,5647515000.0,1000460000.0,1000460000.0,246799000.0,,,,,0.0,153847000.0,1.0,1638004786.0,1636418000,1636418000.0,0.611,9810153000.0,551958000.0,-19037000.0,255111000.0,5.995,6201467000.0
79,AMAT,MRQ,2001-09-30,2001-10-28,2001-10-28,2021-09-07,24445000.0,9828510000.0,,7782174000.0,2046336000.0,,4.66,-172949000.0,1356304000.0,1356304000.0,795967000.0,-82318000.0,5.077,0.292,569612000.0,4807000.0,564805000.0,569612000.0,0.0,104245000.0,0.0,0.0,0.0,-104100000.0,145000.0,0.0,145000.0,-104100000.0,-116759000.0,-0.05,-0.05,-0.05,7606737000.0,,7606737000.0,29401345892.0,33.0,23.132,256524000.0,0.157,1.0,468706000.0,0.371,0.0,12659000.0,7509002000.0,,1412997000.0,3485088000.0,3485088000.0,0.0,2221773000.0,1532816000.0,688957000.0,30095843892.0,-8732000.0,0.0,-52776000.0,-103809000.0,0.0,-156585000.0,-289174000.0,-116225000.0,429473000.0,7554000.0,-82318000.0,-82318000.0,-82318000.0,0.0,0.0,-0.065,627403000.0,-158697000.0,1477531000.0,0.0,3.956,59.264,59.468,1706488000.0,0.0,18.435,4.098,4.083,776451000.0,5693010000.0,1264673000.0,1264673000.0,272548000.0,,,,,106579000.0,206255000.0,1.0,1632538318.0,1632302000,1685874000.0,0.775,9828510000.0,551785000.0,-34441000.0,174630000.0,6.021,6249358000.0
80,AMAT,MRQ,2001-06-30,2001-07-29,2001-07-29,2021-09-07,-39408000.0,10233286000.0,,8241027000.0,1992259000.0,,4.782,-184344000.0,1365036000.0,1365036000.0,920291000.0,114945000.0,4.719,0.313,670538000.0,104645000.0,565893000.0,670538000.0,0.0,97722000.0,0.0,0.0,0.0,177935000.0,275657000.0,0.175,275657000.0,177935000.0,167226000.0,0.07,0.07,0.07,7794614000.0,,7794614000.0,36321944189.0,19.0,15.624,132179000.0,0.081,1.0,655613000.0,0.416,0.0,10709000.0,7792514000.0,,1453996000.0,3315886000.0,3315886000.0,0.0,2438672000.0,1746274000.0,692398000.0,37615275189.0,-612274000.0,-21017000.0,45904000.0,-13440000.0,0.0,32464000.0,-958170000.0,-752809000.0,316523000.0,-3091000.0,114945000.0,114945000.0,114945000.0,0.0,0.0,0.073,531831000.0,123782000.0,1502940000.0,0.0,4.826,29.998,29.845,1653001000.0,0.0,23.13,4.18,4.189,1315800000.0,5998543000.0,1575904000.0,1575904000.0,277333000.0,,,,,0.0,240348000.0,1.0,1626254872.0,1629840000,1707810000.0,0.967,10233286000.0,545598000.0,52281000.0,265194000.0,6.279,6494753000.0
81,AMAT,MRQ,2001-03-31,2001-04-29,2001-04-29,2021-09-07,-5971000.0,10546566000.0,,8653436000.0,1893130000.0,,4.777,-189531000.0,1977310000.0,1977310000.0,1154449000.0,318377000.0,4.114,0.36,683979000.0,117552000.0,566427000.0,683979000.0,0.0,93174000.0,0.0,0.0,0.0,457841000.0,551015000.0,0.258,551015000.0,457841000.0,445944000.0,0.2,0.19,0.2,7752134000.0,,7752134000.0,42726906642.0,16.0,14.196,649103000.0,0.4,1.0,984968000.0,0.46,0.0,11897000.0,7149974000.0,,1649122000.0,2563077000.0,2563077000.0,0.0,2794432000.0,2103261000.0,691171000.0,43650573642.0,328344000.0,0.0,11238000.0,-34152000.0,0.0,-22914000.0,-467572000.0,-278041000.0,838634000.0,-19804000.0,318377000.0,318377000.0,318377000.0,0.0,0.0,0.149,580535000.0,404433000.0,1798452000.0,0.0,5.631,25.047,24.949,1549206000.0,0.0,26.945,4.298,4.306,1614911000.0,5970018000.0,2139417000.0,2139417000.0,312606000.0,,,,,0.0,209515000.0,1.0,1619987888.0,1622708000,1695824000.0,1.318,10546566000.0,543405000.0,127567000.0,312001000.0,6.499,6550175000.0
82,AMAT,MRQ,2000-12-31,2001-01-28,2001-01-28,2021-09-07,10564000.0,10773019000.0,,8982803000.0,1790216000.0,,4.639,-163796000.0,1648966000.0,1648966000.0,1220508000.0,156825000.0,3.509,0.433,725299000.0,155797000.0,569502000.0,725299000.0,0.0,91830000.0,0.0,0.0,0.0,352367000.0,444197000.0,0.188,444197000.0,352367000.0,339992000.0,0.095,0.095,0.095,7518802000.0,,7518802000.0,37776962912.0,13.0,11.665,-168122000.0,-0.104,1.0,1142746000.0,0.484,0.0,12375000.0,7289079000.0,,1709176000.0,2285036000.0,2285036000.0,0.0,3254217000.0,2560273000.0,693944000.0,38745143912.0,1362000.0,0.0,-173387000.0,59797000.0,0.0,-113590000.0,131603000.0,295399000.0,-4326000.0,-12325000.0,156825000.0,156825000.0,156825000.0,0.0,0.0,0.066,582118000.0,560628000.0,2018840000.0,0.0,5.153,20.465,20.462,1441028000.0,0.0,23.94,3.797,3.802,2470454000.0,5743288000.0,2363254000.0,2363254000.0,336312000.0,,,,,0.0,245806000.0,1.0,1618427064.0,1620874000,1689786000.0,1.458,10773019000.0,545716000.0,183167000.0,510078000.0,6.646,6422530000.0
83,AMAT,MRQ,2000-09-30,2000-10-29,2000-10-29,2021-09-07,-19170000.0,10545730000.0,,8839147000.0,1706583000.0,,4.366,-157723000.0,1647604000.0,1647604000.0,1411256000.0,663797000.0,3.203,0.485,679423000.0,106297000.0,573126000.0,679423000.0,0.0,92368000.0,0.0,0.0,0.0,961503000.0,1053871000.0,0.361,1053871000.0,961503000.0,948282000.0,0.41,0.385,0.41,7096223000.0,,7096223000.0,38353332993.0,13.0,11.411,535501000.0,0.329,1.0,1508907000.0,0.517,0.0,13221000.0,6817838000.0,,1503751000.0,2580435000.0,2580435000.0,0.0,3441382000.0,2759711000.0,681671000.0,39039910993.0,304769000.0,0.0,-71867000.0,21788000.0,0.0,-50079000.0,-333665000.0,-175942000.0,693224000.0,-4711000.0,663797000.0,663797000.0,663797000.0,0.0,0.0,0.227,603450000.0,905457000.0,2268608000.0,0.0,5.502,18.919,18.801,1366782000.0,0.0,24.065,4.082,4.059,2351379000.0,5185181000.0,2920163000.0,2920163000.0,327413000.0,,,,,387478000.0,276037000.0,1.0,1622269312.0,1625448000,1721842000.0,1.797,10545730000.0,549108000.0,284485000.0,493351000.0,6.488,6079436000.0
84,AMAT,MRQ,2000-06-30,2000-07-30,2000-07-30,2021-09-07,-14126000.0,9218823000.0,,7552363000.0,1666460000.0,,3.787,-112140000.0,1342835000.0,1342835000.0,1340126000.0,603781000.0,3.175,0.504,656257000.0,81921000.0,574336000.0,656257000.0,0.0,85556000.0,0.0,0.0,0.0,875209000.0,960765000.0,0.352,960765000.0,875209000.0,862544000.0,0.375,0.35,0.375,6129984000.0,,6129984000.0,59190168498.0,24.0,20.963,293214000.0,0.181,1.0,1391902000.0,0.509,0.0,12665000.0,6153621000.0,,1132625000.0,2404493000.0,2404493000.0,0.0,3088839000.0,2378624000.0,710215000.0,59759053498.0,156022000.0,0.0,41857000.0,39542000.0,0.0,81399000.0,-329518000.0,-217378000.0,405354000.0,-1213000.0,603781000.0,603781000.0,603781000.0,0.0,0.0,0.221,565663000.0,826239000.0,1899550000.0,0.0,9.749,35.08,34.742,1280137000.0,0.0,37.0,7.237,7.253,2162251000.0,4521384000.0,2732028000.0,2732028000.0,303946000.0,,,,,0.0,261717000.0,1.0,1615109554.0,1618690000,1724142000.0,1.688,9218823000.0,330889000.0,258763000.0,533032000.0,5.695,5173739000.0
85,AMAT,MRQ,2000-03-31,2000-04-30,2000-04-30,2021-09-07,-5452000.0,8129834000.0,,6489092000.0,1640742000.0,,3.411,-83522000.0,1186813000.0,1186813000.0,1092433000.0,468871000.0,3.371,0.48,617928000.0,42081000.0,575847000.0,617928000.0,0.0,96509000.0,0.0,0.0,0.0,683075000.0,779584000.0,0.356,779584000.0,683075000.0,669816000.0,0.29,0.27,0.29,5493020000.0,,5493020000.0,78514576018.0,40.0,34.285,292943000.0,0.182,1.0,1097598000.0,0.501,0.0,13259000.0,5635788000.0,,979751000.0,2187115000.0,2187115000.0,0.0,2636814000.0,1925161000.0,711653000.0,78688675018.0,345236000.0,0.0,27369000.0,-3778000.0,0.0,23591000.0,-52552000.0,30970000.0,376465000.0,-2268000.0,468871000.0,468871000.0,468871000.0,0.0,0.0,0.214,455595000.0,642003000.0,1633690000.0,0.0,14.325,58.811,60.595,1241786000.0,0.0,50.9,11.215,11.682,1650661000.0,3917603000.0,2190031000.0,2190031000.0,253283000.0,,,,,0.0,230470000.0,1.0,1545946464.0,1610284000,1722400000.0,1.36,8129834000.0,331266000.0,200945000.0,385196000.0,5.049,4563931000.0
86,AMAT,MRQ,1999-12-31,2000-01-30,2000-01-30,2021-09-07,1173000.0,7057999000.0,,5462528000.0,1595471000.0,,2.98,-29870000.0,796284000.0,796284000.0,864869000.0,327103000.0,3.44,0.484,622185000.0,37088000.0,585097000.0,622185000.0,0.0,87537000.0,0.0,0.0,0.0,479432000.0,566969000.0,0.329,566969000.0,479432000.0,467202000.0,0.205,0.195,0.205,4756546000.0,,4756546000.0,49159473156.0,33.0,27.194,146902000.0,0.092,1.0,857321000.0,0.498,0.0,12230000.0,5295889000.0,,683378000.0,2207893000.0,2207893000.0,0.0,2301453000.0,1588011000.0,713442000.0,49118315156.0,-26544000.0,0.0,101845000.0,-7614000.0,0.0,94231000.0,-296701000.0,-266831000.0,176772000.0,-846000.0,327103000.0,327103000.0,327103000.0,0.0,0.0,0.19,415809000.0,441512000.0,1343693000.0,0.0,10.326,48.515,50.703,1188433000.0,0.0,32.45,8.19,8.637,1320362000.0,3404058000.0,1722190000.0,1722190000.0,223280000.0,,,,,0.0,192529000.0,1.0,1513661484.0,1596192000,1698020000.0,1.079,7057999000.0,317858000.0,140099000.0,335575000.0,4.422,3874517000.0
87,AMAT,MRQ,1999-09-30,1999-10-31,1999-10-31,2021-09-07,1266000.0,7014510000.0,,5310720000.0,1703790000.0,,2.903,-62012000.0,868121000.0,868121000.0,813110000.0,303773000.0,3.067,0.533,626630000.0,42273000.0,584357000.0,626630000.0,0.0,69558000.0,0.0,0.0,0.0,446708000.0,516266000.0,0.32,516266000.0,446708000.0,434470000.0,0.195,0.185,0.195,4575258000.0,,4575258000.0,34026642470.0,30.0,24.062,513460000.0,0.326,1.0,800460000.0,0.496,0.0,12238000.0,5041522000.0,,727107000.0,1951254000.0,1951254000.0,0.0,2439252000.0,1731497000.0,707755000.0,33985484470.0,249518000.0,-36466000.0,29482000.0,-11249000.0,0.0,18233000.0,-349458000.0,-250980000.0,575472000.0,5271000.0,303773000.0,303773000.0,303773000.0,-20996000.0,0.0,0.188,439117000.0,361343000.0,1442718000.0,0.0,7.428,45.455,46.776,1278269000.0,0.0,22.453,6.669,6.861,1268146000.0,3122337000.0,1613570000.0,1613570000.0,216123000.0,,,,,161291000.0,189594000.0,1.0,1513661484.0,1576168000,1662964000.0,1.024,7014510000.0,341668000.0,130697000.0,369904000.0,4.45,3579223000.0
88,AMAT,MRQ,1999-06-30,1999-08-01,1999-08-01,2021-09-07,-22664000.0,5766871000.0,,4403876000.0,1362995000.0,,2.347,-57465000.0,577999000.0,577999000.0,775025000.0,238256000.0,3.141,0.572,619157000.0,7237000.0,611920000.0,619157000.0,0.0,70380000.0,0.0,0.0,0.0,356845000.0,427225000.0,0.287,427225000.0,356845000.0,344893000.0,0.15,0.145,0.15,3667883000.0,,3667883000.0,27119653014.0,55.0,34.129,200308000.0,0.128,1.0,715670000.0,0.48,0.0,11952000.0,4406002000.0,,575333000.0,1680616000.0,1680616000.0,0.0,2098988000.0,1402027000.0,696961000.0,27009041014.0,57030000.0,0.0,43316000.0,-8633000.0,0.0,34683000.0,-234352000.0,-176887000.0,257773000.0,-1074000.0,238256000.0,238256000.0,238256000.0,0.0,0.0,0.16,385561000.0,330109000.0,1118863000.0,0.0,7.364,91.714,105.794,1195337000.0,0.0,17.985,6.187,6.44,1107712000.0,2767880000.0,1490695000.0,1490695000.0,185796000.0,,,,,0.0,197250000.0,1.0,1501753740.0,1563108000,1648496000.0,0.954,5766871000.0,335213000.0,106637000.0,360968000.0,3.689,3001849000.0
89,AMAT,MRQ,1999-03-31,1999-05-02,1999-05-02,2021-09-07,-18131000.0,5323506000.0,,3960882000.0,1362624000.0,,2.181,-60913000.0,518564000.0,518564000.0,628373000.0,143312000.0,3.194,0.572,629176000.0,15840000.0,613336000.0,629176000.0,0.0,77683000.0,0.0,0.0,0.0,219562000.0,297245000.0,0.254,297245000.0,219562000.0,207809000.0,0.09,0.085,0.09,3385805000.0,,3385805000.0,20064765782.0,95.0,38.841,34288000.0,0.022,1.0,542289000.0,0.463,0.0,11753000.0,4194188000.0,,577917000.0,1499076000.0,1499076000.0,0.0,1937701000.0,1239930000.0,697771000.0,20002612782.0,-64428000.0,0.0,19025000.0,8233000.0,0.0,27258000.0,-185699000.0,-124786000.0,95201000.0,-1188000.0,143312000.0,143312000.0,143312000.0,0.0,0.0,0.122,346991000.0,195298000.0,1024418000.0,0.0,5.908,192.793,252.972,1209177000.0,0.0,13.408,5.321,5.536,920464000.0,2523464000.0,1170662000.0,1170662000.0,179856000.0,,,,,0.0,167135000.0,1.0,1491897280.0,1552260000,1639664000.0,0.754,5323506000.0,337016000.0,64497000.0,284107000.0,3.43,2720952000.0
90,AMAT,MRQ,1998-12-31,1999-01-31,1999-01-31,2021-09-07,-8104000.0,4960737000.0,,3597539000.0,1363198000.0,,2.173,-39267000.0,562401000.0,562401000.0,421374000.0,52885000.0,3.449,0.541,624554000.0,7652000.0,616902000.0,624554000.0,0.0,70788000.0,0.0,0.0,0.0,88115000.0,158903000.0,0.214,158903000.0,88115000.0,76645000.0,0.035,0.035,0.035,3220115000.0,,3220115000.0,23541098589.0,107.0,45.428,112929000.0,0.076,1.0,321103000.0,0.432,0.0,11470000.0,3979931000.0,,552779000.0,1361912000.0,1361912000.0,0.0,1740622000.0,1042959000.0,697663000.0,23491720589.0,-12804000.0,0.0,52130000.0,-4882000.0,0.0,47248000.0,-212828000.0,-173561000.0,152196000.0,580000.0,52885000.0,52885000.0,52885000.0,0.0,0.0,0.071,258534000.0,62569000.0,876618000.0,0.0,7.295,231.079,263.292,1226701000.0,0.0,15.797,6.24,6.219,671319000.0,2381825000.0,742477000.0,742477000.0,141207000.0,,,,,0.0,132327000.0,1.0,1487053052.0,1482120000,1552932000.0,0.501,4960737000.0,338217000.0,23760000.0,239450000.0,3.347,2554580000.0
91,AMAT,MRQ,1998-09-30,1998-10-25,1998-10-25,2021-09-07,-4143000.0,4929692000.0,,3518955000.0,1410737000.0,,1.838,-88937000.0,575205000.0,575205000.0,523328000.0,-139962000.0,3.147,0.58,624583000.0,8011000.0,616572000.0,624583000.0,0.0,82366000.0,0.0,0.0,0.0,-171106000.0,-88740000.0,-0.092,-88740000.0,-171106000.0,-182149000.0,-0.105,-0.1,-0.105,3120621000.0,,3120621000.0,12706243640.0,26.0,16.08,166527000.0,0.098,1.0,438194000.0,0.456,0.0,11043000.0,3860744000.0,,555881000.0,1188351000.0,1188351000.0,0.0,1809071000.0,1118326000.0,690745000.0,12474891640.0,195773000.0,0.0,-2746000.0,-1877000.0,0.0,-4623000.0,-64005000.0,24932000.0,255464000.0,8937000.0,-139962000.0,-139962000.0,-139962000.0,0.0,0.0,-0.146,595561000.0,-157367000.0,1041341000.0,0.0,3.998,44.927,47.139,1261520000.0,0.0,8.485,2.881,2.987,764472000.0,2328940000.0,961522000.0,961522000.0,178981000.0,,,,,28373000.0,163157000.0,1.0,1470228832.0,1698208000,1747072000.0,0.566,4929692000.0,337906000.0,-42187000.0,80315000.0,2.903,2400629000.0
92,AMAT,MRQ,1998-06-30,1998-07-26,1998-07-26,2021-09-07,-28405000.0,5039756000.0,,3583178000.0,1456578000.0,,2.221,-81830000.0,387057000.0,387057000.0,490102000.0,47517000.0,3.389,0.546,618409000.0,6597000.0,611812000.0,618409000.0,0.0,74529000.0,0.0,0.0,0.0,74650000.0,149179000.0,0.169,149179000.0,74650000.0,63368000.0,0.033,0.033,0.033,3260203000.0,,3260203000.0,11455877865.0,12.0,9.405,389577000.0,0.265,1.0,394389000.0,0.446,0.0,11282000.0,4213763000.0,,632513000.0,1215710000.0,1215710000.0,0.0,1779553000.0,1057345000.0,722208000.0,11107759865.0,77693000.0,0.0,33339000.0,-34616000.0,0.0,-1277000.0,-390739000.0,-308909000.0,471407000.0,-1698000.0,47517000.0,47517000.0,47517000.0,0.0,0.0,0.054,338607000.0,55782000.0,933434000.0,0.0,3.407,18.582,18.615,1234151000.0,0.0,7.595,2.389,2.398,814883000.0,2515669000.0,884491000.0,884491000.0,154044000.0,,,,,0.0,149563000.0,1.0,1462509528.0,1467768000,1512288000.0,0.603,5039756000.0,324144000.0,15851000.0,227710000.0,3.434,2525833000.0
93,AMAT,MRQ,1998-03-31,1998-04-26,1998-04-26,2021-09-07,-17193000.0,5140099000.0,,3686876000.0,1453223000.0,,2.18,-140969000.0,309364000.0,309364000.0,622027000.0,141221000.0,3.015,0.611,657482000.0,40987000.0,616495000.0,657482000.0,0.0,69715000.0,0.0,0.0,0.0,229148000.0,298863000.0,0.254,298863000.0,229148000.0,217263000.0,0.098,0.092,0.098,3190559000.0,,3190559000.0,13881735584.0,12.0,9.792,-102642000.0,-0.07,1.0,554289000.0,0.471,0.0,11885000.0,4265435000.0,,714126000.0,906801000.0,906801000.0,0.0,1949540000.0,1222782000.0,726758000.0,13529870584.0,-18949000.0,0.0,-56643000.0,-24398000.0,0.0,-81041000.0,22743000.0,163712000.0,38327000.0,1022000.0,141221000.0,141221000.0,141221000.0,0.0,0.0,0.12,343371000.0,210918000.0,1050097000.0,0.0,4.241,18.361,18.396,1229711000.0,0.0,9.235,2.806,2.804,1225788000.0,2468152000.0,1176316000.0,1176316000.0,181937000.0,,,,,0.0,161434000.0,1.0,1465064492.0,1463744000,1516988000.0,0.804,5140099000.0,324685000.0,76042000.0,241961000.0,3.512,2464094000.0
94,AMAT,MRQ,1997-12-31,1998-01-25,1998-01-25,2021-09-07,-19090000.0,5186574000.0,,3806818000.0,1379756000.0,,2.115,-152636000.0,328313000.0,328313000.0,678244000.0,228893000.0,2.807,0.671,680178000.0,61835000.0,618343000.0,680178000.0,0.0,66889000.0,0.0,0.0,0.0,364007000.0,430896000.0,0.33,430896000.0,364007000.0,352143000.0,0.155,0.15,0.155,3104084000.0,,3104084000.0,11428803992.0,10.0,8.541,-49425000.0,-0.034,1.0,629441000.0,0.481,0.0,11864000.0,4182201000.0,,745426000.0,1070513000.0,1070513000.0,0.0,2082490000.0,1356238000.0,726252000.0,11187250992.0,-119730000.0,0.0,-58331000.0,-3342000.0,0.0,-61673000.0,-160464000.0,24399000.0,103211000.0,-804000.0,228893000.0,228893000.0,228893000.0,0.0,0.0,0.175,286713000.0,342728000.0,1085261000.0,0.0,3.604,16.032,16.084,1151327000.0,0.0,7.64,2.461,2.466,1158629000.0,2326931000.0,1307685000.0,1307685000.0,182329000.0,,,,,0.0,152157000.0,1.0,1464299868.0,1467576000,1516404000.0,0.891,5186574000.0,324183000.0,123250000.0,317051000.0,3.534,2450580000.0
95,AMAT,MRQ,1997-09-30,1997-10-26,1997-10-26,2021-09-07,-10441000.0,5070766000.0,,3770357000.0,1300409000.0,,2.009,-155427000.0,448043000.0,448043000.0,664040000.0,180135000.0,2.689,0.723,689596000.0,66506000.0,623090000.0,689596000.0,0.0,56895000.0,0.0,0.0,0.0,282248000.0,339143000.0,0.265,339143000.0,282248000.0,277129000.0,0.123,0.118,0.123,2942171000.0,,2942171000.0,12216065208.0,15.0,11.757,-94678000.0,-0.065,1.0,616356000.0,0.481,0.0,5119000.0,3910231000.0,,686451000.0,1094912000.0,1094912000.0,0.0,2128595000.0,1402088000.0,726507000.0,12169352208.0,234979000.0,-57000.0,100534000.0,433398000.0,0.0,533932000.0,-359737000.0,-204253000.0,60749000.0,35000.0,180135000.0,180135000.0,180135000.0,0.0,0.0,0.141,350641000.0,265715000.0,1157808000.0,0.0,4.136,24.413,24.329,1066053000.0,0.0,8.345,2.987,2.978,1110885000.0,2098038000.0,1280396000.0,1280396000.0,175267000.0,,,,,0.0,164374000.0,1.0,1458280672.0,1464728000,1538928000.0,0.874,5070766000.0,324568000.0,96994000.0,224951000.0,3.462,2368269000.0
96,AMAT,MRQ,1997-06-30,1997-07-27,1997-07-27,2021-09-07,1656000.0,4249419000.0,,3045519000.0,1203900000.0,,1.836,-107416000.0,213064000.0,213064000.0,558345000.0,186631000.0,2.473,0.589,259777000.0,31682000.0,228095000.0,259777000.0,0.0,56714000.0,0.0,0.0,0.0,291976000.0,348690000.0,0.33,348690000.0,291976000.0,287125000.0,0.128,0.122,0.128,2673599000.0,,2673599000.0,16433952403.0,25.0,19.04,58429000.0,0.04,1.0,498896000.0,0.472,0.0,4851000.0,3064769000.0,,608988000.0,890659000.0,890659000.0,0.0,1575820000.0,1231363000.0,344457000.0,16381253403.0,10404000.0,289000.0,-29056000.0,-808000.0,0.0,-29864000.0,-125596000.0,-18469000.0,165845000.0,19000.0,186631000.0,186631000.0,186631000.0,0.0,0.0,0.177,221958000.0,276938000.0,994293000.0,0.0,6.127,41.852,40.727,967181000.0,0.0,11.281,4.482,4.494,942306000.0,1917903000.0,1057241000.0,1057241000.0,143880000.0,,,,,0.0,141760000.0,1.0,1452077864.0,1456048000,1516872000.0,0.726,4249419000.0,285066000.0,100494000.0,321750000.0,2.918,1814156000.0
97,AMAT,MRQ,1997-03-31,1997-04-27,1997-04-27,2021-09-07,-8988000.0,3891861000.0,,2751310000.0,1140551000.0,,1.726,-45856000.0,202660000.0,202660000.0,486845000.0,102131000.0,2.618,0.553,255359000.0,27551000.0,227808000.0,255359000.0,0.0,57319000.0,0.0,0.0,0.0,162060000.0,219379000.0,0.244,219379000.0,162060000.0,157125000.0,0.07,0.068,0.07,2505380000.0,,2505380000.0,8713934984.0,14.0,10.625,43194000.0,0.03,1.0,414017000.0,0.46,0.0,4935000.0,2893488000.0,,507632000.0,872190000.0,872190000.0,0.0,1386481000.0,1051072000.0,335409000.0,8806243984.0,-166698000.0,-200000.0,-17243000.0,-15798000.0,0.0,-33041000.0,-221165000.0,-175109000.0,89050000.0,-1542000.0,102131000.0,102131000.0,102131000.0,0.0,0.0,0.113,266555000.0,147462000.0,875808000.0,0.0,3.515,23.556,22.939,900041000.0,0.0,6.079,2.372,2.376,807181000.0,1731272000.0,900862000.0,900862000.0,131973000.0,,,,,0.0,134582000.0,1.0,1448693232.0,1451384000,1503192000.0,0.621,3891861000.0,278352000.0,54994000.0,255314000.0,2.681,1700238000.0
98,AMAT,MRQ,1996-12-31,1997-01-26,1997-01-26,2021-09-07,2714000.0,3778485000.0,,2620207000.0,1158278000.0,,1.682,-30665000.0,369358000.0,369358000.0,464120000.0,29577000.0,2.612,0.554,277049000.0,43372000.0,233677000.0,277049000.0,0.0,48507000.0,0.0,0.0,0.0,83342000.0,131849000.0,0.158,131849000.0,83342000.0,77542000.0,0.02,0.02,0.02,2432194000.0,,2432194000.0,8091306286.0,11.0,8.748,355403000.0,0.246,1.0,371656000.0,0.445,0.0,5800000.0,2683198000.0,,441681000.0,697081000.0,697081000.0,0.0,1346291000.0,1002978000.0,343313000.0,8119547286.0,-34530000.0,-246365000.0,18014000.0,-98327000.0,0.0,-80313000.0,-340367000.0,-63337000.0,386068000.0,82000.0,29577000.0,29577000.0,29577000.0,0.0,0.0,0.035,301871000.0,69785000.0,826259000.0,0.0,3.338,17.746,17.477,912729000.0,0.0,5.61,2.061,2.058,765569000.0,1629141000.0,835776000.0,835776000.0,116492000.0,,,,,0.0,125879000.0,1.0,1447334632.0,1445632000,1483456000.0,0.578,3778485000.0,279254000.0,47965000.0,242983000.0,2.614,1617229000.0
99,AMAT,MRQ,1996-09-30,1996-10-27,1996-10-27,2021-09-07,5683000.0,3637987000.0,,2693069000.0,944918000.0,,1.776,-87700000.0,403888000.0,403888000.0,481286000.0,73072000.0,2.88,0.535,375647000.0,100162000.0,275485000.0,375647000.0,0.0,44944000.0,0.0,0.0,0.0,118253000.0,163197000.0,0.19,163197000.0,118253000.0,112417000.0,0.06,0.05,0.06,2370425000.0,,2370425000.0,,,,187247000.0,0.14,1.0,379672000.0,0.441,0.0,5836000.0,2674519000.0,,478552000.0,633744000.0,633744000.0,0.0,1267562000.0,935227000.0,332335000.0,4884754383.0,165040000.0,0.0,10421000.0,53388000.0,0.0,63809000.0,-172708000.0,-85008000.0,274947000.0,-1008000.0,73072000.0,73072000.0,73072000.0,0.0,0.0,0.085,272772000.0,106900000.0,791897000.0,0.0,2.061,8.147,8.094,919038000.0,0.0,3.375,1.179,1.17,822384000.0,1599564000.0,860958000.0,860958000.0,117862000.0,,,,,0.0,129810000.0,1.0,1447334632.0,1334944000,1464704000.0,0.645,3637987000.0,281586000.0,39345000.0,54775000.0,2.725,1757842000.0
100,AMAT,MRQ,1996-06-30,1996-07-28,1996-07-28,2021-09-07,,,,,,,,-115629000.0,,,583448000.0,169066000.0,,,,,,,,40778000.0,,0.0,0.0,264913000.0,305691000.0,0.274,305691000.0,264913000.0,260101000.0,0.115,0.115,0.115,,,,,,,164664000.0,0.112,1.0,531976000.0,0.477,,4812000.0,,,,,,,,,,,38855000.0,0.0,5625000.0,-25298000.0,0.0,-19673000.0,-221960000.0,-106331000.0,280293000.0,195000.0,169066000.0,169066000.0,169066000.0,0.0,0.0,0.152,275902000.0,256074000.0,,0.0,,,,,0.0,2.812,,,,,1115424000.0,1115424000.0,128262000.0,,,,,0.0,147640000.0,1.0,,1466872000,1466872000.0,0.76,,,91035000.0,,,
101,AMAT,MRQ,1996-03-31,1996-04-28,1996-04-28,2021-09-07,,,,,,,,-131460000.0,,,586564000.0,185821000.0,,,,,,,,33419000.0,,0.0,0.0,290795000.0,324214000.0,0.287,324214000.0,290795000.0,285878000.0,0.126,0.126,0.126,,,,,,,-159539000.0,-0.109,1.0,541291000.0,0.48,,4917000.0,,,,,,,,,,,-66887000.0,0.0,-5710000.0,-4148000.0,0.0,-9858000.0,-28140000.0,103320000.0,-28079000.0,-810000.0,185821000.0,185821000.0,185821000.0,0.0,0.0,0.165,260325000.0,280966000.0,,0.0,,,,,0.0,5.172,,,,,1127855000.0,1127855000.0,124918000.0,,,,,0.0,135407000.0,1.0,,1469592000,1469592000.0,0.767,,,100057000.0,,,
102,AMAT,MRQ,1995-12-31,1996-01-28,1996-01-28,2021-09-07,,,,,,,,-117746000.0,,,543780000.0,171626000.0,,,,,,,,29724000.0,,0.0,0.0,269208000.0,298932000.0,0.287,298932000.0,269208000.0,264040000.0,0.116,0.116,0.116,,,,,,,47122000.0,0.032,1.0,496800000.0,0.477,,5168000.0,,,,,,,,,,,-18965000.0,0.0,-7007000.0,3086000.0,0.0,-3921000.0,-179984000.0,-62238000.0,164868000.0,72000.0,171626000.0,171626000.0,171626000.0,0.0,0.0,0.165,237189000.0,259611000.0,,0.0,,,,,0.0,4.844,,,,,1040580000.0,1040580000.0,110352000.0,,,,,0.0,126837000.0,1.0,,1472008000,1472008000.0,0.707,,,92414000.0,,,
103,AMAT,MRQ,1995-09-30,1995-10-27,1995-10-27,2021-09-07,21675000.0,2965379000.0,,2311613000.0,653766000.0,,1.257,,285845000.0,285845000.0,,,2.683,0.663,362619000.0,82812000.0,279807000.0,362619000.0,0.0,,0.0,0.0,0.0,,,,,,,,,,1783503000.0,,1783503000.0,,,,,,1.0,,,0.0,,2180422000.0,,427413000.0,483487000.0,483487000.0,0.0,1181876000.0,861731000.0,320145000.0,,,,,,,,,,,,,,,,,,,,659572000.0,,,,19.141,630746000.0,,6.125,,2.838,817730000.0,999979000.0,,,,,,,,,,1.0,,1418784000,,,2965379000.0,198888000.0,,130959000.0,2.09,1449882000.0
0,AMAT,MRT,2021-06-30,2021-08-01,2021-08-01,2021-09-07,-292000000.0,24479000000.0,23555500000.0,15248000000.0,9231000000.0,0.918,13.282,-624000000.0,6066000000.0,6066000000.0,11529000000.0,5307000000.0,2.975,1.03,5451000000.0,0.0,5451000000.0,5451000000.0,1688000000.0,386000000.0,0.0,0.006,0.9,6246000000.0,6632000000.0,0.307,6632000000.0,6246000000.0,6008000000.0,5.81,5.75,5.81,12060000000.0,11526000000.0,12060000000.0,127038327187.0,20.0,19.155,4985000000.0,5.49,1.0,10099000000.0,0.467,3595000000.0,238000000.0,15144000000.0,14684000000.0,4117000000.0,2102000000.0,444000000.0,1658000000.0,12419000000.0,5125000000.0,7294000000.0,127893327187.0,1709000000.0,-12000000.0,-2131000000.0,0.0,-822000000.0,-3130000000.0,-770000000.0,-134000000.0,5609000000.0,0.0,5307000000.0,5307000000.0,5307000000.0,0.0,0.0,0.245,3941000000.0,6158000000.0,3437000000.0,0.155,10.605,24.099,24.084,1814000000.0,0.0,139.93,5.913,5.875,3822000000.0,30748000000.0,21628000000.0,21628000000.0,2423000000.0,0.225,0.46,0.425,0.289,345000000.0,1206000000.0,1.0,913980756.0,908000000,918000000.0,23.819,20884000000.0,2164000000.0,701000000.0,1144000000.0,23.0,10123000000.0
1,AMAT,MRT,2021-03-31,2021-05-02,2021-05-02,2021-09-07,-290000000.0,24085000000.0,22728500000.0,14971000000.0,9114000000.0,0.872,13.064,-574000000.0,6305000000.0,6305000000.0,10740000000.0,4432000000.0,3.105,1.008,5450000000.0,0.0,5450000000.0,5450000000.0,1706000000.0,382000000.0,0.0,0.007,0.88,5310000000.0,5692000000.0,0.287,5692000000.0,5310000000.0,5068000000.0,4.84,4.79,4.84,11993000000.0,10903250000.0,11993000000.0,121018769015.0,23.0,21.261,4216000000.0,4.593,1.0,9087000000.0,0.458,3606000000.0,242000000.0,14802000000.0,14486000000.0,4053000000.0,2029000000.0,460000000.0,1569000000.0,12092000000.0,4822000000.0,7270000000.0,121782769015.0,1017000000.0,-92000000.0,-831000000.0,-1401000000.0,-805000000.0,-3205000000.0,-568000000.0,98000000.0,4790000000.0,0.0,4432000000.0,4432000000.0,4432000000.0,0.0,0.0,0.224,3834000000.0,5253000000.0,3116000000.0,0.182,10.154,27.478,27.419,1768000000.0,0.0,132.71,6.142,6.145,3375000000.0,29247000000.0,19827000000.0,19827000000.0,2355000000.0,0.195,0.406,0.367,0.268,334000000.0,1167000000.0,1.0,917660832.0,918000000,927000000.0,21.598,20479000000.0,2171000000.0,636000000.0,1138000000.0,22.308,10149000000.0
2,AMAT,MRT,2020-12-31,2021-01-31,2021-01-31,2021-09-07,-297000000.0,23305000000.0,22161000000.0,14269000000.0,9036000000.0,0.821,12.539,-441000000.0,6213000000.0,6213000000.0,10019000000.0,3857000000.0,3.168,1.031,5449000000.0,0.0,5449000000.0,5449000000.0,1572000000.0,376000000.0,0.0,0.009,0.87,4643000000.0,5019000000.0,0.276,5019000000.0,4643000000.0,4401000000.0,4.21,4.18,4.21,11473000000.0,10161000000.0,11473000000.0,88495796193.0,19.0,17.632,3797000000.0,4.15,1.0,8183000000.0,0.45,3619000000.0,242000000.0,14418000000.0,14542000000.0,3925000000.0,2011000000.0,410000000.0,1601000000.0,11832000000.0,4504000000.0,7328000000.0,88398796193.0,2904000000.0,-119000000.0,-290000000.0,97000000.0,-796000000.0,-1150000000.0,-184000000.0,376000000.0,4238000000.0,0.0,3857000000.0,3857000000.0,3857000000.0,0.0,0.0,0.212,3577000000.0,4606000000.0,2932000000.0,0.207,7.705,22.919,22.964,1638000000.0,0.0,96.68,4.857,4.86,3045000000.0,28137000000.0,18202000000.0,18202000000.0,2288000000.0,0.174,0.38,0.319,0.255,321000000.0,1137000000.0,1.0,914344189.0,915000000,925000000.0,19.893,19686000000.0,2178000000.0,544000000.0,1210000000.0,21.515,9765000000.0
3,AMAT,MRT,2020-09-30,2020-10-25,2020-10-25,2021-09-07,-299000000.0,22353000000.0,21276500000.0,13369000000.0,8984000000.0,0.808,11.548,-422000000.0,5351000000.0,5351000000.0,9510000000.0,3619000000.0,2.998,1.113,5448000000.0,0.0,5448000000.0,5448000000.0,1321000000.0,376000000.0,0.0,0.014,0.86,4406000000.0,4782000000.0,0.278,4782000000.0,4406000000.0,4166000000.0,3.95,3.92,3.95,10578000000.0,9457750000.0,10578000000.0,56761584466.0,13.0,11.87,3382000000.0,3.692,1.0,7692000000.0,0.447,3619000000.0,240000000.0,14372000000.0,14324250000.0,3904000000.0,1925000000.0,387000000.0,1538000000.0,11775000000.0,4459000000.0,7316000000.0,55664584466.0,2337000000.0,-107000000.0,-475000000.0,97000000.0,-787000000.0,-1337000000.0,-130000000.0,399000000.0,3804000000.0,0.0,3619000000.0,3619000000.0,3619000000.0,0.0,0.0,0.21,3327000000.0,4365000000.0,3138000000.0,0.218,5.262,15.381,15.43,1604000000.0,0.0,60.95,3.236,3.246,2963000000.0,27209000000.0,17202000000.0,17202000000.0,2234000000.0,0.17,0.383,0.308,0.256,307000000.0,1093000000.0,1.0,913282764.0,916000000,923000000.0,18.779,18734000000.0,2223000000.0,547000000.0,1206000000.0,20.452,8910000000.0
4,AMAT,MRT,2020-06-30,2020-07-26,2020-07-26,2021-09-07,-277000000.0,21171000000.0,20444250000.0,12248000000.0,8923000000.0,0.796,10.458,-357000000.0,4350000000.0,4350000000.0,9072000000.0,3186000000.0,2.858,1.212,5447000000.0,0.0,5447000000.0,5447000000.0,1390000000.0,371000000.0,0.0,0.014,0.85,4003000000.0,4374000000.0,0.269,4374000000.0,4003000000.0,3763000000.0,3.47,3.44,3.47,9569000000.0,8866750000.0,9569000000.0,57090974742.0,14.0,13.052,2958000000.0,3.233,1.0,7196000000.0,0.442,3631000000.0,240000000.0,14352000000.0,14032750000.0,3952000000.0,1944000000.0,406000000.0,1538000000.0,11602000000.0,4285000000.0,7317000000.0,55556974742.0,1451000000.0,-107000000.0,-936000000.0,97000000.0,-781000000.0,-1789000000.0,-75000000.0,389000000.0,3315000000.0,0.0,3186000000.0,3186000000.0,3186000000.0,0.0,0.0,0.196,3250000000.0,3946000000.0,2895000000.0,0.245,5.806,17.438,17.47,1530000000.0,0.0,60.62,3.415,3.41,2806000000.0,26278000000.0,16268000000.0,16268000000.0,2189000000.0,0.156,0.359,0.285,0.246,300000000.0,1061000000.0,1.0,916479293.0,915000000,922000000.0,17.779,17540000000.0,2224000000.0,577000000.0,1237000000.0,19.169,7963000000.0
5,AMAT,MRT,2020-03-31,2020-04-26,2020-04-26,2021-09-07,-315000000.0,21815000000.0,19852750000.0,12735000000.0,9080000000.0,0.777,9.841,-363000000.0,5281000000.0,5281000000.0,8637000000.0,2916000000.0,2.673,1.417,6815000000.0,600000000.0,6215000000.0,6815000000.0,1334000000.0,366000000.0,0.0,0.016,0.84,3742000000.0,4108000000.0,0.266,4108000000.0,3742000000.0,3505000000.0,3.16,3.14,3.16,9024000000.0,8503500000.0,9024000000.0,49403106598.0,13.0,12.026,2872000000.0,3.132,1.0,6798000000.0,0.44,3558000000.0,237000000.0,15026000000.0,13882000000.0,3725000000.0,2101000000.0,423000000.0,1678000000.0,12791000000.0,4765000000.0,8026000000.0,47513106598.0,2280000000.0,-32000000.0,-1264000000.0,1498000000.0,-775000000.0,-710000000.0,-245000000.0,150000000.0,3235000000.0,0.0,2916000000.0,2916000000.0,2916000000.0,0.0,0.0,0.189,3158000000.0,3640000000.0,2831000000.0,0.266,5.265,16.294,16.373,1534000000.0,0.0,51.74,3.078,3.074,2625000000.0,25638000000.0,15435000000.0,15435000000.0,2132000000.0,0.147,0.343,0.27,0.242,297000000.0,1026000000.0,1.0,918305114.0,917000000,923000000.0,16.832,18257000000.0,2310000000.0,589000000.0,1238000000.0,19.909,7970000000.0
6,AMAT,MRT,2019-12-31,2020-01-26,2020-01-26,2021-09-07,-188000000.0,19767000000.0,19092750000.0,10769000000.0,8998000000.0,0.787,9.454,-410000000.0,3424000000.0,3424000000.0,8438000000.0,2827000000.0,2.357,1.283,5314000000.0,600000000.0,4714000000.0,5314000000.0,1400000000.0,369000000.0,0.0,0.013,0.83,3622000000.0,3991000000.0,0.266,3991000000.0,3622000000.0,3386000000.0,3.05,3.02,3.05,8660000000.0,8297750000.0,8660000000.0,58932854076.0,16.0,14.766,2990000000.0,3.264,1.0,6579000000.0,0.438,3541000000.0,236000000.0,13547000000.0,13570750000.0,3472000000.0,2249000000.0,536000000.0,1713000000.0,11107000000.0,4569000000.0,6538000000.0,56748854076.0,232000000.0,-28000000.0,-1693000000.0,0.0,-771000000.0,-2629000000.0,-539000000.0,-101000000.0,3400000000.0,0.0,2827000000.0,2827000000.0,2827000000.0,0.0,0.0,0.188,3095000000.0,3484000000.0,2569000000.0,0.272,6.553,20.074,20.328,1555000000.0,0.0,62.0,3.779,3.782,2679000000.0,25085000000.0,15017000000.0,15017000000.0,2090000000.0,0.148,0.341,0.267,0.241,291000000.0,1005000000.0,1.0,915304098.0,916000000,927000000.0,16.394,16226000000.0,2189000000.0,559000000.0,1298000000.0,17.714,6200000000.0
7,AMAT,MRT,2019-09-30,2019-10-27,2019-10-27,2021-09-07,-180000000.0,19024000000.0,18881500000.0,10206000000.0,8818000000.0,0.774,8.766,-441000000.0,3129000000.0,3129000000.0,8222000000.0,2706000000.0,2.295,1.316,5313000000.0,600000000.0,4713000000.0,5313000000.0,1336000000.0,363000000.0,0.0,0.015,0.82,3506000000.0,3869000000.0,0.265,3869000000.0,3506000000.0,3269000000.0,2.89,2.86,2.89,8214000000.0,8185000000.0,8214000000.0,53769559284.0,15.0,13.898,2806000000.0,2.995,1.0,6386000000.0,0.437,3555000000.0,237000000.0,13206000000.0,13608250000.0,3474000000.0,2192000000.0,489000000.0,1703000000.0,10810000000.0,4447000000.0,6363000000.0,51471559284.0,-311000000.0,-28000000.0,-2258000000.0,0.0,-771000000.0,-3115000000.0,-443000000.0,26000000.0,3247000000.0,0.0,2706000000.0,2706000000.0,2706000000.0,0.0,0.0,0.185,3036000000.0,3350000000.0,2511000000.0,0.284,6.266,19.021,19.28,1529000000.0,0.0,55.72,3.524,3.574,2533000000.0,24386000000.0,14608000000.0,14608000000.0,2054000000.0,0.143,0.331,0.258,0.24,263000000.0,982000000.0,1.0,923753756.0,937000000,945000000.0,15.59,15469000000.0,2031000000.0,563000000.0,1275000000.0,16.509,5759000000.0
8,AMAT,MRT,2019-06-30,2019-07-28,2019-07-28,2021-09-07,-137000000.0,18805000000.0,18533750000.0,10042000000.0,8763000000.0,0.788,8.736,-509000000.0,3014000000.0,3014000000.0,8204000000.0,2765000000.0,2.653,1.317,5312000000.0,0.0,5312000000.0,5312000000.0,1430000000.0,391000000.0,0.0,0.016,0.81,3542000000.0,3933000000.0,0.269,3933000000.0,3542000000.0,3304000000.0,2.91,2.87,2.91,8116000000.0,7842750000.0,8116000000.0,49692964097.0,14.0,12.635,2989000000.0,3.217,1.0,6409000000.0,0.439,3569000000.0,238000000.0,13749000000.0,13306500000.0,3539000000.0,2197000000.0,547000000.0,1650000000.0,10689000000.0,3785000000.0,6904000000.0,47497964097.0,-360000000.0,-29000000.0,-2513000000.0,0.0,-772000000.0,-3372000000.0,-486000000.0,52000000.0,3498000000.0,0.0,2765000000.0,2765000000.0,2765000000.0,0.0,0.0,0.189,3032000000.0,3377000000.0,2355000000.0,0.278,5.852,17.178,17.436,1513000000.0,0.0,50.74,3.25,3.226,2373000000.0,23880000000.0,14613000000.0,14613000000.0,2058000000.0,0.149,0.353,0.266,0.242,262000000.0,974000000.0,1.0,936104929.0,929000000,937000000.0,15.73,15236000000.0,2031000000.0,539000000.0,1253000000.0,16.4,6257000000.0
9,AMAT,MRT,2019-03-31,2019-04-28,2019-04-28,2021-09-07,-138000000.0,18775000000.0,18303250000.0,10062000000.0,8713000000.0,0.831,8.706,-549000000.0,3116000000.0,3116000000.0,8497000000.0,3210000000.0,2.791,1.289,5311000000.0,0.0,5311000000.0,5311000000.0,1393000000.0,412000000.0,0.0,0.018,0.8,3838000000.0,4250000000.0,0.279,4250000000.0,3838000000.0,3599000000.0,3.32,3.27,3.32,8201000000.0,7520000000.0,8201000000.0,44517873918.0,12.0,10.475,2795000000.0,2.967,1.0,6716000000.0,0.441,3584000000.0,239000000.0,13781000000.0,12835250000.0,3677000000.0,2116000000.0,507000000.0,1609000000.0,10574000000.0,3605000000.0,6969000000.0,42399873918.0,-1754000000.0,-24000000.0,-3235000000.0,0.0,-775000000.0,-4100000000.0,-998000000.0,-425000000.0,3344000000.0,0.0,3210000000.0,3210000000.0,3210000000.0,0.0,0.0,0.211,3048000000.0,3668000000.0,2212000000.0,0.241,5.17,13.209,13.452,1494000000.0,0.0,44.66,2.787,2.765,2264000000.0,23502000000.0,15213000000.0,15213000000.0,2048000000.0,0.175,0.427,0.299,0.252,259000000.0,1000000000.0,1.0,949392609.0,942000000,948000000.0,16.15,15191000000.0,2026000000.0,389000000.0,1326000000.0,16.126,6457000000.0
10,AMAT,MRT,2018-12-31,2019-01-27,2019-01-27,2021-09-07,-154000000.0,18922000000.0,18234000000.0,10285000000.0,8637000000.0,0.891,8.578,-552000000.0,3192000000.0,3192000000.0,9011000000.0,3644000000.0,2.724,1.305,5310000000.0,0.0,5310000000.0,5310000000.0,1356000000.0,426000000.0,0.0,0.018,0.7,4336000000.0,4762000000.0,0.293,4762000000.0,4336000000.0,4101000000.0,3.68,3.63,3.68,8209000000.0,7230250000.0,8209000000.0,39436772785.0,9.0,8.282,2603000000.0,2.72,1.0,7242000000.0,0.446,3567000000.0,235000000.0,13697000000.0,12058250000.0,3703000000.0,2108000000.0,520000000.0,1588000000.0,10713000000.0,3776000000.0,6937000000.0,37567772785.0,-3607000000.0,-1000000.0,-5127000000.0,0.0,-691000000.0,-5915000000.0,-847000000.0,-294000000.0,3155000000.0,0.0,3644000000.0,3644000000.0,3644000000.0,0.0,0.0,0.224,3058000000.0,4184000000.0,2420000000.0,0.19,4.576,10.309,10.649,1456000000.0,0.0,39.19,2.311,2.308,2444000000.0,23032000000.0,16253000000.0,16253000000.0,2049000000.0,0.2,0.504,0.36,0.267,258000000.0,1009000000.0,1.0,958606093.0,957000000,965000000.0,16.983,15355000000.0,2026000000.0,457000000.0,1303000000.0,16.045,6509000000.0
11,AMAT,MRT,2018-09-30,2018-10-28,2018-10-28,2021-09-07,-125000000.0,17633000000.0,18419250000.0,10604000000.0,7029000000.0,0.907,6.757,-622000000.0,3440000000.0,3440000000.0,9188000000.0,3038000000.0,2.704,1.576,5309000000.0,0.0,5309000000.0,5309000000.0,1201000000.0,457000000.0,0.0,0.019,0.6,4630000000.0,5087000000.0,0.305,5087000000.0,4630000000.0,4396000000.0,3.0,2.96,3.0,6845000000.0,7304500000.0,6845000000.0,33743573260.0,7.0,6.633,3165000000.0,3.124,1.0,7517000000.0,0.45,3581000000.0,234000000.0,11999000000.0,11144000000.0,3721000000.0,2158000000.0,590000000.0,1568000000.0,10788000000.0,3922000000.0,6866000000.0,31809573260.0,-1570000000.0,-6000000.0,-5159000000.0,0.0,-605000000.0,-5928000000.0,571000000.0,1199000000.0,3787000000.0,0.0,3038000000.0,3038000000.0,3038000000.0,0.0,0.0,0.182,3026000000.0,4491000000.0,2721000000.0,0.2,4.647,10.471,10.787,1407000000.0,0.0,32.36,1.904,1.962,2323000000.0,20880000000.0,16705000000.0,16705000000.0,2022000000.0,0.165,0.416,0.415,0.277,258000000.0,1004000000.0,1.0,982990521.0,1013000000,1026000000.0,16.491,14052000000.0,473000000.0,1358000000.0,1254000000.0,13.872,6682000000.0
12,AMAT,MRT,2018-06-30,2018-07-29,2018-07-29,2021-09-07,-77000000.0,17883000000.0,18865750000.0,10889000000.0,6994000000.0,0.905,6.866,-581000000.0,3374000000.0,3374000000.0,9349000000.0,3348000000.0,2.519,1.62,5308000000.0,0.0,5308000000.0,5308000000.0,1581000000.0,442000000.0,0.0,0.01,0.5,4911000000.0,5353000000.0,0.313,5353000000.0,4911000000.0,4680000000.0,3.25,3.21,3.25,6825000000.0,7930500000.0,6825000000.0,49124706905.0,10.0,9.177,2838000000.0,2.855,1.0,7727000000.0,0.453,3631000000.0,231000000.0,11864000000.0,11098750000.0,3681000000.0,2223000000.0,610000000.0,1613000000.0,11058000000.0,4322000000.0,6736000000.0,48688706905.0,-1904000000.0,-17000000.0,-4811000000.0,0.0,-517000000.0,-5494000000.0,171000000.0,769000000.0,3419000000.0,0.0,3348000000.0,3348000000.0,3348000000.0,0.0,0.0,0.196,2961000000.0,4766000000.0,2741000000.0,0.154,7.134,14.543,14.862,1321000000.0,0.0,48.3,2.851,2.812,2882000000.0,20191000000.0,17076000000.0,17076000000.0,1976000000.0,0.177,0.422,0.442,0.288,251000000.0,985000000.0,1.0,1008047762.0,994000000,1005000000.0,17.179,14252000000.0,429000000.0,1332000000.0,1148000000.0,14.338,6567000000.0
13,AMAT,MRT,2018-03-31,2018-04-29,2018-04-29,2021-09-07,-78000000.0,18498000000.0,19164500000.0,11891000000.0,6607000000.0,0.869,6.844,-528000000.0,4870000000.0,4870000000.0,9095000000.0,3257000000.0,2.596,1.627,5306000000.0,0.0,5306000000.0,5306000000.0,1961000000.0,434000000.0,0.0,0.008,0.4,4812000000.0,5246000000.0,0.315,5246000000.0,4812000000.0,4581000000.0,3.09,3.05,3.09,7042000000.0,8403250000.0,7042000000.0,50409962549.0,10.0,9.609,3635000000.0,3.533,1.0,7563000000.0,0.454,3681000000.0,231000000.0,10673000000.0,10861250000.0,3494000000.0,1696000000.0,482000000.0,1214000000.0,11456000000.0,4580000000.0,6876000000.0,51903962549.0,-74000000.0,-47000000.0,-3935000000.0,-205000000.0,-425000000.0,-4733000000.0,496000000.0,1071000000.0,4163000000.0,0.0,3257000000.0,3257000000.0,3257000000.0,0.0,0.0,0.196,2867000000.0,4696000000.0,2619000000.0,0.129,7.371,15.936,15.987,1257000000.0,0.0,49.4,3.116,3.052,2665000000.0,19216000000.0,16658000000.0,16658000000.0,1925000000.0,0.17,0.388,0.443,0.289,242000000.0,942000000.0,1.0,1050687501.0,1029000000,1040000000.0,16.189,14817000000.0,455000000.0,1324000000.0,1282000000.0,14.399,7311000000.0
14,AMAT,MRT,2017-12-31,2018-01-28,2018-01-28,2021-09-07,-79000000.0,19663000000.0,19100000000.0,13029000000.0,6634000000.0,0.818,8.055,-484000000.0,6799000000.0,6799000000.0,8518000000.0,2981000000.0,2.962,1.312,5305000000.0,0.0,5305000000.0,5305000000.0,2018000000.0,429000000.0,0.0,0.007,0.4,4447000000.0,4876000000.0,0.312,4876000000.0,4447000000.0,4228000000.0,2.78,2.75,2.78,8506000000.0,8695750000.0,8506000000.0,60632181584.0,14.0,12.435,3979000000.0,3.768,1.0,7107000000.0,0.455,3730000000.0,219000000.0,10040000000.0,10863250000.0,3125000000.0,1858000000.0,655000000.0,1203000000.0,11157000000.0,4399000000.0,6758000000.0,60338181584.0,3308000000.0,-73000000.0,-1727000000.0,1971000000.0,-428000000.0,-348000000.0,-807000000.0,-250000000.0,4463000000.0,0.0,2981000000.0,2981000000.0,2981000000.0,0.0,0.0,0.191,2763000000.0,4344000000.0,2381000000.0,0.144,7.094,20.241,20.547,1195000000.0,0.0,57.12,3.862,3.86,2182000000.0,18288000000.0,15625000000.0,15625000000.0,1853000000.0,0.156,0.343,0.409,0.285,231000000.0,910000000.0,1.0,1056340714.0,1056000000,1071000000.0,14.796,15933000000.0,506000000.0,1247000000.0,1158000000.0,15.088,8630000000.0
15,AMAT,MRT,2017-09-30,2017-10-29,2017-10-29,2021-09-07,-64000000.0,19419000000.0,17995250000.0,12918000000.0,6501000000.0,0.817,8.713,-345000000.0,5010000000.0,5010000000.0,8086000000.0,3519000000.0,3.139,1.077,5304000000.0,0.0,5304000000.0,5304000000.0,1665000000.0,407000000.0,0.0,0.007,0.4,4014000000.0,4421000000.0,0.301,4421000000.0,4014000000.0,3816000000.0,3.28,3.25,3.28,9349000000.0,8491000000.0,9349000000.0,60484157384.0,15.0,13.681,3444000000.0,3.21,1.0,6612000000.0,0.45,3780000000.0,198000000.0,11818000000.0,10160000000.0,2930000000.0,3409000000.0,2266000000.0,1143000000.0,10070000000.0,4115000000.0,5955000000.0,60459157384.0,1604000000.0,-68000000.0,-1075000000.0,1971000000.0,-430000000.0,341000000.0,-2526000000.0,-2113000000.0,3789000000.0,0.0,3519000000.0,3519000000.0,3519000000.0,0.0,0.0,0.239,2676000000.0,3936000000.0,2450000000.0,0.122,6.467,17.181,17.284,1066000000.0,0.0,56.69,4.113,4.139,2338000000.0,18258000000.0,14698000000.0,14698000000.0,1781000000.0,0.196,0.414,0.395,0.273,220000000.0,895000000.0,1.0,1066487165.0,1073000000,1084000000.0,13.698,15639000000.0,512000000.0,297000000.0,392000000.0,14.575,8803000000.0
16,AMAT,MRT,2017-06-30,2017-07-30,2017-07-30,2021-09-07,-101000000.0,19078000000.0,16783000000.0,12731000000.0,6347000000.0,0.826,8.138,-309000000.0,5278000000.0,5278000000.0,7721000000.0,3062000000.0,2.913,1.189,5303000000.0,0.0,5303000000.0,5303000000.0,2116000000.0,402000000.0,0.0,0.009,0.4,3576000000.0,3978000000.0,0.287,3978000000.0,3576000000.0,3397000000.0,2.83,2.81,2.83,8716000000.0,7958000000.0,8716000000.0,48985084787.0,14.0,12.314,3668000000.0,3.425,1.0,6144000000.0,0.443,3818000000.0,179000000.0,10914000000.0,8897000000.0,2876000000.0,3012000000.0,1953000000.0,1059000000.0,10362000000.0,4371000000.0,5991000000.0,48627084787.0,2450000000.0,-67000000.0,-867000000.0,1971000000.0,-431000000.0,459000000.0,-1986000000.0,-1610000000.0,3977000000.0,0.0,3062000000.0,3062000000.0,3062000000.0,0.0,0.0,0.221,2597000000.0,3547000000.0,2255000000.0,0.141,5.579,15.881,15.989,996000000.0,0.0,45.25,3.507,3.495,2258000000.0,17383000000.0,13865000000.0,13865000000.0,1702000000.0,0.182,0.385,0.402,0.258,231000000.0,895000000.0,1.0,1074631708.0,1071000000,1083000000.0,12.946,15260000000.0,474000000.0,335000000.0,0.0,14.248,8360000000.0
17,AMAT,MRT,2017-03-31,2017-04-30,2017-04-30,2021-09-07,-110000000.0,18240000000.0,15438250000.0,12018000000.0,6222000000.0,0.838,7.618,-279000000.0,4944000000.0,4944000000.0,7306000000.0,2642000000.0,2.933,1.221,5302000000.0,0.0,5302000000.0,5302000000.0,1787000000.0,397000000.0,0.0,0.01,0.4,3141000000.0,3538000000.0,0.273,3538000000.0,3141000000.0,2983000000.0,2.44,2.42,2.44,8212000000.0,7483750000.0,8212000000.0,43485937032.0,14.0,12.291,3302000000.0,3.063,1.0,5636000000.0,0.435,3820000000.0,158000000.0,10681000000.0,7999500000.0,2609000000.0,2761000000.0,1800000000.0,961000000.0,10028000000.0,4097000000.0,5931000000.0,43851937032.0,2474000000.0,-34000000.0,-689000000.0,2174000000.0,-432000000.0,852000000.0,-1959000000.0,-1646000000.0,3581000000.0,0.0,2642000000.0,2642000000.0,2642000000.0,0.0,0.0,0.204,2516000000.0,3120000000.0,2310000000.0,0.164,5.34,16.598,16.643,969000000.0,0.0,40.61,3.388,3.383,2381000000.0,16564000000.0,12942000000.0,12942000000.0,1634000000.0,0.171,0.353,0.393,0.243,219000000.0,882000000.0,1.0,1079831003.0,1078000000,1087000000.0,12.006,14420000000.0,472000000.0,341000000.0,0.0,13.377,7921000000.0
18,AMAT,MRT,2016-12-31,2017-01-29,2017-01-29,2021-09-07,-106000000.0,15244000000.0,14147000000.0,9094000000.0,6150000000.0,0.837,7.131,-249000000.0,3491000000.0,3491000000.0,6806000000.0,2138000000.0,2.388,0.983,3125000000.0,0.0,3125000000.0,3125000000.0,1669000000.0,390000000.0,0.0,0.011,0.4,2621000000.0,3011000000.0,0.254,3011000000.0,2621000000.0,2470000000.0,1.97,1.95,1.97,7687000000.0,7072000000.0,7687000000.0,37660017495.0,14.0,12.507,2902000000.0,2.692,1.0,5040000000.0,0.425,3843000000.0,151000000.0,7227000000.0,7170500000.0,2281000000.0,1565000000.0,656000000.0,909000000.0,7557000000.0,3808000000.0,3749000000.0,37723017495.0,529000000.0,-16000000.0,-1311000000.0,-2000000.0,-437000000.0,-1939000000.0,-683000000.0,-418000000.0,3151000000.0,0.0,2138000000.0,2138000000.0,2138000000.0,0.0,0.0,0.18,2435000000.0,2605000000.0,2139000000.0,0.203,4.907,17.644,17.787,949000000.0,0.0,35.04,3.184,3.189,2369000000.0,15847000000.0,11846000000.0,11846000000.0,1583000000.0,0.151,0.302,0.366,0.221,211000000.0,852000000.0,1.0,1076570134.0,1078000000,1089000000.0,10.989,11401000000.0,449000000.0,332000000.0,0.0,10.576,5286000000.0
19,AMAT,MRT,2016-09-30,2016-10-30,2016-10-30,2021-09-07,-115000000.0,14570000000.0,13667500000.0,8353000000.0,6217000000.0,0.792,6.519,-253000000.0,3406000000.0,3406000000.0,6314000000.0,1721000000.0,2.3,1.019,3125000000.0,0.0,3125000000.0,3125000000.0,1376000000.0,389000000.0,0.0,0.014,0.4,2168000000.0,2557000000.0,0.236,2557000000.0,2168000000.0,2013000000.0,1.56,1.54,1.56,7217000000.0,6942250000.0,7217000000.0,31493417913.0,15.0,12.317,2313000000.0,2.089,1.0,4511000000.0,0.417,3891000000.0,155000000.0,6766000000.0,7209750000.0,2050000000.0,1272000000.0,343000000.0,929000000.0,7353000000.0,3632000000.0,3721000000.0,30978417913.0,-1391000000.0,-16000000.0,-1804000000.0,-1207000000.0,-444000000.0,-3532000000.0,-425000000.0,-156000000.0,2566000000.0,0.0,1721000000.0,1721000000.0,1721000000.0,0.0,0.0,0.159,2359000000.0,2152000000.0,2256000000.0,0.256,4.292,18.0,18.372,937000000.0,0.0,28.66,2.862,2.931,2279000000.0,15252000000.0,10825000000.0,10825000000.0,1540000000.0,0.126,0.248,0.301,0.2,201000000.0,819000000.0,1.0,1080893856.0,1107000000,1116000000.0,9.779,10679000000.0,460000000.0,292000000.0,0.0,9.647,4721000000.0
20,AMAT,MRT,2016-06-30,2016-07-31,2016-07-31,2021-09-07,-87000000.0,13699000000.0,13852000000.0,7399000000.0,6300000000.0,0.714,6.296,-218000000.0,2828000000.0,2828000000.0,5825000000.0,1447000000.0,2.496,1.009,3343000000.0,0.0,3343000000.0,3343000000.0,1164000000.0,385000000.0,0.0,0.015,0.4,1819000000.0,2204000000.0,0.223,2204000000.0,1819000000.0,1670000000.0,1.29,1.28,1.29,6819000000.0,7041250000.0,6819000000.0,29506593236.0,16.0,13.388,1922000000.0,1.775,1.0,4071000000.0,0.411,3926000000.0,149000000.0,7324000000.0,7316000000.0,2026000000.0,1398000000.0,438000000.0,960000000.0,6880000000.0,2964000000.0,3916000000.0,28633593236.0,254000000.0,-7000000.0,-2332000000.0,1374000000.0,-455000000.0,-1393000000.0,-493000000.0,-268000000.0,2140000000.0,0.0,1447000000.0,1447000000.0,1447000000.0,0.0,0.0,0.146,2362000000.0,1709000000.0,1800000000.0,0.31,4.199,19.788,20.38,905000000.0,0.0,26.29,2.893,2.877,1852000000.0,14750000000.0,9896000000.0,9896000000.0,1509000000.0,0.104,0.206,0.249,0.184,176000000.0,764000000.0,1.0,1089143904.0,1083000000,1093000000.0,9.138,9773000000.0,509000000.0,223000000.0,0.0,9.024,4435000000.0
21,AMAT,MRT,2016-03-31,2016-05-01,2016-05-01,2021-09-07,-95000000.0,13075000000.0,13715500000.0,6728000000.0,6347000000.0,0.697,5.898,-217000000.0,2470000000.0,2470000000.0,5668000000.0,1271000000.0,2.577,0.992,3343000000.0,0.0,3343000000.0,3343000000.0,981000000.0,381000000.0,0.0,0.02,0.4,1616000000.0,1997000000.0,0.209,1997000000.0,1616000000.0,1481000000.0,1.09,1.09,1.09,6565000000.0,7330750000.0,6565000000.0,23526932132.0,15.0,11.781,1276000000.0,1.146,1.0,3897000000.0,0.407,3972000000.0,135000000.0,7365000000.0,6732750000.0,1924000000.0,1104000000.0,170000000.0,934000000.0,6510000000.0,2611000000.0,3899000000.0,23145932132.0,-597000000.0,-12000000.0,-2760000000.0,1376000000.0,-470000000.0,-1836000000.0,-255000000.0,-26000000.0,1493000000.0,1000000.0,1271000000.0,1271000000.0,1271000000.0,0.0,0.0,0.133,2388000000.0,1509000000.0,1630000000.0,0.367,3.526,18.211,18.78,904000000.0,0.0,20.47,2.42,2.382,1913000000.0,14353000000.0,9565000000.0,9565000000.0,1495000000.0,0.093,0.173,0.24,0.169,176000000.0,801000000.0,1.0,1130724579.0,1113000000,1119000000.0,8.594,9103000000.0,537000000.0,210000000.0,0.0,8.179,4117000000.0
22,AMAT,MRT,2015-12-31,2016-01-31,2016-01-31,2021-09-07,-94000000.0,13326000000.0,13843500000.0,6910000000.0,6416000000.0,0.69,6.255,-234000000.0,2962000000.0,2962000000.0,5648000000.0,1315000000.0,2.995,0.859,3343000000.0,0.0,3343000000.0,3343000000.0,850000000.0,375000000.0,0.0,0.023,0.4,1597000000.0,1972000000.0,0.206,1972000000.0,1597000000.0,1475000000.0,1.1,1.09,1.1,7168000000.0,7777250000.0,7168000000.0,20027204316.0,13.0,10.156,1076000000.0,0.939,1.0,3909000000.0,0.409,4016000000.0,122000000.0,7384000000.0,6293250000.0,1835000000.0,1150000000.0,154000000.0,996000000.0,6158000000.0,2307000000.0,3851000000.0,20282204316.0,33000000.0,-4000000.0,-1860000000.0,1376000000.0,-480000000.0,-937000000.0,-340000000.0,-102000000.0,1310000000.0,0.0,1315000000.0,1315000000.0,1315000000.0,0.0,0.0,0.138,2423000000.0,1486000000.0,1457000000.0,0.364,2.83,15.424,16.045,908000000.0,0.0,17.65,2.122,2.116,1625000000.0,14142000000.0,9557000000.0,9557000000.0,1474000000.0,0.095,0.169,0.254,0.167,166000000.0,857000000.0,1.0,1149133389.0,1146000000,1154000000.0,8.339,9310000000.0,496000000.0,160000000.0,0.0,8.124,4603000000.0
23,AMAT,MRT,2015-09-30,2015-10-25,2015-10-25,2021-09-07,-92000000.0,15308000000.0,13780250000.0,9261000000.0,6047000000.0,0.701,6.271,-215000000.0,4797000000.0,4797000000.0,5707000000.0,1377000000.0,2.438,1.011,4542000000.0,1200000000.0,3342000000.0,4542000000.0,765000000.0,371000000.0,0.0,0.024,0.4,1701000000.0,2072000000.0,0.215,2072000000.0,1701000000.0,1598000000.0,1.13,1.12,1.13,7613000000.0,8003250000.0,7613000000.0,18711183215.0,11.0,9.03,948000000.0,0.781,1.0,3952000000.0,0.409,4064000000.0,103000000.0,7191000000.0,5787500000.0,1833000000.0,1114000000.0,168000000.0,946000000.0,7695000000.0,3798000000.0,3897000000.0,19738183215.0,1795000000.0,-4000000.0,-1237000000.0,2581000000.0,-487000000.0,913000000.0,-281000000.0,-62000000.0,1163000000.0,0.0,1377000000.0,1377000000.0,1377000000.0,0.0,0.0,0.143,2348000000.0,1604000000.0,1833000000.0,0.354,2.593,14.334,14.549,892000000.0,0.0,16.44,2.044,2.066,1739000000.0,13967000000.0,9659000000.0,9659000000.0,1451000000.0,0.1,0.172,0.294,0.176,131000000.0,897000000.0,1.0,1200619417.0,1214000000,1226000000.0,7.956,11244000000.0,145000000.0,221000000.0,0.0,9.262,5463000000.0
24,AMAT,MRT,2015-06-30,2015-07-26,2015-07-26,2021-09-07,-118000000.0,13153000000.0,13246750000.0,7043000000.0,6110000000.0,0.721,6.533,-200000000.0,2574000000.0,2574000000.0,5603000000.0,1297000000.0,2.332,0.649,1547000000.0,0.0,1547000000.0,1547000000.0,858000000.0,369000000.0,0.0,0.023,0.4,1693000000.0,2062000000.0,0.216,2062000000.0,1693000000.0,1599000000.0,1.06,1.05,1.06,7977000000.0,8067000000.0,7977000000.0,20272862089.0,12.0,9.832,899000000.0,0.736,1.0,3952000000.0,0.414,4115000000.0,94000000.0,4991000000.0,5250000000.0,1739000000.0,1127000000.0,169000000.0,958000000.0,5176000000.0,3020000000.0,2156000000.0,21392862089.0,-152000000.0,-14000000.0,-542000000.0,0.0,-490000000.0,-974000000.0,-277000000.0,-63000000.0,1099000000.0,0.0,1297000000.0,1297000000.0,1297000000.0,0.0,0.0,0.136,2392000000.0,1560000000.0,2162000000.0,0.377,2.682,16.494,16.387,882000000.0,0.0,17.37,2.239,2.22,1991000000.0,13747000000.0,9555000000.0,9555000000.0,1448000000.0,0.098,0.161,0.322,0.177,128000000.0,950000000.0,1.0,1231598278.0,1221000000,1231000000.0,7.826,9038000000.0,155000000.0,302000000.0,0.0,7.402,4023000000.0
25,AMAT,MRT,2015-03-31,2015-04-26,2015-04-26,2021-09-07,-125000000.0,13587000000.0,13171250000.0,7447000000.0,6140000000.0,0.708,6.789,-216000000.0,3067000000.0,3067000000.0,5404000000.0,1269000000.0,2.762,0.627,1947000000.0,0.0,1947000000.0,1947000000.0,874000000.0,369000000.0,0.0,0.018,0.4,1688000000.0,2057000000.0,0.22,2057000000.0,1688000000.0,1594000000.0,1.04,1.02,1.04,8351000000.0,7993750000.0,8351000000.0,25803588540.0,15.0,12.544,1133000000.0,0.921,1.0,3926000000.0,0.421,4164000000.0,94000000.0,5607000000.0,5263250000.0,1713000000.0,1099000000.0,163000000.0,936000000.0,5236000000.0,2696000000.0,2540000000.0,26785588540.0,614000000.0,-12000000.0,83000000.0,0.0,-488000000.0,-349000000.0,-385000000.0,-157000000.0,1349000000.0,-1000000.0,1269000000.0,1269000000.0,1269000000.0,0.0,0.0,0.136,2371000000.0,1555000000.0,1822000000.0,0.385,3.207,21.108,20.962,887000000.0,0.0,21.8,2.871,2.874,1798000000.0,13538000000.0,9330000000.0,9330000000.0,1433000000.0,0.096,0.159,0.321,0.181,128000000.0,937000000.0,1.0,1228696722.0,1230000000,1241000000.0,7.585,9423000000.0,153000000.0,325000000.0,0.0,7.661,4751000000.0
26,AMAT,MRT,2014-12-31,2015-01-25,2015-01-25,2021-09-07,-77000000.0,13073000000.0,12913250000.0,6933000000.0,6140000000.0,0.716,6.595,-217000000.0,2929000000.0,2929000000.0,5330000000.0,1167000000.0,2.75,0.62,1947000000.0,0.0,1947000000.0,1947000000.0,784000000.0,373000000.0,0.0,0.017,0.4,1663000000.0,2036000000.0,0.22,2036000000.0,1663000000.0,1570000000.0,0.96,0.94,0.96,8072000000.0,7774750000.0,8072000000.0,28394689510.0,17.0,13.946,1271000000.0,1.038,1.0,3911000000.0,0.423,4209000000.0,93000000.0,5361000000.0,5130250000.0,1641000000.0,1088000000.0,158000000.0,930000000.0,5001000000.0,2521000000.0,2480000000.0,29449689510.0,785000000.0,-12000000.0,97000000.0,0.0,-487000000.0,-339000000.0,-364000000.0,-135000000.0,1488000000.0,0.0,1167000000.0,1167000000.0,1167000000.0,0.0,0.0,0.126,2371000000.0,1540000000.0,1737000000.0,0.417,3.648,25.235,25.115,864000000.0,0.0,24.11,3.187,3.193,1580000000.0,13297000000.0,9241000000.0,9241000000.0,1423000000.0,0.09,0.15,0.324,0.18,128000000.0,924000000.0,1.0,1221471983.0,1224000000,1240000000.0,7.55,8864000000.0,137000000.0,403000000.0,0.0,7.242,4412000000.0
27,AMAT,MRT,2014-09-30,2014-10-26,2014-10-26,2021-09-07,-76000000.0,13174000000.0,12694750000.0,6967000000.0,6207000000.0,0.715,6.476,-216000000.0,3002000000.0,3002000000.0,5229000000.0,1072000000.0,2.468,0.674,1947000000.0,0.0,1947000000.0,1947000000.0,940000000.0,375000000.0,0.0,0.019,0.4,1543000000.0,1918000000.0,0.211,1918000000.0,1543000000.0,1448000000.0,0.88,0.87,0.88,7868000000.0,7567000000.0,7868000000.0,24795096693.0,16.0,12.928,1584000000.0,1.304,1.0,3843000000.0,0.424,4255000000.0,95000000.0,5041000000.0,5083250000.0,1567000000.0,1095000000.0,160000000.0,935000000.0,5306000000.0,2823000000.0,2483000000.0,25574096693.0,1291000000.0,-12000000.0,107000000.0,0.0,-485000000.0,-348000000.0,-161000000.0,67000000.0,1800000000.0,0.0,1072000000.0,1072000000.0,1072000000.0,0.0,0.0,0.118,2353000000.0,1490000000.0,1883000000.0,0.455,3.25,23.856,23.852,861000000.0,0.0,20.99,2.819,2.811,1670000000.0,13072000000.0,9072000000.0,9072000000.0,1428000000.0,0.084,0.142,0.304,0.17,147000000.0,925000000.0,1.0,1218394316.0,1215000000,1231000000.0,7.467,8919000000.0,156000000.0,376000000.0,0.0,7.341,4144000000.0
28,AMAT,MRT,2014-06-30,2014-07-27,2014-07-27,2021-09-07,-42000000.0,12851000000.0,12412000000.0,6640000000.0,6211000000.0,0.709,6.309,-227000000.0,2726000000.0,2726000000.0,5117000000.0,999000000.0,2.41,0.672,1947000000.0,0.0,1947000000.0,1947000000.0,1066000000.0,379000000.0,0.0,0.019,0.4,1340000000.0,1719000000.0,0.195,1719000000.0,1340000000.0,1244000000.0,0.83,0.81,0.83,7684000000.0,7372000000.0,7684000000.0,25339431722.0,19.0,14.741,1185000000.0,0.973,1.0,3679000000.0,0.418,4273000000.0,96000000.0,5044000000.0,5182500000.0,1547000000.0,1102000000.0,145000000.0,957000000.0,5167000000.0,2755000000.0,2412000000.0,25845431722.0,981000000.0,-1000000.0,54000000.0,0.0,-483000000.0,-380000000.0,-51000000.0,177000000.0,1412000000.0,0.0,999000000.0,999000000.0,999000000.0,0.0,0.0,0.114,2360000000.0,1319000000.0,1689000000.0,0.482,3.364,25.871,25.578,849000000.0,0.0,21.23,2.938,2.94,1622000000.0,12938000000.0,8796000000.0,8796000000.0,1406000000.0,0.08,0.136,0.259,0.152,124000000.0,908000000.0,1.0,1217401400.0,1218000000,1233000000.0,7.222,8578000000.0,132000000.0,245000000.0,0.0,7.043,3885000000.0
29,AMAT,MRT,2014-03-31,2014-04-27,2014-04-27,2021-09-07,-41000000.0,12555000000.0,12137000000.0,6401000000.0,6154000000.0,0.701,6.147,-202000000.0,2453000000.0,2453000000.0,5013000000.0,866000000.0,2.405,0.68,1947000000.0,0.0,1947000000.0,1947000000.0,999000000.0,386000000.0,0.0,0.021,0.4,1197000000.0,1583000000.0,0.186,1583000000.0,1197000000.0,1102000000.0,0.72,0.71,0.72,7475000000.0,7189500000.0,7475000000.0,22352090815.0,19.0,14.12,990000000.0,0.814,1.0,3493000000.0,0.411,4312000000.0,95000000.0,5075000000.0,5248500000.0,1564000000.0,982000000.0,146000000.0,836000000.0,5080000000.0,2662000000.0,2418000000.0,22550090815.0,908000000.0,-1000000.0,43000000.0,0.0,-482000000.0,-391000000.0,107000000.0,310000000.0,1192000000.0,0.0,866000000.0,866000000.0,866000000.0,0.0,0.0,0.102,2315000000.0,1178000000.0,1663000000.0,0.556,3.017,26.039,25.861,855000000.0,0.0,18.62,2.651,2.662,1615000000.0,12759000000.0,8506000000.0,8506000000.0,1383000000.0,0.071,0.12,0.228,0.141,121000000.0,882000000.0,1.0,1211068250.0,1216000000,1229000000.0,6.995,8243000000.0,151000000.0,236000000.0,0.0,6.779,3739000000.0
30,AMAT,MRT,2013-12-31,2014-01-26,2014-01-26,2021-09-07,-44000000.0,12199000000.0,11922000000.0,6014000000.0,6185000000.0,0.682,6.004,-189000000.0,2144000000.0,2144000000.0,4826000000.0,475000000.0,2.428,0.685,1946000000.0,0.0,1946000000.0,1946000000.0,901000000.0,398000000.0,0.0,0.023,0.39,743000000.0,1141000000.0,0.14,1141000000.0,743000000.0,647000000.0,0.39,0.39,0.39,7241000000.0,7045250000.0,7241000000.0,20910830128.0,28.0,18.327,790000000.0,0.655,1.0,3300000000.0,0.406,4351000000.0,96000000.0,5173000000.0,5331500000.0,1533000000.0,978000000.0,145000000.0,833000000.0,4958000000.0,2477000000.0,2481000000.0,20675830128.0,621000000.0,-1000000.0,-46000000.0,0.0,-468000000.0,-473000000.0,115000000.0,305000000.0,979000000.0,0.0,475000000.0,475000000.0,475000000.0,0.0,0.0,0.058,2577000000.0,723000000.0,1576000000.0,1.0,2.855,43.528,44.026,846000000.0,0.0,17.17,2.544,2.548,1510000000.0,12619000000.0,8126000000.0,8126000000.0,1372000000.0,0.04,0.067,0.139,0.091,125000000.0,890000000.0,1.0,1204183467.0,1206000000,1225000000.0,6.738,7848000000.0,155000000.0,172000000.0,0.0,6.507,3537000000.0
31,AMAT,MRT,2013-09-30,2013-10-27,2013-10-27,2021-09-07,-38000000.0,12043000000.0,11800750000.0,5642000000.0,6401000000.0,0.636,5.897,-190000000.0,1711000000.0,1711000000.0,4518000000.0,256000000.0,2.309,0.699,1946000000.0,0.0,1946000000.0,1946000000.0,794000000.0,410000000.0,0.0,0.021,0.38,445000000.0,855000000.0,0.114,855000000.0,445000000.0,350000000.0,0.21,0.21,0.21,7088000000.0,7020250000.0,7088000000.0,21497042952.0,48.0,25.143,433000000.0,0.36,1.0,2991000000.0,0.398,4397000000.0,95000000.0,5438000000.0,5376250000.0,1413000000.0,1185000000.0,180000000.0,1005000000.0,4955000000.0,2443000000.0,2512000000.0,21296042952.0,319000000.0,-1000000.0,-86000000.0,0.0,-456000000.0,-519000000.0,215000000.0,406000000.0,623000000.0,0.0,256000000.0,256000000.0,256000000.0,0.0,0.0,0.034,2559000000.0,432000000.0,1649000000.0,1.81,3.005,83.188,84.31,850000000.0,0.0,17.705,2.836,2.834,1633000000.0,12487000000.0,7509000000.0,7509000000.0,1320000000.0,0.022,0.036,0.083,0.059,139000000.0,891000000.0,1.0,1202826487.0,1202000000,1219000000.0,6.247,7646000000.0,149000000.0,94000000.0,0.0,6.361,3199000000.0
32,AMAT,MRT,2013-06-30,2013-07-28,2013-07-28,2021-09-07,-61000000.0,11751000000.0,11815500000.0,5237000000.0,6514000000.0,0.607,5.781,-182000000.0,1745000000.0,1745000000.0,4384000000.0,-442000000.0,2.378,0.69,1946000000.0,0.0,1946000000.0,1946000000.0,756000000.0,409000000.0,0.0,0.023,0.37,-282000000.0,127000000.0,0.018,127000000.0,-282000000.0,-376000000.0,-0.34,-0.33,-0.34,6954000000.0,7057000000.0,6954000000.0,19782818904.0,-70.0,155.77,833000000.0,0.692,1.0,2783000000.0,0.388,4442000000.0,94000000.0,5308000000.0,5396250000.0,1358000000.0,1285000000.0,230000000.0,1055000000.0,4797000000.0,2202000000.0,2595000000.0,19381818904.0,216000000.0,-1000000.0,-544000000.0,0.0,-447000000.0,-991000000.0,195000000.0,378000000.0,1015000000.0,-3000000.0,-442000000.0,-442000000.0,-442000000.0,0.0,0.0,-0.062,3061000000.0,-278000000.0,1446000000.0,-1.088,2.787,-43.85,-47.441,872000000.0,0.0,16.13,2.704,2.707,1170000000.0,12425000000.0,7167000000.0,7167000000.0,1286000000.0,-0.037,-0.063,-0.052,-0.039,165000000.0,919000000.0,1.0,1201600676.0,1203000000,1220000000.0,5.958,7309000000.0,145000000.0,66000000.0,0.0,6.076,3035000000.0
33,AMAT,MRT,2013-03-31,2013-04-28,2013-04-28,2021-09-07,-54000000.0,11695000000.0,12207750000.0,5113000000.0,6582000000.0,0.617,5.734,-187000000.0,1545000000.0,1545000000.0,4628000000.0,-392000000.0,2.323,0.695,1946000000.0,0.0,1946000000.0,1946000000.0,739000000.0,414000000.0,0.0,0.025,0.36,-207000000.0,207000000.0,0.027,207000000.0,-207000000.0,-302000000.0,-0.31,-0.3,-0.31,6898000000.0,7403250000.0,6898000000.0,17391627222.0,-84.0,84.018,1120000000.0,0.931,1.0,2907000000.0,0.386,4488000000.0,95000000.0,5407000000.0,5564250000.0,1318000000.0,1305000000.0,225000000.0,1080000000.0,4797000000.0,2201000000.0,2596000000.0,16968627222.0,-216000000.0,-4000000.0,-1028000000.0,0.0,-442000000.0,-1470000000.0,-52000000.0,139000000.0,1307000000.0,-1000000.0,-392000000.0,-392000000.0,-392000000.0,0.0,0.0,-0.052,3113000000.0,-206000000.0,1462000000.0,-1.161,2.46,-43.287,-45.613,886000000.0,0.0,14.14,2.252,2.258,1275000000.0,12378000000.0,7535000000.0,7535000000.0,1261000000.0,-0.032,-0.053,-0.037,-0.027,167000000.0,966000000.0,1.0,1200044358.0,1203000000,1203000000.0,6.264,7207000000.0,128000000.0,90000000.0,0.0,5.991,2912000000.0
34,AMAT,MRT,2012-12-31,2013-01-27,2013-01-27,2021-09-07,-62000000.0,11714000000.0,12753250000.0,4765000000.0,6949000000.0,0.635,5.961,-174000000.0,1523000000.0,1523000000.0,4993000000.0,26000000.0,2.425,0.64,1946000000.0,0.0,1946000000.0,1946000000.0,678000000.0,416000000.0,0.0,0.027,0.35,269000000.0,685000000.0,0.085,685000000.0,269000000.0,175000000.0,0.02,0.03,0.02,7141000000.0,7854500000.0,7141000000.0,15919974002.0,59.0,23.241,1512000000.0,1.262,1.0,3110000000.0,0.384,4820000000.0,94000000.0,5352000000.0,5711000000.0,1278000000.0,1292000000.0,230000000.0,1062000000.0,4573000000.0,1965000000.0,2608000000.0,15365974002.0,-158000000.0,-11000000.0,-1152000000.0,0.0,-438000000.0,-1590000000.0,-250000000.0,-65000000.0,1686000000.0,-4000000.0,26000000.0,26000000.0,26000000.0,0.0,0.0,0.003,2839000000.0,271000000.0,1287000000.0,17.5,2.152,590.999,641.5,900000000.0,0.0,12.83,1.896,1.897,1109000000.0,12626000000.0,8103000000.0,8103000000.0,1238000000.0,0.002,0.003,0.047,0.033,171000000.0,1003000000.0,1.0,1197659704.0,1198000000,1212000000.0,6.764,6894000000.0,167000000.0,149000000.0,0.0,5.755,2800000000.0
35,AMAT,MRT,2012-09-30,2012-10-28,2012-10-28,2021-09-07,-61000000.0,12102000000.0,13224000000.0,5102000000.0,7000000000.0,0.659,5.715,-162000000.0,1392000000.0,1392000000.0,5406000000.0,109000000.0,2.253,0.673,1946000000.0,0.0,1946000000.0,1946000000.0,755000000.0,422000000.0,0.0,0.032,0.34,411000000.0,833000000.0,0.096,833000000.0,411000000.0,316000000.0,0.09,0.09,0.09,7235000000.0,8231750000.0,7235000000.0,13596323358.0,33.0,16.322,1689000000.0,1.334,1.0,3313000000.0,0.38,4873000000.0,95000000.0,5518000000.0,5867250000.0,1272000000.0,1600000000.0,545000000.0,1055000000.0,4867000000.0,2265000000.0,2602000000.0,13179323358.0,-4568000000.0,-4190000000.0,-1320000000.0,0.0,-434000000.0,-1754000000.0,-4660000000.0,-308000000.0,1851000000.0,-5000000.0,109000000.0,109000000.0,109000000.0,0.0,0.0,0.013,2902000000.0,411000000.0,1510000000.0,3.778,1.822,120.911,118.333,910000000.0,0.0,10.65,1.512,1.546,1220000000.0,12700000000.0,8719000000.0,8719000000.0,1237000000.0,0.008,0.013,0.07,0.047,182000000.0,1076000000.0,1.0,1237495151.0,1266000000,1277000000.0,6.887,7229000000.0,162000000.0,207000000.0,0.0,5.71,2837000000.0
36,AMAT,MRT,2012-06-30,2012-07-29,2012-07-29,2021-09-07,-5000000.0,13320000000.0,13663750000.0,5865000000.0,7455000000.0,0.677,6.634,-64000000.0,1529000000.0,1529000000.0,5676000000.0,1079000000.0,2.436,0.597,1946000000.0,0.0,1946000000.0,1946000000.0,937000000.0,384000000.0,0.0,0.03,0.33,1286000000.0,1670000000.0,0.18,1670000000.0,1286000000.0,1191000000.0,0.83,0.83,0.83,8339000000.0,8623000000.0,8339000000.0,14150261109.0,11.0,8.473,2077000000.0,1.652,1.0,3578000000.0,0.387,5349000000.0,95000000.0,5980000000.0,5864750000.0,1380000000.0,1693000000.0,635000000.0,1058000000.0,4981000000.0,2408000000.0,2573000000.0,13964261109.0,-3489000000.0,-4315000000.0,-993000000.0,0.0,-429000000.0,-1422000000.0,-4208000000.0,171000000.0,2141000000.0,0.0,1079000000.0,1079000000.0,1079000000.0,0.0,0.0,0.117,2307000000.0,1271000000.0,1410000000.0,0.398,1.675,12.942,13.127,917000000.0,0.0,10.895,1.509,1.48,1535000000.0,13323000000.0,9254000000.0,9254000000.0,1202000000.0,0.079,0.125,0.219,0.139,174000000.0,1061000000.0,1.0,1281712814.0,1257000000,1268000000.0,7.362,7971000000.0,629000000.0,112000000.0,447000000.0,6.341,3457000000.0
37,AMAT,MRT,2012-03-31,2012-04-29,2012-04-29,2021-09-07,7000000.0,13877000000.0,13859500000.0,6330000000.0,7547000000.0,0.7,6.752,-113000000.0,1761000000.0,1761000000.0,5866000000.0,1337000000.0,2.374,0.595,1947000000.0,1000000.0,1946000000.0,1947000000.0,1113000000.0,338000000.0,0.0,0.027,0.32,1654000000.0,1992000000.0,0.205,1992000000.0,1654000000.0,1558000000.0,1.02,1.02,1.02,8703000000.0,8676000000.0,8703000000.0,15800195627.0,10.0,7.932,1971000000.0,1.529,1.0,3832000000.0,0.395,5403000000.0,96000000.0,5994000000.0,5918750000.0,1594000000.0,1480000000.0,409000000.0,1071000000.0,5174000000.0,2666000000.0,2508000000.0,15532195627.0,-797000000.0,-4186000000.0,-519000000.0,1731000000.0,-419000000.0,793000000.0,-3675000000.0,624000000.0,2084000000.0,1000000.0,1337000000.0,1337000000.0,1337000000.0,0.0,0.0,0.138,2196000000.0,1636000000.0,1466000000.0,0.314,1.785,11.617,11.794,939000000.0,0.0,12.03,1.602,1.599,1785000000.0,13217000000.0,9698000000.0,9698000000.0,1175000000.0,0.096,0.154,0.279,0.171,170000000.0,1046000000.0,1.0,1291121831.0,1289000000,1301000000.0,7.524,8474000000.0,706000000.0,221000000.0,86000000.0,6.574,3664000000.0
38,AMAT,MRT,2011-12-31,2012-01-29,2012-01-29,2021-09-07,7000000.0,13597000000.0,13379500000.0,6157000000.0,7440000000.0,0.749,6.659,-131000000.0,1681000000.0,1681000000.0,6009000000.0,1537000000.0,2.469,0.572,1949000000.0,2000000.0,1947000000.0,1949000000.0,1014000000.0,295000000.0,0.0,0.025,0.31,1935000000.0,2230000000.0,0.223,2230000000.0,1935000000.0,1857000000.0,1.17,1.17,1.17,8650000000.0,8545750000.0,8650000000.0,11954941721.0,6.0,5.361,2054000000.0,1.581,1.0,4010000000.0,0.4,5394000000.0,78000000.0,5977000000.0,5615500000.0,1772000000.0,1271000000.0,316000000.0,955000000.0,4947000000.0,2494000000.0,2453000000.0,15967941721.0,-293000000.0,-4179000000.0,-434000000.0,1730000000.0,-408000000.0,888000000.0,-3371000000.0,939000000.0,2185000000.0,5000000.0,1537000000.0,1537000000.0,1537000000.0,0.0,0.0,0.153,2106000000.0,1904000000.0,1327000000.0,0.265,1.846,10.389,10.453,956000000.0,0.0,12.23,1.594,1.586,1576000000.0,13043000000.0,10019000000.0,10019000000.0,1151000000.0,0.115,0.18,0.345,0.193,166000000.0,984000000.0,1.0,1305637099.0,1299000000,1310000000.0,7.713,8203000000.0,707000000.0,320000000.0,151000000.0,6.315,3663000000.0
39,AMAT,MRT,2011-09-30,2011-10-30,2011-10-30,2021-09-07,6000000.0,13861000000.0,12798750000.0,10355000000.0,3506000000.0,0.822,6.672,-79000000.0,5960000000.0,5960000000.0,6157000000.0,1926000000.0,3.706,0.575,1947000000.0,0.0,1947000000.0,1947000000.0,1116000000.0,246000000.0,0.0,0.024,0.3,2437000000.0,2683000000.0,0.255,2683000000.0,2437000000.0,2378000000.0,1.46,1.45,1.46,8800000000.0,8343000000.0,8800000000.0,13556247252.0,6.0,5.053,2350000000.0,1.782,1.0,4360000000.0,0.415,1546000000.0,59000000.0,5508000000.0,5366750000.0,1701000000.0,1214000000.0,283000000.0,931000000.0,5061000000.0,2794000000.0,2267000000.0,16627247252.0,4102000000.0,0.0,-373000000.0,1730000000.0,-397000000.0,960000000.0,707000000.0,786000000.0,2429000000.0,6000000.0,1926000000.0,1926000000.0,1926000000.0,0.0,0.0,0.183,1962000000.0,2398000000.0,1520000000.0,0.205,1.889,8.633,8.644,866000000.0,0.0,12.62,1.581,1.583,1532000000.0,13029000000.0,10517000000.0,10517000000.0,1118000000.0,0.15,0.231,0.454,0.232,146000000.0,901000000.0,1.0,1317531478.0,1319000000,1330000000.0,7.973,12315000000.0,743000000.0,452000000.0,262000000.0,9.337,7561000000.0
40,AMAT,MRT,2011-06-30,2011-07-31,2011-07-31,2021-09-07,-4000000.0,14103000000.0,12069250000.0,10273000000.0,3830000000.0,0.93,6.488,-171000000.0,5018000000.0,5018000000.0,6496000000.0,1939000000.0,3.134,0.649,1947000000.0,0.0,1947000000.0,1947000000.0,1347000000.0,256000000.0,0.0,0.024,0.29,2779000000.0,3035000000.0,0.27,3035000000.0,2779000000.0,2738000000.0,1.46,1.46,1.46,8551000000.0,8027000000.0,8551000000.0,13887841984.0,5.0,4.576,2082000000.0,1.58,1.0,4726000000.0,0.421,1558000000.0,41000000.0,6196000000.0,5184500000.0,1849000000.0,1791000000.0,739000000.0,1052000000.0,5552000000.0,3278000000.0,2274000000.0,16240841984.0,3454000000.0,126000000.0,-349000000.0,1730000000.0,-385000000.0,996000000.0,203000000.0,248000000.0,2253000000.0,2000000.0,1939000000.0,1939000000.0,1939000000.0,0.0,0.0,0.173,1989000000.0,2737000000.0,1653000000.0,0.199,1.899,8.376,8.438,854000000.0,0.0,12.32,1.447,1.447,1812000000.0,12678000000.0,11222000000.0,11222000000.0,1127000000.0,0.161,0.242,0.536,0.248,141000000.0,922000000.0,1.0,1318250161.0,1318000000,1330000000.0,8.514,12545000000.0,907000000.0,799000000.0,278000000.0,9.518,6995000000.0
41,AMAT,MRT,2011-03-31,2011-05-01,2011-05-01,2021-09-07,1000000.0,11957000000.0,11225037000.0,7944000000.0,4013000000.0,0.976,6.198,-113000000.0,2558000000.0,2558000000.0,6551000000.0,1586000000.0,2.444,0.461,205000000.0,1000000.0,204000000.0,205000000.0,1279000000.0,270000000.0,0.0,0.018,0.28,2268000000.0,2538000000.0,0.232,2538000000.0,2268000000.0,2247000000.0,1.19,1.19,1.19,8182000000.0,7708784750.0,8182000000.0,18932499313.0,8.0,7.46,1840000000.0,1.394,1.0,4402000000.0,0.402,1572000000.0,21000000.0,4781000000.0,4845949500.0,1794000000.0,2019000000.0,750000000.0,1269000000.0,3775000000.0,3251000000.0,524000000.0,20701499313.0,962000000.0,0.0,-427000000.0,-2000000.0,-374000000.0,-803000000.0,-186000000.0,-73000000.0,1953000000.0,-2000000.0,1586000000.0,1586000000.0,1586000000.0,0.0,0.0,0.145,2169000000.0,2233000000.0,1760000000.0,0.235,2.53,13.053,13.185,898000000.0,0.0,15.69,1.89,1.891,1916000000.0,12308000000.0,10953000000.0,10953000000.0,1135000000.0,0.141,0.206,0.468,0.207,136000000.0,934000000.0,1.0,1319407222.0,1320000000,1333000000.0,8.298,10385000000.0,929000000.0,661000000.0,211000000.0,7.867,4693000000.0
42,AMAT,MRT,2010-12-31,2011-01-30,2011-01-30,2021-09-07,0.0,11274000000.0,10848224250.0,7142000000.0,4132000000.0,0.957,5.921,-101000000.0,1974000000.0,1974000000.0,6247000000.0,1361000000.0,2.451,0.438,205000000.0,1000000.0,204000000.0,205000000.0,1055000000.0,292000000.0,0.0,0.017,0.27,1969000000.0,2261000000.0,0.218,2261000000.0,1969000000.0,1948000000.0,1.02,1.02,1.02,7839000000.0,7493555000.0,7839000000.0,19285460730.0,10.0,8.53,1675000000.0,1.265,1.0,4140000000.0,0.399,1609000000.0,21000000.0,4982000000.0,4851073500.0,1647000000.0,2123000000.0,772000000.0,1351000000.0,3435000000.0,2914000000.0,521000000.0,20937595730.0,575000000.0,0.0,-378000000.0,-7000000.0,-361000000.0,-746000000.0,-452000000.0,-351000000.0,1776000000.0,-3000000.0,1361000000.0,1361000000.0,1361000000.0,0.0,0.0,0.131,2198000000.0,1942000000.0,1582000000.0,0.265,2.671,15.384,15.461,893000000.0,0.0,15.77,2.016,2.01,1946000000.0,11925000000.0,10387000000.0,10387000000.0,1144000000.0,0.125,0.182,0.406,0.19,125000000.0,941000000.0,1.0,1327685208.0,1324000000,1335000000.0,7.845,9665000000.0,791000000.0,587000000.0,276000000.0,7.3,4228000000.0
43,AMAT,MRT,2010-09-30,2010-10-31,2010-10-31,2021-09-07,2000000.0,10943000000.0,10530683750.0,6765000000.0,4178000000.0,0.907,5.624,-169000000.0,1858000000.0,1858000000.0,5834000000.0,938000000.0,2.342,0.452,205000000.0,1000000.0,204000000.0,205000000.0,847000000.0,305000000.0,0.0,0.021,0.26,1408000000.0,1713000000.0,0.179,1713000000.0,1408000000.0,1387000000.0,0.7,0.7,0.7,7536000000.0,7320840750.0,7536000000.0,15142388961.0,11.0,8.84,1554000000.0,1.16,1.0,3715000000.0,0.389,1623000000.0,21000000.0,4779000000.0,4812912750.0,1547000000.0,2034000000.0,727000000.0,1307000000.0,3407000000.0,2888000000.0,519000000.0,16500439961.0,282000000.0,-323000000.0,-221000000.0,-6000000.0,-349000000.0,-576000000.0,-862000000.0,-370000000.0,1723000000.0,-3000000.0,938000000.0,938000000.0,938000000.0,0.0,0.0,0.098,2331000000.0,1384000000.0,1766000000.0,0.371,2.19,17.591,17.643,963000000.0,0.0,12.35,1.728,1.733,1831000000.0,11511000000.0,9549000000.0,9549000000.0,1143000000.0,0.089,0.128,0.293,0.147,126000000.0,942000000.0,1.0,1336068013.0,1340000000,1349000000.0,7.126,9320000000.0,798000000.0,449000000.0,274000000.0,6.955,3877000000.0
44,AMAT,MRT,2010-06-30,2010-08-01,2010-08-01,2021-09-07,6570000.0,10726148000.0,10188494500.0,6551748000.0,4174400000.0,0.804,5.431,-195196000.0,1564337000.0,1564337000.0,5132756000.0,608189000.0,2.267,0.474,206286000.0,1848000.0,204438000.0,206286000.0,1036938000.0,307391000.0,0.0,0.021,0.25,877706000.0,1185097000.0,0.145,1185097000.0,877706000.0,857651000.0,0.45,0.45,0.45,7278139000.0,7210492750.0,7278139000.0,14457376303.0,16.0,12.199,1243008000.0,0.928,1.0,3057031000.0,0.373,1636827000.0,20055000.0,4841798000.0,4813900500.0,1590052000.0,2063314000.0,783799000.0,1279515000.0,3448009000.0,2889472000.0,558537000.0,15847155303.0,9154000.0,-323000000.0,-68500000.0,-6759000.0,-334244000.0,-409503000.0,-1018805000.0,-500609000.0,1438204000.0,-742000.0,608189000.0,608189000.0,608189000.0,0.0,0.0,0.074,2199473000.0,857558000.0,1643606000.0,0.556,2.177,26.056,26.222,983790000.0,0.0,11.8,1.935,1.931,1721496000.0,11135753000.0,8189787000.0,8189787000.0,1099073000.0,0.06,0.084,0.182,0.107,125886000.0,855881000.0,1.0,1342979263.0,1340000000,1349000000.0,6.112,9089321000.0,851710000.0,249462000.0,207080000.0,6.783,3662276000.0
45,AMAT,MRT,2010-03-31,2010-05-02,2010-05-02,2021-09-07,-703000.0,10449749000.0,9902027750.0,6173294000.0,4276455000.0,0.687,5.443,-218901000.0,1596429000.0,1596429000.0,4283622000.0,430324000.0,2.397,0.427,206650000.0,1803000.0,204847000.0,206650000.0,980658000.0,307892000.0,0.0,0.017,0.24,625415000.0,933307000.0,0.137,933307000.0,625415000.0,605467000.0,0.32,0.32,0.32,7321081000.0,7144360250.0,7321081000.0,17324156880.0,28.0,18.562,1114016000.0,0.828,1.0,2521905000.0,0.371,1682654000.0,19948000.0,4801496000.0,4775736000.0,1690445000.0,1968647000.0,738433000.0,1230214000.0,3128668000.0,2575820000.0,552848000.0,18510263880.0,129648000.0,-323000000.0,31273000.0,-5677000.0,-320264000.0,-294668000.0,-908859000.0,-366958000.0,1332917000.0,258000.0,430324000.0,430324000.0,430324000.0,0.0,0.0,0.063,1924530000.0,597375000.0,1440225000.0,0.75,2.528,43.015,43.062,1083525000.0,0.0,13.78,2.72,2.723,1437746000.0,11106136000.0,6805527000.0,6805527000.0,1043125000.0,0.043,0.06,0.131,0.092,136220000.0,771886000.0,1.0,1343270238.0,1345000000,1352000000.0,5.06,8767095000.0,712797000.0,175143000.0,153134000.0,6.518,3597474000.0
46,AMAT,MRT,2009-12-31,2010-01-31,2010-01-31,2021-09-07,-511000.0,10003838000.0,9726865250.0,5849263000.0,4154575000.0,0.568,5.326,-228682000.0,1399054000.0,1399054000.0,3779180000.0,-89066000.0,2.568,0.4,212947000.0,2400000.0,210547000.0,212947000.0,993357000.0,295772000.0,0.0,0.02,0.24,-144335000.0,151437000.0,0.027,151437000.0,-144335000.0,-164341000.0,-0.07,-0.07,-0.07,7148143000.0,7088064750.0,7148143000.0,14962048022.0,-104.0,98.8,661535000.0,0.493,1.0,1750424000.0,0.317,1710426000.0,20006000.0,4829357000.0,4783550500.0,1664269000.0,1801238000.0,755122000.0,1046116000.0,2855695000.0,2277948000.0,577747000.0,16336535022.0,33428000.0,-323000000.0,81724000.0,-510000.0,-320238000.0,-239024000.0,-618023000.0,-66341000.0,890217000.0,258000.0,-89066000.0,-89066000.0,-89066000.0,0.0,0.0,-0.016,1832332000.0,-81908000.0,1252031000.0,-3.429,2.285,-183.421,-174.0,1128669000.0,0.0,12.18,2.954,2.956,1267409000.0,10936149000.0,5529604000.0,5529604000.0,973460000.0,-0.009,-0.013,-0.03,-0.026,147392000.0,731644000.0,1.0,1341259033.0,1342000000,1350000000.0,4.12,8293412000.0,790061000.0,-75275000.0,30160000.0,6.18,3571315000.0
47,AMAT,MRT,2009-09-30,2009-10-25,2009-10-25,2021-09-07,-1680000.0,9574243000.0,9832806500.0,5688947000.0,3885296000.0,0.51,5.322,-249000000.0,1576381000.0,1576381000.0,3583000000.0,-305000000.0,2.933,0.35,201894000.0,1240000.0,200654000.0,201894000.0,864280000.0,291000000.0,0.0,0.019,0.24,-465000000.0,-174000000.0,-0.035,-174000000.0,-465000000.0,-486000000.0,-0.23,-0.23,-0.23,7094608000.0,7140196750.0,7094608000.0,15918529326.0,-34.0,-91.486,84000000.0,0.063,1.0,1431000000.0,0.285,1477348000.0,21000000.0,4782951000.0,4875238750.0,1627457000.0,1690514000.0,638349000.0,1052165000.0,2479635000.0,1939457000.0,540178000.0,17271596326.0,165000000.0,0.0,39000000.0,-1000000.0,-319000000.0,-281000000.0,112000000.0,361000000.0,333000000.0,1000000.0,-305000000.0,-305000000.0,-305000000.0,0.0,0.0,-0.061,1825000000.0,-394000000.0,1061502000.0,-1.043,2.434,-56.628,-56.304,1090433000.0,0.0,12.95,3.445,3.443,1041495000.0,10934004000.0,5014000000.0,5014000000.0,934000000.0,-0.031,-0.043,-0.095,-0.093,147000000.0,735000000.0,1.0,1333714002.0,1333000000,1333000000.0,3.761,8096895000.0,806446000.0,-181000000.0,12435000.0,6.074,3749490000.0
48,AMAT,MRT,2009-06-30,2009-07-26,2009-07-26,2021-09-07,5748000.0,9580281000.0,10190825250.0,5764792000.0,3815489000.0,0.543,5.26,-223988000.0,1555470000.0,1555470000.0,3860216000.0,-212094000.0,2.827,0.366,202403000.0,1203000.0,201200000.0,202403000.0,911485000.0,299621000.0,0.0,0.018,0.24,-316171000.0,-16550000.0,-0.003,-16550000.0,-316171000.0,-336962000.0,-0.16,-0.16,-0.16,7013609000.0,7253784250.0,7013609000.0,16318072495.0,-52.0,-985.986,-4875000.0,-0.004,1.0,1670674000.0,0.302,1499091000.0,20791000.0,4689140000.0,5001672000.0,1748507000.0,1573355000.0,583188000.0,990167000.0,2566672000.0,2038983000.0,527689000.0,17582727495.0,414938000.0,0.0,-234097000.0,-504000.0,-319602000.0,-552118000.0,746852000.0,970840000.0,219113000.0,1091000.0,-212094000.0,-212094000.0,-212094000.0,0.0,0.0,-0.038,1920767000.0,-250093000.0,1056532000.0,-1.5,2.507,-82.901,-82.438,1088058000.0,0.0,13.19,3.179,3.18,842169000.0,10896826000.0,5530890000.0,5530890000.0,975149000.0,-0.021,-0.029,-0.063,-0.057,157807000.0,817660000.0,1.0,1333034685.0,1333278000,1333278000.0,4.148,8081190000.0,964814000.0,-124868000.0,69763000.0,6.061,3725809000.0
49,AMAT,MRT,2009-03-31,2009-04-26,2009-04-26,2021-09-07,-3528000.0,9749099000.0,10545365250.0,5914806000.0,3834293000.0,0.592,5.328,-236096000.0,1466976000.0,1466976000.0,4157204000.0,7539000.0,2.773,0.374,202321000.0,1156000.0,201165000.0,202321000.0,962975000.0,311838000.0,0.0,0.021,0.24,543000.0,312381000.0,0.05,312381000.0,543000.0,-20214000.0,0.0,0.0,0.0,7095899000.0,7385580750.0,7095899000.0,14390334678.0,26502.0,46.067,109722000.0,0.082,1.0,2088114000.0,0.334,1518857000.0,20757000.0,4832754000.0,5217863750.0,1901024000.0,1598094000.0,597389000.0,1000705000.0,2653200000.0,2132833000.0,520367000.0,15553376678.0,368717000.0,0.0,-509758000.0,-2428000.0,-320867000.0,-830968000.0,852819000.0,1088915000.0,345818000.0,1048000.0,7539000.0,7539000.0,7539000.0,0.0,0.0,0.001,2032692000.0,55422000.0,1047915000.0,,2.192,2063.056,,1090123000.0,0.0,11.7,2.49,2.495,914392000.0,11031711000.0,6245318000.0,6245318000.0,1009656000.0,0.001,0.001,0.0,0.0,160594000.0,894940000.0,1.0,1329348434.0,1331729000,1331729000.0,4.69,8230242000.0,915034000.0,-27753000.0,120787000.0,6.18,3781973000.0
50,AMAT,MRT,2008-12-31,2009-01-25,2009-01-25,2021-09-07,-11504000.0,10427603000.0,10850828000.0,6279668000.0,4147935000.0,0.68,5.535,-244870000.0,1366196000.0,1366196000.0,4475816000.0,565436000.0,2.482,0.417,203154000.0,1259000.0,201895000.0,203154000.0,1061034000.0,312805000.0,0.0,0.025,0.24,838692000.0,1151497000.0,0.156,1151497000.0,838692000.0,816737000.0,0.41,0.41,0.41,7356671000.0,7539307000.0,7356671000.0,11694359789.0,14.0,10.156,890650000.0,0.67,1.0,2899423000.0,0.393,1538720000.0,21955000.0,5196110000.0,5443918500.0,2131092000.0,1825918000.0,551196000.0,1274722000.0,3070932000.0,2529731000.0,541201000.0,12903339789.0,150547000.0,-216240000.0,-544411000.0,-1950000.0,-322099000.0,-860969000.0,-124982000.0,336128000.0,1135520000.0,978000.0,565436000.0,565436000.0,565436000.0,0.0,0.0,0.077,2112967000.0,786456000.0,1326803000.0,0.585,1.754,22.82,23.683,1108186000.0,0.0,9.71,1.75,1.75,1274853000.0,11386759000.0,7375239000.0,7375239000.0,1060443000.0,0.052,0.075,0.154,0.114,166338000.0,950627000.0,1.0,1328871245.0,1329223000,1329223000.0,5.549,8888883000.0,816210000.0,251301000.0,140635000.0,6.687,3749937000.0
51,AMAT,MRT,2008-09-30,2008-10-26,2008-10-26,2021-09-07,-26570000.0,11006318000.0,10832049250.0,6664157000.0,4342161000.0,0.75,5.575,-245696000.0,1411624000.0,1411624000.0,4686412000.0,960746000.0,2.262,0.458,202644000.0,1068000.0,201576000.0,202644000.0,1225735000.0,320051000.0,0.0,0.021,0.24,1429224000.0,1749275000.0,0.215,1749275000.0,1429224000.0,1408718000.0,0.71,0.7,0.71,7548958000.0,7564822000.0,7548958000.0,14357298293.0,10.0,8.208,1464772000.0,1.082,1.0,3442828000.0,0.424,1563102000.0,20506000.0,5288684000.0,5548982000.0,1987017000.0,2135633000.0,689044000.0,1446589000.0,3457360000.0,2945552000.0,511808000.0,15294923293.0,208902000.0,-235324000.0,-1106006000.0,-2117000.0,-325405000.0,-1426037000.0,-75986000.0,405034000.0,1710468000.0,457000.0,960746000.0,960746000.0,960746000.0,0.0,0.0,0.118,2087397000.0,1355431000.0,1545355000.0,0.338,2.026,15.92,16.056,1094200000.0,0.0,11.4,1.881,1.899,1691027000.0,11601288000.0,8129240000.0,8129240000.0,1104122000.0,0.089,0.127,0.258,0.176,171452000.0,965164000.0,1.0,1341659938.0,1354176000,1374507000.0,6.003,9443216000.0,752682000.0,447972000.0,173394000.0,6.973,3718605000.0
52,AMAT,MRT,2008-06-30,2008-07-27,2008-07-27,2021-09-07,-8422000.0,10998441000.0,10746039250.0,6623875000.0,4374566000.0,0.787,5.584,-270060000.0,1140532000.0,1140532000.0,4731579000.0,1151412000.0,2.275,0.459,202907000.0,981000.0,201926000.0,202907000.0,0.0,321063000.0,0.0,0.014,0.24,1690177000.0,2011240000.0,0.238,2011240000.0,1690177000.0,1665274000.0,0.83,0.82,0.83,7540795000.0,7632934750.0,7540795000.0,22162603020.0,13.0,11.019,1991489000.0,1.475,1.0,3721028000.0,0.44,1595533000.0,24903000.0,5553907000.0,5702607000.0,1853316000.0,2673174000.0,1157143000.0,1516031000.0,3457646000.0,2911376000.0,546270000.0,23056113020.0,27857000.0,-683896000.0,-803828000.0,-203743000.0,-328694000.0,-1298055000.0,-935751000.0,18205000.0,2261549000.0,114000.0,1151412000.0,1151412000.0,1151412000.0,0.0,0.0,0.136,2120968000.0,1600060000.0,2790984000.0,0.289,3.058,20.024,20.494,1090462000.0,0.0,17.01,2.728,2.718,1581213000.0,11350019000.0,8452607000.0,8452607000.0,1099778000.0,0.107,0.151,0.296,0.2,127844000.0,968517000.0,1.0,1355444622.0,1350526000,1367557000.0,6.259,9402908000.0,683424000.0,513862000.0,119411000.0,6.962,3712499000.0
53,AMAT,MRT,2008-03-31,2008-04-27,2008-04-27,2021-09-07,2564000.0,10970950000.0,10587774750.0,6606938000.0,4364012000.0,0.866,5.683,-271217000.0,1098259000.0,1098259000.0,4970319000.0,1460159000.0,2.44,0.423,204749000.0,2749000.0,202000000.0,204749000.0,0.0,298677000.0,0.0,0.013,0.24,2139736000.0,2438413000.0,0.266,2438413000.0,2139736000.0,2109617000.0,1.05,1.04,1.05,7710804000.0,7594770250.0,7710804000.0,24843493199.0,12.0,10.188,2307481000.0,1.701,1.0,4195104000.0,0.458,1633042000.0,30119000.0,5736973000.0,5873117750.0,1626239000.0,2845309000.0,1357097000.0,1488212000.0,3260146000.0,2707425000.0,552721000.0,25853992199.0,166215000.0,-687416000.0,-663362000.0,-201849000.0,-330457000.0,-1143711000.0,-1269050000.0,-310417000.0,2578698000.0,278000.0,1460159000.0,1460159000.0,1460159000.0,0.0,0.0,0.159,2151514000.0,2043590000.0,2598891000.0,0.229,3.353,17.706,18.19,1073802000.0,0.0,19.1,2.821,2.827,1729487000.0,11265710000.0,9165423000.0,9165423000.0,1123803000.0,0.138,0.192,0.364,0.233,115461000.0,973560000.0,1.0,1353612157.0,1356705000,1373314000.0,6.756,9337908000.0,619143000.0,649458000.0,105785000.0,6.883,3899513000.0
54,AMAT,MRT,2007-12-31,2008-01-27,2008-01-27,2021-09-07,17264000.0,10352488000.0,10319093000.0,6191806000.0,4160682000.0,0.925,5.439,-280027000.0,1215649000.0,1215649000.0,5180100000.0,1569096000.0,2.631,0.388,205150000.0,2674000.0,202476000.0,205150000.0,0.0,285904000.0,0.0,0.013,0.23,2296459000.0,2582363000.0,0.271,2582363000.0,2296459000.0,2263751000.0,1.13,1.11,1.13,7458731000.0,7426504250.0,7458731000.0,23089669996.0,10.0,8.941,1937803000.0,1.413,1.0,4364886000.0,0.457,1372155000.0,32708000.0,5616364000.0,5945917750.0,1387512000.0,2253206000.0,689907000.0,1563299000.0,2893757000.0,2353470000.0,540287000.0,24087549996.0,147034000.0,-590610000.0,-961368000.0,-201796000.0,-319126000.0,-1432496000.0,-638666000.0,231971000.0,2217830000.0,366000.0,1569096000.0,1569096000.0,1569096000.0,0.0,0.0,0.164,2170023000.0,2194863000.0,2174683000.0,0.204,3.229,15.351,15.416,1065087000.0,0.0,17.42,2.524,2.503,2014501000.0,11044518000.0,9544986000.0,9544986000.0,1127725000.0,0.152,0.211,0.386,0.241,115224000.0,963613000.0,1.0,1382752583.0,1371245000,1383886000.0,6.961,8980333000.0,569914000.0,694655000.0,176113000.0,6.549,3838336000.0
55,AMAT,MRT,2007-09-30,2007-10-28,2007-10-28,2021-09-07,11353000.0,10662278000.0,10182971750.0,6607593000.0,4054685000.0,0.956,5.56,-264784000.0,1202722000.0,1202722000.0,5242413000.0,1710196000.0,2.774,0.363,204842000.0,2561000.0,202281000.0,204842000.0,0.0,268334000.0,0.0,0.012,0.22,2478284000.0,2746618000.0,0.282,2746618000.0,2478284000.0,2439653000.0,1.22,1.2,1.22,7821409000.0,7303499250.0,7821409000.0,25285273147.0,10.0,9.206,1944512000.0,1.382,1.0,4492443000.0,0.461,1379588000.0,38631000.0,5903184000.0,6026377000.0,1313237000.0,2644342000.0,1166857000.0,1477485000.0,2840869000.0,2381626000.0,459243000.0,25991066147.0,341259000.0,-562042000.0,-433972000.0,-202139000.0,-305672000.0,-891989000.0,-976613000.0,-149787000.0,2209296000.0,565000.0,1710196000.0,1710196000.0,1710196000.0,0.0,0.0,0.176,2120937000.0,2371506000.0,2221516000.0,0.18,3.323,15.198,15.459,1051242000.0,0.0,18.86,2.67,2.725,2049427000.0,10863291000.0,9734856000.0,9734856000.0,1142073000.0,0.168,0.234,0.411,0.255,111403000.0,952443000.0,1.0,1378105310.0,1406685000,1427002000.0,6.92,9282690000.0,572841000.0,729457000.0,157549000.0,6.599,4225967000.0
56,AMAT,MRT,2007-06-30,2007-07-29,2007-07-29,2021-09-07,11759000.0,10365383000.0,9887611500.0,6811435000.0,3553948000.0,1.0,5.332,-263615000.0,1112675000.0,1112675000.0,5284443000.0,1737464000.0,2.672,0.403,406882000.0,202528000.0,204354000.0,406882000.0,0.0,260338000.0,0.0,0.01,0.21,2559173000.0,2819511000.0,0.285,2819511000.0,2559173000.0,2520477000.0,1.23,1.22,1.23,7388137000.0,7010997000.0,7388137000.0,29270050653.0,11.0,10.381,1938895000.0,1.399,1.0,4601662000.0,0.465,874877000.0,38696000.0,6235950000.0,6004818000.0,1361875000.0,2771695000.0,1295261000.0,1476434000.0,2977246000.0,2548763000.0,428483000.0,29795218653.0,-195782000.0,-123237000.0,-2966143000.0,-2561000.0,-299250000.0,-3252403000.0,853098000.0,1238087000.0,2202510000.0,1013000.0,1737464000.0,1737464000.0,1737464000.0,0.0,0.0,0.176,2156420000.0,2445242000.0,2203223000.0,0.171,4.033,17.149,17.528,1046471000.0,0.0,21.56,3.014,3.022,2240290000.0,10525120000.0,9886105000.0,9886105000.0,1170435000.0,0.176,0.248,0.426,0.259,170310000.0,961113000.0,1.0,1381967470.0,1385519000,1407264000.0,7.135,9490506000.0,637185000.0,783013000.0,143012000.0,6.85,4262672000.0
57,AMAT,MRT,2007-03-31,2007-04-29,2007-04-29,2021-09-07,-11474000.0,9896223000.0,10239730000.0,6358992000.0,3537231000.0,0.964,5.059,-230196000.0,932044000.0,932044000.0,5259938000.0,1775989000.0,2.587,0.406,406876000.0,202535000.0,204341000.0,406876000.0,0.0,258877000.0,0.0,0.01,0.2,2593550000.0,2852427000.0,0.289,2852427000.0,2593550000.0,2556081000.0,1.22,1.21,1.22,7037740000.0,7330448750.0,7037740000.0,26298266181.0,10.0,9.22,1710330000.0,1.23,1.0,4608626000.0,0.467,884828000.0,37469000.0,6028173000.0,6366699250.0,1470601000.0,2570000000.0,1085749000.0,1484251000.0,2858483000.0,2458054000.0,400429000.0,26959668181.0,-444636000.0,-412944000.0,-3322301000.0,-2575000.0,-294410000.0,-3611078000.0,1225018000.0,2013575000.0,1940526000.0,898000.0,1775989000.0,1775989000.0,1775989000.0,0.0,0.0,0.18,2154465000.0,2454161000.0,2037169000.0,0.164,3.831,15.18,15.82,1030161000.0,0.0,19.3,2.732,2.721,2121817000.0,10134422000.0,9868564000.0,9868564000.0,1182177000.0,0.173,0.242,0.407,0.263,183852000.0,951678000.0,1.0,1396873999.0,1391076000,1407255000.0,7.094,9011395000.0,611279000.0,780092000.0,218350000.0,6.478,3900938000.0
58,AMAT,MRT,2006-12-31,2007-01-28,2007-01-28,2021-09-07,-15296000.0,9808003000.0,10628613250.0,6405585000.0,3402418000.0,0.902,4.995,-189562000.0,1068615000.0,1068615000.0,5070048000.0,1777359000.0,2.621,0.408,407213000.0,202521000.0,204692000.0,407213000.0,0.0,261641000.0,0.0,0.01,0.18,2586129000.0,2847770000.0,0.297,2847770000.0,2586129000.0,2548270000.0,1.18,1.18,1.18,6966711000.0,7725681250.0,6966711000.0,24308750664.0,9.0,8.536,1749573000.0,1.254,1.0,4516641000.0,0.471,764204000.0,37859000.0,5938201000.0,6828193000.0,1518882000.0,2482644000.0,1014205000.0,1468439000.0,2841292000.0,2444196000.0,397096000.0,24762970664.0,-38684000.0,-295146000.0,-3443597000.0,-2703000.0,-272160000.0,-3703983000.0,1725284000.0,2355409000.0,1939135000.0,880000.0,1777359000.0,1777359000.0,1777359000.0,0.0,0.0,0.185,2090433000.0,2426208000.0,1910718000.0,0.153,3.554,13.932,15.068,1028938000.0,0.0,17.78,2.583,2.587,2051606000.0,9805927000.0,9586689000.0,9586689000.0,1167016000.0,0.167,0.23,0.379,0.27,184741000.0,929429000.0,1.0,1392743007.0,1394710000,1409014000.0,6.874,9043799000.0,601979000.0,770911000.0,330957000.0,6.484,3961389000.0
59,AMAT,MRT,2006-09-30,2006-10-29,2006-10-29,2021-09-07,-19010000.0,9480837000.0,10979089500.0,6081019000.0,3399818000.0,0.835,4.288,-179482000.0,861463000.0,861463000.0,4875212000.0,1516663000.0,2.496,0.425,407243000.0,202535000.0,204708000.0,407243000.0,0.0,270413000.0,0.0,0.009,0.16,2203067000.0,2473480000.0,0.27,2473480000.0,2203067000.0,2166971000.0,0.98,0.97,0.98,6651400000.0,8150898250.0,6651400000.0,25576448949.0,12.0,10.34,1797636000.0,1.159,1.0,4291802000.0,0.468,773624000.0,36096000.0,5816948000.0,7395183500.0,1406777000.0,2495167000.0,1035875000.0,1459292000.0,2829437000.0,2436045000.0,393392000.0,26475385949.0,-128879000.0,-322887000.0,-3820619000.0,-7710000.0,-250782000.0,-4055447000.0,1948986000.0,2596772000.0,1977118000.0,464000.0,1516663000.0,1516663000.0,1516663000.0,0.0,0.0,0.165,2271181000.0,2020621000.0,2023651000.0,0.163,3.98,17.456,17.612,1024294000.0,0.0,17.26,2.888,2.921,2026199000.0,9472303000.0,9167014000.0,9167014000.0,1152326000.0,0.138,0.186,0.298,0.24,192605000.0,906742000.0,1.0,1533915756.0,1551339000,1565072000.0,5.909,8707213000.0,598081000.0,650308000.0,209859000.0,5.613,3644974000.0
60,AMAT,MRT,2006-06-30,2006-07-30,2006-07-30,2021-09-07,-41530000.0,11773857000.0,11426169500.0,7407679000.0,4366178000.0,0.732,5.588,-182987000.0,1308457000.0,1308457000.0,4501033000.0,1314348000.0,3.046,0.359,409520000.0,2550000.0,406970000.0,409520000.0,0.0,271698000.0,0.0,0.009,0.14,1933598000.0,2205296000.0,0.264,2205296000.0,1933598000.0,1897416000.0,0.84,0.83,0.84,8665944000.0,8720185500.0,8665944000.0,23412274209.0,12.0,10.616,1360878000.0,0.878,1.0,3865808000.0,0.462,759638000.0,36182000.0,7683475000.0,8068016500.0,1341918000.0,3996104000.0,1524319000.0,2471785000.0,3107913000.0,2431807000.0,676106000.0,24379507209.0,52711000.0,-313120000.0,-1677177000.0,-50900000.0,-222779000.0,-1925753000.0,434604000.0,1077991000.0,1543865000.0,-5000.0,1314348000.0,1314348000.0,1314348000.0,0.0,0.0,0.157,2128477000.0,1737331000.0,2189539000.0,0.167,2.813,18.549,18.56,1030667000.0,0.0,15.59,2.914,2.89,2294318000.0,8692135000.0,8366841000.0,8366841000.0,1089794000.0,0.115,0.151,0.24,0.231,219962000.0,828060000.0,1.0,1563791354.0,1550744000,1562615000.0,5.395,11014219000.0,714845000.0,583068000.0,239718000.0,7.103,4975872000.0
61,AMAT,MRT,2006-03-31,2006-04-30,2006-04-30,2021-09-07,-64678000.0,11451756000.0,11387367500.0,7335623000.0,4116133000.0,0.655,5.467,-202472000.0,1376680000.0,1376680000.0,4095793000.0,1171899000.0,3.353,0.329,409447000.0,2542000.0,406905000.0,409447000.0,0.0,282154000.0,0.0,0.007,0.12,1550884000.0,1833038000.0,0.246,1833038000.0,1550884000.0,1514212000.0,0.74,0.73,0.74,8618670000.0,8821610750.0,8618670000.0,27781660437.0,18.0,15.156,1311540000.0,0.832,1.0,3359543000.0,0.451,422846000.0,36672000.0,7874148000.0,8252051000.0,1083372000.0,4453069000.0,1952097000.0,2500972000.0,2833086000.0,2187529000.0,645557000.0,28479012437.0,-287069000.0,-19893000.0,-1602203000.0,-51251000.0,-193901000.0,-1828656000.0,27727000.0,250092000.0,1514012000.0,-152000.0,1171899000.0,1171899000.0,1171899000.0,0.0,0.0,0.157,2000296000.0,1359247000.0,1894239000.0,0.162,3.304,24.302,24.257,1040493000.0,0.0,17.95,3.82,3.796,1948873000.0,8657575000.0,7455336000.0,7455336000.0,1021916000.0,0.103,0.133,0.188,0.208,172682000.0,765111000.0,1.0,1586574509.0,1576548000,1586404000.0,4.729,11028910000.0,800680000.0,342313000.0,290748000.0,6.996,5148094000.0
62,AMAT,MRT,2005-12-31,2006-01-29,2006-01-29,2021-09-07,-43084000.0,11209908000.0,11503468000.0,9541395000.0,1668513000.0,0.614,5.423,-216156000.0,1107299000.0,1107299000.0,3935491000.0,1063915000.0,5.079,0.293,409947000.0,2567000.0,407380000.0,409947000.0,0.0,290924000.0,0.0,0.005,0.09,1393150000.0,1684074000.0,0.238,1684074000.0,1393150000.0,1355898000.0,0.66,0.65,0.66,8667579000.0,8962429250.0,8667579000.0,31161566834.0,22.0,18.504,1252761000.0,0.784,1.0,3133348000.0,0.443,427890000.0,37252000.0,8206163000.0,8317767000.0,1023175000.0,4700837000.0,4700837000.0,0.0,2542329000.0,1878503000.0,663826000.0,31736954834.0,-327585000.0,-18257000.0,-1593098000.0,-52969000.0,-146276000.0,-1783156000.0,-22447000.0,211966000.0,1468917000.0,9101000.0,1063915000.0,1063915000.0,1063915000.0,0.0,0.0,0.151,1923654000.0,1209694000.0,1603963000.0,0.136,3.662,29.83,29.924,1083250000.0,0.0,19.75,4.49,4.465,1754545000.0,8322978000.0,7068839000.0,7068839000.0,971622000.0,0.092,0.119,0.167,0.197,127114000.0,737185000.0,1.0,1606934422.0,1598260000,1608165000.0,4.423,10782018000.0,825006000.0,291983000.0,271973000.0,6.746,7662892000.0
63,AMAT,MRT,2005-09-30,2005-10-30,2005-10-30,2021-09-07,-37248000.0,11269157000.0,11725628250.0,6835077000.0,4434080000.0,0.596,5.426,-199650000.0,990342000.0,990342000.0,3905949000.0,1209900000.0,3.872,0.262,414954000.0,7574000.0,407380000.0,414954000.0,0.0,300433000.0,0.0,0.004,0.06,1619388000.0,1919821000.0,0.275,1919821000.0,1619388000.0,1581569000.0,0.74,0.73,0.74,8928549000.0,9120493000.0,8928549000.0,25748647510.0,16.0,13.412,1087071000.0,0.661,1.0,3085874000.0,0.441,420075000.0,37819000.0,8508280000.0,8337269250.0,1034093000.0,4994879000.0,2342952000.0,2651927000.0,2340608000.0,1765414000.0,575194000.0,26543938510.0,-502950000.0,-101793000.0,-1411396000.0,-61715000.0,-98040000.0,-1571151000.0,-218704000.0,82739000.0,1286721000.0,184000.0,1209900000.0,1209900000.0,1209900000.0,0.0,0.0,0.173,1637909000.0,1447965000.0,1618042000.0,0.081,2.973,21.939,22.108,1275024000.0,0.0,16.36,3.796,3.85,1615504000.0,8227793000.0,6991823000.0,6991823000.0,940507000.0,0.103,0.133,0.194,0.232,84445000.0,697402000.0,1.0,1622490129.0,1645531000,1657493000.0,4.249,10849082000.0,668237000.0,371669000.0,139798000.0,6.593,5069663000.0
64,AMAT,MRT,2005-06-30,2005-07-31,2005-07-31,2021-09-07,-9670000.0,11618649000.0,11931700250.0,9744469000.0,1874180000.0,0.627,5.562,-177070000.0,1255746000.0,1255746000.0,4124104000.0,1418194000.0,4.928,0.281,460455000.0,46165000.0,414290000.0,460455000.0,0.0,313969000.0,0.0,0.002,0.03,1793294000.0,2107263000.0,0.282,2107263000.0,1793294000.0,1748963000.0,0.85,0.84,0.85,9071645000.0,9203862500.0,9071645000.0,29177226532.0,16.0,13.846,1379366000.0,0.846,1.0,3352947000.0,0.448,426426000.0,44331000.0,8419613000.0,8325414250.0,1073722000.0,4972697000.0,4972697000.0,0.0,2547004000.0,1977319000.0,569685000.0,30380207532.0,-221066000.0,-101793000.0,-1478902000.0,-118234000.0,-49330000.0,-1646466000.0,-130751000.0,148112000.0,1556436000.0,-285000.0,1418194000.0,1418194000.0,1418194000.0,0.0,0.0,0.19,1718808000.0,1634139000.0,1703540000.0,0.035,3.349,21.422,21.741,1283598000.0,0.0,18.48,4.063,4.031,1525133000.0,8078026000.0,7477051000.0,7477051000.0,952071000.0,0.119,0.154,0.215,0.24,100970000.0,740110000.0,1.0,1643950624.0,1630895000,1641818000.0,4.585,11192223000.0,791522000.0,330769000.0,227614000.0,6.863,7767150000.0
65,AMAT,MRT,2005-03-31,2005-05-01,2005-05-01,2021-09-07,6284000.0,11916158000.0,12006655250.0,10004942000.0,1911216000.0,0.673,5.529,-155423000.0,1663749000.0,1663749000.0,4386175000.0,1489174000.0,4.627,0.298,460768000.0,46466000.0,414302000.0,460768000.0,0.0,329495000.0,0.0,0.0,0.0,2083062000.0,2412557000.0,0.299,2412557000.0,2083062000.0,2034580000.0,0.88,0.87,0.88,9181944000.0,9211804500.0,9181944000.0,23628963490.0,11.0,9.794,1737919000.0,1.047,1.0,3695090000.0,0.457,414085000.0,48482000.0,8137012000.0,8198241500.0,1085578000.0,4743114000.0,4743114000.0,0.0,2734214000.0,2162080000.0,572134000.0,24800531490.0,795534000.0,-109193000.0,-1029601000.0,-118523000.0,0.0,-1148124000.0,40009000.0,304625000.0,1893342000.0,10307000.0,1489174000.0,1489174000.0,1489174000.0,0.0,0.0,0.184,1750104000.0,1944986000.0,1757039000.0,0.0,2.701,16.654,16.898,1299784000.0,0.0,14.87,3.069,3.056,1595402000.0,7757765000.0,8081265000.0,8081265000.0,972404000.0,0.124,0.162,0.254,0.258,101360000.0,751073000.0,1.0,1667823234.0,1660584000,1671822000.0,4.867,11502073000.0,859183000.0,545406000.0,358575000.0,6.927,7842862000.0
66,AMAT,MRT,2004-12-31,2005-01-30,2005-01-30,2021-09-07,11605000.0,12098549000.0,11829478000.0,10200599000.0,1897950000.0,0.696,5.56,-146739000.0,1634484000.0,1634484000.0,4422880000.0,1557692000.0,4.59,0.301,462916000.0,46672000.0,416244000.0,462916000.0,0.0,345967000.0,0.0,0.0,0.0,2172349000.0,2518316000.0,0.306,2518316000.0,2172349000.0,2122000000.0,0.92,0.91,0.92,9299834000.0,9075412500.0,9299834000.0,25109382256.0,12.0,9.971,1500223000.0,0.897,1.0,3815301000.0,0.463,420450000.0,50349000.0,8284172000.0,8174655500.0,1204182000.0,4763735000.0,4763735000.0,0.0,2798715000.0,2222359000.0,576356000.0,26934926256.0,559347000.0,-109193000.0,-557274000.0,-118560000.0,0.0,-675834000.0,-391315000.0,-135383000.0,1646962000.0,-20466000.0,1557692000.0,1557692000.0,1557692000.0,0.0,0.0,0.189,1766799000.0,2048502000.0,1759514000.0,0.0,2.896,17.292,17.435,1329771000.0,0.0,16.04,3.27,3.257,1740874000.0,7452935000.0,8238181000.0,8238181000.0,990990000.0,0.132,0.172,0.266,0.264,101750000.0,749182000.0,1.0,1679234804.0,1672671000,1687140000.0,4.925,11678099000.0,768876000.0,564308000.0,416173000.0,6.982,7978240000.0
67,AMAT,MRT,2004-09-30,2004-10-31,2004-10-31,2021-09-07,10417000.0,12093445000.0,11462585500.0,10281519000.0,1811926000.0,0.699,5.487,-190577000.0,1493292000.0,1493292000.0,4311808000.0,1351303000.0,4.494,0.306,456300000.0,45864000.0,410436000.0,456300000.0,0.0,355538000.0,0.0,0.0,0.0,1882127000.0,2237665000.0,0.279,2237665000.0,1882127000.0,1829250000.0,0.8,0.78,0.8,9262027000.0,8805182500.0,9262027000.0,25852436787.0,14.0,11.553,1436694000.0,0.851,1.0,3701245000.0,0.462,307612000.0,52877000.0,8460860000.0,8005813250.0,1139368000.0,5084704000.0,5084704000.0,0.0,2831418000.0,2287981000.0,543437000.0,27341558787.0,735892000.0,-7400000.0,-253390000.0,-105414000.0,0.0,-358804000.0,-533857000.0,-335880000.0,1627271000.0,1282000.0,1351303000.0,1351303000.0,1351303000.0,0.0,0.0,0.169,1937580000.0,1763665000.0,1895061000.0,0.0,2.952,20.233,20.125,1345528000.0,0.0,16.1,3.412,3.392,1670153000.0,7164170000.0,8013053000.0,8013053000.0,991873000.0,0.118,0.153,0.235,0.235,102046000.0,751621000.0,1.0,1698233465.0,1688121000,1721645000.0,4.747,11785833000.0,610095000.0,477947000.0,347056000.0,6.982,7993538000.0
68,AMAT,MRT,2004-06-30,2004-08-01,2004-08-01,2021-09-07,13031000.0,11918469000.0,11017129750.0,10141443000.0,1777026000.0,0.638,5.366,-222244000.0,2047442000.0,2047442000.0,3862290000.0,911746000.0,4.595,0.309,558320000.0,103829000.0,454491000.0,558320000.0,0.0,354485000.0,0.0,0.0,0.0,1341919000.0,1696404000.0,0.241,1696404000.0,1341919000.0,1293258000.0,0.54,0.54,0.54,9103413000.0,8506684250.0,9103413000.0,27866141073.0,21.0,16.427,1177251000.0,0.694,1.0,3168413000.0,0.451,311573000.0,48661000.0,7910922000.0,7778490500.0,1152774000.0,4548645000.0,4548645000.0,0.0,2815056000.0,2206852000.0,608204000.0,28755297073.0,514823000.0,-7400000.0,204227000.0,-3688000.0,0.0,200539000.0,-1087260000.0,-857616000.0,1399495000.0,2049000.0,911746000.0,911746000.0,911746000.0,0.0,0.0,0.13,1938198000.0,1230215000.0,1779143000.0,0.0,3.159,31.539,31.426,1382604000.0,0.0,16.97,4.09,4.095,1527603000.0,6709162000.0,7030703000.0,7030703000.0,971551000.0,0.083,0.107,0.173,0.191,126770000.0,685684000.0,1.0,1694478319.0,1696544000,1721690000.0,4.144,11606896000.0,572245000.0,381512000.0,477593000.0,6.841,7934591000.0
69,AMAT,MRT,2004-03-31,2004-05-02,2004-05-02,2021-09-07,21650000.0,11207449000.0,10493357250.0,9393357000.0,1814092000.0,0.561,5.108,-230889000.0,1448078000.0,1448078000.0,3433349000.0,434373000.0,4.769,0.298,558922000.0,104431000.0,454491000.0,558922000.0,0.0,359740000.0,0.0,0.0,0.0,662931000.0,1022671000.0,0.174,1022671000.0,662931000.0,616133000.0,0.26,0.26,0.26,8636376000.0,8197104250.0,8636376000.0,29890595061.0,45.0,29.228,614727000.0,0.364,1.0,2456109000.0,0.417,305831000.0,46798000.0,8042668000.0,7679674000.0,1110731000.0,4458611000.0,4458611000.0,0.0,2571073000.0,1969794000.0,601279000.0,30799959061.0,-236350000.0,-13498000.0,160338000.0,-21052000.0,0.0,139286000.0,-1212826000.0,-968439000.0,845616000.0,-8426000.0,434373000.0,434373000.0,434373000.0,0.0,0.0,0.074,1926144000.0,529965000.0,1564120000.0,0.0,3.566,70.907,70.269,1426347000.0,0.0,18.27,5.23,5.245,1405067000.0,6268591000.0,5889458000.0,5889458000.0,931795000.0,0.041,0.053,0.086,0.113,127756000.0,647205000.0,1.0,1685821514.0,1690617000,1729506000.0,3.484,10901618000.0,704365000.0,181760000.0,448031000.0,6.448,7423563000.0
70,AMAT,MRT,2003-12-31,2004-02-01,2004-02-01,2021-09-07,32854000.0,10630979000.0,10172468750.0,8779836000.0,1851143000.0,0.489,4.886,-229466000.0,1470471000.0,1470471000.0,3088288000.0,-1101000.0,4.853,0.293,561107000.0,105292000.0,455815000.0,561107000.0,0.0,366610000.0,0.0,0.0,0.0,45772000.0,412382000.0,0.083,412382000.0,45772000.0,-1561000.0,0.0,0.0,0.0,8218914000.0,8022490750.0,8218914000.0,35667939305.0,779.0,86.492,720365000.0,0.428,1.0,1890242000.0,0.38,303792000.0,47333000.0,7608803000.0,7618840500.0,999740000.0,4226823000.0,4226823000.0,0.0,2412065000.0,1809020000.0,603045000.0,36471082305.0,-94355000.0,-13498000.0,96096000.0,-62541000.0,0.0,33555000.0,-1087262000.0,-844298000.0,949831000.0,9521000.0,-1101000.0,-1101000.0,-1101000.0,0.0,0.0,0.0,1989472000.0,-99230000.0,1466303000.0,,4.437,-33125.415,,1473574000.0,0.0,21.69,7.326,7.328,1081142000.0,5895243000.0,4978530000.0,4978530000.0,920058000.0,0.0,0.0,0.006,0.009,127366000.0,629539000.0,1.0,1681469908.0,1682025000,1735268000.0,2.96,10327187000.0,788981000.0,-460000.0,384655000.0,6.14,6970816000.0
71,AMAT,MRT,2003-09-30,2003-10-26,2003-10-26,2021-09-07,16383000.0,10311622000.0,10020952500.0,8370773000.0,1940849000.0,0.447,4.862,-265280000.0,1364857000.0,1364857000.0,2872836000.0,-149147000.0,5.101,0.278,561714000.0,105292000.0,456422000.0,561714000.0,0.0,381655000.0,0.0,0.0,0.0,-164681000.0,216974000.0,0.048,216974000.0,-164681000.0,-211556000.0,-0.09,-0.09,-0.09,8068034000.0,7971882000.0,8068034000.0,33620869295.0,-204.0,154.953,589795000.0,0.355,1.0,1604455000.0,0.358,316033000.0,46875000.0,7551569000.0,7730941250.0,950692000.0,4128349000.0,4128349000.0,0.0,2243588000.0,1640877000.0,602711000.0,34343906295.0,-204335000.0,-13498000.0,72784000.0,-64405000.0,0.0,8379000.0,-1068995000.0,-790217000.0,855075000.0,1206000.0,-149147000.0,-149147000.0,-149147000.0,0.0,0.0,-0.033,1918237000.0,-313782000.0,1319471000.0,0.0,4.257,-230.269,-229.444,1559830000.0,0.0,20.65,7.671,7.654,912875000.0,5812867000.0,4477291000.0,4477291000.0,920618000.0,-0.015,-0.019,-0.021,-0.037,126974000.0,625865000.0,1.0,1663143162.0,1659557000,1659557000.0,2.698,9995589000.0,782823000.0,-62409000.0,362403000.0,6.023,6729896000.0
72,AMAT,MRT,2003-06-30,2003-07-27,2003-07-27,2021-09-07,17454000.0,9823379000.0,9999238250.0,7807742000.0,2015637000.0,0.47,4.74,-311647000.0,1285045000.0,1285045000.0,2989581000.0,-17356000.0,6.199,0.249,562008000.0,4847000.0,557161000.0,562008000.0,0.0,393989000.0,0.0,0.0,0.0,-17300000.0,376689000.0,0.08,376689000.0,-17300000.0,-65674000.0,-0.01,-0.01,-0.01,7865093000.0,7959785750.0,7865093000.0,31140000168.0,-1800.0,82.668,511844000.0,0.308,1.0,1712410000.0,0.364,325082000.0,48374000.0,7515656000.0,7775730750.0,997277000.0,3947657000.0,3947657000.0,0.0,1958286000.0,1259604000.0,698682000.0,31987647168.0,120432000.0,-13498000.0,-25309000.0,-66556000.0,0.0,-91865000.0,-609327000.0,-284182000.0,823491000.0,-1867000.0,-17356000.0,-17356000.0,-17356000.0,0.0,0.0,-0.004,1895600000.0,-183190000.0,1254757000.0,0.0,4.067,-1843.031,-1930.0,1608449000.0,0.0,19.3,6.803,6.811,741618000.0,5797416000.0,4701991000.0,4701991000.0,965307000.0,-0.002,-0.002,-0.002,-0.004,76629000.0,672043000.0,1.0,1657391045.0,1659365000,1659365000.0,2.834,9498297000.0,635255000.0,-48318000.0,141521000.0,5.724,6548138000.0
73,AMAT,MRT,2003-03-31,2003-04-27,2003-04-27,2021-09-07,45663000.0,9923895000.0,10095848500.0,7859088000.0,2064807000.0,0.502,4.794,-424320000.0,1427621000.0,1427621000.0,3095141000.0,134673000.0,6.155,0.25,579974000.0,9821000.0,570153000.0,579974000.0,0.0,400577000.0,0.0,0.0,0.0,199798000.0,600375000.0,0.118,600375000.0,199798000.0,149970000.0,0.08,0.08,0.08,7937922000.0,7957808750.0,7937922000.0,22817988497.0,114.0,38.006,452706000.0,0.273,1.0,1971625000.0,0.389,0.0,49828000.0,7799334000.0,7905097500.0,1114726000.0,3792123000.0,3792123000.0,0.0,1985973000.0,1276914000.0,709059000.0,23487288497.0,385166000.0,0.0,-9584000.0,-53869000.0,0.0,-63453000.0,-432829000.0,-8509000.0,877026000.0,4422000.0,134673000.0,134673000.0,134673000.0,0.0,0.0,0.027,1931696000.0,39929000.0,1256126000.0,0.0,2.959,174.402,177.375,1661988000.0,0.0,14.19,4.636,4.638,742063000.0,5834218000.0,5066766000.0,5066766000.0,1024234000.0,0.013,0.017,0.025,0.039,75253000.0,715393000.0,1.0,1655200035.0,1655927000,1655927000.0,3.06,9923895000.0,578153000.0,15297000.0,149873000.0,5.993,6582174000.0
74,AMAT,MRT,2002-12-31,2003-01-26,2003-01-26,2021-09-07,52780000.0,10024914000.0,10079175500.0,7878747000.0,2146167000.0,0.508,4.857,-501838000.0,1292948000.0,1292948000.0,3054470000.0,248829000.0,6.068,0.251,623648000.0,49903000.0,573745000.0,623648000.0,0.0,399470000.0,0.0,0.0,0.0,360602000.0,760072000.0,0.149,760072000.0,360602000.0,311894000.0,0.15,0.15,0.15,8016479000.0,7892112250.0,8016479000.0,21238400902.0,59.0,27.943,71106000.0,0.043,1.0,2061591000.0,0.403,0.0,48708000.0,8057206000.0,7946655000.0,1217107000.0,3695986000.0,3695986000.0,0.0,2008435000.0,1298408000.0,710027000.0,21899562902.0,191513000.0,-25500000.0,23494000.0,-10198000.0,0.0,13296000.0,-402928000.0,124410000.0,572944000.0,8201000.0,248829000.0,248829000.0,248829000.0,0.0,0.0,0.049,1868139000.0,193452000.0,1200618000.0,0.0,2.732,88.01,88.467,1755101000.0,0.0,13.27,4.281,4.281,891297000.0,5896344000.0,5116061000.0,5116061000.0,1048675000.0,0.025,0.032,0.045,0.07,75253000.0,720126000.0,1.0,1650306172.0,1650612000,1650612000.0,3.099,10024914000.0,560047000.0,63065000.0,184169000.0,6.073,6580339000.0
75,AMAT,MRT,2002-09-30,2002-10-27,2002-10-27,2021-09-07,18609000.0,10224765000.0,10025485250.0,8072793000.0,2151972000.0,0.505,4.879,-476457000.0,1284791000.0,1284791000.0,3005651000.0,269004000.0,5.377,0.275,623629000.0,49776000.0,573853000.0,623629000.0,0.0,387526000.0,0.0,0.0,0.0,389868000.0,777394000.0,0.154,777394000.0,389868000.0,340511000.0,0.16,0.16,0.16,8019649000.0,7792296750.0,8019649000.0,23377153641.0,60.0,30.071,75058000.0,0.046,1.0,2056661000.0,0.406,331420000.0,49357000.0,7730727000.0,7889056250.0,1273816000.0,3644735000.0,3644735000.0,0.0,2205116000.0,1501456000.0,703660000.0,23912494641.0,-71513000.0,-107462000.0,74491000.0,56351000.0,0.0,130842000.0,-751959000.0,-168040000.0,551515000.0,-1911000.0,269004000.0,269004000.0,269004000.0,0.0,0.0,0.053,1846703000.0,209958000.0,1348156000.0,0.0,2.982,88.893,90.688,1764937000.0,0.0,14.51,4.724,4.711,1046016000.0,5962014000.0,5062312000.0,5062312000.0,1052269000.0,0.027,0.035,0.049,0.077,75253000.0,708955000.0,1.0,1648001009.0,1643612000,1701557000.0,3.08,9893345000.0,565936000.0,71507000.0,233331000.0,6.019,6571337000.0
76,AMAT,MRT,2002-06-30,2002-07-28,2002-07-28,2021-09-07,43510000.0,10209820000.0,9926421500.0,8003700000.0,2206120000.0,0.492,4.77,-531068000.0,1164613000.0,1164613000.0,2958246000.0,39444000.0,4.876,0.299,629272000.0,49884000.0,579388000.0,629272000.0,0.0,392641000.0,0.0,0.0,0.0,104781000.0,497422000.0,0.102,497422000.0,104781000.0,55954000.0,0.02,0.02,0.02,7857185000.0,7689068750.0,7857185000.0,23143370134.0,221.0,46.527,202206000.0,0.123,1.0,1923041000.0,0.394,0.0,48827000.0,8033123000.0,7833625000.0,1251260000.0,3687434000.0,3687434000.0,0.0,2352635000.0,1641356000.0,711279000.0,23558007134.0,-200423000.0,-107462000.0,56845000.0,-45013000.0,0.0,11832000.0,-953962000.0,-315432000.0,733274000.0,8433000.0,39444000.0,39444000.0,39444000.0,0.0,0.0,0.008,2006636000.0,-83595000.0,1439752000.0,0.0,2.998,597.252,716.0,1799271000.0,0.0,14.32,4.826,4.832,1085214000.0,5814772000.0,4881287000.0,4881287000.0,1052178000.0,0.004,0.005,0.013,0.021,106579000.0,720379000.0,1.0,1645112230.0,1647181000,1703196000.0,2.963,10209820000.0,557601000.0,16510000.0,283611000.0,6.198,6362344000.0
77,AMAT,MRT,2002-03-31,2002-04-28,2002-04-28,2021-09-07,-16781000.0,9857203000.0,9932288000.0,7715128000.0,2142075000.0,0.503,4.671,-556705000.0,1042455000.0,1042455000.0,3024998000.0,39162000.0,5.224,0.284,627818000.0,50542000.0,577276000.0,627818000.0,0.0,390667000.0,0.0,0.0,0.0,106193000.0,496860000.0,0.099,496860000.0,106193000.0,59737000.0,0.02,0.02,0.02,7675136000.0,7673426000.0,7675136000.0,38503944178.0,363.0,77.495,310800000.0,0.189,1.0,1972511000.0,0.395,0.0,46456000.0,7965564000.0,7773472750.0,1186110000.0,3748259000.0,3748259000.0,0.0,2182067000.0,1477002000.0,705065000.0,38978082178.0,-934855000.0,-128479000.0,96218000.0,-53174000.0,0.0,43044000.0,-1844481000.0,-1159297000.0,867505000.0,-923000.0,39162000.0,39162000.0,39162000.0,0.0,0.0,0.008,2068737000.0,-96226000.0,1295016000.0,0.0,5.078,995.304,1188.5,1712688000.0,0.0,23.77,7.8,7.816,967316000.0,5699545000.0,4997509000.0,4997509000.0,1053559000.0,0.004,0.005,0.014,0.021,106579000.0,766949000.0,1.0,1639801522.0,1643317000,1719777000.0,3.041,9857203000.0,549078000.0,20575000.0,259233000.0,5.998,6238126000.0
78,AMAT,MRT,2001-12-31,2002-01-27,2002-01-27,2021-09-07,1094000.0,9810153000.0,10104628750.0,7710671000.0,2099482000.0,0.592,4.655,-633410000.0,1101435000.0,1101435000.0,3485715000.0,305509000.0,5.109,0.288,627297000.0,64976000.0,562321000.0,627297000.0,0.0,386998000.0,0.0,0.0,0.0,479135000.0,866133000.0,0.145,866133000.0,479135000.0,431879000.0,0.19,0.18,0.19,7617217000.0,7692675500.0,7617217000.0,33726068841.0,70.0,38.939,1052328000.0,0.643,1.0,2494739000.0,0.417,0.0,47256000.0,7826811000.0,7569575250.0,1259915000.0,3786852000.0,3786852000.0,0.0,2192936000.0,1509204000.0,683732000.0,34512760841.0,-547531000.0,-102979000.0,83692000.0,-87323000.0,0.0,-3631000.0,-2208705000.0,-1472316000.0,1685738000.0,-20933000.0,305509000.0,305509000.0,305509000.0,0.0,0.0,0.051,2225894000.0,268845000.0,1310528000.0,0.0,4.531,112.968,110.895,1682344000.0,0.0,21.07,5.771,5.765,777582000.0,5647515000.0,5980454000.0,5980454000.0,1109286000.0,0.03,0.04,0.063,0.08,106579000.0,809965000.0,1.0,1638004786.0,1636418000,1636418000.0,3.655,9810153000.0,551958000.0,126370000.0,255111000.0,5.995,6201467000.0
79,AMAT,MRT,2001-09-30,2001-10-28,2001-10-28,2021-09-07,24445000.0,9828510000.0,10345345250.0,7782174000.0,2046336000.0,0.71,4.677,-710620000.0,1356304000.0,1356304000.0,4091215000.0,507829000.0,5.077,0.292,569612000.0,4807000.0,564805000.0,569612000.0,0.0,386971000.0,0.0,0.0,0.0,884043000.0,1271014000.0,0.173,1271014000.0,884043000.0,836403000.0,0.31,0.3,0.31,7606737000.0,7668071750.0,7606737000.0,29401345892.0,33.0,23.132,869684000.0,0.535,1.0,3252033000.0,0.443,0.0,47640000.0,7509002000.0,7435142250.0,1412997000.0,3485088000.0,3485088000.0,0.0,2221773000.0,1532816000.0,688957000.0,30095843892.0,-291300000.0,-21017000.0,-169021000.0,-91604000.0,0.0,-260625000.0,-1583313000.0,-851676000.0,1580304000.0,-27666000.0,507829000.0,507829000.0,507829000.0,0.0,0.0,0.069,2321887000.0,930146000.0,1477531000.0,0.0,3.956,59.264,59.468,1706488000.0,0.0,18.435,4.098,4.083,776451000.0,5693010000.0,7343248000.0,7343248000.0,1198799000.0,0.049,0.066,0.119,0.12,106579000.0,901924000.0,1.0,1632538318.0,1626404000,1694658000.0,4.515,9828510000.0,551785000.0,328574000.0,174630000.0,6.043,6249358000.0
80,AMAT,MRT,2001-06-30,2001-07-29,2001-07-29,2021-09-07,-39408000.0,10233286000.0,10524650250.0,8241027000.0,1992259000.0,0.855,4.782,-695394000.0,1365036000.0,1365036000.0,4706504000.0,1253944000.0,4.719,0.313,670538000.0,104645000.0,565893000.0,670538000.0,0.0,375094000.0,0.0,0.0,0.0,1949646000.0,2324740000.0,0.258,2324740000.0,1949646000.0,1901444000.0,0.775,0.74,0.775,7794614000.0,7540443250.0,7794614000.0,36321944189.0,19.0,15.624,1148661000.0,0.705,1.0,4292234000.0,0.477,0.0,48202000.0,7792514000.0,7262351250.0,1453996000.0,3315886000.0,3315886000.0,0.0,2438672000.0,1746274000.0,692398000.0,37615275189.0,22201000.0,-21017000.0,-188112000.0,33993000.0,0.0,-154119000.0,-1627804000.0,-911393000.0,1844055000.0,-39931000.0,1253944000.0,1253944000.0,1253944000.0,0.0,0.0,0.139,2297934000.0,1994300000.0,1502940000.0,0.0,4.826,29.998,29.845,1653001000.0,0.0,23.13,4.18,4.189,1315800000.0,5998543000.0,8998738000.0,8998738000.0,1253664000.0,0.119,0.166,0.268,0.217,387478000.0,971706000.0,1.0,1626254872.0,1629840000,1707810000.0,5.521,10233286000.0,545598000.0,647500000.0,265194000.0,6.279,6494753000.0
81,AMAT,MRT,2001-03-31,2001-04-29,2001-04-29,2021-09-07,-5971000.0,10546566000.0,10271034500.0,8653436000.0,1893130000.0,0.989,4.777,-623190000.0,1977310000.0,1977310000.0,5126339000.0,1742780000.0,4.114,0.36,683979000.0,117552000.0,566427000.0,683979000.0,0.0,362928000.0,0.0,0.0,0.0,2646920000.0,3009848000.0,0.296,3009848000.0,2646920000.0,2596762000.0,1.08,1.02,1.08,7752134000.0,7124285750.0,7752134000.0,42726906642.0,16.0,14.196,1309696000.0,0.807,1.0,5028523000.0,0.495,0.0,50158000.0,7149974000.0,6852628000.0,1649122000.0,2563077000.0,2563077000.0,0.0,2794432000.0,2103261000.0,691171000.0,43650573642.0,790497000.0,0.0,-192159000.0,86975000.0,0.0,-105184000.0,-999152000.0,-375962000.0,1932886000.0,-38053000.0,1742780000.0,1742780000.0,1742780000.0,0.0,0.0,0.172,2331766000.0,2696757000.0,1798452000.0,0.0,5.631,25.047,24.949,1549206000.0,0.0,26.945,4.298,4.306,1614911000.0,5970018000.0,10154862000.0,10154862000.0,1280277000.0,0.17,0.245,0.386,0.261,387478000.0,993075000.0,1.0,1619987888.0,1622708000,1695824000.0,6.258,10546566000.0,543405000.0,853982000.0,312001000.0,6.499,6550175000.0
82,AMAT,MRT,2000-12-31,2001-01-28,2001-01-28,2021-09-07,10564000.0,10773019000.0,9666851500.0,8982803000.0,1790216000.0,1.056,4.639,-517181000.0,1648966000.0,1648966000.0,5064323000.0,1893274000.0,3.509,0.433,725299000.0,155797000.0,569502000.0,725299000.0,0.0,366263000.0,0.0,0.0,0.0,2872154000.0,3238417000.0,0.317,3238417000.0,2872154000.0,2820634000.0,1.17,1.1,1.17,7518802000.0,6559507250.0,7518802000.0,37776962912.0,13.0,11.665,953536000.0,0.588,1.0,5141153000.0,0.504,0.0,51520000.0,7289079000.0,6474081500.0,1709176000.0,2285036000.0,2285036000.0,0.0,3254217000.0,2560273000.0,693944000.0,38745143912.0,807389000.0,0.0,-176028000.0,117349000.0,0.0,-58679000.0,-584132000.0,-66951000.0,1470717000.0,-20517000.0,1893274000.0,1893274000.0,1893274000.0,0.0,0.0,0.186,2206826000.0,2934327000.0,2018840000.0,0.0,5.153,20.465,20.462,1441028000.0,0.0,23.94,3.797,3.802,2470454000.0,5743288000.0,10205476000.0,10205476000.0,1220954000.0,0.196,0.289,0.444,0.281,387478000.0,1014030000.0,1.0,1618427064.0,1620874000,1689786000.0,6.296,10773019000.0,545716000.0,927360000.0,510078000.0,6.646,6422530000.0
83,AMAT,MRT,2000-09-30,2000-10-29,2000-10-29,2021-09-07,-19170000.0,10545730000.0,8738096500.0,8839147000.0,1706583000.0,1.095,4.399,-383255000.0,1647604000.0,1647604000.0,4708684000.0,2063552000.0,3.203,0.485,679423000.0,106297000.0,573126000.0,679423000.0,0.0,361970000.0,0.0,0.0,0.0,2999219000.0,3361189000.0,0.351,3361189000.0,2999219000.0,2947844000.0,1.28,1.2,1.28,7096223000.0,5868943250.0,7096223000.0,38353332993.0,13.0,11.411,1268560000.0,0.786,1.0,4855728000.0,0.508,0.0,51375000.0,6817838000.0,5975784000.0,1503751000.0,2580435000.0,2580435000.0,0.0,3441382000.0,2759711000.0,681671000.0,39039910993.0,779483000.0,0.0,99204000.0,49938000.0,0.0,149142000.0,-1012436000.0,-629181000.0,1651815000.0,-9038000.0,2063552000.0,2063552000.0,2063552000.0,0.0,0.0,0.216,2040517000.0,2815211000.0,2268608000.0,0.0,5.502,18.919,18.801,1366782000.0,0.0,24.065,4.082,4.059,2351379000.0,5185181000.0,9564412000.0,9564412000.0,1107922000.0,0.236,0.352,0.502,0.314,387478000.0,960753000.0,1.0,1622269312.0,1613160000,1718338000.0,5.929,10545730000.0,549108000.0,884292000.0,493351000.0,6.537,6079436000.0
84,AMAT,MRT,2000-06-30,2000-07-30,2000-07-30,2021-09-07,-14126000.0,9218823000.0,7855291500.0,7552363000.0,1666460000.0,1.051,3.787,-287544000.0,1342835000.0,1342835000.0,4110538000.0,1703528000.0,3.175,0.504,656257000.0,81921000.0,574336000.0,656257000.0,0.0,339160000.0,0.0,0.0,0.0,2484424000.0,2823584000.0,0.342,2823584000.0,2484424000.0,2434032000.0,1.065,1.0,1.065,6129984000.0,5238702000.0,6129984000.0,59190168498.0,24.0,20.963,1246519000.0,0.77,1.0,4147281000.0,0.502,0.0,50392000.0,6153621000.0,5531705000.0,1132625000.0,2404493000.0,2404493000.0,0.0,3088839000.0,2378624000.0,710215000.0,59759053498.0,724232000.0,-36466000.0,200553000.0,16901000.0,0.0,217454000.0,-1028229000.0,-704219000.0,1534063000.0,944000.0,1703528000.0,1703528000.0,1703528000.0,-20996000.0,0.0,0.206,1876184000.0,2271097000.0,1899550000.0,0.0,9.749,35.08,34.742,1280137000.0,0.0,37.0,7.237,7.253,2162251000.0,4521384000.0,8257819000.0,8257819000.0,996632000.0,0.217,0.325,0.449,0.301,161291000.0,874310000.0,1.0,1615109554.0,1618690000,1724142000.0,5.102,9218823000.0,330889000.0,730504000.0,533032000.0,5.695,5173739000.0
85,AMAT,MRT,2000-03-31,2000-04-30,2000-04-30,2021-09-07,-5452000.0,8129834000.0,6992303500.0,6489092000.0,1640742000.0,1.003,3.411,-232869000.0,1186813000.0,1186813000.0,3545437000.0,1338003000.0,3.371,0.48,617928000.0,42081000.0,575847000.0,617928000.0,0.0,323984000.0,0.0,0.0,0.0,1966060000.0,2290044000.0,0.326,2290044000.0,1966060000.0,1916381000.0,0.84,0.795,0.84,5493020000.0,4623176750.0,5493020000.0,78514576018.0,40.0,34.285,1153613000.0,0.716,1.0,3471049000.0,0.495,0.0,49679000.0,5635788000.0,5094800250.0,979751000.0,2187115000.0,2187115000.0,0.0,2636814000.0,1925161000.0,711653000.0,78688675018.0,625240000.0,-36466000.0,202012000.0,-31274000.0,0.0,170738000.0,-933063000.0,-663728000.0,1386482000.0,1083000.0,1338003000.0,1338003000.0,1338003000.0,-20996000.0,0.0,0.191,1696082000.0,1774967000.0,1633690000.0,0.0,14.325,58.811,60.595,1241786000.0,0.0,50.9,11.215,11.682,1650661000.0,3917603000.0,7016486000.0,7016486000.0,878482000.0,0.191,0.289,0.386,0.28,161291000.0,809843000.0,1.0,1545946464.0,1610284000,1722400000.0,4.357,8129834000.0,331266000.0,578378000.0,385196000.0,5.049,4563931000.0
86,AMAT,MRT,1999-12-31,2000-01-30,2000-01-30,2021-09-07,1173000.0,7057999000.0,6290721500.0,5462528000.0,1595471000.0,0.953,2.98,-210260000.0,796284000.0,796284000.0,3081377000.0,1012444000.0,3.44,0.484,622185000.0,37088000.0,585097000.0,622185000.0,0.0,305158000.0,0.0,0.0,0.0,1502547000.0,1807705000.0,0.301,1807705000.0,1502547000.0,1454374000.0,0.64,0.61,0.64,4756546000.0,4096373000.0,4756546000.0,49159473156.0,33.0,27.194,894958000.0,0.561,1.0,2915740000.0,0.486,0.0,48173000.0,5295889000.0,4734400250.0,683378000.0,2207893000.0,2207893000.0,0.0,2301453000.0,1588011000.0,713442000.0,49118315156.0,215576000.0,-36466000.0,193668000.0,-19263000.0,0.0,174405000.0,-1066210000.0,-819484000.0,1105218000.0,2163000.0,1012444000.0,1012444000.0,1012444000.0,-20996000.0,0.0,0.169,1587478000.0,1328262000.0,1343693000.0,0.0,10.326,48.515,50.703,1188433000.0,0.0,32.45,8.19,8.637,1320362000.0,3404058000.0,5997117000.0,5997117000.0,805055000.0,0.161,0.247,0.317,0.251,161291000.0,746508000.0,1.0,1513661484.0,1596192000,1698020000.0,3.757,7057999000.0,317858000.0,441930000.0,335575000.0,4.422,3874517000.0
87,AMAT,MRT,1999-09-30,1999-10-31,1999-10-31,2021-09-07,1266000.0,7014510000.0,5766406000.0,5310720000.0,1703790000.0,0.884,2.938,-219657000.0,868121000.0,868121000.0,2677083000.0,747675000.0,3.067,0.533,626630000.0,42273000.0,584357000.0,626630000.0,0.0,288409000.0,0.0,0.0,0.0,1125699000.0,1414108000.0,0.277,1414108000.0,1125699000.0,1078133000.0,0.48,0.455,0.48,4575258000.0,3712265250.0,4575258000.0,34026642470.0,30.0,24.062,860985000.0,0.553,1.0,2419219000.0,0.475,0.0,47566000.0,5041522000.0,4405410750.0,727107000.0,1951254000.0,1951254000.0,0.0,2439252000.0,1731497000.0,707755000.0,33985484470.0,229316000.0,-36466000.0,143953000.0,-16531000.0,0.0,127422000.0,-982337000.0,-726214000.0,1080642000.0,3589000.0,747675000.0,747675000.0,747675000.0,-20996000.0,0.0,0.147,1456325000.0,962894000.0,1442718000.0,0.0,7.428,45.455,46.776,1278269000.0,0.0,22.453,6.669,6.861,1268146000.0,3122337000.0,5096302000.0,5096302000.0,740114000.0,0.13,0.201,0.256,0.221,161291000.0,695296000.0,1.0,1513661484.0,1557208000,1641160000.0,3.273,7014510000.0,341668000.0,330458000.0,369904000.0,4.505,3579223000.0
88,AMAT,MRT,1999-06-30,1999-08-01,1999-08-01,2021-09-07,-22664000.0,5766871000.0,5245201500.0,4403876000.0,1362995000.0,0.832,2.347,-246582000.0,577999000.0,577999000.0,2348100000.0,294491000.0,3.141,0.572,619157000.0,7237000.0,611920000.0,619157000.0,0.0,301217000.0,0.0,0.0,0.0,493416000.0,794633000.0,0.182,794633000.0,493416000.0,447198000.0,0.17,0.165,0.17,3667883000.0,3348606000.0,3667883000.0,27119653014.0,55.0,34.129,514052000.0,0.329,1.0,2017256000.0,0.462,0.0,46218000.0,4406002000.0,4110216250.0,575333000.0,1680616000.0,1680616000.0,0.0,2098988000.0,1402027000.0,696961000.0,27009041014.0,175571000.0,0.0,111725000.0,-7159000.0,0.0,104566000.0,-696884000.0,-450302000.0,760634000.0,7255000.0,294491000.0,294491000.0,294491000.0,0.0,0.0,0.067,1586647000.0,430609000.0,1118863000.0,0.0,7.364,91.714,105.794,1195337000.0,0.0,17.985,6.187,6.44,1107712000.0,2767880000.0,4365356000.0,4365356000.0,685840000.0,0.056,0.088,0.12,0.113,28373000.0,659869000.0,1.0,1501753740.0,1563108000,1648496000.0,2.793,5766871000.0,335213000.0,152707000.0,360968000.0,3.689,3001849000.0
89,AMAT,MRT,1999-03-31,1999-05-02,1999-05-02,2021-09-07,-18131000.0,5323506000.0,5063422750.0,3960882000.0,1362624000.0,0.742,2.181,-270947000.0,518564000.0,518564000.0,2063177000.0,103752000.0,3.194,0.572,629176000.0,15840000.0,613336000.0,629176000.0,0.0,305366000.0,0.0,0.0,0.0,211221000.0,516587000.0,0.137,516587000.0,211221000.0,165673000.0,0.053,0.052,0.053,3385805000.0,3246686000.0,3385805000.0,20064765782.0,95.0,38.841,703321000.0,0.453,1.0,1695975000.0,0.451,0.0,45548000.0,4194188000.0,4062156500.0,577917000.0,1499076000.0,1499076000.0,0.0,1937701000.0,1239930000.0,697771000.0,20002612782.0,196234000.0,0.0,101748000.0,-33142000.0,0.0,68606000.0,-853271000.0,-582324000.0,974268000.0,6631000.0,103752000.0,103752000.0,103752000.0,0.0,0.0,0.028,1539693000.0,156282000.0,1024418000.0,0.0,5.908,192.793,252.972,1209177000.0,0.0,13.408,5.321,5.536,920464000.0,2523464000.0,3759152000.0,3759152000.0,654088000.0,0.02,0.032,0.052,0.056,28373000.0,612182000.0,1.0,1491897280.0,1552260000,1639664000.0,2.422,5323506000.0,337016000.0,61921000.0,284107000.0,3.43,2720952000.0
90,AMAT,MRT,1998-12-31,1999-01-31,1999-01-31,2021-09-07,-8104000.0,4960737000.0,5017571000.0,3597539000.0,1363198000.0,0.75,2.173,-351003000.0,562401000.0,562401000.0,2056831000.0,101661000.0,3.449,0.541,624554000.0,7652000.0,616902000.0,624554000.0,0.0,297398000.0,0.0,0.0,0.0,220807000.0,518205000.0,0.138,518205000.0,220807000.0,175127000.0,0.06,0.06,0.06,3220115000.0,3197874500.0,3220115000.0,23541098589.0,107.0,45.428,566391000.0,0.382,1.0,1707975000.0,0.454,0.0,45680000.0,3979931000.0,4079968250.0,552779000.0,1361912000.0,1361912000.0,0.0,1740622000.0,1042959000.0,697663000.0,23491720589.0,241713000.0,0.0,26080000.0,-65773000.0,0.0,-39693000.0,-644829000.0,-293826000.0,917394000.0,8841000.0,101661000.0,101661000.0,101661000.0,0.0,0.0,0.027,1536073000.0,171902000.0,876618000.0,0.0,7.295,231.079,263.292,1226701000.0,0.0,15.797,6.24,6.219,671319000.0,2381825000.0,3764806000.0,3764806000.0,656169000.0,0.02,0.032,0.054,0.059,28373000.0,606481000.0,1.0,1487053052.0,1482120000,1552932000.0,2.54,4960737000.0,338217000.0,73466000.0,239450000.0,3.347,2554580000.0
91,AMAT,MRT,1998-09-30,1998-10-25,1998-10-25,2021-09-07,-4143000.0,4929692000.0,5074030250.0,3518955000.0,1410737000.0,0.853,2.047,-464372000.0,575205000.0,575205000.0,2313701000.0,277669000.0,3.147,0.58,624583000.0,8011000.0,616572000.0,624583000.0,0.0,293499000.0,0.0,0.0,0.0,496699000.0,790198000.0,0.182,790198000.0,496699000.0,450625000.0,0.18,0.175,0.18,3120621000.0,3168866750.0,3120621000.0,12706243640.0,26.0,16.08,404037000.0,0.265,1.0,2016313000.0,0.466,0.0,46074000.0,3860744000.0,4130535750.0,555881000.0,1188351000.0,1188351000.0,0.0,1809071000.0,1118326000.0,690745000.0,12474891640.0,134787000.0,0.0,-84381000.0,-64233000.0,0.0,-148614000.0,-592465000.0,-95866000.0,868409000.0,7457000.0,277669000.0,277669000.0,277669000.0,0.0,0.0,0.064,1564252000.0,452061000.0,1041341000.0,0.0,3.998,44.927,47.139,1261520000.0,0.0,8.485,2.881,2.987,764472000.0,2328940000.0,4330014000.0,4330014000.0,697291000.0,0.055,0.088,0.12,0.115,28373000.0,626311000.0,1.0,1470228832.0,1524304000,1573192000.0,2.841,4929692000.0,337906000.0,172956000.0,80315000.0,3.234,2400629000.0
92,AMAT,MRT,1998-06-30,1998-07-26,1998-07-26,2021-09-07,-28405000.0,5039756000.0,5109298750.0,3583178000.0,1456578000.0,0.91,2.221,-530862000.0,387057000.0,387057000.0,2454413000.0,597766000.0,3.389,0.546,618409000.0,6597000.0,611812000.0,618409000.0,0.0,268028000.0,0.0,0.0,0.0,950053000.0,1218081000.0,0.262,1218081000.0,950053000.0,909903000.0,0.408,0.393,0.408,3260203000.0,3124254250.0,3260203000.0,11455877865.0,12.0,9.405,142832000.0,0.097,1.0,2194475000.0,0.472,0.0,40150000.0,4213763000.0,4142907500.0,632513000.0,1215710000.0,1215710000.0,0.0,1779553000.0,1057345000.0,722208000.0,11107759865.0,173993000.0,-57000.0,18899000.0,371042000.0,0.0,389941000.0,-888197000.0,-325051000.0,673694000.0,-1445000.0,597766000.0,597766000.0,597766000.0,0.0,0.0,0.129,1319332000.0,875143000.0,933434000.0,0.0,3.407,18.582,18.615,1234151000.0,0.0,7.595,2.389,2.398,814883000.0,2515669000.0,4648888000.0,4648888000.0,693577000.0,0.117,0.191,0.229,0.204,0.0,627528000.0,1.0,1462509528.0,1467768000,1512288000.0,3.167,5039756000.0,324144000.0,312137000.0,227710000.0,3.434,2525833000.0
93,AMAT,MRT,1998-03-31,1998-04-26,1998-04-26,2021-09-07,-17193000.0,5140099000.0,4911714500.0,3686876000.0,1453223000.0,0.982,2.18,-556448000.0,309364000.0,309364000.0,2522656000.0,736880000.0,3.015,0.611,657482000.0,40987000.0,616495000.0,657482000.0,0.0,250213000.0,0.0,0.0,0.0,1167379000.0,1417592000.0,0.294,1417592000.0,1167379000.0,1133660000.0,0.502,0.482,0.502,3190559000.0,2977603250.0,3190559000.0,13881735584.0,12.0,9.792,-188316000.0,-0.129,1.0,2298982000.0,0.477,0.0,33719000.0,4265435000.0,3855659000.0,714126000.0,906801000.0,906801000.0,0.0,1949540000.0,1222782000.0,726758000.0,13529870584.0,106704000.0,232000.0,-43496000.0,404850000.0,0.0,361354000.0,-623054000.0,-34611000.0,368132000.0,272000.0,736880000.0,736880000.0,736880000.0,0.0,0.0,0.153,1202683000.0,1096299000.0,1050097000.0,0.0,4.241,18.361,18.396,1229711000.0,0.0,9.235,2.806,2.804,1225788000.0,2468152000.0,4821638000.0,4821638000.0,683413000.0,0.15,0.247,0.303,0.242,0.0,619725000.0,1.0,1465064492.0,1463744000,1516988000.0,3.294,5140099000.0,324685000.0,396780000.0,241961000.0,3.512,2464094000.0
94,AMAT,MRT,1997-12-31,1998-01-25,1998-01-25,2021-09-07,-19090000.0,5186574000.0,4599655000.0,3806818000.0,1379756000.0,0.988,2.115,-461335000.0,328313000.0,328313000.0,2387474000.0,697790000.0,2.807,0.671,680178000.0,61835000.0,618343000.0,680178000.0,0.0,237817000.0,0.0,0.0,0.0,1100291000.0,1338108000.0,0.294,1338108000.0,1100291000.0,1073522000.0,0.475,0.458,0.475,3104084000.0,2806308500.0,3104084000.0,11428803992.0,10.0,8.541,-42480000.0,-0.029,1.0,2158710000.0,0.475,0.0,26769000.0,4182201000.0,3512672250.0,745426000.0,1070513000.0,1070513000.0,0.0,2082490000.0,1356238000.0,726252000.0,11187250992.0,-41045000.0,32000.0,-4096000.0,413450000.0,0.0,409354000.0,-866962000.0,-373432000.0,418855000.0,-2292000.0,697790000.0,697790000.0,697790000.0,0.0,0.0,0.153,1125867000.0,1032843000.0,1085261000.0,0.0,3.604,16.032,16.084,1151327000.0,0.0,7.64,2.461,2.466,1158629000.0,2326931000.0,4546184000.0,4546184000.0,633449000.0,0.152,0.249,0.313,0.242,0.0,592873000.0,1.0,1464299868.0,1467576000,1516404000.0,3.098,5186574000.0,324183000.0,375732000.0,317051000.0,3.534,2450580000.0
95,AMAT,MRT,1997-09-30,1997-10-26,1997-10-26,2021-09-07,-10441000.0,5070766000.0,4247632750.0,3770357000.0,1300409000.0,0.959,2.023,-339364000.0,448043000.0,448043000.0,2173350000.0,498474000.0,2.689,0.723,689596000.0,66506000.0,623090000.0,689596000.0,0.0,219435000.0,0.0,0.0,0.0,819626000.0,1039061000.0,0.255,1039061000.0,819626000.0,798921000.0,0.343,0.33,0.343,2942171000.0,2638336000.0,2942171000.0,12216065208.0,15.0,11.757,362348000.0,0.249,1.0,1900925000.0,0.467,0.0,20705000.0,3910231000.0,3137921500.0,686451000.0,1094912000.0,1094912000.0,0.0,2128595000.0,1402088000.0,726507000.0,12169352208.0,44155000.0,-246333000.0,72249000.0,318465000.0,0.0,390714000.0,-1046865000.0,-461168000.0,701712000.0,-1406000.0,498474000.0,498474000.0,498474000.0,0.0,0.0,0.122,1141025000.0,759900000.0,1157808000.0,0.0,4.136,24.413,24.329,1066053000.0,0.0,8.345,2.987,2.978,1110885000.0,2098038000.0,4074275000.0,4074275000.0,567612000.0,0.117,0.189,0.261,0.201,0.0,566595000.0,1.0,1458280672.0,1454168000,1511352000.0,2.802,5070766000.0,324568000.0,300447000.0,224951000.0,3.487,2368269000.0
96,AMAT,MRT,1997-06-30,1997-07-27,1997-07-27,2021-09-07,1656000.0,4249419000.0,3889438000.0,3045519000.0,1203900000.0,0.94,1.836,-271637000.0,213064000.0,213064000.0,1990596000.0,391411000.0,2.473,0.589,259777000.0,31682000.0,228095000.0,259777000.0,0.0,207484000.0,0.0,0.0,0.0,655631000.0,863115000.0,0.236,863115000.0,655631000.0,634209000.0,0.277,0.26,0.277,2673599000.0,2495399500.0,2673599000.0,16433952403.0,25.0,19.04,644273000.0,0.442,1.0,1664241000.0,0.455,0.0,21422000.0,3064769000.0,2828993500.0,608988000.0,890659000.0,890659000.0,0.0,1575820000.0,1231363000.0,344457000.0,16381253403.0,-25784000.0,-246276000.0,-17864000.0,-61545000.0,0.0,-79409000.0,-859836000.0,-341923000.0,915910000.0,-2449000.0,391411000.0,391411000.0,391411000.0,0.0,0.0,0.107,1063156000.0,601085000.0,994293000.0,0.0,6.127,41.852,40.727,967181000.0,0.0,11.281,4.482,4.494,942306000.0,1917903000.0,3654837000.0,3654837000.0,510207000.0,0.101,0.157,0.232,0.179,0.0,532031000.0,1.0,1452077864.0,1456048000,1516872000.0,2.51,4249419000.0,285066000.0,242798000.0,321750000.0,2.918,1814156000.0
97,AMAT,MRT,1997-03-31,1997-04-27,1997-04-27,2021-09-07,-8988000.0,3891861000.0,,2751310000.0,1140551000.0,,1.726,-279850000.0,202660000.0,202660000.0,2015699000.0,373846000.0,2.618,0.553,255359000.0,27551000.0,227808000.0,255359000.0,0.0,191548000.0,0.0,0.0,0.0,628568000.0,820116000.0,0.221,820116000.0,628568000.0,607185000.0,0.265,0.253,0.265,2505380000.0,,2505380000.0,8713934984.0,14.0,10.625,750508000.0,0.517,1.0,1697321000.0,0.457,0.0,21383000.0,2893488000.0,,507632000.0,872190000.0,872190000.0,0.0,1386481000.0,1051072000.0,335409000.0,8806243984.0,2667000.0,-246565000.0,16817000.0,-86035000.0,0.0,-69218000.0,-956200000.0,-429785000.0,1030358000.0,-2273000.0,373846000.0,373846000.0,373846000.0,0.0,0.0,0.101,1117100000.0,580221000.0,875808000.0,0.0,3.515,23.556,22.939,900041000.0,0.0,6.079,2.372,2.376,807181000.0,1731272000.0,3713020000.0,3713020000.0,494589000.0,,,,0.169,0.0,537911000.0,1.0,1448693232.0,1451384000,1503192000.0,2.558,3891861000.0,278352000.0,233339000.0,255314000.0,2.681,1700238000.0
98,AMAT,MRT,1996-12-31,1997-01-26,1997-01-26,2021-09-07,2714000.0,3778485000.0,,2620207000.0,1158278000.0,,1.682,-365454000.0,369358000.0,369358000.0,2115418000.0,457536000.0,2.612,0.554,277049000.0,43372000.0,233677000.0,277049000.0,0.0,167648000.0,0.0,0.0,0.0,757303000.0,924951000.0,0.235,924951000.0,757303000.0,735938000.0,0.321,0.311,0.321,2432194000.0,,2432194000.0,8091306286.0,11.0,8.748,547775000.0,0.379,1.0,1824595000.0,0.463,0.0,21365000.0,2683198000.0,,441681000.0,697081000.0,697081000.0,0.0,1346291000.0,1002978000.0,343313000.0,8119547286.0,102478000.0,-246365000.0,28350000.0,-74385000.0,0.0,-46035000.0,-763175000.0,-151356000.0,913229000.0,-1541000.0,457536000.0,457536000.0,457536000.0,0.0,0.0,0.116,1110870000.0,713725000.0,826259000.0,0.0,3.338,17.746,17.477,912729000.0,0.0,5.61,2.061,2.058,765569000.0,1629141000.0,3940013000.0,3940013000.0,487534000.0,,,,0.192,0.0,538736000.0,1.0,1447334632.0,1445632000,1483456000.0,2.725,3778485000.0,279254000.0,278402000.0,242983000.0,2.614,1617229000.0
99,AMAT,MRT,1996-09-30,1996-10-27,1996-10-27,2021-09-07,5683000.0,3637987000.0,3301683000.0,2693069000.0,944918000.0,1.255,1.65,-452535000.0,403888000.0,403888000.0,2195078000.0,599585000.0,2.88,0.535,375647000.0,100162000.0,275485000.0,375647000.0,0.0,148865000.0,0.0,0.0,0.0,943169000.0,1092034000.0,0.263,1092034000.0,943169000.0,922436000.0,0.417,0.407,0.417,2370425000.0,2076964000.0,2370425000.0,,,,239494000.0,0.167,1.0,1949739000.0,0.47,0.0,20733000.0,2674519000.0,2427470500.0,478552000.0,633744000.0,633744000.0,0.0,1267562000.0,935227000.0,332335000.0,4884754383.0,118043000.0,0.0,3329000.0,27028000.0,0.0,30357000.0,-602792000.0,-150257000.0,692029000.0,-1551000.0,599585000.0,599585000.0,599585000.0,0.0,0.0,0.145,1046188000.0,903551000.0,791897000.0,0.0,2.061,8.147,8.094,919038000.0,0.0,3.375,1.179,1.17,822384000.0,1599564000.0,4144817000.0,4144817000.0,481394000.0,0.182,0.289,0.389,0.228,0.0,539694000.0,1.0,1447334632.0,1436416000,1468856000.0,2.886,3637987000.0,281586000.0,322851000.0,54775000.0,2.533,1757842000.0
100,AMAT,MRT,1996-06-30,1996-07-28,1996-07-28,2021-09-07,,,,,,,,,,,,,,,,,,,,,,0.0,0.0,,,,,,,,,,,,,,,,,,1.0,,,,,,,,,,,,,,,,,,,,,,,,,,,,,,,,,,,,,,,,2.812,,,,,,,,,,,,,,1.0,,1466872000,,,,,,,,
101,AMAT,MRT,1996-03-31,1996-04-28,1996-04-28,2021-09-07,,,,,,,,,,,,,,,,,,,,,,0.0,0.0,,,,,,,,,,,,,,,,,,1.0,,,,,,,,,,,,,,,,,,,,,,,,,,,,,,,,,,,,,,,,5.172,,,,,,,,,,,,,,1.0,,1469592000,,,,,,,,
102,AMAT,MRT,1995-12-31,1996-01-28,1996-01-28,2021-09-07,,,,,,,,,,,,,,,,,,,,,,0.0,0.0,,,,,,,,,,,,,,,,,,1.0,,,,,,,,,,,,,,,,,,,,,,,,,,,,,,,,,,,,,,,,4.844,,,,,,,,,,,,,,1.0,,1472008000,,,,,,,,
103,AMAT,MRT,1995-09-30,1995-10-27,1995-10-27,2021-09-07,21675000.0,2965379000.0,,2311613000.0,653766000.0,,1.257,-265557000.0,285845000.0,285845000.0,1652033000.0,454053000.0,2.683,0.663,362619000.0,82812000.0,279807000.0,362619000.0,0.0,83231000.0,0.0,0.0,0.0,719944000.0,803175000.0,0.262,803175000.0,719944000.0,698543000.0,0.32,0.32,0.32,1783503000.0,,1783503000.0,,,,-122858000.0,-0.087,1.0,1409848000.0,0.46,0.0,21401000.0,2180422000.0,,427413000.0,483487000.0,483487000.0,0.0,1181876000.0,861731000.0,320145000.0,,125525000.0,0.0,370353000.0,102536000.0,0.0,472889000.0,-487039000.0,-221482000.0,142699000.0,-3024000.0,454053000.0,454053000.0,454053000.0,0.0,0.0,0.148,715916000.0,693932000.0,659572000.0,0.0,,,19.141,630746000.0,0.0,6.125,,2.838,817730000.0,999979000.0,3061881000.0,3061881000.0,329676000.0,,,,0.235,0.0,386240000.0,1.0,,1418784000,1418784000.0,2.158,2965379000.0,198888000.0,244490000.0,130959000.0,2.09,1449882000.0
104,AMAT,MRT,1994-09-30,1994-10-27,1994-10-27,2021-09-07,,,,,,,,-180440000.0,,,891512000.0,220696000.0,,,,,,,,59051000.0,,0.0,0.0,353732000.0,412783000.0,0.249,412783000.0,353732000.0,337770000.0,0.163,0.163,0.163,,,,,,,-69416000.0,-0.051,1.0,768295000.0,0.463,,15962000.0,,,,,,,,,,,40723000.0,0.0,134263000.0,89918000.0,0.0,224181000.0,-295862000.0,-115422000.0,111024000.0,1380000.0,220696000.0,220696000.0,220696000.0,0.0,0.0,0.133,429058000.0,339237000.0,,0.0,,,19.555,,0.0,3.188,,2.612,,,1659807000.0,1659807000.0,189126000.0,,,,0.213,0.0,239932000.0,1.0,,1360336000,1360336000.0,1.22,,,117074000.0,,,
