None,ticker,dimension,calendardate,datekey,reportperiod,lastupdated,accoci,assets,assetsavg,assetsc,assetsnc,assetturnover,bvps,capex,cashneq,cashnequsd,cor,consolinc,currentratio,de,debt,debtc,debtnc,debtusd,deferredrev,depamor,deposits,divyield,dps,ebit,ebitda,ebitdamargin,ebitdausd,ebitusd,ebt,eps,epsdil,epsusd,equity,equityavg,equityusd,ev,evebit,evebitda,fcf,fcfps,fxusd,gp,grossmargin,intangibles,intexp,invcap,invcapavg,inventory,investments,investmentsc,investmentsnc,liabilities,liabilitiesc,liabilitiesnc,marketcap,ncf,ncfbus,ncfcommon,ncfdebt,ncfdiv,ncff,ncfi,ncfinv,ncfo,ncfx,netinc,netinccmn,netinccmnusd,netincdis,netincnci,netmargin,opex,opinc,payables,payoutratio,pb,pe,pe1,ppnenet,prefdivis,price,ps,ps1,receivables,retearn,revenue,revenueusd,rnd,roa,roe,roic,ros,sbcomp,sgna,sharefactor,sharesbas,shareswa,shareswadil,sps,tangibles,taxassets,taxexp,taxliabilities,tbvps,workingcapital
0,DAL,MRY,2020-12-31,2020-12-31,2020-12-31,2021-10-16,-9038000000,71996000000,73017750000,17404000000,54592000000,0.234,2.405,-1899000000.0,8307000000,8307000000,8798000000.0,-12385000000.0,1.093,45.934,35548000000,2410000000,33138000000,35548000000,7182000000,2312000000.0,0,0.01,0.403,-14658000000.0,-12346000000.0,-0.722,-12346000000.0,-14658000000.0,-15587000000.0,-19.49,-19.49,-19.49,1534000000,6972500000,1534000000,50606296243.0,-3.0,-4.099,-5692000000.0,-8.925,1.0,8297000000.0,0.485,15764000000,929000000.0,67546000000,60597750000,732000000,9010000000,5789000000,3221000000,70462000000,15927000000,54535000000,25643296243.0,6325000000.0,0.0,-344000000.0,17492000000.0,-260000000.0,19356000000.0,-9238000000.0,-7426000000.0,-3793000000.0,0.0,-12385000000.0,-12385000000.0,-12385000000.0,0.0,0.0,-0.724,20766000000.0,-12469000000.0,2840000000,-0.021,16.717,-2.071,-2.063,32262000000,0.0,40.21,1.5,1.5,1396000000,-428000000,17095000000.0,17095000000.0,0.0,-0.17,-1.776,-0.242,-0.857,0.0,8754000000.0,1.0,637734301,637734301.0,,26.806,56232000000,1988000000,-3202000000.0,0,88.175,1477000000
1,DAL,MRY,2019-12-31,2019-12-31,2019-12-31,2021-10-16,-7989000000,64532000000,63027500000,8249000000,56283000000,0.746,23.747,-4936000000.0,2882000000,2882000000,18340000000.0,4767000000.0,0.408,3.202,17255000000,3088000000,14167000000,17255000000,6728000000,2581000000.0,0,0.026,1.506,6499000000.0,9080000000.0,0.193,9080000000.0,6499000000.0,6198000000.0,7.32,7.3,7.32,15358000000,14323750000,15358000000,52326522102.0,8.0,5.763,3489000000.0,5.395,1.0,28667000000.0,0.61,14944000000,301000000.0,43757000000,42322500000,1251000000,3204000000,0,3204000000,49174000000,20204000000,28970000000,37821522102.0,982000000.0,0.0,-2027000000.0,487000000.0,-980000000.0,-2880000000.0,-4563000000.0,315000000.0,8425000000.0,0.0,4767000000.0,4767000000.0,4767000000.0,0.0,0.0,0.101,22049000000.0,6618000000.0,3266000000,0.206,2.463,7.934,7.989,36937000000,0.0,58.48,0.805,0.805,2854000000,12454000000,47007000000.0,47007000000.0,0.0,0.076,0.333,0.154,0.138,0.0,11225000000.0,1.0,646742854,646742854.0,,72.683,49588000000,120000000,1431000000.0,1456000000,76.673,-11955000000
2,DAL,MRY,2018-12-31,2018-12-31,2018-12-31,2021-10-16,-7825000000,60266000000,56285750000,6340000000,53926000000,0.79,19.963,-5168000000.0,1565000000,1565000000,17945000000.0,3935000000.0,0.341,3.403,16527000000,2473000000,14054000000,16527000000,6641000000,2329000000.0,0,0.026,1.31,5462000000.0,7791000000.0,0.175,7791000000.0,5462000000.0,5151000000.0,5.69,5.67,5.69,13687000000,13201000000,13687000000,40909373180.0,7.0,5.251,1846000000.0,2.692,1.0,26493000000.0,0.596,14611000000,311000000.0,42039000000,31542250000,1055000000,1136000000,0,1136000000,46579000000,18578000000,28001000000,34212373180.0,895000000.0,0.0,-1575000000.0,693000000.0,-909000000.0,-1726000000.0,-4393000000.0,649000000.0,7014000000.0,0.0,3935000000.0,3935000000.0,3935000000.0,0.0,0.0,0.089,21229000000.0,5264000000.0,2976000000,0.23,2.5,8.694,8.77,34329000000,0.0,49.9,0.77,0.77,2314000000,10039000000,44438000000.0,44438000000.0,0.0,0.07,0.298,0.173,0.123,0.0,10743000000.0,1.0,685618701,685618701.0,,64.814,45655000000,0,1216000000.0,163000000,66.589,-12238000000
3,DAL,MRY,2017-12-31,2017-12-31,2017-12-31,2021-10-16,-7621000000,53671000000,52218250000,7804000000,45867000000,0.788,17.574,-3891000000.0,1814000000,1814000000,15257000000.0,3205000000.0,0.412,3.283,8834000000,2242000000,6592000000,8834000000,6321000000,2222000000.0,0,0.018,1.016,5896000000.0,8118000000.0,0.197,8118000000.0,5896000000.0,5500000000.0,4.45,4.43,4.45,12530000000,13238750000,12530000000,47256495784.0,8.0,5.821,1132000000.0,1.588,1.0,25881000000.0,0.629,14641000000,396000000.0,27091000000,27673250000,1329000000,825000000,825000000,0,41141000000,18959000000,22182000000,39926495784.0,-973000000.0,0.0,-1677000000.0,1196000000.0,-731000000.0,-730000000.0,-5266000000.0,-1586000000.0,5023000000.0,0.0,3205000000.0,3205000000.0,3205000000.0,0.0,0.0,0.078,19915000000.0,5966000000.0,3634000000,0.228,3.186,12.458,12.584,26563000000,0.0,56.0,0.971,0.971,2377000000,8256000000,41138000000.0,41138000000.0,0.0,0.061,0.242,0.213,0.143,0.0,10058000000.0,1.0,712973139,712973139.0,,57.699,39030000000,1354000000,2295000000.0,0,54.743,-11155000000
4,DAL,MRY,2016-12-31,2016-12-31,2016-12-31,2021-10-16,-7636000000,51261000000,51796250000,7451000000,43810000000,0.762,16.686,-3391000000.0,2762000000,2762000000,13809000000.0,4195000000.0,0.489,3.172,7332000000,1131000000,6201000000,7332000000,3926000000,1886000000.0,0,0.014,0.675,6741000000.0,8627000000.0,0.219,8627000000.0,6741000000.0,6353000000.0,5.59,5.55,5.59,12287000000,11964750000,12287000000,42149760934.0,6.0,4.886,3824000000.0,5.193,1.0,25641000000.0,0.65,14638000000,388000000.0,25954000000,26811750000,891000000,487000000,487000000,0,38974000000,15239000000,23735000000,36222760934.0,800000000.0,0.0,-2601000000.0,-1259000000.0,-509000000.0,-4260000000.0,-2155000000.0,979000000.0,7215000000.0,0.0,4195000000.0,4195000000.0,4195000000.0,0.0,0.0,0.106,18645000000.0,6996000000.0,2572000000,0.121,2.948,8.635,8.8,24375000000,0.0,49.19,0.918,0.918,2064000000,7903000000,39450000000.0,39450000000.0,0.0,0.081,0.351,0.251,0.171,0.0,9394000000.0,1.0,736384650,736384650.0,,53.573,36623000000,3064000000,2158000000.0,0,49.734,-7788000000
5,DAL,MRY,2015-12-31,2015-12-31,2015-12-31,2021-10-16,-7275000000,53134000000,53328250000,9056000000,44078000000,0.763,13.796,-2945000000.0,1972000000,1972000000,18768000000.0,4526000000.0,0.517,3.897,8329000000,1563000000,6766000000,8329000000,3881000000,1835000000.0,0,0.009,0.45,7638000000.0,9473000000.0,0.233,9473000000.0,7638000000.0,7157000000.0,5.68,5.63,5.68,10850000000,9951000000,10850000000,46298347848.0,6.0,4.887,4982000000.0,6.335,1.0,21936000000.0,0.539,14655000000,481000000.0,27310000000,28289000000,697000000,1465000000,1465000000,0,42284000000,17526000000,24758000000,39866347848.0,-116000000.0,0.0,-2200000000.0,-1520000000.0,-359000000.0,-4088000000.0,-3955000000.0,-759000000.0,7927000000.0,0.0,4526000000.0,4526000000.0,4526000000.0,0.0,0.0,0.111,14134000000.0,7802000000.0,2743000000,0.079,3.674,8.808,8.924,23039000000,0.0,50.69,0.979,0.979,2020000000,5562000000,40704000000.0,40704000000.0,0.0,0.085,0.455,0.27,0.188,0.0,8776000000.0,1.0,786473621,786473621.0,,51.755,38479000000,4956000000,2631000000.0,0,48.926,-8470000000
6,DAL,MRY,2014-12-31,2014-12-31,2014-12-31,2021-10-16,-7311000000,54005000000,52575750000,9158000000,44847000000,0.768,10.53,-2249000000.0,2088000000,2088000000,24667000000.0,659000000.0,0.544,5.128,9661000000,1184000000,8477000000,9661000000,4182000000,1771000000.0,0,0.006,0.3,1722000000.0,3493000000.0,0.087,3493000000.0,1722000000.0,1072000000.0,0.79,0.78,0.79,8813000000,11238250000,8813000000,48649145597.0,28.0,13.928,2698000000.0,3.224,1.0,15695000000.0,0.389,14397000000,650000000.0,30334000000,30219000000,852000000,1217000000,1217000000,0,45192000000,16847000000,28345000000,41169145597.0,-756000000.0,0.0,-1100000000.0,-1908000000.0,-251000000.0,-3240000000.0,-2463000000.0,-262000000.0,4947000000.0,0.0,659000000.0,659000000.0,659000000.0,0.0,0.0,0.016,13489000000.0,2206000000.0,2622000000,0.38,4.671,62.472,62.266,21929000000,0.0,49.19,1.02,1.02,2297000000,3456000000,40362000000.0,40362000000.0,0.0,0.013,0.059,0.057,0.043,0.0,8120000000.0,1.0,836941362,836941362.0,,48.226,39608000000,7595000000,413000000.0,0,47.325,-7689000000
7,DAL,MRY,2013-12-31,2013-12-31,2013-12-31,2021-10-16,-5130000000,52252000000,47272250000,9651000000,42601000000,0.799,13.609,-2568000000.0,2844000000,2844000000,22567000000.0,10540000000.0,0.682,3.488,11342000000,1547000000,9795000000,11342000000,4420000000,1658000000.0,0,0.004,0.12,3379000000.0,5037000000.0,0.133,5037000000.0,3379000000.0,2527000000.0,12.41,12.29,12.41,11643000000,2163250000,11643000000,32170845433.0,10.0,6.387,1936000000.0,2.263,1.0,15206000000.0,0.403,14452000000,852000000.0,32146000000,27421750000,1063000000,959000000,959000000,0,40609000000,14152000000,26457000000,23501845433.0,428000000.0,0.0,-250000000.0,-1193000000.0,-102000000.0,-1320000000.0,-2756000000.0,-202000000.0,4504000000.0,0.0,10540000000.0,10540000000.0,10540000000.0,0.0,0.0,0.279,11806000000.0,3400000000.0,2300000000,0.01,2.019,2.23,2.214,21854000000,0.0,27.47,0.622,0.622,1609000000,3049000000,37773000000.0,37773000000.0,0.0,0.223,4.872,0.123,0.089,0.0,7720000000.0,1.0,855545884,855545884.0,,44.151,37800000000,6728000000,-8013000000.0,0,44.182,-4501000000
8,DAL,MRY,2012-12-31,2012-12-31,2012-12-31,2021-10-16,-8577000000,44550000000,44452750000,8272000000,36278000000,0.825,-2.506,-1968000000.0,2791000000,2791000000,23248000000.0,1009000000.0,0.623,-21.906,12709000000,1627000000,11082000000,12709000000,4434000000,1565000000.0,0,0.0,0.0,2030000000.0,3595000000.0,0.098,3595000000.0,2030000000.0,1025000000.0,1.2,1.19,1.2,-2131000000,-1081250000,-2131000000,20076845310.0,10.0,5.585,508000000.0,0.597,1.0,13422000000.0,0.366,14473000000,1005000000.0,26725000000,26265000000,1023000000,958000000,958000000,0,46681000000,13270000000,33411000000,10094845310.0,-241000000.0,0.0,0.0,-899000000.0,0.0,-755000000.0,-1962000000.0,61000000.0,2476000000.0,0.0,1009000000.0,1009000000.0,1009000000.0,0.0,0.0,0.028,11247000000.0,2175000000.0,2293000000,0.0,-4.737,10.005,9.892,20713000000,0.0,11.87,0.275,0.275,1693000000,-7389000000,36670000000.0,36670000000.0,0.0,0.023,-0.933,0.077,0.055,0.0,7266000000.0,1.0,850450321,850450321.0,,43.118,30077000000,463000000,16000000.0,2632000000,35.366,-4998000000
9,DAL,MRY,2011-12-31,2011-12-31,2011-12-31,2021-10-16,-6766000000,43499000000,43573500000,7729000000,35770000000,0.806,-1.648,-1254000000.0,2962000000,2962000000,22589000000.0,854000000.0,0.609,-32.16,13791000000,1944000000,11847000000,13791000000,4549000000,1523000000.0,0,0.0,0.0,1670000000.0,3193000000.0,0.091,3193000000.0,1670000000.0,769000000.0,1.02,1.01,1.02,-1396000000,342250000,-1396000000,18635398843.0,11.0,5.836,1580000000.0,1.865,1.0,12526000000.0,0.357,14545000000,901000000.0,27082000000,28083250000,535000000,958000000,958000000,0,44895000000,12701000000,32194000000,6853398843.0,-235000000.0,0.0,0.0,-1777000000.0,0.0,-1571000000.0,-1498000000.0,-234000000.0,2834000000.0,0.0,854000000.0,854000000.0,854000000.0,0.0,0.0,0.024,10551000000.0,1975000000.0,1600000000,0.0,-4.909,8.025,7.931,20223000000,0.0,8.09,0.195,0.195,1563000000,-8398000000,35115000000.0,35115000000.0,0.0,0.02,2.495,0.059,0.048,0.0,6894000000.0,1.0,847144480,847144480.0,,41.451,28954000000,461000000,-85000000.0,2622000000,34.178,-4972000000
10,DAL,MRY,2010-12-31,2010-12-31,2010-12-31,2021-10-16,-3578000000,43188000000,43622250000,7307000000,35881000000,0.728,1.137,-1342000000.0,3301000000,3301000000,18867000000.0,593000000.0,0.642,47.147,15252000000,2073000000,13179000000,15252000000,4467000000,1511000000.0,0,0.0,0.0,1577000000.0,3088000000.0,0.097,3088000000.0,1577000000.0,608000000.0,0.71,0.7,0.71,897000000,470750000,897000000,21451398224.0,14.0,6.947,1490000000.0,1.889,1.0,12888000000.0,0.406,14543000000,969000000.0,29211000000,28958750000,318000000,718000000,718000000,0,42291000000,11385000000,30906000000,9940398224.0,-1715000000.0,0.0,0.0,-2611000000.0,0.0,-2521000000.0,-2026000000.0,-666000000.0,2832000000.0,0.0,593000000.0,593000000.0,593000000.0,0.0,0.0,0.019,10671000000.0,2217000000.0,1713000000,0.0,11.082,16.763,17.746,20307000000,0.0,12.6,0.313,0.313,1456000000,-9252000000,31755000000.0,31755000000.0,0.0,0.014,1.26,0.054,0.05,89000000.0,6751000000.0,1.0,788920494,788920494.0,,40.251,28645000000,355000000,15000000.0,2503000000,36.309,-4078000000
11,DAL,MRY,2009-12-31,2009-12-31,2009-12-31,2021-10-16,-3563000000,43789000000,44379250000,7991000000,35798000000,0.632,0.314,-1202000000.0,5030000000,5030000000,18048000000.0,-1237000000.0,0.816,177.731,17198000000,1533000000,15665000000,17198000000,4812000000,1536000000.0,0,0.0,0.0,-700000000.0,836000000.0,0.03,836000000.0,-700000000.0,-1581000000.0,-1.5,-1.5,-1.5,245000000,661000000,245000000,20680958095.0,-30.0,24.738,177000000.0,0.227,1.0,10015000000.0,0.357,14616000000,881000000.0,31544000000,31013000000,327000000,71000000,71000000,0,43544000000,9797000000,33747000000,8870958095.0,352000000.0,0.0,0.0,75000000.0,0.0,-19000000.0,-1008000000.0,256000000.0,1379000000.0,0.0,-1237000000.0,-1237000000.0,-1237000000.0,0.0,0.0,-0.044,10339000000.0,-324000000.0,1249000000,0.0,36.208,-7.171,-7.587,20433000000,0.0,11.38,0.316,0.316,1353000000,-9845000000,28063000000.0,28063000000.0,0.0,-0.028,-1.871,-0.023,-0.025,108000000.0,6838000000.0,1.0,779521801,779521801.0,,36.0,29173000000,357000000,-344000000.0,2442000000,37.424,-1806000000
12,DAL,MRY,2008-12-31,2008-12-31,2008-12-31,2021-10-16,-4080000000,45084000000,31272000000,8974000000,36110000000,0.726,2.833,-1368000000.0,4684000000,4684000000,15907000000.0,-8922000000.0,0.809,50.584,16571000000,1160000000,15411000000,16571000000,5113000000,1266000000.0,0,0.0,0.0,-8356000000.0,-7090000000.0,-0.312,-7090000000.0,-8356000000.0,-9041000000.0,-19.08,-19.08,-19.08,874000000,2734250000,874000000,11286893131.0,-1.0,-1.592,-3075000000.0,-9.966,1.0,6790000000.0,0.299,14675000000,685000000.0,31204000000,21356000000,388000000,212000000,212000000,0,44210000000,11092000000,33118000000,3535893131.0,1607000000.0,2441000000.0,192000000.0,536000000.0,0.0,1716000000.0,1598000000.0,517000000.0,-1707000000.0,0.0,-8922000000.0,-8922000000.0,-8922000000.0,0.0,0.0,-0.393,15104000000.0,-8314000000.0,1604000000,0.0,4.046,-0.396,-0.601,20627000000,0.0,11.46,0.156,0.156,1513000000,-8608000000,22697000000.0,22697000000.0,0.0,-0.285,-3.263,-0.391,-0.368,54000000.0,4329000000.0,1.0,308542158,308542158.0,,73.562,30409000000,401000000,-119000000.0,2546000000,98.557,-2118000000
0,DAL,MRQ,2021-09-30,2021-09-30,2021-09-30,2021-10-16,-8800000000,72783000000,,17471000000,55312000000,,4.072,-830000000.0,8785000000,8785000000,4235000000.0,1212000000.0,0.835,26.929,34197000000,2932000000,31265000000,34197000000,7456000000,0.0,0,0.0,0.0,1846000000.0,1846000000.0,0.202,1846000000.0,1846000000.0,1532000000.0,1.9,1.89,1.9,2606000000,,2606000000,52231772952.0,49.0,15.476,-679000000.0,-1.061,1.0,4919000000.0,0.537,15757000000,314000000.0,61514000000,,1012000000,7049000000,4417000000,2632000000,70177000000,20924000000,49253000000,27266772952.0,-1798000000.0,0.0,0.0,-1552000000.0,0.0,-1565000000.0,-384000000.0,452000000.0,151000000.0,0.0,1212000000.0,1212000000.0,1212000000.0,0.0,0.0,0.132,2714000000.0,2205000000.0,4017000000,0.0,10.463,-400.982,-355.083,33643000000,0.0,42.61,1.117,1.117,2183000000,259000000,9154000000.0,9154000000.0,0.0,,,,,0.0,2566000000.0,1.0,639914878,639914878.0,,14.305,57026000000,1813000000,320000000.0,0,89.115,-3453000000
1,DAL,MRQ,2021-06-30,2021-06-30,2021-06-30,2021-10-16,-8882000000,75309000000,,19666000000,55643000000,,2.003,-761000000.0,10357000000,10357000000,3708000000.0,652000000.0,0.834,57.789,35322000000,3010000000,32312000000,35322000000,7401000000,0.0,0,0.0,0.0,1114000000.0,1114000000.0,0.156,1114000000.0,1114000000.0,776000000.0,1.02,1.02,1.02,1281000000,,1281000000,54476751602.0,-7.0,-10.811,1105000000.0,1.727,1.0,3418000000.0,0.48,15759000000,338000000.0,60942000000,,1005000000,7945000000,4873000000,3072000000,74028000000,23573000000,50455000000,27671751602.0,1562000000.0,0.0,0.0,-380000000.0,0.0,-330000000.0,26000000.0,697000000.0,1866000000.0,0.0,652000000.0,652000000.0,652000000.0,0.0,0.0,0.091,2602000000.0,816000000.0,3930000000,0.0,21.602,-4.156,-4.124,33161000000,0.0,43.26,1.511,1.511,2258000000,-953000000,7126000000.0,7126000000.0,0.0,,,,,0.0,2328000000.0,1.0,639661387,639661387.0,,11.14,59550000000,2158000000,124000000.0,0,93.096,-3907000000
2,DAL,MRQ,2021-03-31,2021-03-31,2021-03-31,2021-10-16,-8960000000,73083000000,,17853000000,55230000000,,0.755,-438000000.0,8460000000,8460000000,3056000000.0,-1177000000.0,0.863,150.624,35265000000,3636000000,31629000000,35265000000,7285000000,0.0,0,0.0,0.0,-1154000000.0,-1154000000.0,-0.278,-1154000000.0,-1154000000.0,-1515000000.0,-1.85,-1.85,-1.85,482000000,,482000000,58050720986.0,-4.0,-4.475,253000000.0,0.396,1.0,1094000000.0,0.264,15762000000,361000000.0,63438000000,,828000000,8727000000,5575000000,3152000000,72601000000,20688000000,51913000000,30809720986.0,-159000000.0,0.0,0.0,-851000000.0,0.0,-790000000.0,-60000000.0,210000000.0,691000000.0,0.0,-1177000000.0,-1177000000.0,-1177000000.0,0.0,0.0,-0.284,2492000000.0,-1398000000.0,3432000000,0.0,63.921,-2.365,-2.353,32439000000,0.0,48.28,2.435,2.435,1837000000,-1605000000,4150000000.0,4150000000.0,0.0,,,,,0.0,2202000000.0,1.0,638146665,638146665.0,,6.503,57321000000,2306000000,-338000000.0,0,89.824,-2835000000
3,DAL,MRQ,2020-12-31,2020-12-31,2020-12-31,2021-10-16,-9038000000,71996000000,,17404000000,54592000000,,2.405,-548000000.0,8307000000,8307000000,1908000000.0,-755000000.0,1.093,45.934,35548000000,2410000000,33138000000,35548000000,7182000000,2312000000.0,0,0.01,0.0,-743000000.0,1569000000.0,0.395,1569000000.0,-743000000.0,-1108000000.0,-1.19,-1.19,-1.19,1534000000,,1534000000,50606296243.0,-3.0,-4.099,-1834000000.0,-2.876,1.0,2065000000.0,0.52,15764000000,365000000.0,67546000000,,732000000,9010000000,5789000000,3221000000,70462000000,15927000000,54535000000,25643296243.0,-8291000000.0,2099000000.0,0.0,-5932000000.0,0.0,-5957000000.0,-1048000000.0,-2610000000.0,-1286000000.0,0.0,-755000000.0,-755000000.0,-755000000.0,0.0,0.0,-0.19,2923000000.0,-858000000.0,2840000000,0.0,16.717,-2.071,-2.063,32262000000,0.0,40.21,1.5,1.5,1396000000,-428000000,3973000000.0,3973000000.0,0.0,,,,,0.0,1940000000.0,1.0,637734301,637734301.0,,6.23,56232000000,1988000000,-353000000.0,0,88.175,1477000000
4,DAL,MRQ,2020-09-30,2020-09-30,2020-09-30,2021-10-16,-7939000000,79076000000,,25030000000,54046000000,,5.263,-133000000.0,16477000000,16477000000,2050000000.0,-5379000000.0,1.269,22.556,41440000000,5759000000,35681000000,41440000000,7089000000,0.0,0,0.026,0.0,-6568000000.0,-6568000000.0,-2.145,-6568000000.0,-6568000000.0,-6859000000.0,-8.47,-8.47,-8.47,3357000000,,3357000000,38884659293.0,-3.0,-3.942,-2708000000.0,-4.245,1.0,1012000000.0,0.331,15767000000,291000000.0,68547000000,,746000000,8290000000,5048000000,3242000000,75719000000,19725000000,55994000000,19505659293.0,6528000000.0,0.0,0.0,10128000000.0,0.0,10247000000.0,-1144000000.0,-745000000.0,-2575000000.0,0.0,-5379000000.0,-5379000000.0,-5379000000.0,0.0,0.0,-1.757,7398000000.0,-6386000000.0,2403000000,0.0,5.81,-1.852,-1.841,32483000000,0.0,30.58,0.794,0.794,1503000000,327000000,3062000000.0,3062000000.0,0.0,,,,,0.0,2012000000.0,1.0,637856746,637856746.0,,4.8,63309000000,1305000000,-1480000000.0,0,99.253,5305000000
5,DAL,MRQ,2020-06-30,2020-06-30,2020-06-30,2021-10-16,-7937000000,72261000000,,18915000000,53346000000,,13.624,-281000000.0,11366000000,11366000000,1781000000.0,-5717000000.0,0.939,7.315,30745000000,5962000000,24783000000,30745000000,6981000000,0.0,0,0.043,0.0,-6820000000.0,-6820000000.0,-4.646,-6820000000.0,-6820000000.0,-7014000000.0,-9.01,-9.01,-9.01,8690000000,,8690000000,34895305578.0,-9.0,-27.283,-571000000.0,-0.895,1.0,-313000000.0,-0.213,15770000000,194000000.0,55720000000,,847000000,6274000000,4302000000,1972000000,63571000000,20150000000,43421000000,17891305578.0,5357000000.0,0.0,0.0,7690000000.0,0.0,9722000000.0,-4075000000.0,-3836000000.0,-290000000.0,0.0,-5717000000.0,-5717000000.0,-5717000000.0,0.0,0.0,-3.894,4502000000.0,-4815000000.0,2332000000,0.0,2.059,-4.891,-4.82,34123000000,0.0,28.05,0.525,0.525,1375000000,5706000000,1468000000.0,1468000000.0,0.0,,,,,0.0,2127000000.0,1.0,637836206,637836206.0,,2.302,56491000000,0,-1297000000.0,447000000,88.567,-1235000000
6,DAL,MRQ,2020-03-31,2020-03-31,2020-03-31,2021-10-16,-7898000000,68738000000,,10275000000,58463000000,,22.355,-937000000.0,5967000000,5967000000,4710000000.0,-534000000.0,0.53,3.804,22971000000,5105000000,17866000000,22971000000,6817000000,0.0,0,0.055,0.403,-528000000.0,-528000000.0,-0.061,-528000000.0,-528000000.0,-607000000.0,-0.84,-0.84,-0.84,14309000000,,14309000000,32634881677.0,7.0,4.338,-579000000.0,-0.905,1.0,3882000000.0,0.452,15772000000,79000000.0,50578000000,,974000000,4139000000,0,4139000000,54429000000,19392000000,35037000000,18261881677.0,2731000000.0,0.0,-344000000.0,5606000000.0,-260000000.0,5344000000.0,-2971000000.0,-2099000000.0,358000000.0,0.0,-534000000.0,-534000000.0,-534000000.0,0.0,0.0,-0.062,4292000000.0,-410000000.0,3337000000,-0.48,1.276,5.215,5.274,37132000000,0.0,28.53,0.405,0.405,2280000000,11423000000,8592000000.0,8592000000.0,0.0,,,,,0.0,2862000000.0,1.0,640093995,640093995.0,,13.423,52966000000,0,-73000000.0,1502000000,82.747,-9117000000
7,DAL,MRQ,2019-12-31,2019-12-31,2019-12-31,2021-10-16,-7989000000,64532000000,,8249000000,56283000000,,23.747,-1072000000.0,2882000000,2882000000,4442000000.0,1098000000.0,0.408,3.202,17255000000,3088000000,14167000000,17255000000,6728000000,2581000000.0,0,0.026,0.403,1471000000.0,4052000000.0,0.354,4052000000.0,1471000000.0,1398000000.0,1.71,1.71,1.71,15358000000,,15358000000,52326522102.0,8.0,5.763,-102000000.0,-0.158,1.0,6997000000.0,0.612,14944000000,73000000.0,43757000000,,1251000000,3204000000,0,3204000000,49174000000,20204000000,28970000000,37821522102.0,1032000000.0,170000000.0,-225000000.0,1042000000.0,-259000000.0,842000000.0,-780000000.0,109000000.0,970000000.0,0.0,1098000000.0,1098000000.0,1098000000.0,0.0,0.0,0.096,5598000000.0,1399000000.0,3266000000,0.236,2.463,7.934,7.989,36937000000,0.0,58.48,0.805,0.805,2854000000,12454000000,11439000000.0,11439000000.0,0.0,,,,,0.0,2950000000.0,1.0,646742854,646742854.0,,17.687,49588000000,120000000,300000000.0,1456000000,76.673,-11955000000
8,DAL,MRQ,2019-09-30,2019-09-30,2019-09-30,2021-10-16,-7645000000,63219000000,,6944000000,56275000000,,23.174,-944000000.0,1899000000,1899000000,4802000000.0,1495000000.0,0.344,3.196,16404000000,3040000000,13364000000,16404000000,6696000000,0.0,0,0.025,0.403,2017000000.0,2017000000.0,0.161,2017000000.0,2017000000.0,1947000000.0,2.32,2.31,2.32,15068000000,,15068000000,51813555539.0,8.0,5.909,1300000000.0,1.999,1.0,7758000000.0,0.618,14602000000,70000000.0,42911000000,,1072000000,753000000,0,753000000,48151000000,20211000000,27940000000,37451555539.0,-331000000.0,-81000000.0,-209000000.0,-355000000.0,-260000000.0,-1451000000.0,-1124000000.0,0.0,2244000000.0,0.0,1495000000.0,1495000000.0,1495000000.0,0.0,0.0,0.119,5687000000.0,2071000000.0,3470000000,0.174,2.486,7.991,8.079,36611000000,0.0,57.6,0.809,0.809,2836000000,11772000000,12560000000.0,12560000000.0,0.0,,,,,0.0,2884000000.0,1.0,650200617,650200617.0,,19.317,48617000000,0,452000000.0,1245000000,74.772,-13267000000
9,DAL,MRQ,2019-06-30,2019-06-30,2019-06-30,2021-10-16,-7694000000,62518000000,,7134000000,55384000000,,21.31,-1560000000.0,2009000000,2009000000,4791000000.0,1443000000.0,0.337,3.479,16371000000,3122000000,13249000000,16371000000,6654000000,0.0,0,0.025,0.35,1982000000.0,1982000000.0,0.158,1982000000.0,1982000000.0,1907000000.0,2.22,2.21,2.22,13958000000,,13958000000,52772050070.0,9.0,6.199,1709000000.0,2.609,1.0,7745000000.0,0.618,14605000000,75000000.0,41111000000,,1083000000,893000000,0,893000000,48560000000,21164000000,27396000000,37171050070.0,44000000.0,-89000000.0,-268000000.0,-1165000000.0,-228000000.0,-1662000000.0,-1563000000.0,0.0,3269000000.0,0.0,1443000000.0,1443000000.0,1443000000.0,0.0,0.0,0.115,5617000000.0,2128000000.0,3359000000,0.158,2.663,8.235,8.42,36071000000,0.0,56.75,0.813,0.813,2844000000,10686000000,12536000000.0,12536000000.0,0.0,,,,,0.0,2752000000.0,1.0,654996477,654996477.0,,19.139,47913000000,0,464000000.0,0,73.15,-14030000000
10,DAL,MRQ,2019-03-31,2019-03-31,2019-03-31,2021-10-16,-7766000000,61841000000,,7196000000,54645000000,,19.016,-1360000000.0,1910000000,1910000000,4305000000.0,730000000.0,0.337,3.79,17511000000,3996000000,13515000000,17511000000,6624000000,0.0,0,0.026,0.35,1029000000.0,1029000000.0,0.098,1029000000.0,1029000000.0,946000000.0,1.1,1.09,1.1,12911000000,,12911000000,50029772562.0,9.0,6.257,582000000.0,0.857,1.0,6167000000.0,0.589,14608000000,83000000.0,41511000000,,1071000000,1018000000,0,1018000000,48930000000,21323000000,27607000000,35067772562.0,237000000.0,0.0,-1325000000.0,965000000.0,-233000000.0,-609000000.0,-1096000000.0,206000000.0,1942000000.0,0.0,730000000.0,730000000.0,730000000.0,0.0,0.0,0.07,5147000000.0,1020000000.0,3214000000,0.318,2.716,8.539,8.594,35175000000,0.0,51.65,0.78,0.78,3154000000,9656000000,10472000000.0,10472000000.0,0.0,,,,,0.0,2639000000.0,1.0,678950098,678950098.0,,15.424,47233000000,0,216000000.0,0,69.568,-14127000000
11,DAL,MRQ,2018-12-31,2018-12-31,2018-12-31,2021-10-16,-7825000000,60266000000,,6340000000,53926000000,,19.963,-1363000000.0,1565000000,1565000000,4463000000.0,1019000000.0,0.341,3.403,16527000000,2473000000,14054000000,16527000000,6641000000,2329000000.0,0,0.026,0.35,1412000000.0,3741000000.0,0.348,3741000000.0,1412000000.0,1345000000.0,1.49,1.49,1.49,13687000000,,13687000000,40909373180.0,7.0,5.251,-118000000.0,-0.172,1.0,6279000000.0,0.585,14611000000,67000000.0,42039000000,,1055000000,1136000000,0,1136000000,46579000000,18578000000,28001000000,34212373180.0,100000000.0,0.0,-325000000.0,310000000.0,-239000000.0,-125000000.0,-1020000000.0,304000000.0,1245000000.0,0.0,1019000000.0,1019000000.0,1019000000.0,0.0,0.0,0.095,5188000000.0,1091000000.0,2976000000,0.235,2.5,8.694,8.77,34329000000,0.0,49.9,0.77,0.77,2314000000,10039000000,10742000000.0,10742000000.0,0.0,,,,,0.0,2739000000.0,1.0,685618701,685618701.0,,15.668,45655000000,0,326000000.0,163000000,66.589,-12238000000
12,DAL,MRQ,2018-09-30,2018-09-30,2018-09-30,2021-10-16,-7535000000,55003000000,,6726000000,48277000000,,19.823,-962000000.0,2594000000,2594000000,4833000000.0,1322000000.0,0.37,3.014,9291000000,1176000000,8115000000,9291000000,6542000000,0.0,0,0.022,0.35,1761000000.0,1761000000.0,0.147,1761000000.0,1761000000.0,1688000000.0,1.93,1.92,1.93,13704000000,,13704000000,46671690178.0,9.0,6.295,537000000.0,0.777,1.0,7120000000.0,0.596,14629000000,73000000.0,28913000000,,1170000000,478000000,478000000,0,41299000000,18158000000,23141000000,39979690178.0,-612000000.0,0.0,-325000000.0,-648000000.0,-240000000.0,-1208000000.0,-903000000.0,42000000.0,1499000000.0,0.0,1322000000.0,1322000000.0,1322000000.0,0.0,0.0,0.111,5475000000.0,1645000000.0,3265000000,0.181,2.917,12.443,12.437,28565000000,0.0,57.83,0.91,0.91,2517000000,9696000000,11953000000.0,11953000000.0,0.0,,,,,0.0,2753000000.0,1.0,691331319,691331319.0,,17.29,40374000000,432000000,366000000.0,0,58.4,-11432000000
13,DAL,MRQ,2018-06-30,2018-06-30,2018-06-30,2021-10-16,-7606000000,55796000000,,7641000000,48155000000,,18.301,-1578000000.0,3212000000,3212000000,4641000000.0,1036000000.0,0.397,3.34,9904000000,1342000000,8562000000,9904000000,6491000000,0.0,0,0.025,0.305,1465000000.0,1465000000.0,0.124,1465000000.0,1465000000.0,1386000000.0,1.49,1.49,1.49,12856000000,,12856000000,42002770276.0,8.0,5.579,1320000000.0,1.879,1.0,7134000000.0,0.606,14633000000,79000000.0,28586000000,,1589000000,520000000,520000000,0,42940000000,19269000000,23671000000,34800770276.0,1778000000.0,0.0,-600000000.0,1275000000.0,-213000000.0,423000000.0,-1543000000.0,3000000.0,2898000000.0,0.0,1036000000.0,1036000000.0,1036000000.0,0.0,0.0,0.088,5450000000.0,1684000000.0,3749000000,0.205,2.707,11.41,11.415,28124000000,0.0,49.54,0.809,0.809,2427000000,8851000000,11775000000.0,11775000000.0,0.0,,,,,0.0,2668000000.0,1.0,702478205,702478205.0,,16.762,41163000000,804000000,350000000.0,0,58.597,-11628000000
14,DAL,MRQ,2018-03-31,2018-03-31,2018-03-31,2021-10-16,-7681000000,54078000000,,7724000000,46354000000,,17.763,-1265000000.0,1447000000,1447000000,4008000000.0,557000000.0,0.386,3.307,8649000000,2289000000,6360000000,8649000000,6394000000,0.0,0,0.02,0.305,824000000.0,824000000.0,0.083,824000000.0,824000000.0,732000000.0,0.79,0.79,0.79,12557000000,,12557000000,45765921152.0,8.0,5.722,107000000.0,0.151,1.0,5960000000.0,0.598,14637000000,92000000.0,26631000000,,1146000000,523000000,523000000,0,41521000000,20012000000,21509000000,38745921152.0,-371000000.0,0.0,-325000000.0,-244000000.0,-217000000.0,-816000000.0,-927000000.0,300000000.0,1372000000.0,0.0,557000000.0,557000000.0,557000000.0,0.0,0.0,0.056,5116000000.0,844000000.0,3351000000,0.386,3.086,12.108,12.234,27096000000,0.0,54.81,0.922,0.922,2568000000,8465000000,9968000000.0,9968000000.0,0.0,,,,,0.0,2584000000.0,1.0,706913358,706913358.0,,14.101,39441000000,1175000000,175000000.0,0,55.793,-12288000000
15,DAL,MRQ,2017-12-31,2017-12-31,2017-12-31,2021-10-16,-7621000000,53671000000,,7804000000,45867000000,,17.574,-1160000000.0,1814000000,1814000000,3913000000.0,298000000.0,0.412,3.283,8834000000,2242000000,6592000000,8834000000,6321000000,2222000000.0,0,0.018,0.305,1142000000.0,3364000000.0,0.329,3364000000.0,1142000000.0,1043000000.0,0.44,0.43,0.44,12530000000,,12530000000,47256495784.0,8.0,5.821,731000000.0,1.025,1.0,6315000000.0,0.617,14641000000,99000000.0,27091000000,,1329000000,825000000,825000000,0,41141000000,18959000000,22182000000,39926495784.0,336000000.0,0.0,-327000000.0,11000000.0,-215000000.0,-250000000.0,-1305000000.0,-318000000.0,1891000000.0,0.0,298000000.0,298000000.0,298000000.0,0.0,0.0,0.029,5154000000.0,1161000000.0,3634000000,0.693,3.186,12.458,12.584,26563000000,0.0,56.0,0.971,0.971,2377000000,8256000000,10228000000.0,10228000000.0,0.0,,,,,0.0,2533000000.0,1.0,712973139,712973139.0,,14.346,39030000000,1354000000,745000000.0,0,54.743,-11155000000
16,DAL,MRQ,2017-09-30,2017-09-30,2017-09-30,2021-10-16,-7476000000,51928000000,,7083000000,44845000000,,19.338,-941000000.0,1478000000,1478000000,4029000000.0,1159000000.0,0.429,2.709,8808000000,1224000000,7584000000,8808000000,4040000000,0.0,0,0.019,0.305,1876000000.0,1876000000.0,0.17,1876000000.0,1876000000.0,1776000000.0,1.62,1.61,1.62,14001000000,,14001000000,41685737112.0,8.0,5.632,652000000.0,0.901,1.0,7032000000.0,0.636,14645000000,100000000.0,28117000000,,1136000000,960000000,960000000,0,37927000000,16496000000,21431000000,34912737112.0,-788000000.0,0.0,-550000000.0,-255000000.0,-219000000.0,-1086000000.0,-1295000000.0,-386000000.0,1593000000.0,0.0,1159000000.0,1159000000.0,1159000000.0,0.0,0.0,0.105,5209000000.0,1823000000.0,3059000000,0.188,2.494,10.422,10.348,25900000000,0.0,48.22,0.869,0.869,2399000000,9502000000,11061000000.0,11061000000.0,0.0,,,,,0.0,2619000000.0,1.0,724030218,724030218.0,,15.277,37283000000,1422000000,617000000.0,0,51.494,-9413000000
17,DAL,MRQ,2017-06-30,2017-06-30,2017-06-30,2021-10-16,-7549000000,51815000000,,7177000000,44638000000,,18.326,-988000000.0,2241000000,2241000000,3814000000.0,1186000000.0,0.432,2.844,9014000000,1098000000,7916000000,9014000000,4007000000,0.0,0,0.015,0.203,1934000000.0,1934000000.0,0.18,1934000000.0,1934000000.0,1831000000.0,1.63,1.62,1.63,13479000000,,13479000000,46847404395.0,8.0,6.23,1381000000.0,1.878,1.0,6933000000.0,0.645,14649000000,103000000.0,27308000000,,938000000,747000000,747000000,0,38336000000,16631000000,21705000000,39527404395.0,337000000.0,0.0,-600000000.0,-276000000.0,-148000000.0,-1074000000.0,-958000000.0,-4000000.0,2369000000.0,0.0,1186000000.0,1186000000.0,1186000000.0,0.0,0.0,0.11,4951000000.0,1982000000.0,2726000000,0.125,2.933,11.457,11.338,25367000000,0.0,53.74,0.998,0.998,2164000000,8905000000,10747000000.0,10747000000.0,0.0,,,,,0.0,2521000000.0,1.0,735530413,735530413.0,,14.611,37166000000,2077000000,645000000.0,0,50.53,-9454000000
18,DAL,MRQ,2017-03-31,2017-03-31,2017-03-31,2021-10-16,-7571000000,51459000000,,6880000000,44579000000,,17.714,-802000000.0,1907000000,1907000000,3502000000.0,561000000.0,0.431,2.975,9227000000,1040000000,8187000000,9227000000,3957000000,0.0,0,0.016,0.203,943000000.0,943000000.0,0.104,943000000.0,943000000.0,849000000.0,0.77,0.77,0.77,12945000000,,12945000000,38156218522.0,6.0,4.752,-1632000000.0,-2.233,1.0,5599000000.0,0.615,14649000000,94000000.0,28177000000,,855000000,743000000,743000000,0,38514000000,15953000000,22561000000,33586218522.0,-858000000.0,0.0,-200000000.0,1716000000.0,-149000000.0,1680000000.0,-1708000000.0,-878000000.0,-830000000.0,0.0,561000000.0,561000000.0,561000000.0,0.0,0.0,0.062,4600000000.0,999000000.0,2353000000,0.264,2.595,8.815,8.924,24817000000,0.0,45.96,0.855,0.855,2307000000,8226000000,9101000000.0,9101000000.0,0.0,,,,,0.0,2386000000.0,1.0,730770638,730770638.0,,12.454,36810000000,2750000000,288000000.0,0,50.371,-9073000000
19,DAL,MRQ,2016-12-31,2016-12-31,2016-12-31,2021-10-16,-7636000000,51261000000,,7451000000,43810000000,,16.686,-794000000.0,2762000000,2762000000,582000000.0,444000000.0,0.489,3.172,7332000000,1131000000,6201000000,7332000000,3926000000,1886000000.0,0,0.014,0.203,762000000.0,2648000000.0,0.286,2648000000.0,762000000.0,669000000.0,0.64,0.63,0.64,12287000000,,12287000000,42149760934.0,6.0,4.886,341000000.0,0.463,1.0,8687000000.0,0.937,14638000000,93000000.0,25954000000,,891000000,487000000,487000000,0,38974000000,15239000000,23735000000,36222760934.0,1134000000.0,0.0,-300000000.0,-306000000.0,-149000000.0,-446000000.0,445000000.0,1023000000.0,1135000000.0,0.0,444000000.0,444000000.0,444000000.0,0.0,0.0,0.048,7623000000.0,1064000000.0,2572000000,0.317,2.948,8.635,8.8,24375000000,0.0,49.19,0.918,0.918,2064000000,7903000000,9269000000.0,9269000000.0,0.0,,,,,0.0,2229000000.0,1.0,736384650,736384650.0,,12.587,36623000000,3064000000,225000000.0,0,49.734,-7788000000
20,DAL,MRQ,2016-09-30,2016-09-30,2016-09-30,2021-10-16,-7212000000,50948000000,,7329000000,43619000000,,16.704,-680000000.0,1638000000,1638000000,4724000000.0,1259000000.0,0.484,3.073,7565000000,1092000000,6473000000,7565000000,3903000000,0.0,0,0.015,0.203,1995000000.0,1995000000.0,0.19,1995000000.0,1995000000.0,1900000000.0,1.7,1.69,1.7,12510000000,,12510000000,35619006206.0,5.0,3.77,1174000000.0,1.568,1.0,5759000000.0,0.549,14642000000,95000000.0,27086000000,,775000000,1514000000,1514000000,0,38438000000,15147000000,23291000000,29477006206.0,-24000000.0,0.0,-500000000.0,-254000000.0,-150000000.0,-991000000.0,-887000000.0,-229000000.0,1854000000.0,0.0,1259000000.0,1259000000.0,1259000000.0,0.0,0.0,0.12,3790000000.0,1969000000.0,2567000000,0.119,2.356,6.231,6.328,24105000000,0.0,39.36,0.743,0.743,1996000000,11109000000,10483000000.0,10483000000.0,0.0,,,,,0.0,2463000000.0,1.0,748907678,748907678.0,,13.998,36306000000,3150000000,641000000.0,0,48.479,-7818000000
21,DAL,MRQ,2016-06-30,2016-06-30,2016-06-30,2021-10-16,-7279000000,51634000000,,7638000000,43996000000,,15.306,-1046000000.0,1662000000,1662000000,4354000000.0,1546000000.0,0.47,3.372,7804000000,1115000000,6689000000,7804000000,3883000000,0.0,0,0.015,0.135,2443000000.0,2443000000.0,0.234,2443000000.0,2443000000.0,2350000000.0,2.04,2.03,2.04,11810000000,,11810000000,34851711859.0,4.0,3.613,2169000000.0,2.811,1.0,6093000000.0,0.583,14646000000,93000000.0,26880000000,,795000000,1289000000,1289000000,0,39824000000,16250000000,23574000000,28108711859.0,-46000000.0,0.0,-1026000000.0,-758000000.0,-103000000.0,-2149000000.0,-1112000000.0,-80000000.0,3215000000.0,0.0,1546000000.0,1546000000.0,1546000000.0,0.0,0.0,0.148,3670000000.0,2423000000.0,2956000000,0.066,2.38,5.872,5.885,23975000000,0.0,36.43,0.697,0.697,2102000000,10000000000,10447000000.0,10447000000.0,0.0,,,,,0.0,2391000000.0,1.0,771581440,771581440.0,,13.54,36988000000,3797000000,804000000.0,0,47.938,-8612000000
22,DAL,MRQ,2016-03-31,2016-03-31,2016-03-31,2021-10-16,-7279000000,53342000000,,9306000000,44036000000,,14.453,-871000000.0,1708000000,1708000000,4149000000.0,946000000.0,0.514,3.741,8451000000,1531000000,6920000000,8451000000,3881000000,0.0,0,0.01,0.135,1541000000.0,1541000000.0,0.167,1541000000.0,1541000000.0,1434000000.0,1.22,1.21,1.22,11252000000,,11252000000,44254799670.0,6.0,4.564,140000000.0,0.18,1.0,5102000000.0,0.552,14650000000,107000000.0,27327000000,,693000000,1206000000,1206000000,0,42090000000,18108000000,23982000000,37897799670.0,-264000000.0,0.0,-775000000.0,59000000.0,-107000000.0,-674000000.0,-601000000.0,265000000.0,1011000000.0,0.0,946000000.0,946000000.0,946000000.0,0.0,0.0,0.102,3562000000.0,1540000000.0,2732000000,0.111,3.368,8.019,8.113,23422000000,0.0,48.68,0.934,0.934,2179000000,8462000000,9251000000.0,9251000000.0,0.0,,,,,0.0,2311000000.0,1.0,778508621,778508621.0,,11.883,38692000000,4489000000,488000000.0,0,49.7,-8802000000
23,DAL,MRQ,2015-12-31,2015-12-31,2015-12-31,2021-10-16,-7275000000,53134000000,,9056000000,44078000000,,13.796,-878000000.0,1972000000,1972000000,4348000000.0,980000000.0,0.517,3.897,8329000000,1563000000,6766000000,8329000000,3881000000,1835000000.0,0,0.009,0.135,1635000000.0,3470000000.0,0.365,3470000000.0,1635000000.0,1533000000.0,1.26,1.26,1.26,10850000000,,10850000000,46298347848.0,6.0,4.887,601000000.0,0.764,1.0,5154000000.0,0.542,14655000000,102000000.0,27310000000,,697000000,1465000000,1465000000,0,42284000000,17526000000,24758000000,39866347848.0,-397000000.0,0.0,-425000000.0,-407000000.0,-105000000.0,-697000000.0,-1179000000.0,-29000000.0,1479000000.0,0.0,980000000.0,980000000.0,980000000.0,0.0,0.0,0.103,3437000000.0,1717000000.0,2743000000,0.107,3.674,8.808,8.924,23039000000,0.0,50.69,0.979,0.979,2020000000,5562000000,9502000000.0,9502000000.0,0.0,,,,,0.0,2213000000.0,1.0,786473621,786473621.0,,12.082,38479000000,4956000000,553000000.0,0,48.926,-8470000000
24,DAL,MRQ,2015-09-30,2015-09-30,2015-09-30,2021-10-16,-7316000000,53646000000,,11973000000,41673000000,,13.006,-562000000.0,2369000000,2369000000,5024000000.0,1315000000.0,0.68,4.186,8801000000,1705000000,7096000000,8801000000,3886000000,0.0,0,0.009,0.135,2193000000.0,2193000000.0,0.197,2193000000.0,2193000000.0,2072000000.0,1.67,1.65,1.67,10345000000,,10345000000,42653523157.0,9.0,6.299,1505000000.0,1.892,1.0,6083000000.0,0.548,14383000000,121000000.0,28087000000,,695000000,1442000000,1442000000,0,43301000000,17608000000,25693000000,35689523157.0,76000000.0,0.0,-425000000.0,-520000000.0,-107000000.0,-982000000.0,-1009000000.0,-451000000.0,2067000000.0,0.0,1315000000.0,1315000000.0,1315000000.0,0.0,0.0,0.118,3870000000.0,2213000000.0,2688000000,0.081,3.45,12.593,12.499,22608000000,0.0,44.87,0.874,0.874,1974000000,6748000000,11107000000.0,11107000000.0,0.0,,,,,0.0,2276000000.0,1.0,795398332,795398332.0,,13.964,39263000000,5544000000,757000000.0,0,49.363,-5635000000
25,DAL,MRQ,2015-06-30,2015-06-30,2015-06-30,2021-10-16,-7288000000,52781000000,,11441000000,41340000000,,11.715,-919000000.0,2293000000,2293000000,4606000000.0,1485000000.0,0.67,4.519,9257000000,1659000000,7598000000,9257000000,3908000000,0.0,0,0.009,0.09,2493000000.0,2493000000.0,0.233,2493000000.0,2493000000.0,2366000000.0,1.85,1.83,1.85,9563000000,,9563000000,40977471640.0,12.0,7.716,1826000000.0,2.237,1.0,6101000000.0,0.57,14388000000,127000000.0,28275000000,,881000000,1494000000,1494000000,0,43218000000,17082000000,26136000000,33533471640.0,171000000.0,0.0,-925000000.0,-333000000.0,-72000000.0,-1619000000.0,-955000000.0,-50000000.0,2745000000.0,0.0,1485000000.0,1485000000.0,1485000000.0,0.0,0.0,0.139,3627000000.0,2474000000.0,2803000000,0.049,3.507,17.875,17.481,22480000000,0.0,41.08,0.819,0.819,1966000000,5540000000,10707000000.0,10707000000.0,0.0,,,,,0.0,2195000000.0,1.0,816296778,816296778.0,,13.117,38393000000,6266000000,881000000.0,0,47.033,-5641000000
26,DAL,MRQ,2015-03-31,2015-03-31,2015-03-31,2021-10-16,-7294000000,53752000000,,12266000000,41486000000,,10.975,-586000000.0,2122000000,2122000000,4790000000.0,746000000.0,0.708,4.942,9566000000,1261000000,8305000000,9566000000,4030000000,0.0,0,0.007,0.09,1317000000.0,1317000000.0,0.14,1317000000.0,1317000000.0,1186000000.0,0.91,0.9,0.91,9046000000,,9046000000,44748253968.0,18.0,10.433,1050000000.0,1.274,1.0,4598000000.0,0.49,14393000000,131000000.0,29484000000,,801000000,1447000000,1447000000,0,44706000000,17319000000,27387000000,37059253968.0,34000000.0,0.0,-425000000.0,-260000000.0,-75000000.0,-790000000.0,-812000000.0,-229000000.0,1636000000.0,0.0,746000000.0,746000000.0,746000000.0,0.0,0.0,0.079,3200000000.0,1398000000.0,2492000000,0.099,4.097,31.09,31.007,22023000000,0.0,44.96,0.908,0.908,2057000000,4127000000,9388000000.0,9388000000.0,0.0,,,,,0.0,2092000000.0,1.0,824271663,824271663.0,,11.389,39359000000,7142000000,440000000.0,0,47.75,-5053000000
27,DAL,MRQ,2014-12-31,2014-12-31,2014-12-31,2021-10-16,-7311000000,54005000000,,9158000000,44847000000,,10.53,-660000000.0,2088000000,2088000000,7177000000.0,-712000000.0,0.544,5.128,9661000000,1184000000,8477000000,9661000000,4182000000,1771000000.0,0,0.006,0.09,-1003000000.0,768000000.0,0.08,768000000.0,-1003000000.0,-1140000000.0,-0.84,-0.83,-0.84,8813000000,,8813000000,48649145597.0,28.0,13.928,-78000000.0,-0.093,1.0,2470000000.0,0.256,14397000000,137000000.0,30334000000,,852000000,1217000000,1217000000,0,45192000000,16847000000,28345000000,41169145597.0,-422000000.0,0.0,-500000000.0,-403000000.0,-75000000.0,-966000000.0,-38000000.0,632000000.0,582000000.0,0.0,-712000000.0,-712000000.0,-712000000.0,0.0,0.0,-0.074,3298000000.0,-828000000.0,2622000000,-0.107,4.671,62.472,62.266,21929000000,0.0,49.19,1.02,1.02,2297000000,3456000000,9647000000.0,9647000000.0,0.0,,,,,0.0,2036000000.0,1.0,836941362,836941362.0,,11.526,39608000000,7595000000,-428000000.0,0,47.325,-7689000000
28,DAL,MRQ,2014-09-30,2014-09-30,2014-09-30,2021-10-16,-5100000000,51940000000,,10995000000,40945000000,,14.586,-457000000.0,2659000000,2659000000,6365000000.0,357000000.0,0.742,3.224,10139000000,1169000000,8970000000,10139000000,3970000000,0.0,0,0.007,0.09,733000000.0,733000000.0,0.066,733000000.0,733000000.0,579000000.0,0.43,0.42,0.43,12296000000,,12296000000,37313665671.0,11.0,7.198,901000000.0,1.069,1.0,4813000000.0,0.431,14408000000,154000000.0,30199000000,,942000000,1852000000,1852000000,0,39644000000,14813000000,24831000000,30474665671.0,-852000000.0,0.0,-250000000.0,-301000000.0,-75000000.0,-627000000.0,-1583000000.0,-1147000000.0,1358000000.0,0.0,357000000.0,357000000.0,357000000.0,0.0,0.0,0.032,3978000000.0,835000000.0,2577000000,0.209,2.478,3.094,3.111,21722000000,0.0,36.15,0.766,0.766,2135000000,4244000000,11178000000.0,11178000000.0,0.0,,,,,0.0,2069000000.0,1.0,843005966,843005966.0,,13.26,37532000000,5883000000,222000000.0,687000000,44.522,-3818000000
29,DAL,MRQ,2014-06-30,2014-06-30,2014-06-30,2021-10-16,-5137000000,52191000000,,10517000000,41674000000,,14.39,-518000000.0,3483000000,3483000000,5767000000.0,801000000.0,0.691,3.277,10322000000,1233000000,9089000000,10322000000,4106000000,0.0,0,0.006,0.06,1471000000.0,1471000000.0,0.138,1471000000.0,1471000000.0,1298000000.0,0.95,0.94,0.95,12203000000,,12203000000,41055105487.0,9.0,6.854,1538000000.0,1.814,1.0,4854000000.0,0.457,14419000000,173000000.0,29402000000,,961000000,719000000,719000000,0,39988000000,15209000000,24779000000,32835105487.0,663000000.0,0.0,-225000000.0,-851000000.0,-50000000.0,-1114000000.0,-279000000.0,242000000.0,2056000000.0,0.0,801000000.0,801000000.0,801000000.0,0.0,0.0,0.075,3275000000.0,1579000000.0,2536000000,0.063,2.691,3.023,3.025,22048000000,0.0,38.72,0.84,0.84,2104000000,3962000000,10621000000.0,10621000000.0,0.0,,,,,0.0,2046000000.0,1.0,848014088,848014088.0,,12.525,37772000000,6131000000,497000000.0,790000000,44.542,-4692000000
30,DAL,MRQ,2014-03-31,2014-03-31,2014-03-31,2021-10-16,-5139000000,52167000000,,9746000000,42421000000,,13.705,-614000000.0,2824000000,2824000000,5358000000.0,213000000.0,0.649,3.481,11044000000,1578000000,9466000000,11044000000,4269000000,0.0,0,0.005,0.06,521000000.0,521000000.0,0.058,521000000.0,521000000.0,335000000.0,0.25,0.25,0.25,11641000000,,11641000000,37806979509.0,10.0,7.031,337000000.0,0.397,1.0,3558000000.0,0.399,14436000000,186000000.0,30941000000,,948000000,959000000,959000000,0,40526000000,15010000000,25516000000,29430979509.0,-145000000.0,0.0,-125000000.0,-353000000.0,-51000000.0,-533000000.0,-563000000.0,11000000.0,951000000.0,0.0,213000000.0,213000000.0,213000000.0,0.0,0.0,0.024,2938000000.0,620000000.0,2341000000,0.24,2.528,2.739,2.737,21972000000,0.0,34.65,0.771,0.771,2042000000,3211000000,8916000000.0,8916000000.0,0.0,,,,,0.0,1969000000.0,1.0,849378918,849378918.0,,10.497,37731000000,6618000000,122000000.0,810000000,44.422,-5264000000
31,DAL,MRQ,2013-12-31,2013-12-31,2013-12-31,2021-10-16,-5130000000,52252000000,,9651000000,42601000000,,13.609,-952000000.0,2844000000,2844000000,5405000000.0,8479000000.0,0.682,3.488,11342000000,1547000000,9795000000,11342000000,4420000000,1658000000.0,0,0.004,0.06,801000000.0,2459000000.0,0.271,2459000000.0,801000000.0,475000000.0,9.99,9.89,9.99,11643000000,,11643000000,32170845433.0,10.0,6.387,179000000.0,0.209,1.0,3671000000.0,0.404,14452000000,326000000.0,32146000000,,1063000000,959000000,959000000,0,40609000000,14152000000,26457000000,23501845433.0,-174000000.0,360000000.0,-157000000.0,-293000000.0,-51000000.0,-357000000.0,-948000000.0,-352000000.0,1131000000.0,0.0,8479000000.0,8479000000.0,8479000000.0,0.0,0.0,0.934,2970000000.0,701000000.0,2300000000,0.006,2.019,2.23,2.214,21854000000,0.0,27.47,0.622,0.622,1609000000,3049000000,9076000000.0,9076000000.0,0.0,,,,,0.0,1911000000.0,1.0,855545884,855545884.0,,10.608,37800000000,6728000000,-8004000000.0,0,44.182,-4501000000
32,DAL,MRQ,2013-09-30,2013-09-30,2013-09-30,2021-10-16,-8324000000,45997000000,,8951000000,37046000000,,0.16,-631000000.0,3231000000,3231000000,5739000000.0,1369000000.0,0.633,334.745,11900000000,1823000000,10077000000,11900000000,4122000000,0.0,0,0.003,0.06,1539000000.0,1539000000.0,0.147,1539000000.0,1539000000.0,1363000000.0,1.61,1.59,1.61,137000000,,137000000,29322054182.0,10.0,6.464,530000000.0,0.618,1.0,4751000000.0,0.453,14469000000,176000000.0,26063000000,,1032000000,959000000,959000000,0,45860000000,14134000000,31726000000,20239054182.0,53000000.0,0.0,-93000000.0,-279000000.0,-51000000.0,-491000000.0,-617000000.0,17000000.0,1161000000.0,0.0,1369000000.0,1369000000.0,1369000000.0,0.0,0.0,0.131,3188000000.0,1563000000.0,2592000000,0.037,147.73,9.792,9.668,21297000000,0.0,23.59,0.543,0.543,1969000000,-5379000000,10490000000.0,10490000000.0,0.0,,,,,0.0,1976000000.0,1.0,857950580,857950580.0,,12.227,31528000000,405000000,-6000000.0,2690000000,36.748,-5183000000
33,DAL,MRQ,2013-06-30,2013-06-30,2013-06-30,2021-10-16,-8331000000,45772000000,,8895000000,36877000000,,-1.382,-338000000.0,3138000000,3138000000,5939000000.0,685000000.0,0.602,-39.659,12221000000,1695000000,10526000000,12221000000,4220000000,0.0,0,0.0,0.0,858000000.0,858000000.0,0.088,858000000.0,858000000.0,686000000.0,0.81,0.8,0.81,-1184000000,,-1184000000,25410637527.0,9.0,5.987,870000000.0,1.016,1.0,3768000000.0,0.388,14486000000,172000000.0,25594000000,,962000000,958000000,958000000,0,46956000000,14775000000,32181000000,16023637527.0,329000000.0,-360000000.0,0.0,-322000000.0,0.0,-318000000.0,-561000000.0,87000000.0,1208000000.0,0.0,685000000.0,685000000.0,685000000.0,0.0,0.0,0.071,2854000000.0,914000000.0,2571000000,0.0,-13.533,9.183,9.039,21049000000,0.0,18.71,0.436,0.436,2084000000,-6748000000,9707000000.0,9707000000.0,0.0,,,,,0.0,1922000000.0,1.0,856421033,856421033.0,,11.334,31286000000,451000000,1000000.0,2826000000,36.531,-5880000000
34,DAL,MRQ,2013-03-31,2013-03-31,2013-03-31,2021-10-16,-8426000000,45068000000,,8641000000,36427000000,,-2.282,-647000000.0,2927000000,2927000000,5484000000.0,7000000.0,0.614,-24.195,12314000000,1593000000,10721000000,12314000000,4331000000,0.0,0,0.0,0.0,181000000.0,181000000.0,0.021,181000000.0,181000000.0,3000000.0,0.01,0.01,0.01,-1943000000,,-1943000000,23977767278.0,13.0,6.993,357000000.0,0.419,1.0,3016000000.0,0.355,14503000000,178000000.0,25884000000,,995000000,958000000,958000000,0,47011000000,14068000000,32943000000,14059767278.0,220000000.0,0.0,0.0,-299000000.0,0.0,-154000000.0,-630000000.0,46000000.0,1004000000.0,0.0,7000000.0,7000000.0,7000000.0,0.0,0.0,0.001,2794000000.0,222000000.0,2405000000,0.0,-7.236,15.762,15.575,20793000000,0.0,16.51,0.383,0.383,1994000000,-7382000000,8500000000.0,8500000000.0,0.0,,,,,0.0,1911000000.0,1.0,851590992,851590992.0,,9.981,30565000000,463000000,-4000000.0,2782000000,35.892,-5427000000
35,DAL,MRQ,2012-12-31,2012-12-31,2012-12-31,2021-10-16,-8577000000,44550000000,,8272000000,36278000000,,-2.506,-538000000.0,2791000000,2791000000,5480000000.0,6000000.0,0.623,-21.906,12709000000,1627000000,11082000000,12709000000,4434000000,1565000000.0,0,0.0,0.0,393000000.0,1958000000.0,0.228,1958000000.0,393000000.0,11000000.0,0.01,0.01,0.01,-2131000000,,-2131000000,20076845310.0,10.0,5.585,12000000.0,0.014,1.0,3122000000.0,0.363,14473000000,382000000.0,26725000000,,1023000000,958000000,958000000,0,46681000000,13270000000,33411000000,10094845310.0,142000000.0,0.0,0.0,31000000.0,0.0,125000000.0,-533000000.0,23000000.0,550000000.0,0.0,6000000.0,6000000.0,6000000.0,0.0,0.0,0.001,2771000000.0,351000000.0,2293000000,0.0,-4.737,10.005,9.892,20713000000,0.0,11.87,0.275,0.275,1693000000,-7389000000,8602000000.0,8602000000.0,0.0,,,,,0.0,1828000000.0,1.0,850450321,850450321.0,,10.115,30077000000,463000000,5000000.0,2632000000,35.366,-4998000000
36,DAL,MRQ,2012-09-30,2012-09-30,2012-09-30,2021-10-16,-6464000000,44352000000,,8163000000,36189000000,,-0.056,-426000000.0,2675000000,2675000000,5629000000.0,1047000000.0,0.617,-925.0,12657000000,1546000000,11111000000,12657000000,4201000000,0.0,0,0.0,0.0,1247000000.0,1247000000.0,0.126,1247000000.0,1247000000.0,1052000000.0,1.24,1.23,1.24,-48000000,,-48000000,17881852882.0,8.0,4.711,37000000.0,0.044,1.0,4294000000.0,0.433,14491000000,195000000.0,26619000000,,403000000,959000000,959000000,0,44400000000,13224000000,31176000000,7788852882.0,-265000000.0,0.0,0.0,-189000000.0,0.0,-300000000.0,-428000000.0,3000000.0,463000000.0,0.0,1047000000.0,1047000000.0,1047000000.0,0.0,0.0,0.106,2986000000.0,1308000000.0,2325000000,0.0,-162.268,5.454,5.388,20599000000,0.0,9.16,0.214,0.214,1785000000,-7395000000,9923000000.0,9923000000.0,0.0,,,,,0.0,1850000000.0,1.0,850311450,850311450.0,,11.67,29861000000,465000000,5000000.0,2687000000,35.118,-5061000000
37,DAL,MRQ,2012-06-30,2012-06-30,2012-06-30,2021-10-16,-6490000000,44720000000,,8457000000,36263000000,,-1.336,-597000000.0,2907000000,2907000000,6661000000.0,-168000000.0,0.576,-40.401,13000000000,1779000000,11221000000,13000000000,4316000000,0.0,0,0.0,0.0,43000000.0,43000000.0,0.004,43000000.0,43000000.0,-164000000.0,-0.2,-0.2,-0.2,-1135000000,,-1135000000,19393209702.0,11.0,5.833,35000000.0,0.041,1.0,3071000000.0,0.316,14510000000,207000000.0,25610000000,,393000000,959000000,959000000,0,45855000000,14693000000,31162000000,9303209702.0,-372000000.0,0.0,0.0,-374000000.0,0.0,-352000000.0,-652000000.0,9000000.0,632000000.0,0.0,-168000000.0,-168000000.0,-168000000.0,0.0,0.0,-0.017,2937000000.0,134000000.0,2175000000,0.0,-8.197,10.003,9.777,20609000000,0.0,10.95,0.256,0.256,1828000000,-8442000000,9732000000.0,9732000000.0,0.0,,,,,0.0,1825000000.0,1.0,849608192,849608192.0,,11.455,30210000000,488000000,4000000.0,2793000000,35.558,-6236000000
38,DAL,MRQ,2012-03-31,2012-03-31,2012-03-31,2021-10-16,-6518000000,44189000000,,8299000000,35890000000,,-1.196,-407000000.0,3286000000,3286000000,5478000000.0,124000000.0,0.608,-44.708,13376000000,1855000000,11521000000,13376000000,4439000000,0.0,0,0.0,0.0,348000000.0,348000000.0,0.041,348000000.0,348000000.0,127000000.0,0.15,0.15,0.15,-1011000000,,-1011000000,19212327122.0,9.0,5.179,424000000.0,0.501,1.0,2935000000.0,0.349,14527000000,221000000.0,26106000000,,364000000,959000000,959000000,0,45200000000,13646000000,31554000000,8383327122.0,254000000.0,0.0,0.0,-367000000.0,0.0,-228000000.0,-349000000.0,26000000.0,831000000.0,0.0,124000000.0,124000000.0,124000000.0,0.0,0.0,0.015,2553000000.0,382000000.0,1998000000,0.0,-8.292,6.469,6.356,20332000000,0.0,9.915,0.234,0.234,1807000000,-8274000000,8413000000.0,8413000000.0,0.0,,,,,0.0,1763000000.0,1.0,845519629,845519629.0,,9.95,29662000000,408000000,3000000.0,2663000000,35.081,-5347000000
39,DAL,MRQ,2011-12-31,2011-12-31,2011-12-31,2021-10-16,-6766000000,43499000000,,7729000000,35770000000,,-1.648,-368000000.0,2962000000,2962000000,5040000000.0,425000000.0,0.609,-32.16,13791000000,1944000000,11847000000,13791000000,4549000000,1523000000.0,0,0.0,0.0,635000000.0,2158000000.0,0.257,2158000000.0,635000000.0,417000000.0,0.51,0.5,0.51,-1396000000,,-1396000000,18635398843.0,11.0,5.836,790000000.0,0.933,1.0,3359000000.0,0.4,14545000000,218000000.0,27082000000,,535000000,958000000,958000000,0,44895000000,12701000000,32194000000,6853398843.0,350000000.0,0.0,0.0,-669000000.0,0.0,-396000000.0,-412000000.0,-18000000.0,1158000000.0,0.0,425000000.0,425000000.0,425000000.0,0.0,0.0,0.051,2633000000.0,726000000.0,1600000000,0.0,-4.909,8.025,7.931,20223000000,0.0,8.09,0.195,0.195,1563000000,-8398000000,8399000000.0,8399000000.0,0.0,,,,,0.0,1711000000.0,1.0,847144480,847144480.0,,9.914,28954000000,461000000,-8000000.0,2622000000,34.178,-4972000000
40,DAL,MRQ,2011-09-30,2011-09-30,2011-09-30,2021-10-16,-3724000000,43036000000,,7329000000,35707000000,,1.444,-233000000.0,2712000000,2712000000,6261000000.0,549000000.0,0.61,34.218,14494000000,1937000000,12557000000,14494000000,4305000000,0.0,0,0.0,0.0,776000000.0,776000000.0,0.079,776000000.0,776000000.0,547000000.0,0.66,0.65,0.66,1222000000,,1222000000,17719470250.0,14.0,6.36,-331000000.0,-0.391,1.0,3555000000.0,0.362,14491000000,229000000.0,28315000000,,380000000,958000000,958000000,0,41814000000,12012000000,29802000000,6345470250.0,-548000000.0,0.0,0.0,-255000000.0,0.0,-238000000.0,-212000000.0,13000000.0,-98000000.0,0.0,549000000.0,549000000.0,549000000.0,0.0,0.0,0.056,2695000000.0,860000000.0,1641000000,0.0,5.193,14.164,13.889,20256000000,0.0,7.5,0.184,0.184,1816000000,-8823000000,9816000000.0,9816000000.0,0.0,,,,,0.0,1717000000.0,1.0,846062700,846062700.0,,11.602,28545000000,396000000,-2000000.0,2564000000,33.739,-4683000000
41,DAL,MRQ,2011-06-30,2011-06-30,2011-06-30,2021-10-16,-3593000000,43878000000,,8063000000,35815000000,,0.929,-313000000.0,3287000000,3287000000,5988000000.0,198000000.0,0.63,54.896,14661000000,1635000000,13026000000,14661000000,4349000000,0.0,0,0.0,0.0,428000000.0,428000000.0,0.047,428000000.0,428000000.0,195000000.0,0.24,0.23,0.24,785000000,,785000000,19649674193.0,18.0,7.486,673000000.0,0.796,1.0,3165000000.0,0.346,14508000000,233000000.0,27942000000,,403000000,967000000,967000000,0,43093000000,12802000000,30291000000,7751674193.0,-26000000.0,0.0,0.0,-638000000.0,0.0,-714000000.0,-298000000.0,11000000.0,986000000.0,0.0,198000000.0,198000000.0,198000000.0,0.0,0.0,0.022,2684000000.0,481000000.0,1900000000,0.0,9.875,29.587,29.581,20315000000,0.0,9.17,0.23,0.23,1885000000,-9372000000,9153000000.0,9153000000.0,0.0,,,,,0.0,1739000000.0,1.0,845329792,845329792.0,,10.828,29370000000,342000000,-3000000.0,2679000000,34.744,-4739000000
42,DAL,MRQ,2011-03-31,2011-03-31,2011-03-31,2021-10-16,-3403000000,43881000000,,7993000000,35888000000,,0.908,-340000000.0,3271000000,3271000000,5300000000.0,-318000000.0,0.652,56.891,15169000000,1723000000,13446000000,15169000000,4414000000,0.0,0,0.0,0.0,-168000000.0,-168000000.0,-0.022,-168000000.0,-168000000.0,-389000000.0,-0.38,-0.38,-0.38,758000000,,758000000,20132331393.0,14.0,6.895,448000000.0,0.537,1.0,2447000000.0,0.316,14525000000,221000000.0,28994000000,,349000000,958000000,958000000,0,43123000000,12260000000,30863000000,8181331393.0,-11000000.0,0.0,0.0,-215000000.0,0.0,-223000000.0,-576000000.0,-240000000.0,788000000.0,0.0,-318000000.0,-318000000.0,-318000000.0,0.0,0.0,-0.041,2539000000.0,-92000000.0,1907000000,0.0,10.793,15.407,15.556,20333000000,0.0,9.8,0.251,0.251,1848000000,-9570000000,7747000000.0,7747000000.0,0.0,,,,,0.0,1727000000.0,1.0,834829734,834829734.0,,9.28,29356000000,281000000,-71000000.0,2610000000,35.164,-4267000000
43,DAL,MRQ,2010-12-31,2010-12-31,2010-12-31,2021-10-16,-3578000000,43188000000,,7307000000,35881000000,,1.137,-421000000.0,3301000000,3301000000,4835000000.0,19000000.0,0.642,47.147,15252000000,2073000000,13179000000,15252000000,4467000000,1511000000.0,0,0.0,0.0,239000000.0,1750000000.0,0.225,1750000000.0,239000000.0,20000000.0,0.02,0.02,0.02,897000000,,897000000,21451398224.0,14.0,6.947,-103000000.0,-0.131,1.0,2954000000.0,0.379,14543000000,219000000.0,29211000000,,318000000,718000000,718000000,0,42291000000,11385000000,30906000000,9940398224.0,-544000000.0,0.0,0.0,-288000000.0,0.0,-193000000.0,-669000000.0,-215000000.0,318000000.0,0.0,19000000.0,19000000.0,19000000.0,0.0,0.0,0.002,2660000000.0,294000000.0,1713000000,0.0,11.082,16.763,17.746,20307000000,0.0,12.6,0.313,0.313,1456000000,-9252000000,7789000000.0,7789000000.0,0.0,,,,,89000000.0,1708000000.0,1.0,788920494,788920494.0,,9.873,28645000000,355000000,1000000.0,2503000000,36.309,-4078000000
44,DAL,MRQ,2010-09-30,2010-09-30,2010-09-30,2021-10-16,-3716000000,43153000000,,7321000000,35832000000,,0.906,-397000000.0,3854000000,3854000000,5079000000.0,363000000.0,0.619,59.354,15365000000,2302000000,13063000000,15365000000,4526000000,0.0,0,0.0,0.0,615000000.0,615000000.0,0.069,615000000.0,615000000.0,366000000.0,0.43,0.43,0.43,715000000,,715000000,20122207214.0,17.0,7.309,117000000.0,0.148,1.0,3871000000.0,0.433,14560000000,249000000.0,28284000000,,278000000,439000000,439000000,0,42438000000,11820000000,30618000000,9182207214.0,-998000000.0,0.0,0.0,-701000000.0,0.0,-710000000.0,-802000000.0,-426000000.0,514000000.0,0.0,363000000.0,363000000.0,363000000.0,0.0,0.0,0.041,2868000000.0,1003000000.0,1661000000,0.0,12.842,16.725,17.908,20184000000,0.0,11.64,0.298,0.298,1512000000,-9271000000,8950000000.0,8950000000.0,0.0,,,,,0.0,1669000000.0,1.0,788849417,788849417.0,,11.346,28593000000,167000000,3000000.0,2326000000,36.246,-4499000000
45,DAL,MRQ,2010-06-30,2010-06-30,2010-06-30,2021-10-16,-3853000000,43809000000,,7868000000,35941000000,,0.253,-196000000.0,4843000000,4843000000,4660000000.0,467000000.0,0.662,219.146,15783000000,1555000000,14228000000,15783000000,4633000000,0.0,0,0.0,0.0,723000000.0,723000000.0,0.089,723000000.0,723000000.0,468000000.0,0.56,0.55,0.56,199000000,,199000000,20798819199.0,32.0,9.558,838000000.0,1.064,1.0,3508000000.0,0.429,14580000000,255000000.0,28277000000,,285000000,0,0,0,43610000000,11892000000,31718000000,9251819199.0,-479000000.0,0.0,0.0,-1254000000.0,0.0,-1251000000.0,-262000000.0,-98000000.0,1034000000.0,0.0,467000000.0,467000000.0,467000000.0,0.0,0.0,0.057,2656000000.0,852000000.0,1630000000,0.0,46.492,370.073,391.667,20396000000,0.0,11.75,0.315,0.315,1645000000,-9634000000,8168000000.0,8168000000.0,0.0,,,,,0.0,1702000000.0,1.0,787388868,787388868.0,,10.374,29229000000,236000000,1000000.0,2524000000,37.121,-4024000000
46,DAL,MRQ,2010-03-31,2010-03-31,2010-03-31,2021-10-16,-3502000000,44339000000,,8361000000,35978000000,,0.092,-328000000.0,5369000000,5369000000,4293000000.0,-256000000.0,0.745,614.819,16916000000,1665000000,15251000000,16916000000,4730000000,0.0,0,0.0,0.0,0.0,0.0,0.0,0.0,0.0,-246000000.0,-0.31,-0.31,-0.31,72000000,,72000000,23627926909.0,-1969.0,15.504,638000000.0,0.812,1.0,2555000000.0,0.373,14599000000,246000000.0,30063000000,,319000000,0,0,0,44267000000,11224000000,33043000000,11459926909.0,306000000.0,0.0,0.0,-368000000.0,0.0,-367000000.0,-293000000.0,73000000.0,966000000.0,0.0,-256000000.0,-256000000.0,-256000000.0,0.0,0.0,-0.037,2487000000.0,68000000.0,1505000000,0.0,159.166,-16.395,-17.369,20481000000,0.0,14.59,0.406,0.406,1533000000,-10101000000,6848000000.0,6848000000.0,0.0,,,,,0.0,1672000000.0,1.0,785464490,785464490.0,,8.718,29740000000,164000000,10000000.0,2436000000,37.863,-2863000000
47,DAL,MRQ,2009-12-31,2009-12-31,2009-12-31,2021-10-16,-3563000000,43789000000,,7991000000,35798000000,,0.314,-556000000.0,5030000000,5030000000,4282000000.0,-25000000.0,0.816,177.731,17198000000,1533000000,15665000000,17198000000,4812000000,1536000000.0,0,0.0,0.0,-121000000.0,1415000000.0,0.208,1415000000.0,-121000000.0,-355000000.0,-0.03,-0.03,-0.03,245000000,,245000000,20680958095.0,-30.0,24.738,-629000000.0,-0.807,1.0,2523000000.0,0.371,14616000000,234000000.0,31544000000,,327000000,71000000,71000000,0,43544000000,9797000000,33747000000,8870958095.0,-789000000.0,0.0,0.0,-341000000.0,0.0,-357000000.0,-359000000.0,259000000.0,-73000000.0,0.0,-25000000.0,-25000000.0,-25000000.0,0.0,0.0,-0.004,2569000000.0,-46000000.0,1249000000,0.0,36.208,-7.171,-7.587,20433000000,0.0,11.38,0.316,0.316,1353000000,-9845000000,6805000000.0,6805000000.0,0.0,,,,,108000000.0,1687000000.0,1.0,779521801,779521801.0,,8.73,29173000000,357000000,-330000000.0,2442000000,37.424,-1806000000
48,DAL,MRQ,2009-09-30,2009-09-30,2009-09-30,2021-10-16,-2907000000,44853000000,,8862000000,35991000000,,1.157,-111000000.0,5874000000,5874000000,4734000000.0,-161000000.0,0.924,48.837,17684000000,1029000000,16655000000,17684000000,4900000000,0.0,0,0.0,0.0,38000000.0,38000000.0,0.005,38000000.0,38000000.0,-179000000.0,-0.19,-0.19,-0.19,900000000,,900000000,18353695571.0,-12.0,-62.855,-136000000.0,-0.175,1.0,2840000000.0,0.375,14642000000,217000000.0,32427000000,,356000000,92000000,92000000,0,43953000000,9594000000,34359000000,6967695571.0,545000000.0,0.0,0.0,879000000.0,0.0,815000000.0,-245000000.0,-134000000.0,-25000000.0,0.0,-161000000.0,-161000000.0,-161000000.0,0.0,0.0,-0.021,2636000000.0,204000000.0,1483000000,0.0,7.742,-2.629,-5.497,20658000000,0.0,8.96,0.249,0.249,1469000000,-9820000000,7574000000.0,7574000000.0,0.0,,,,,0.0,1722000000.0,1.0,777644595,777644595.0,,9.74,30211000000,291000000,-18000000.0,2401000000,38.849,-732000000
49,DAL,MRQ,2009-06-30,2009-06-30,2009-06-30,2021-10-16,-2963000000,44480000000,,8299000000,36181000000,,1.27,-174000000.0,5212000000,5212000000,4447000000.0,-257000000.0,0.744,44.388,16598000000,1824000000,14774000000,16598000000,4947000000,0.0,0,0.0,0.0,71000000.0,71000000.0,0.01,71000000.0,71000000.0,-253000000.0,-0.31,-0.31,-0.31,980000000,,980000000,16235830195.0,-11.0,-67.649,660000000.0,0.855,1.0,2553000000.0,0.365,14625000000,324000000.0,30092000000,,372000000,91000000,91000000,0,43500000000,11149000000,32351000000,4467830195.0,410000000.0,0.0,0.0,-281000000.0,0.0,-292000000.0,-132000000.0,41000000.0,834000000.0,0.0,-257000000.0,-257000000.0,-257000000.0,0.0,0.0,-0.037,2552000000.0,1000000.0,1580000000,0.0,4.559,-1.76,-3.688,20916000000,0.0,5.79,0.171,0.171,1410000000,-9659000000,7000000000.0,7000000000.0,0.0,,,,,0.0,1723000000.0,1.0,771645975,771645975.0,,9.072,29855000000,316000000,4000000.0,2559000000,38.69,-2850000000
50,DAL,MRQ,2009-03-31,2009-03-31,2009-03-31,2021-10-16,-3663000000,44395000000,,8057000000,36338000000,,0.743,-361000000.0,4828000000,4828000000,4585000000.0,-794000000.0,0.699,84.539,16596000000,1853000000,14743000000,16596000000,5033000000,0.0,0,0.0,0.0,-486000000.0,-486000000.0,-0.073,-486000000.0,-486000000.0,-794000000.0,-0.96,-0.96,-0.96,519000000,,519000000,15819356863.0,-6.0,-11.867,282000000.0,0.404,1.0,2099000000.0,0.314,14647000000,308000000.0,29989000000,,380000000,67000000,67000000,0,43876000000,11527000000,32349000000,3932356863.0,186000000.0,0.0,0.0,-182000000.0,0.0,-185000000.0,-272000000.0,90000000.0,643000000.0,0.0,-794000000.0,-794000000.0,-794000000.0,0.0,0.0,-0.119,2582000000.0,-483000000.0,1648000000,0.0,7.577,-1.182,-1.444,20896000000,0.0,5.63,0.16,0.16,1419000000,-9402000000,6684000000.0,6684000000.0,0.0,,,,,0.0,1706000000.0,1.0,698464807,698464807.0,,9.57,29748000000,332000000,0.0,2492000000,42.591,-3470000000
51,DAL,MRQ,2008-12-31,2008-12-31,2008-12-31,2021-10-16,-4080000000,45084000000,,8974000000,36110000000,,2.833,-262000000.0,4684000000,4684000000,4637000000.0,-1438000000.0,0.809,50.584,16571000000,1160000000,15411000000,16571000000,5113000000,1266000000.0,0,0.0,0.0,-1181000000.0,85000000.0,0.013,85000000.0,-1181000000.0,-1438000000.0,-0.17,-0.17,-0.17,874000000,,874000000,11286893131.0,-1.0,-1.592,-2251000000.0,-7.296,1.0,2076000000.0,0.309,14675000000,257000000.0,31204000000,,388000000,212000000,212000000,0,44210000000,11092000000,33118000000,3535893131.0,2095000000.0,2441000000.0,192000000.0,-621000000.0,0.0,571000000.0,3513000000.0,515000000.0,-1989000000.0,0.0,-1438000000.0,-1438000000.0,-1438000000.0,0.0,0.0,-0.214,3173000000.0,-1097000000.0,1604000000,0.0,4.046,-0.396,-0.601,20627000000,0.0,11.46,0.156,0.156,1513000000,-8608000000,6713000000.0,6713000000.0,0.0,,,,,54000000.0,1060000000.0,1.0,308542158,308542158.0,,21.757,30409000000,401000000,0.0,2546000000,98.557,-2118000000
52,DAL,MRQ,2008-09-30,2008-09-30,2008-09-30,2021-10-16,152000000,25598000000,,5488000000,20110000000,,7.868,-283000000.0,2388000000,2388000000,4068000000.0,-50000000.0,0.808,9.706,10139000000,865000000,9274000000,10139000000,3135000000,0.0,0,0.0,0.0,90000000.0,90000000.0,0.016,90000000.0,90000000.0,-50000000.0,-0.13,-0.13,-0.13,2391000000,,2391000000,7641997687.0,-1.0,-1.201,-1273000000.0,-4.189,1.0,1651000000.0,0.289,7459000000,140000000.0,19102000000,,243000000,921000000,921000000,0,23207000000,6788000000,16419000000,2263997687.0,-1079000000.0,0.0,0.0,1021000000.0,0.0,1017000000.0,-1106000000.0,-4000000.0,-990000000.0,0.0,-50000000.0,-50000000.0,-50000000.0,0.0,0.0,-0.009,1520000000.0,131000000.0,347000000,0.0,0.947,-0.3,-0.39,12060000000,0.0,7.45,0.11,0.11,1240000000,-7170000000,5719000000.0,5719000000.0,0.0,,,,,0.0,1086000000.0,1.0,303892307,303892307.0,,18.819,18139000000,99000000,0.0,1059000000,59.689,-1300000000
53,DAL,MRQ,2008-06-30,2008-06-30,2008-06-30,2021-10-16,1451000000,27651000000,,7167000000,20484000000,,12.736,-262000000.0,3756000000,3756000000,3790000000.0,-1044000000.0,0.881,6.431,9134000000,796000000,8338000000,9134000000,3219000000,0.0,0,0.0,0.0,-1022000000.0,-1022000000.0,-0.186,-1022000000.0,-1022000000.0,-1163000000.0,-2.64,-2.64,-2.64,3721000000,,3721000000,8074368208.0,-1.0,-1.355,727000000.0,2.488,1.0,1709000000.0,0.311,7511000000,141000000.0,17386000000,,225000000,103000000,103000000,0,23930000000,8132000000,15798000000,1665368208.0,747000000.0,0.0,0.0,18000000.0,0.0,17000000.0,-259000000.0,2000000.0,989000000.0,0.0,-1044000000.0,-1044000000.0,-1044000000.0,0.0,0.0,-0.19,2796000000.0,-1087000000.0,347000000,0.0,0.448,-0.229,-0.31,11999000000,0.0,5.7,0.083,0.083,1418000000,-7120000000,5499000000.0,5499000000.0,0.0,,,,,0.0,1092000000.0,1.0,292169861,292169861.0,,18.821,20140000000,196000000,-119000000.0,1233000000,68.933,-965000000
54,DAL,MRQ,2008-03-31,2008-03-31,2008-03-31,2021-10-16,650000000,26755000000,,5329000000,21426000000,,13.521,-561000000.0,2710000000,2710000000,3412000000.0,-6390000000.0,0.799,5.772,9119000000,732000000,8387000000,9119000000,3290000000,0.0,0,0.0,0.0,-6243000000.0,-6243000000.0,-1.31,-6243000000.0,-6243000000.0,-6390000000.0,-16.15,-16.15,-16.15,3951000000,,3951000000,8640066725.0,,,-278000000.0,-0.951,1.0,1354000000.0,0.284,8761000000,147000000.0,17732000000,,263000000,103000000,103000000,0,22804000000,6671000000,16133000000,2513066725.0,-156000000.0,0.0,0.0,118000000.0,0.0,111000000.0,-550000000.0,4000000.0,283000000.0,0.0,-6390000000.0,-6390000000.0,-6390000000.0,0.0,0.0,-1.341,7615000000.0,-6261000000.0,322000000,0.0,0.636,,,11945000000,0.0,8.6,,,1325000000,-6076000000,4766000000.0,4766000000.0,0.0,,,,,0.0,1091000000.0,1.0,292217061,292217061.0,,16.31,17994000000,154000000,0.0,1303000000,61.578,-1342000000
55,DAL,MRQ,2007-12-31,2007-12-31,2007-12-31,2021-10-16,435000000,32423000000,,5240000000,27183000000,,37.579,-347000000.0,3168000000,3168000000,3249000000.0,-70000000.0,0.793,2.206,9295000000,1309000000,7986000000,9295000000,3331000000,778000000.0,0,0.0,0.0,33000000.0,811000000.0,0.173,811000000.0,33000000.0,-105000000.0,-0.18,-0.18,-0.18,10113000000,,10113000000,10436129408.0,,,185000000.0,0.687,1.0,1434000000.0,0.306,14910000000,138000000.0,17035000000,,262000000,138000000,138000000,0,22310000000,6605000000,15705000000,4007129408.0,1025000000.0,0.0,0.0,699000000.0,0.0,683000000.0,-190000000.0,261000000.0,532000000.0,0.0,-70000000.0,-70000000.0,-70000000.0,0.0,0.0,-0.015,1436000000.0,-2000000.0,839000000,0.0,0.396,,,11701000000,0.0,14.89,,,1066000000,314000000,4683000000.0,4683000000.0,0.0,,,,,112000000.0,775000000.0,1.0,269115474,269115474.0,,17.401,17513000000,142000000,-35000000.0,1178000000,65.076,-1365000000
56,DAL,MRQ,2007-09-30,2007-09-30,2007-09-30,2021-10-16,15000000,32773000000,,5645000000,27128000000,,40.504,-283000000.0,2202000000,2202000000,3182000000.0,220000000.0,0.842,2.362,8631000000,1201000000,7430000000,8631000000,3683000000,0.0,0,0.0,0.0,495000000.0,495000000.0,0.095,495000000.0,495000000.0,363000000.0,0.56,0.56,0.56,9748000000,,9748000000,11096029928.0,,,-271000000.0,-1.126,1.0,2045000000.0,0.391,15030000000,132000000.0,17468000000,,257000000,767000000,767000000,0,23025000000,6704000000,16321000000,4320029928.0,-207000000.0,0.0,0.0,66000000.0,0.0,63000000.0,-282000000.0,-49000000.0,12000000.0,0.0,220000000.0,220000000.0,220000000.0,0.0,0.0,0.042,1592000000.0,453000000.0,975000000,0.0,0.443,,,11558000000,0.0,17.95,,,1213000000,384000000,5227000000.0,5227000000.0,0.0,,,,,0.0,1109000000.0,1.0,240670191,240670191.0,,21.719,17743000000,807000000,143000000.0,1856000000,73.723,-1059000000
57,DAL,MRQ,2007-06-30,2007-06-30,2007-06-30,2021-10-16,8000000,33734000000,,6249000000,27485000000,,39.357,,2163000000,2163000000,,,0.808,2.561,8939000000,1386000000,7553000000,8939000000,3754000000,,0,,0.0,,,,,,,,,,9472000000,,9472000000,,,,,,1.0,,,15291000000,,17488000000,,246000000,1549000000,1549000000,0,24262000000,7731000000,16531000000,,,,,,,,,,,,,,,,,,,,1288000000,,,,,11469000000,,19.7,,,1140000000,164000000,,,,,,,,,,1.0,240670191,240670191.0,,,18443000000,731000000,,1940000000,76.632,-1482000000
0,DAL,MRT,2021-09-30,2021-09-30,2021-09-30,2021-10-16,-8800000000,72783000000,73292750000.0,17471000000,55312000000,0.333,4.072,-2577000000.0,8785000000,8785000000,12907000000.0,-68000000.0,0.835,26.929,34197000000,2932000000,31265000000,34197000000,7456000000,2312000000.0,0,0.0,0.0,1063000000.0,3375000000.0,0.138,3375000000.0,1063000000.0,-315000000.0,-0.12,-0.13,-0.12,2606000000,1475750000.0,2606000000,52231772952.0,49.0,15.476,-1155000000.0,-1.805,1.0,11496000000.0,0.471,15757000000,1378000000.0,61514000000,63360000000.0,1012000000,7049000000,4417000000,2632000000,70177000000,20924000000,49253000000,27266772952.0,-8686000000.0,2099000000.0,0.0,-8715000000.0,0.0,-8642000000.0,-1466000000.0,-1251000000.0,1422000000.0,0.0,-68000000.0,-68000000.0,-68000000.0,0.0,0.0,-0.003,10731000000.0,765000000.0,4017000000,0.0,10.463,-400.982,-355.083,33643000000,0.0,42.61,1.117,1.117,2183000000,259000000,24403000000.0,24403000000.0,0.0,-0.001,-0.046,0.017,0.044,0.0,9036000000.0,1.0,639914878,639914878.0,,38.135,57026000000,1813000000,-247000000.0,0,89.115,-3453000000
1,DAL,MRT,2021-06-30,2021-06-30,2021-06-30,2021-10-16,-8882000000,75309000000,74866000000.0,19666000000,55643000000,0.245,2.003,-1880000000.0,10357000000,10357000000,10722000000.0,-6659000000.0,0.834,57.789,35322000000,3010000000,32312000000,35322000000,7401000000,2312000000.0,0,0.0,0.0,-7351000000.0,-5039000000.0,-0.275,-5039000000.0,-7351000000.0,-8706000000.0,-10.49,-10.49,-10.49,1281000000,1663500000.0,1281000000,54476751602.0,-7.0,-10.811,-3184000000.0,-4.978,1.0,7589000000.0,0.414,15759000000,1355000000.0,60942000000,65118250000.0,1005000000,7945000000,4873000000,3072000000,74028000000,23573000000,50455000000,27671751602.0,-360000000.0,2099000000.0,0.0,2965000000.0,0.0,3170000000.0,-2226000000.0,-2448000000.0,-1304000000.0,0.0,-6659000000.0,-6659000000.0,-6659000000.0,0.0,0.0,-0.364,15415000000.0,-7826000000.0,3930000000,0.0,21.602,-4.156,-4.124,33161000000,0.0,43.26,1.511,1.511,2258000000,-953000000,18311000000.0,18311000000.0,0.0,-0.089,-4.003,-0.113,-0.401,0.0,8482000000.0,1.0,639661387,639661387.0,,28.626,59550000000,2158000000,-2047000000.0,0,93.096,-3907000000
2,DAL,MRT,2021-03-31,2021-03-31,2021-03-31,2021-10-16,-8960000000,73083000000,74104000000.0,17853000000,55230000000,0.171,0.755,-1400000000.0,8460000000,8460000000,8795000000.0,-13028000000.0,0.863,150.624,35265000000,3636000000,31629000000,35265000000,7285000000,2312000000.0,0,0.0,0.0,-15285000000.0,-12973000000.0,-1.025,-12973000000.0,-15285000000.0,-16496000000.0,-20.52,-20.52,-20.52,482000000,3515750000.0,482000000,58050720986.0,-4.0,-4.475,-4860000000.0,-7.616,1.0,3858000000.0,0.305,15762000000,1211000000.0,63438000000,63812750000.0,828000000,8727000000,5575000000,3152000000,72601000000,20688000000,51913000000,30809720986.0,3435000000.0,2099000000.0,0.0,11035000000.0,0.0,13222000000.0,-6327000000.0,-6981000000.0,-3460000000.0,0.0,-13028000000.0,-13028000000.0,-13028000000.0,0.0,0.0,-1.03,17315000000.0,-13457000000.0,3432000000,0.0,63.921,-2.365,-2.353,32439000000,0.0,48.28,2.435,2.435,1837000000,-1605000000,12653000000.0,12653000000.0,0.0,-0.176,-3.706,-0.24,-1.208,0.0,8281000000.0,1.0,638146665,638146665.0,,19.828,57321000000,2306000000,-3468000000.0,0,89.824,-2835000000
3,DAL,MRT,2020-12-31,2020-12-31,2020-12-31,2021-10-16,-9038000000,71996000000,73017750000.0,17404000000,54592000000,0.234,2.405,-1899000000.0,8307000000,8307000000,8798000000.0,-12385000000.0,1.093,45.934,35548000000,2410000000,33138000000,35548000000,7182000000,2312000000.0,0,0.01,0.403,-14658000000.0,-12346000000.0,-0.722,-12346000000.0,-14658000000.0,-15587000000.0,-19.49,-19.49,-19.49,1534000000,6972500000.0,1534000000,50606296243.0,-3.0,-4.099,-5692000000.0,-8.925,1.0,8297000000.0,0.485,15764000000,929000000.0,67546000000,60597750000.0,732000000,9010000000,5789000000,3221000000,70462000000,15927000000,54535000000,25643296243.0,6325000000.0,0.0,-344000000.0,17492000000.0,-260000000.0,19356000000.0,-9238000000.0,-7426000000.0,-3793000000.0,0.0,-12385000000.0,-12385000000.0,-12385000000.0,0.0,0.0,-0.724,20766000000.0,-12469000000.0,2840000000,-0.021,16.717,-2.071,-2.063,32262000000,0.0,40.21,1.5,1.5,1396000000,-428000000,17095000000.0,17095000000.0,0.0,-0.17,-1.776,-0.242,-0.857,0.0,8754000000.0,1.0,637734301,637734301.0,,26.806,56232000000,1988000000,-3202000000.0,0,88.175,1477000000
4,DAL,MRT,2020-09-30,2020-09-30,2020-09-30,2021-10-16,-7939000000,79076000000,71151750000.0,25030000000,54046000000,0.345,5.263,-2423000000.0,16477000000,16477000000,12983000000.0,-10532000000.0,1.269,22.556,41440000000,5759000000,35681000000,41440000000,7089000000,2581000000.0,0,0.026,0.806,-12445000000.0,-9864000000.0,-0.402,-9864000000.0,-12445000000.0,-13082000000.0,-16.61,-16.61,-16.61,3357000000,10428500000.0,3357000000,38884659293.0,-3.0,-3.942,-3960000000.0,-6.208,1.0,11578000000.0,0.471,15767000000,637000000.0,68547000000,54650500000.0,746000000,8290000000,5048000000,3242000000,75719000000,19725000000,55994000000,19505659293.0,15648000000.0,170000000.0,-569000000.0,24466000000.0,-519000000.0,26155000000.0,-8970000000.0,-6571000000.0,-1537000000.0,0.0,-10532000000.0,-10532000000.0,-10532000000.0,0.0,0.0,-0.429,21790000000.0,-10212000000.0,2403000000,-0.049,5.81,-1.852,-1.841,32483000000,0.0,30.58,0.794,0.794,1503000000,327000000,24561000000.0,24561000000.0,0.0,-0.148,-1.01,-0.228,-0.507,0.0,9951000000.0,1.0,637856746,637856746.0,,38.506,63309000000,1305000000,-2550000000.0,0,99.253,5305000000
5,DAL,MRT,2020-06-30,2020-06-30,2020-06-30,2021-10-16,-7937000000,72261000000,67187500000.0,18915000000,53346000000,0.507,13.624,-3234000000.0,11366000000,11366000000,15735000000.0,-3658000000.0,0.939,7.315,30745000000,5962000000,24783000000,30745000000,6981000000,2581000000.0,0,0.043,1.208,-3860000000.0,-1279000000.0,-0.038,-1279000000.0,-3860000000.0,-4276000000.0,-5.82,-5.83,-5.82,8690000000,13356250000.0,8690000000,34895305578.0,-9.0,-27.283,48000000.0,0.075,1.0,18324000000.0,0.538,15770000000,416000000.0,55720000000,48241500000.0,847000000,6274000000,4302000000,1972000000,63571000000,20150000000,43421000000,17891305578.0,8789000000.0,89000000.0,-778000000.0,13983000000.0,-779000000.0,14457000000.0,-8950000000.0,-5826000000.0,3282000000.0,0.0,-3658000000.0,-3658000000.0,-3658000000.0,0.0,0.0,-0.107,20079000000.0,-1755000000.0,2332000000,-0.208,2.059,-4.891,-4.82,34123000000,0.0,28.05,0.525,0.525,1375000000,5706000000,34059000000.0,34059000000.0,0.0,-0.054,-0.274,-0.08,-0.113,0.0,10823000000.0,1.0,637836206,637836206.0,,53.398,56491000000,0,-618000000.0,447000000,88.567,-1235000000
6,DAL,MRT,2020-03-31,2020-03-31,2020-03-31,2021-10-16,-7898000000,68738000000,64751750000.0,10275000000,58463000000,0.697,22.355,-4513000000.0,5967000000,5967000000,18745000000.0,3502000000.0,0.53,3.804,22971000000,5105000000,17866000000,22971000000,6817000000,2581000000.0,0,0.055,1.558,4942000000.0,7523000000.0,0.167,7523000000.0,4942000000.0,4645000000.0,5.41,5.39,5.41,14309000000,14673250000.0,14309000000,32634881677.0,7.0,4.338,2328000000.0,3.637,1.0,26382000000.0,0.585,15772000000,297000000.0,50578000000,44589250000.0,974000000,4139000000,0,4139000000,54429000000,19392000000,35037000000,18261881677.0,3476000000.0,0.0,-1046000000.0,5128000000.0,-1007000000.0,3073000000.0,-6438000000.0,-1990000000.0,6841000000.0,0.0,3502000000.0,3502000000.0,3502000000.0,0.0,0.0,0.078,21194000000.0,5188000000.0,3337000000,0.288,1.276,5.215,5.274,37132000000,0.0,28.53,0.405,0.405,2280000000,11423000000,45127000000.0,45127000000.0,0.0,0.054,0.239,0.111,0.11,0.0,11448000000.0,1.0,640093995,640093995.0,,70.501,52966000000,0,1143000000.0,1502000000,82.747,-9117000000
7,DAL,MRT,2019-12-31,2019-12-31,2019-12-31,2021-10-16,-7989000000,64532000000,63027500000.0,8249000000,56283000000,0.746,23.747,-4936000000.0,2882000000,2882000000,18340000000.0,4767000000.0,0.408,3.202,17255000000,3088000000,14167000000,17255000000,6728000000,2581000000.0,0,0.026,1.506,6499000000.0,9080000000.0,0.193,9080000000.0,6499000000.0,6198000000.0,7.32,7.3,7.32,15358000000,14323750000.0,15358000000,52326522102.0,8.0,5.763,3489000000.0,5.395,1.0,28667000000.0,0.61,14944000000,301000000.0,43757000000,42322500000.0,1251000000,3204000000,0,3204000000,49174000000,20204000000,28970000000,37821522102.0,982000000.0,0.0,-2027000000.0,487000000.0,-980000000.0,-2880000000.0,-4563000000.0,315000000.0,8425000000.0,0.0,4767000000.0,4767000000.0,4767000000.0,0.0,0.0,0.101,22049000000.0,6618000000.0,3266000000,0.206,2.463,7.934,7.989,36937000000,0.0,58.48,0.805,0.805,2854000000,12454000000,47007000000.0,47007000000.0,0.0,0.076,0.333,0.154,0.138,0.0,11225000000.0,1.0,646742854,646742854.0,,72.683,49588000000,120000000,1431000000.0,1456000000,76.673,-11955000000
8,DAL,MRT,2019-09-30,2019-09-30,2019-09-30,2021-10-16,-7645000000,63219000000,61961000000.0,6944000000,56275000000,0.747,23.174,-5227000000.0,1899000000,1899000000,18361000000.0,4687000000.0,0.344,3.196,16404000000,3040000000,13364000000,16404000000,6696000000,2329000000.0,0,0.025,1.452,6440000000.0,8769000000.0,0.189,8769000000.0,6440000000.0,6145000000.0,7.13,7.1,7.13,15068000000,13906000000.0,15068000000,51813555539.0,8.0,5.909,3473000000.0,5.341,1.0,27949000000.0,0.604,14602000000,295000000.0,42911000000,41893000000.0,1072000000,753000000,0,753000000,48151000000,20211000000,27940000000,37451555539.0,50000000.0,-170000000.0,-2127000000.0,-245000000.0,-960000000.0,-3847000000.0,-4803000000.0,510000000.0,8700000000.0,0.0,4687000000.0,4687000000.0,4687000000.0,0.0,0.0,0.101,21639000000.0,6310000000.0,3470000000,0.204,2.486,7.991,8.079,36611000000,0.0,57.6,0.809,0.809,2836000000,11772000000,46310000000.0,46310000000.0,0.0,0.076,0.337,0.154,0.139,0.0,11014000000.0,1.0,650200617,650200617.0,,71.224,48617000000,0,1458000000.0,1245000000,74.772,-13267000000
9,DAL,MRT,2019-06-30,2019-06-30,2019-06-30,2021-10-16,-7694000000,62518000000,59907000000.0,7134000000,55384000000,0.763,21.31,-5245000000.0,2009000000,2009000000,18392000000.0,4514000000.0,0.337,3.479,16371000000,3122000000,13249000000,16371000000,6654000000,2329000000.0,0,0.025,1.4,6184000000.0,8513000000.0,0.186,8513000000.0,6184000000.0,5886000000.0,6.74,6.71,6.74,13958000000,13565000000.0,13958000000,52772050070.0,9.0,6.199,2710000000.0,4.137,1.0,27311000000.0,0.598,14605000000,298000000.0,41111000000,38393500000.0,1083000000,893000000,0,893000000,48560000000,21164000000,27396000000,37171050070.0,-231000000.0,-89000000.0,-2243000000.0,-538000000.0,-940000000.0,-3604000000.0,-4582000000.0,552000000.0,7955000000.0,0.0,4514000000.0,4514000000.0,4514000000.0,0.0,0.0,0.099,21427000000.0,5884000000.0,3359000000,0.208,2.663,8.235,8.42,36071000000,0.0,56.75,0.813,0.813,2844000000,10686000000,45703000000.0,45703000000.0,0.0,0.075,0.333,0.161,0.135,0.0,10883000000.0,1.0,654996477,654996477.0,,69.776,47913000000,0,1372000000.0,0,73.15,-14030000000
10,DAL,MRT,2019-03-31,2019-03-31,2019-03-31,2021-10-16,-7766000000,61841000000,58226500000.0,7196000000,54645000000,0.772,19.016,-5263000000.0,1910000000,1910000000,18242000000.0,4107000000.0,0.337,3.79,17511000000,3996000000,13515000000,17511000000,6624000000,2329000000.0,0,0.026,1.355,5667000000.0,7996000000.0,0.178,7996000000.0,5667000000.0,5365000000.0,6.01,5.99,6.01,12911000000,13289500000.0,12911000000,50029772562.0,9.0,6.257,2321000000.0,3.419,1.0,26700000000.0,0.594,14608000000,302000000.0,41511000000,35262250000.0,1071000000,1018000000,0,1018000000,48930000000,21323000000,27607000000,35067772562.0,1503000000.0,0.0,-2575000000.0,1902000000.0,-925000000.0,-1519000000.0,-4562000000.0,555000000.0,7584000000.0,0.0,4107000000.0,4107000000.0,4107000000.0,0.0,0.0,0.091,21260000000.0,5440000000.0,3214000000,0.225,2.716,8.539,8.594,35175000000,0.0,51.65,0.78,0.78,3154000000,9656000000,44942000000.0,44942000000.0,0.0,0.071,0.309,0.161,0.126,0.0,10799000000.0,1.0,678950098,678950098.0,,66.193,47233000000,0,1258000000.0,0,69.568,-14127000000
11,DAL,MRT,2018-12-31,2018-12-31,2018-12-31,2021-10-16,-7825000000,60266000000,56285750000.0,6340000000,53926000000,0.79,19.963,-5168000000.0,1565000000,1565000000,17945000000.0,3935000000.0,0.341,3.403,16527000000,2473000000,14054000000,16527000000,6641000000,2329000000.0,0,0.026,1.31,5462000000.0,7791000000.0,0.175,7791000000.0,5462000000.0,5151000000.0,5.69,5.67,5.69,13687000000,13201000000.0,13687000000,40909373180.0,7.0,5.251,1846000000.0,2.692,1.0,26493000000.0,0.596,14611000000,311000000.0,42039000000,31542250000.0,1055000000,1136000000,0,1136000000,46579000000,18578000000,28001000000,34212373180.0,895000000.0,0.0,-1575000000.0,693000000.0,-909000000.0,-1726000000.0,-4393000000.0,649000000.0,7014000000.0,0.0,3935000000.0,3935000000.0,3935000000.0,0.0,0.0,0.089,21229000000.0,5264000000.0,2976000000,0.23,2.5,8.694,8.77,34329000000,0.0,49.9,0.77,0.77,2314000000,10039000000,44438000000.0,44438000000.0,0.0,0.07,0.298,0.173,0.123,0.0,10743000000.0,1.0,685618701,685618701.0,,64.814,45655000000,0,1216000000.0,163000000,66.589,-12238000000
12,DAL,MRT,2018-09-30,2018-09-30,2018-09-30,2021-10-16,-7535000000,55003000000,54637000000.0,6726000000,48277000000,0.804,19.823,-4965000000.0,2594000000,2594000000,17395000000.0,3213000000.0,0.37,3.014,9291000000,1176000000,8115000000,9291000000,6542000000,2222000000.0,0,0.022,1.265,5192000000.0,7414000000.0,0.169,7414000000.0,5192000000.0,4849000000.0,4.65,4.63,4.65,13704000000,12911750000.0,13704000000,46671690178.0,9.0,6.295,2695000000.0,3.898,1.0,26529000000.0,0.604,14629000000,343000000.0,28913000000,27805250000.0,1170000000,478000000,478000000,0,41299000000,18158000000,23141000000,39979690178.0,1131000000.0,0.0,-1577000000.0,394000000.0,-885000000.0,-1851000000.0,-4678000000.0,27000000.0,7660000000.0,0.0,3213000000.0,3213000000.0,3213000000.0,0.0,0.0,0.073,21195000000.0,5334000000.0,3265000000,0.272,2.917,12.443,12.437,28565000000,0.0,57.83,0.91,0.91,2517000000,9696000000,43924000000.0,43924000000.0,0.0,0.059,0.249,0.187,0.118,0.0,10538000000.0,1.0,691331319,691331319.0,,63.535,40374000000,432000000,1636000000.0,0,58.4,-11432000000
13,DAL,MRT,2018-06-30,2018-06-30,2018-06-30,2021-10-16,-7606000000,55796000000,53868250000.0,7641000000,48155000000,0.799,18.301,-4944000000.0,3212000000,3212000000,16591000000.0,3050000000.0,0.397,3.34,9904000000,1342000000,8562000000,9904000000,6491000000,2222000000.0,0,0.025,1.22,5307000000.0,7529000000.0,0.175,7529000000.0,5307000000.0,4937000000.0,4.34,4.32,4.34,12856000000,12986000000.0,12856000000,42002770276.0,8.0,5.579,2810000000.0,4.0,1.0,26441000000.0,0.614,14633000000,370000000.0,28586000000,27606250000.0,1589000000,520000000,520000000,0,42940000000,19269000000,23671000000,34800770276.0,955000000.0,0.0,-1802000000.0,787000000.0,-864000000.0,-1729000000.0,-5070000000.0,-401000000.0,7754000000.0,0.0,3050000000.0,3050000000.0,3050000000.0,0.0,0.0,0.071,20929000000.0,5512000000.0,3749000000,0.281,2.707,11.41,11.415,28124000000,0.0,49.54,0.809,0.809,2427000000,8851000000,43032000000.0,43032000000.0,0.0,0.057,0.235,0.192,0.123,0.0,10404000000.0,1.0,702478205,702478205.0,,61.257,41163000000,804000000,1887000000.0,0,58.597,-11628000000
14,DAL,MRT,2018-03-31,2018-03-31,2018-03-31,2021-10-16,-7681000000,54078000000,52873000000.0,7724000000,46354000000,0.794,17.763,-4354000000.0,1447000000,1447000000,15764000000.0,3200000000.0,0.386,3.307,8649000000,2289000000,6360000000,8649000000,6394000000,2222000000.0,0,0.02,1.118,5776000000.0,7998000000.0,0.19,7998000000.0,5776000000.0,5382000000.0,4.48,4.45,4.48,12557000000,13141750000.0,12557000000,45765921152.0,8.0,5.722,2871000000.0,4.061,1.0,26240000000.0,0.625,14637000000,394000000.0,26631000000,27286750000.0,1146000000,523000000,523000000,0,41521000000,20012000000,21509000000,38745921152.0,-486000000.0,0.0,-1802000000.0,-764000000.0,-799000000.0,-3226000000.0,-4485000000.0,-408000000.0,7225000000.0,0.0,3200000000.0,3200000000.0,3200000000.0,0.0,0.0,0.076,20430000000.0,5810000000.0,3351000000,0.25,3.086,12.108,12.234,27096000000,0.0,54.81,0.922,0.922,2568000000,8465000000,42004000000.0,42004000000.0,0.0,0.061,0.243,0.212,0.138,0.0,10257000000.0,1.0,706913358,706913358.0,,59.419,39441000000,1175000000,2182000000.0,0,55.793,-12288000000
15,DAL,MRT,2017-12-31,2017-12-31,2017-12-31,2021-10-16,-7621000000,53671000000,52218250000.0,7804000000,45867000000,0.788,17.574,-3891000000.0,1814000000,1814000000,15257000000.0,3205000000.0,0.412,3.283,8834000000,2242000000,6592000000,8834000000,6321000000,2222000000.0,0,0.018,1.016,5896000000.0,8118000000.0,0.197,8118000000.0,5896000000.0,5500000000.0,4.45,4.43,4.45,12530000000,13238750000.0,12530000000,47256495784.0,8.0,5.821,1132000000.0,1.588,1.0,25881000000.0,0.629,14641000000,396000000.0,27091000000,27673250000.0,1329000000,825000000,825000000,0,41141000000,18959000000,22182000000,39926495784.0,-973000000.0,0.0,-1677000000.0,1196000000.0,-731000000.0,-730000000.0,-5266000000.0,-1586000000.0,5023000000.0,0.0,3205000000.0,3205000000.0,3205000000.0,0.0,0.0,0.078,19915000000.0,5966000000.0,3634000000,0.228,3.186,12.458,12.584,26563000000,0.0,56.0,0.971,0.971,2377000000,8256000000,41138000000.0,41138000000.0,0.0,0.061,0.242,0.213,0.143,0.0,10058000000.0,1.0,712973139,712973139.0,,57.699,39030000000,1354000000,2295000000.0,0,54.743,-11155000000
16,DAL,MRT,2017-09-30,2017-09-30,2017-09-30,2021-10-16,-7476000000,51928000000,51615750000.0,7083000000,44845000000,0.778,19.338,-3525000000.0,1478000000,1478000000,11927000000.0,3350000000.0,0.429,2.709,8808000000,1224000000,7584000000,8808000000,4040000000,1886000000.0,0,0.019,0.914,5515000000.0,7401000000.0,0.184,7401000000.0,5515000000.0,5125000000.0,4.66,4.63,4.66,14001000000,13178000000.0,14001000000,41685737112.0,8.0,5.632,742000000.0,1.025,1.0,28251000000.0,0.703,14645000000,390000000.0,28117000000,27389000000.0,1136000000,960000000,960000000,0,37927000000,16496000000,21431000000,34912737112.0,-175000000.0,0.0,-1650000000.0,879000000.0,-665000000.0,-926000000.0,-3516000000.0,-245000000.0,4267000000.0,0.0,3350000000.0,3350000000.0,3350000000.0,0.0,0.0,0.083,22383000000.0,5868000000.0,3059000000,0.196,2.494,10.422,10.348,25900000000,0.0,48.22,0.869,0.869,2399000000,9502000000,40178000000.0,40178000000.0,0.0,0.065,0.254,0.201,0.137,0.0,9755000000.0,1.0,724030218,724030218.0,,55.492,37283000000,1422000000,1775000000.0,0,51.494,-9413000000
17,DAL,MRT,2017-06-30,2017-06-30,2017-06-30,2021-10-16,-7549000000,51815000000,51370750000.0,7177000000,44638000000,0.771,18.326,-3264000000.0,2241000000,2241000000,12622000000.0,3450000000.0,0.432,2.844,9014000000,1098000000,7916000000,9014000000,4007000000,1886000000.0,0,0.015,0.811,5634000000.0,7520000000.0,0.19,7520000000.0,5634000000.0,5249000000.0,4.74,4.71,4.74,13479000000,12805250000.0,13479000000,46847404395.0,8.0,6.23,1264000000.0,1.718,1.0,26978000000.0,0.681,14649000000,385000000.0,27308000000,27131250000.0,938000000,747000000,747000000,0,38336000000,16631000000,21705000000,39527404395.0,589000000.0,0.0,-1600000000.0,880000000.0,-596000000.0,-831000000.0,-3108000000.0,-88000000.0,4528000000.0,0.0,3450000000.0,3450000000.0,3450000000.0,0.0,0.0,0.087,20964000000.0,6014000000.0,2726000000,0.171,2.933,11.457,11.338,25367000000,0.0,53.74,0.998,0.998,2164000000,8905000000,39600000000.0,39600000000.0,0.0,0.067,0.269,0.208,0.142,0.0,9599000000.0,1.0,735530413,735530413.0,,53.839,37166000000,2077000000,1799000000.0,0,50.53,-9454000000
18,DAL,MRT,2017-03-31,2017-03-31,2017-03-31,2021-10-16,-7571000000,51459000000,51325500000.0,6880000000,44579000000,0.766,17.714,-3322000000.0,1907000000,1907000000,13162000000.0,3810000000.0,0.431,2.975,9227000000,1040000000,8187000000,9227000000,3957000000,1886000000.0,0,0.016,0.743,6143000000.0,8029000000.0,0.204,8029000000.0,6143000000.0,5768000000.0,5.15,5.12,5.15,12945000000,12388000000.0,12945000000,38156218522.0,6.0,4.752,2052000000.0,2.808,1.0,26138000000.0,0.665,14649000000,375000000.0,28177000000,27024250000.0,855000000,743000000,743000000,0,38514000000,15953000000,22561000000,33586218522.0,206000000.0,0.0,-2026000000.0,398000000.0,-551000000.0,-1906000000.0,-3262000000.0,-164000000.0,5374000000.0,0.0,3810000000.0,3810000000.0,3810000000.0,0.0,0.0,0.097,19683000000.0,6455000000.0,2353000000,0.144,2.595,8.815,8.924,24817000000,0.0,45.96,0.855,0.855,2307000000,8226000000,39300000000.0,39300000000.0,0.0,0.074,0.308,0.227,0.156,0.0,9469000000.0,1.0,730770638,730770638.0,,53.779,36810000000,2750000000,1958000000.0,0,50.371,-9073000000
19,DAL,MRT,2016-12-31,2016-12-31,2016-12-31,2021-10-16,-7636000000,51261000000,51796250000.0,7451000000,43810000000,0.762,16.686,-3391000000.0,2762000000,2762000000,13809000000.0,4195000000.0,0.489,3.172,7332000000,1131000000,6201000000,7332000000,3926000000,1886000000.0,0,0.014,0.675,6741000000.0,8627000000.0,0.219,8627000000.0,6741000000.0,6353000000.0,5.59,5.55,5.59,12287000000,11964750000.0,12287000000,42149760934.0,6.0,4.886,3824000000.0,5.193,1.0,25641000000.0,0.65,14638000000,388000000.0,25954000000,26811750000.0,891000000,487000000,487000000,0,38974000000,15239000000,23735000000,36222760934.0,800000000.0,0.0,-2601000000.0,-1259000000.0,-509000000.0,-4260000000.0,-2155000000.0,979000000.0,7215000000.0,0.0,4195000000.0,4195000000.0,4195000000.0,0.0,0.0,0.106,18645000000.0,6996000000.0,2572000000,0.121,2.948,8.635,8.8,24375000000,0.0,49.19,0.918,0.918,2064000000,7903000000,39450000000.0,39450000000.0,0.0,0.081,0.351,0.251,0.171,0.0,9394000000.0,1.0,736384650,736384650.0,,53.573,36623000000,3064000000,2158000000.0,0,49.734,-7788000000
20,DAL,MRT,2016-09-30,2016-09-30,2016-09-30,2021-10-16,-7212000000,50948000000,52264500000.0,7329000000,43619000000,0.759,16.704,-3475000000.0,1638000000,1638000000,17575000000.0,4731000000.0,0.484,3.073,7565000000,1092000000,6473000000,7565000000,3903000000,1835000000.0,0,0.015,0.608,7614000000.0,9449000000.0,0.238,9449000000.0,7614000000.0,7217000000.0,6.22,6.19,6.22,12510000000,11605500000.0,12510000000,35619006206.0,5.0,3.77,4084000000.0,5.453,1.0,22108000000.0,0.557,14642000000,397000000.0,27086000000,27150750000.0,775000000,1514000000,1514000000,0,38438000000,15147000000,23291000000,29477006206.0,-731000000.0,0.0,-2726000000.0,-1360000000.0,-465000000.0,-4511000000.0,-3779000000.0,-73000000.0,7559000000.0,0.0,4731000000.0,4731000000.0,4731000000.0,0.0,0.0,0.119,14459000000.0,7649000000.0,2567000000,0.098,2.356,6.231,6.328,24105000000,0.0,39.36,0.743,0.743,1996000000,11109000000,39683000000.0,39683000000.0,0.0,0.091,0.408,0.28,0.192,0.0,9378000000.0,1.0,748907678,748907678.0,,52.988,36306000000,3150000000,2486000000.0,0,48.479,-7818000000
21,DAL,MRT,2016-06-30,2016-06-30,2016-06-30,2021-10-16,-7279000000,51634000000,52939000000.0,7638000000,43996000000,0.761,15.306,-3357000000.0,1662000000,1662000000,17875000000.0,4787000000.0,0.47,3.372,7804000000,1115000000,6689000000,7804000000,3883000000,1835000000.0,0,0.015,0.54,7812000000.0,9647000000.0,0.239,9647000000.0,7812000000.0,7389000000.0,6.19,6.15,6.19,11810000000,11064250000.0,11810000000,34851711859.0,4.0,3.613,4415000000.0,5.722,1.0,22432000000.0,0.557,14646000000,423000000.0,26880000000,27401000000.0,795000000,1289000000,1289000000,0,39824000000,16250000000,23574000000,28108711859.0,-631000000.0,0.0,-2651000000.0,-1626000000.0,-422000000.0,-4502000000.0,-3901000000.0,-295000000.0,7772000000.0,0.0,4787000000.0,4787000000.0,4787000000.0,0.0,0.0,0.119,14539000000.0,7893000000.0,2956000000,0.087,2.38,5.872,5.885,23975000000,0.0,36.43,0.697,0.697,2102000000,10000000000,40307000000.0,40307000000.0,0.0,0.09,0.433,0.285,0.194,0.0,9191000000.0,1.0,771581440,771581440.0,,52.239,36988000000,3797000000,2602000000.0,0,47.938,-8612000000
22,DAL,MRT,2016-03-31,2016-03-31,2016-03-31,2021-10-16,-7279000000,53342000000,53225750000.0,9306000000,44036000000,0.762,14.453,-3230000000.0,1708000000,1708000000,18127000000.0,4726000000.0,0.514,3.741,8451000000,1531000000,6920000000,8451000000,3881000000,1835000000.0,0,0.01,0.495,7862000000.0,9697000000.0,0.239,9697000000.0,7862000000.0,7405000000.0,6.0,5.95,6.0,11252000000,10502500000.0,11252000000,44254799670.0,6.0,4.564,4072000000.0,5.231,1.0,22440000000.0,0.553,14650000000,457000000.0,27327000000,27749750000.0,693000000,1206000000,1206000000,0,42090000000,18108000000,23982000000,37897799670.0,-414000000.0,0.0,-2550000000.0,-1201000000.0,-391000000.0,-3972000000.0,-3744000000.0,-265000000.0,7302000000.0,0.0,4726000000.0,4726000000.0,4726000000.0,0.0,0.0,0.116,14496000000.0,7944000000.0,2732000000,0.083,3.368,8.019,8.113,23422000000,0.0,48.68,0.934,0.934,2179000000,8462000000,40567000000.0,40567000000.0,0.0,0.089,0.45,0.283,0.194,0.0,8995000000.0,1.0,778508621,778508621.0,,52.109,38692000000,4489000000,2679000000.0,0,49.7,-8802000000
23,DAL,MRT,2015-12-31,2015-12-31,2015-12-31,2021-10-16,-7275000000,53134000000,53328250000.0,9056000000,44078000000,0.763,13.796,-2945000000.0,1972000000,1972000000,18768000000.0,4526000000.0,0.517,3.897,8329000000,1563000000,6766000000,8329000000,3881000000,1835000000.0,0,0.009,0.45,7638000000.0,9473000000.0,0.233,9473000000.0,7638000000.0,7157000000.0,5.68,5.63,5.68,10850000000,9951000000.0,10850000000,46298347848.0,6.0,4.887,4982000000.0,6.335,1.0,21936000000.0,0.539,14655000000,481000000.0,27310000000,28289000000.0,697000000,1465000000,1465000000,0,42284000000,17526000000,24758000000,39866347848.0,-116000000.0,0.0,-2200000000.0,-1520000000.0,-359000000.0,-4088000000.0,-3955000000.0,-759000000.0,7927000000.0,0.0,4526000000.0,4526000000.0,4526000000.0,0.0,0.0,0.111,14134000000.0,7802000000.0,2743000000,0.079,3.674,8.808,8.924,23039000000,0.0,50.69,0.979,0.979,2020000000,5562000000,40704000000.0,40704000000.0,0.0,0.085,0.455,0.27,0.188,0.0,8776000000.0,1.0,786473621,786473621.0,,51.755,38479000000,4956000000,2631000000.0,0,48.926,-8470000000
24,DAL,MRT,2015-09-30,2015-09-30,2015-09-30,2021-10-16,-7316000000,53646000000,53546000000.0,11973000000,41673000000,0.763,13.006,-2727000000.0,2369000000,2369000000,21597000000.0,2834000000.0,0.68,4.186,8801000000,1705000000,7096000000,8801000000,3886000000,1771000000.0,0,0.009,0.405,5000000000.0,6771000000.0,0.166,6771000000.0,5000000000.0,4484000000.0,3.59,3.55,3.59,10345000000,9441750000.0,10345000000,42653523157.0,9.0,6.299,4303000000.0,5.41,1.0,19252000000.0,0.471,14383000000,516000000.0,28087000000,29045000000.0,695000000,1442000000,1442000000,0,43301000000,17608000000,25693000000,35689523157.0,-141000000.0,0.0,-2275000000.0,-1516000000.0,-329000000.0,-4357000000.0,-2814000000.0,-98000000.0,7030000000.0,0.0,2834000000.0,2834000000.0,2834000000.0,0.0,0.0,0.069,13995000000.0,5257000000.0,2688000000,0.113,3.45,12.593,12.499,22608000000,0.0,44.87,0.874,0.874,1974000000,6748000000,40849000000.0,40849000000.0,0.0,0.053,0.3,0.172,0.122,0.0,8599000000.0,1.0,795398332,795398332.0,,51.357,39263000000,5544000000,1650000000.0,0,49.363,-5635000000
25,DAL,MRT,2015-06-30,2015-06-30,2015-06-30,2021-10-16,-7288000000,52781000000,53119500000.0,11441000000,41340000000,0.77,11.715,-2622000000.0,2293000000,2293000000,22938000000.0,1876000000.0,0.67,4.519,9257000000,1659000000,7598000000,9257000000,3908000000,1771000000.0,0,0.009,0.36,3540000000.0,5311000000.0,0.13,5311000000.0,3540000000.0,2991000000.0,2.35,2.32,2.35,9563000000,9929500000.0,9563000000,40977471640.0,12.0,7.716,3699000000.0,4.531,1.0,17982000000.0,0.439,14388000000,549000000.0,28275000000,29573000000.0,881000000,1494000000,1494000000,0,43218000000,17082000000,26136000000,33533471640.0,-1069000000.0,0.0,-2100000000.0,-1297000000.0,-297000000.0,-4002000000.0,-3388000000.0,-794000000.0,6321000000.0,0.0,1876000000.0,1876000000.0,1876000000.0,0.0,0.0,0.046,14103000000.0,3879000000.0,2803000000,0.153,3.507,17.875,17.481,22480000000,0.0,41.08,0.819,0.819,1966000000,5540000000,40920000000.0,40920000000.0,0.0,0.035,0.189,0.12,0.087,0.0,8392000000.0,1.0,816296778,816296778.0,,50.129,38393000000,6266000000,1115000000.0,0,47.033,-5641000000
26,DAL,MRT,2015-03-31,2015-03-31,2015-03-31,2021-10-16,-7294000000,53752000000,52972000000.0,12266000000,41486000000,0.771,10.975,-2221000000.0,2122000000,2122000000,24099000000.0,1192000000.0,0.708,4.942,9566000000,1261000000,8305000000,9566000000,4030000000,1771000000.0,0,0.007,0.33,2518000000.0,4289000000.0,0.105,4289000000.0,2518000000.0,1923000000.0,1.45,1.43,1.45,9046000000,10589500000.0,9046000000,44748253968.0,18.0,10.433,3411000000.0,4.138,1.0,16735000000.0,0.41,14393000000,595000000.0,29484000000,29854750000.0,801000000,1447000000,1447000000,0,44706000000,17319000000,27387000000,37059253968.0,-577000000.0,0.0,-1400000000.0,-1815000000.0,-275000000.0,-3497000000.0,-2712000000.0,-502000000.0,5632000000.0,0.0,1192000000.0,1192000000.0,1192000000.0,0.0,0.0,0.029,13751000000.0,2984000000.0,2492000000,0.228,4.097,31.09,31.007,22023000000,0.0,44.96,0.908,0.908,2057000000,4127000000,40834000000.0,40834000000.0,0.0,0.023,0.113,0.084,0.062,0.0,8243000000.0,1.0,824271663,824271663.0,,49.539,39359000000,7142000000,731000000.0,0,47.75,-5053000000
27,DAL,MRT,2014-12-31,2014-12-31,2014-12-31,2021-10-16,-7311000000,54005000000,52575750000.0,9158000000,44847000000,0.768,10.53,-2249000000.0,2088000000,2088000000,24667000000.0,659000000.0,0.544,5.128,9661000000,1184000000,8477000000,9661000000,4182000000,1771000000.0,0,0.006,0.3,1722000000.0,3493000000.0,0.087,3493000000.0,1722000000.0,1072000000.0,0.79,0.78,0.79,8813000000,11238250000.0,8813000000,48649145597.0,28.0,13.928,2698000000.0,3.224,1.0,15695000000.0,0.389,14397000000,650000000.0,30334000000,30219000000.0,852000000,1217000000,1217000000,0,45192000000,16847000000,28345000000,41169145597.0,-756000000.0,0.0,-1100000000.0,-1908000000.0,-251000000.0,-3240000000.0,-2463000000.0,-262000000.0,4947000000.0,0.0,659000000.0,659000000.0,659000000.0,0.0,0.0,0.016,13489000000.0,2206000000.0,2622000000,0.38,4.671,62.472,62.266,21929000000,0.0,49.19,1.02,1.02,2297000000,3456000000,40362000000.0,40362000000.0,0.0,0.013,0.059,0.057,0.043,0.0,8120000000.0,1.0,836941362,836941362.0,,48.226,39608000000,7595000000,413000000.0,0,47.325,-7689000000
28,DAL,MRT,2014-09-30,2014-09-30,2014-09-30,2021-10-16,-5100000000,51940000000,52137500000.0,10995000000,40945000000,0.763,14.586,-2541000000.0,2659000000,2659000000,22895000000.0,9850000000.0,0.742,3.224,10139000000,1169000000,8970000000,10139000000,3970000000,1658000000.0,0,0.007,0.27,3526000000.0,5184000000.0,0.13,5184000000.0,3526000000.0,2687000000.0,11.62,11.5,11.62,12296000000,11945750000.0,12296000000,37313665671.0,11.0,7.198,2955000000.0,3.505,1.0,16896000000.0,0.425,14408000000,839000000.0,30199000000,30672000000.0,942000000,1852000000,1852000000,0,39644000000,14813000000,24831000000,30474665671.0,-508000000.0,360000000.0,-757000000.0,-1798000000.0,-227000000.0,-2631000000.0,-3373000000.0,-1246000000.0,5496000000.0,0.0,9850000000.0,9850000000.0,9850000000.0,0.0,0.0,0.248,13161000000.0,3735000000.0,2577000000,0.023,2.478,3.094,3.111,21722000000,0.0,36.15,0.766,0.766,2135000000,4244000000,39791000000.0,39791000000.0,0.0,0.189,0.825,0.115,0.089,0.0,7995000000.0,1.0,843005966,843005966.0,,47.201,37532000000,5883000000,-7163000000.0,687000000,44.522,-3818000000
29,DAL,MRT,2014-06-30,2014-06-30,2014-06-30,2021-10-16,-5137000000,52191000000,50651750000.0,10517000000,41674000000,0.772,14.39,-2715000000.0,3483000000,3483000000,22269000000.0,10862000000.0,0.691,3.277,10322000000,1233000000,9089000000,10322000000,4106000000,1658000000.0,0,0.006,0.24,4332000000.0,5990000000.0,0.153,5990000000.0,4332000000.0,3471000000.0,12.8,12.67,12.8,12203000000,8906000000.0,12203000000,41055105487.0,9.0,6.854,2584000000.0,3.047,1.0,16834000000.0,0.431,14419000000,861000000.0,29402000000,29638000000.0,961000000,719000000,719000000,0,39988000000,15209000000,24779000000,32835105487.0,397000000.0,360000000.0,-600000000.0,-1776000000.0,-203000000.0,-2495000000.0,-2407000000.0,-82000000.0,5299000000.0,0.0,10862000000.0,10862000000.0,10862000000.0,0.0,0.0,0.278,12371000000.0,4463000000.0,2536000000,0.019,2.691,3.023,3.025,22048000000,0.0,38.72,0.84,0.84,2104000000,3962000000,39103000000.0,39103000000.0,0.0,0.214,1.22,0.146,0.111,0.0,7902000000.0,1.0,848014088,848014088.0,,46.111,37772000000,6131000000,-7391000000.0,790000000,44.542,-4692000000
30,DAL,MRT,2014-03-31,2014-03-31,2014-03-31,2021-10-16,-5139000000,52167000000,49047000000.0,9746000000,42421000000,0.779,13.705,-2535000000.0,2824000000,2824000000,22441000000.0,10746000000.0,0.649,3.481,11044000000,1578000000,9466000000,11044000000,4269000000,1658000000.0,0,0.005,0.18,3719000000.0,5377000000.0,0.141,5377000000.0,3719000000.0,2859000000.0,12.66,12.53,12.66,11641000000,5559250000.0,11641000000,37806979509.0,10.0,7.031,1916000000.0,2.256,1.0,15748000000.0,0.412,14436000000,860000000.0,30941000000,28686000000.0,948000000,959000000,959000000,0,40526000000,15010000000,25516000000,29430979509.0,63000000.0,0.0,-375000000.0,-1247000000.0,-153000000.0,-1699000000.0,-2689000000.0,-237000000.0,4451000000.0,0.0,10746000000.0,10746000000.0,10746000000.0,0.0,0.0,0.281,11950000000.0,3798000000.0,2341000000,0.014,2.528,2.739,2.737,21972000000,0.0,34.65,0.771,0.771,2042000000,3211000000,38189000000.0,38189000000.0,0.0,0.219,1.933,0.13,0.097,0.0,7778000000.0,1.0,849378918,849378918.0,,44.961,37731000000,6618000000,-7887000000.0,810000000,44.422,-5264000000
31,DAL,MRT,2013-12-31,2013-12-31,2013-12-31,2021-10-16,-5130000000,52252000000,47272250000.0,9651000000,42601000000,0.799,13.609,-2568000000.0,2844000000,2844000000,22567000000.0,10540000000.0,0.682,3.488,11342000000,1547000000,9795000000,11342000000,4420000000,1658000000.0,0,0.004,0.12,3379000000.0,5037000000.0,0.133,5037000000.0,3379000000.0,2527000000.0,12.41,12.29,12.41,11643000000,2163250000.0,11643000000,32170845433.0,10.0,6.387,1936000000.0,2.263,1.0,15206000000.0,0.403,14452000000,852000000.0,32146000000,27421750000.0,1063000000,959000000,959000000,0,40609000000,14152000000,26457000000,23501845433.0,428000000.0,0.0,-250000000.0,-1193000000.0,-102000000.0,-1320000000.0,-2756000000.0,-202000000.0,4504000000.0,0.0,10540000000.0,10540000000.0,10540000000.0,0.0,0.0,0.279,11806000000.0,3400000000.0,2300000000,0.01,2.019,2.23,2.214,21854000000,0.0,27.47,0.622,0.622,1609000000,3049000000,37773000000.0,37773000000.0,0.0,0.223,4.872,0.123,0.089,0.0,7720000000.0,1.0,855545884,855545884.0,,44.151,37800000000,6728000000,-8013000000.0,0,44.182,-4501000000
32,DAL,MRT,2013-09-30,2013-09-30,2013-09-30,2021-10-16,-8324000000,45997000000,45346750000.0,8951000000,37046000000,0.823,0.16,-2154000000.0,3231000000,3231000000,22642000000.0,2067000000.0,0.633,334.745,11900000000,1823000000,10077000000,11900000000,4122000000,1565000000.0,0,0.003,0.06,2971000000.0,4536000000.0,0.122,4536000000.0,2971000000.0,2063000000.0,2.44,2.41,2.44,137000000,-1280250000.0,137000000,29322054182.0,10.0,6.464,1769000000.0,2.062,1.0,14657000000.0,0.393,14469000000,908000000.0,26063000000,26066500000.0,1032000000,959000000,959000000,0,45860000000,14134000000,31726000000,20239054182.0,744000000.0,-360000000.0,-93000000.0,-869000000.0,-51000000.0,-838000000.0,-2341000000.0,173000000.0,3923000000.0,0.0,2067000000.0,2067000000.0,2067000000.0,0.0,0.0,0.055,11607000000.0,3050000000.0,2592000000,0.025,147.73,9.792,9.668,21297000000,0.0,23.59,0.543,0.543,1969000000,-5379000000,37299000000.0,37299000000.0,0.0,0.046,-1.615,0.114,0.08,0.0,7637000000.0,1.0,857950580,857950580.0,,43.475,31528000000,405000000,-4000000.0,2690000000,36.748,-5183000000
33,DAL,MRT,2013-06-30,2013-06-30,2013-06-30,2021-10-16,-8331000000,45772000000,44935500000.0,8895000000,36877000000,0.817,-1.382,-1949000000.0,3138000000,3138000000,22532000000.0,1745000000.0,0.602,-39.659,12221000000,1695000000,10526000000,12221000000,4220000000,1565000000.0,0,0.0,0.0,2679000000.0,4244000000.0,0.116,4244000000.0,2679000000.0,1752000000.0,2.07,2.05,2.07,-1184000000,-1326500000.0,-1184000000,25410637527.0,9.0,5.987,1276000000.0,1.49,1.0,14200000000.0,0.387,14486000000,927000000.0,25594000000,26205500000.0,962000000,958000000,958000000,0,46956000000,14775000000,32181000000,16023637527.0,426000000.0,-360000000.0,0.0,-779000000.0,0.0,-647000000.0,-2152000000.0,159000000.0,3225000000.0,0.0,1745000000.0,1745000000.0,1745000000.0,0.0,0.0,0.048,11405000000.0,2795000000.0,2571000000,0.0,-13.533,9.183,9.039,21049000000,0.0,18.71,0.436,0.436,2084000000,-6748000000,36732000000.0,36732000000.0,0.0,0.039,-1.315,0.102,0.073,0.0,7511000000.0,1.0,856421033,856421033.0,,42.89,31286000000,451000000,7000000.0,2826000000,36.531,-5880000000
34,DAL,MRT,2013-03-31,2013-03-31,2013-03-31,2021-10-16,-8426000000,45068000000,44672500000.0,8641000000,36427000000,0.823,-2.282,-2208000000.0,2927000000,2927000000,23254000000.0,892000000.0,0.614,-24.195,12314000000,1593000000,10721000000,12314000000,4331000000,1565000000.0,0,0.0,0.0,1864000000.0,3429000000.0,0.093,3429000000.0,1864000000.0,902000000.0,1.06,1.05,1.06,-1943000000,-1314250000.0,-1943000000,23977767278.0,13.0,6.993,441000000.0,0.518,1.0,13503000000.0,0.367,14503000000,962000000.0,25884000000,26209500000.0,995000000,958000000,958000000,0,47011000000,14068000000,32943000000,14059767278.0,-275000000.0,0.0,0.0,-831000000.0,0.0,-681000000.0,-2243000000.0,81000000.0,2649000000.0,0.0,892000000.0,892000000.0,892000000.0,0.0,0.0,0.024,11488000000.0,2015000000.0,2405000000,0.0,-7.236,15.762,15.575,20793000000,0.0,16.51,0.383,0.383,1994000000,-7382000000,36757000000.0,36757000000.0,0.0,0.02,-0.679,0.071,0.051,0.0,7414000000.0,1.0,851590992,851590992.0,,43.163,30565000000,463000000,10000000.0,2782000000,35.892,-5427000000
35,DAL,MRT,2012-12-31,2012-12-31,2012-12-31,2021-10-16,-8577000000,44550000000,44452750000.0,8272000000,36278000000,0.825,-2.506,-1968000000.0,2791000000,2791000000,23248000000.0,1009000000.0,0.623,-21.906,12709000000,1627000000,11082000000,12709000000,4434000000,1565000000.0,0,0.0,0.0,2030000000.0,3595000000.0,0.098,3595000000.0,2030000000.0,1025000000.0,1.2,1.19,1.2,-2131000000,-1081250000.0,-2131000000,20076845310.0,10.0,5.585,508000000.0,0.597,1.0,13422000000.0,0.366,14473000000,1005000000.0,26725000000,26265000000.0,1023000000,958000000,958000000,0,46681000000,13270000000,33411000000,10094845310.0,-241000000.0,0.0,0.0,-899000000.0,0.0,-755000000.0,-1962000000.0,61000000.0,2476000000.0,0.0,1009000000.0,1009000000.0,1009000000.0,0.0,0.0,0.028,11247000000.0,2175000000.0,2293000000,0.0,-4.737,10.005,9.892,20713000000,0.0,11.87,0.275,0.275,1693000000,-7389000000,36670000000.0,36670000000.0,0.0,0.023,-0.933,0.077,0.055,0.0,7266000000.0,1.0,850450321,850450321.0,,43.118,30077000000,463000000,16000000.0,2632000000,35.366,-4998000000
36,DAL,MRT,2012-09-30,2012-09-30,2012-09-30,2021-10-16,-6464000000,44352000000,44190000000.0,8163000000,36189000000,0.825,-0.056,-1798000000.0,2675000000,2675000000,22808000000.0,1428000000.0,0.617,-925.0,12657000000,1546000000,11111000000,12657000000,4201000000,1523000000.0,0,0.0,0.0,2273000000.0,3796000000.0,0.104,3796000000.0,2273000000.0,1432000000.0,1.7,1.68,1.7,-48000000,-897500000.0,-48000000,17881852882.0,8.0,4.711,1286000000.0,1.512,1.0,13659000000.0,0.375,14491000000,841000000.0,26619000000,26354250000.0,403000000,959000000,959000000,0,44400000000,13224000000,31176000000,7788852882.0,-33000000.0,0.0,0.0,-1599000000.0,0.0,-1276000000.0,-1841000000.0,20000000.0,3084000000.0,0.0,1428000000.0,1428000000.0,1428000000.0,0.0,0.0,0.039,11109000000.0,2550000000.0,2325000000,0.0,-162.268,5.454,5.388,20599000000,0.0,9.16,0.214,0.214,1785000000,-7395000000,36467000000.0,36467000000.0,0.0,0.032,-1.591,0.086,0.062,0.0,7149000000.0,1.0,850311450,850311450.0,,42.887,29861000000,465000000,4000000.0,2687000000,35.118,-5061000000
37,DAL,MRT,2012-06-30,2012-06-30,2012-06-30,2021-10-16,-6490000000,44720000000,43861000000.0,8457000000,36263000000,0.829,-1.336,-1605000000.0,2907000000,2907000000,23440000000.0,930000000.0,0.576,-40.401,13000000000,1779000000,11221000000,13000000000,4316000000,1523000000.0,0,0.0,0.0,1802000000.0,3325000000.0,0.091,3325000000.0,1802000000.0,927000000.0,1.12,1.1,1.12,-1135000000,-580000000.0,-1135000000,19393209702.0,11.0,5.833,918000000.0,1.08,1.0,12920000000.0,0.355,14510000000,875000000.0,25610000000,26778250000.0,393000000,959000000,959000000,0,45855000000,14693000000,31162000000,9303209702.0,-316000000.0,0.0,0.0,-1665000000.0,0.0,-1214000000.0,-1625000000.0,30000000.0,2523000000.0,0.0,930000000.0,930000000.0,930000000.0,0.0,0.0,0.026,10818000000.0,2102000000.0,2175000000,0.0,-8.197,10.003,9.777,20609000000,0.0,10.95,0.256,0.256,1828000000,-8442000000,36360000000.0,36360000000.0,0.0,0.021,-1.603,0.067,0.05,0.0,7016000000.0,1.0,849608192,849608192.0,,42.796,30210000000,488000000,-3000000.0,2793000000,35.558,-6236000000
38,DAL,MRT,2012-03-31,2012-03-31,2012-03-31,2021-10-16,-6518000000,44189000000,43650500000.0,8299000000,35890000000,0.82,-1.196,-1321000000.0,3286000000,3286000000,22767000000.0,1296000000.0,0.608,-44.708,13376000000,1855000000,11521000000,13376000000,4439000000,1523000000.0,0,0.0,0.0,2187000000.0,3710000000.0,0.104,3710000000.0,2187000000.0,1286000000.0,1.56,1.53,1.56,-1011000000,-100000000.0,-1011000000,19212327122.0,9.0,5.179,1556000000.0,1.84,1.0,13014000000.0,0.364,14527000000,901000000.0,26106000000,27361250000.0,364000000,959000000,959000000,0,45200000000,13646000000,31554000000,8383327122.0,30000000.0,0.0,0.0,-1929000000.0,0.0,-1576000000.0,-1271000000.0,32000000.0,2877000000.0,0.0,1296000000.0,1296000000.0,1296000000.0,0.0,0.0,0.036,10565000000.0,2449000000.0,1998000000,0.0,-8.292,6.469,6.356,20332000000,0.0,9.915,0.234,0.234,1807000000,-8274000000,35781000000.0,35781000000.0,0.0,0.03,-12.96,0.08,0.061,0.0,6930000000.0,1.0,845519629,845519629.0,,42.318,29662000000,408000000,-10000000.0,2663000000,35.081,-5347000000
39,DAL,MRT,2011-12-31,2011-12-31,2011-12-31,2021-10-16,-6766000000,43499000000,43573500000.0,7729000000,35770000000,0.806,-1.648,-1254000000.0,2962000000,2962000000,22589000000.0,854000000.0,0.609,-32.16,13791000000,1944000000,11847000000,13791000000,4549000000,1523000000.0,0,0.0,0.0,1670000000.0,3193000000.0,0.091,3193000000.0,1670000000.0,769000000.0,1.02,1.01,1.02,-1396000000,342250000.0,-1396000000,18635398843.0,11.0,5.836,1580000000.0,1.865,1.0,12526000000.0,0.357,14545000000,901000000.0,27082000000,28083250000.0,535000000,958000000,958000000,0,44895000000,12701000000,32194000000,6853398843.0,-235000000.0,0.0,0.0,-1777000000.0,0.0,-1571000000.0,-1498000000.0,-234000000.0,2834000000.0,0.0,854000000.0,854000000.0,854000000.0,0.0,0.0,0.024,10551000000.0,1975000000.0,1600000000,0.0,-4.909,8.025,7.931,20223000000,0.0,8.09,0.195,0.195,1563000000,-8398000000,35115000000.0,35115000000.0,0.0,0.02,2.495,0.059,0.048,0.0,6894000000.0,1.0,847144480,847144480.0,,41.451,28954000000,461000000,-85000000.0,2622000000,34.178,-4972000000
40,DAL,MRT,2011-09-30,2011-09-30,2011-09-30,2021-10-16,-3724000000,43036000000,43495750000.0,7329000000,35707000000,0.793,1.444,-1307000000.0,2712000000,2712000000,22384000000.0,448000000.0,0.61,34.218,14494000000,1937000000,12557000000,14494000000,4305000000,1511000000.0,0,0.0,0.0,1275000000.0,2786000000.0,0.081,2786000000.0,1275000000.0,373000000.0,0.54,0.52,0.54,1222000000,915500000.0,1222000000,17719470250.0,14.0,6.36,687000000.0,0.812,1.0,12121000000.0,0.351,14491000000,902000000.0,28315000000,28615500000.0,380000000,958000000,958000000,0,41814000000,12012000000,29802000000,6345470250.0,-1129000000.0,0.0,0.0,-1396000000.0,0.0,-1368000000.0,-1755000000.0,-431000000.0,1994000000.0,0.0,448000000.0,448000000.0,448000000.0,0.0,0.0,0.013,10578000000.0,1543000000.0,1641000000,0.0,5.193,14.164,13.889,20256000000,0.0,7.5,0.184,0.184,1816000000,-8823000000,34505000000.0,34505000000.0,0.0,0.01,0.489,0.045,0.037,89000000.0,6891000000.0,1.0,846062700,846062700.0,,40.783,28545000000,396000000,-75000000.0,2564000000,33.739,-4683000000
41,DAL,MRT,2011-06-30,2011-06-30,2011-06-30,2021-10-16,-3593000000,43878000000,43525000000.0,8063000000,35815000000,0.773,0.929,-1471000000.0,3287000000,3287000000,21202000000.0,262000000.0,0.63,54.896,14661000000,1635000000,13026000000,14661000000,4349000000,1511000000.0,0,0.0,0.0,1114000000.0,2625000000.0,0.078,2625000000.0,1114000000.0,192000000.0,0.31,0.3,0.31,785000000,788750000.0,785000000,19649674193.0,18.0,7.486,1135000000.0,1.343,1.0,12437000000.0,0.37,14508000000,922000000.0,27942000000,28607750000.0,403000000,967000000,967000000,0,43093000000,12802000000,30291000000,7751674193.0,-1579000000.0,0.0,0.0,-1842000000.0,0.0,-1840000000.0,-2345000000.0,-870000000.0,2606000000.0,0.0,262000000.0,262000000.0,262000000.0,0.0,0.0,0.008,10751000000.0,1686000000.0,1900000000,0.0,9.875,29.587,29.581,20315000000,0.0,9.17,0.23,0.23,1885000000,-9372000000,33639000000.0,33639000000.0,0.0,0.006,0.332,0.039,0.033,89000000.0,6843000000.0,1.0,845329792,845329792.0,,39.794,29370000000,342000000,-70000000.0,2679000000,34.744,-4739000000
42,DAL,MRT,2011-03-31,2011-03-31,2011-03-31,2021-10-16,-3403000000,43881000000,43507750000.0,7993000000,35888000000,0.751,0.908,-1354000000.0,3271000000,3271000000,19874000000.0,531000000.0,0.652,56.891,15169000000,1723000000,13446000000,15169000000,4414000000,1511000000.0,0,0.0,0.0,1409000000.0,2920000000.0,0.089,2920000000.0,1409000000.0,465000000.0,0.63,0.62,0.63,758000000,642250000.0,758000000,20132331393.0,14.0,6.895,1300000000.0,1.557,1.0,12780000000.0,0.391,14525000000,944000000.0,28994000000,28691500000.0,349000000,958000000,958000000,0,43123000000,12260000000,30863000000,8181331393.0,-2032000000.0,0.0,0.0,-2458000000.0,0.0,-2377000000.0,-2309000000.0,-979000000.0,2654000000.0,0.0,531000000.0,531000000.0,531000000.0,0.0,0.0,0.016,10723000000.0,2057000000.0,1907000000,0.0,10.793,15.407,15.556,20333000000,0.0,9.8,0.251,0.251,1848000000,-9570000000,32654000000.0,32654000000.0,0.0,0.012,0.827,0.049,0.043,89000000.0,6806000000.0,1.0,834829734,834829734.0,,39.115,29356000000,281000000,-66000000.0,2610000000,35.164,-4267000000
43,DAL,MRT,2010-12-31,2010-12-31,2010-12-31,2021-10-16,-3578000000,43188000000,43622250000.0,7307000000,35881000000,0.728,1.137,-1342000000.0,3301000000,3301000000,18867000000.0,593000000.0,0.642,47.147,15252000000,2073000000,13179000000,15252000000,4467000000,1511000000.0,0,0.0,0.0,1577000000.0,3088000000.0,0.097,3088000000.0,1577000000.0,608000000.0,0.71,0.7,0.71,897000000,470750000.0,897000000,21451398224.0,14.0,6.947,1490000000.0,1.889,1.0,12888000000.0,0.406,14543000000,969000000.0,29211000000,28958750000.0,318000000,718000000,718000000,0,42291000000,11385000000,30906000000,9940398224.0,-1715000000.0,0.0,0.0,-2611000000.0,0.0,-2521000000.0,-2026000000.0,-666000000.0,2832000000.0,0.0,593000000.0,593000000.0,593000000.0,0.0,0.0,0.019,10671000000.0,2217000000.0,1713000000,0.0,11.082,16.763,17.746,20307000000,0.0,12.6,0.313,0.313,1456000000,-9252000000,31755000000.0,31755000000.0,0.0,0.014,1.26,0.054,0.05,89000000.0,6751000000.0,1.0,788920494,788920494.0,,40.251,28645000000,355000000,15000000.0,2503000000,36.309,-4078000000
44,DAL,MRT,2010-09-30,2010-09-30,2010-09-30,2021-10-16,-3716000000,43153000000,43772500000.0,7321000000,35832000000,0.703,0.906,-1477000000.0,3854000000,3854000000,18314000000.0,549000000.0,0.619,59.354,15365000000,2302000000,13063000000,15365000000,4526000000,1536000000.0,0,0.0,0.0,1217000000.0,2753000000.0,0.089,2753000000.0,1217000000.0,233000000.0,0.65,0.64,0.65,715000000,307750000.0,715000000,20122207214.0,17.0,7.309,964000000.0,1.222,1.0,12457000000.0,0.405,14560000000,984000000.0,28284000000,29542000000.0,278000000,439000000,439000000,0,42438000000,11820000000,30618000000,9182207214.0,-1960000000.0,0.0,0.0,-2664000000.0,0.0,-2685000000.0,-1716000000.0,-192000000.0,2441000000.0,0.0,549000000.0,549000000.0,549000000.0,0.0,0.0,0.018,10580000000.0,1877000000.0,1661000000,0.0,12.842,16.725,17.908,20184000000,0.0,11.64,0.298,0.298,1512000000,-9271000000,30771000000.0,30771000000.0,0.0,0.013,1.784,0.041,0.04,108000000.0,6730000000.0,1.0,788849417,788849417.0,,39.007,28593000000,167000000,-316000000.0,2326000000,36.246,-4499000000
45,DAL,MRT,2010-06-30,2010-06-30,2010-06-30,2021-10-16,-3853000000,43809000000,44197500000.0,7868000000,35941000000,0.665,0.253,-1191000000.0,4843000000,4843000000,17969000000.0,25000000.0,0.662,219.146,15783000000,1555000000,14228000000,15783000000,4633000000,1536000000.0,0,0.0,0.0,640000000.0,2176000000.0,0.074,2176000000.0,640000000.0,-312000000.0,0.03,0.02,0.03,199000000,354000000.0,199000000,20798819199.0,32.0,9.558,711000000.0,0.903,1.0,11426000000.0,0.389,14580000000,952000000.0,28277000000,30577750000.0,285000000,0,0,0,43610000000,11892000000,31718000000,9251819199.0,-417000000.0,0.0,0.0,-1084000000.0,0.0,-1160000000.0,-1159000000.0,100000000.0,1902000000.0,0.0,25000000.0,25000000.0,25000000.0,0.0,0.0,0.001,10348000000.0,1078000000.0,1630000000,0.0,46.492,370.073,391.667,20396000000,0.0,11.75,0.315,0.315,1645000000,-9634000000,29395000000.0,29395000000.0,0.0,0.001,0.071,0.021,0.022,108000000.0,6783000000.0,1.0,787388868,787388868.0,,37.332,29229000000,236000000,-337000000.0,2524000000,37.121,-4024000000
46,DAL,MRT,2010-03-31,2010-03-31,2010-03-31,2021-10-16,-3502000000,44339000000,44365250000.0,8361000000,35978000000,0.636,0.092,-1169000000.0,5369000000,5369000000,17756000000.0,-699000000.0,0.745,614.819,16916000000,1665000000,15251000000,16916000000,4730000000,1536000000.0,0,0.0,0.0,-12000000.0,1524000000.0,0.054,1524000000.0,-12000000.0,-1033000000.0,-0.84,-0.84,-0.84,72000000,549250000.0,72000000,23627926909.0,-1969.0,15.504,533000000.0,0.679,1.0,10471000000.0,0.371,14599000000,1021000000.0,30063000000,31031500000.0,319000000,0,0,0,44267000000,11224000000,33043000000,11459926909.0,472000000.0,0.0,0.0,-111000000.0,0.0,-201000000.0,-1029000000.0,239000000.0,1702000000.0,0.0,-699000000.0,-699000000.0,-699000000.0,0.0,0.0,-0.025,10244000000.0,227000000.0,1505000000,0.0,159.166,-16.395,-17.369,20481000000,0.0,14.59,0.406,0.406,1533000000,-10101000000,28227000000.0,28227000000.0,0.0,-0.016,-1.273,0.0,0.0,108000000.0,6804000000.0,1.0,785464490,785464490.0,,35.937,29740000000,164000000,-334000000.0,2436000000,37.863,-2863000000
47,DAL,MRT,2009-12-31,2009-12-31,2009-12-31,2021-10-16,-3563000000,43789000000,44379250000.0,7991000000,35798000000,0.632,0.314,-1202000000.0,5030000000,5030000000,18048000000.0,-1237000000.0,0.816,177.731,17198000000,1533000000,15665000000,17198000000,4812000000,1536000000.0,0,0.0,0.0,-700000000.0,836000000.0,0.03,836000000.0,-700000000.0,-1581000000.0,-1.5,-1.5,-1.5,245000000,661000000.0,245000000,20680958095.0,-30.0,24.738,177000000.0,0.227,1.0,10015000000.0,0.357,14616000000,881000000.0,31544000000,31013000000.0,327000000,71000000,71000000,0,43544000000,9797000000,33747000000,8870958095.0,352000000.0,0.0,0.0,75000000.0,0.0,-19000000.0,-1008000000.0,256000000.0,1379000000.0,0.0,-1237000000.0,-1237000000.0,-1237000000.0,0.0,0.0,-0.044,10339000000.0,-324000000.0,1249000000,0.0,36.208,-7.171,-7.587,20433000000,0.0,11.38,0.316,0.316,1353000000,-9845000000,28063000000.0,28063000000.0,0.0,-0.028,-1.871,-0.023,-0.025,108000000.0,6838000000.0,1.0,779521801,779521801.0,,36.0,29173000000,357000000,-344000000.0,2442000000,37.424,-1806000000
48,DAL,MRT,2009-09-30,2009-09-30,2009-09-30,2021-10-16,-2907000000,44853000000,44703000000.0,8862000000,35991000000,0.626,1.157,-908000000.0,5874000000,5874000000,18403000000.0,-2650000000.0,0.924,48.837,17684000000,1029000000,16655000000,17684000000,4900000000,1266000000.0,0,0.0,0.0,-1558000000.0,-292000000.0,-0.01,-292000000.0,-1558000000.0,-2664000000.0,-1.63,-1.63,-1.63,900000000,818250000.0,900000000,18353695571.0,-12.0,-62.855,-1445000000.0,-1.858,1.0,9568000000.0,0.342,14642000000,1106000000.0,32427000000,30928000000.0,356000000,92000000,92000000,0,43953000000,9594000000,34359000000,6967695571.0,3236000000.0,2441000000.0,192000000.0,-205000000.0,0.0,909000000.0,2864000000.0,512000000.0,-537000000.0,0.0,-2650000000.0,-2650000000.0,-2650000000.0,0.0,0.0,-0.095,10943000000.0,-1375000000.0,1483000000,0.0,7.742,-2.629,-5.497,20658000000,0.0,8.96,0.249,0.249,1469000000,-9820000000,27971000000.0,27971000000.0,0.0,-0.059,-3.239,-0.05,-0.056,54000000.0,6211000000.0,1.0,777644595,777644595.0,,35.969,30211000000,291000000,-14000000.0,2401000000,38.849,-732000000
49,DAL,MRT,2009-06-30,2009-06-30,2009-06-30,2021-10-16,-2963000000,44480000000,39889250000.0,8299000000,36181000000,0.655,1.27,-1080000000.0,5212000000,5212000000,17737000000.0,-2539000000.0,0.744,44.388,16598000000,1824000000,14774000000,16598000000,4947000000,1266000000.0,0,0.0,0.0,-1506000000.0,-240000000.0,-0.009,-240000000.0,-1506000000.0,-2535000000.0,-1.57,-1.57,-1.57,980000000,1191000000.0,980000000,16235830195.0,-11.0,-67.649,-2582000000.0,-3.346,1.0,8379000000.0,0.321,14625000000,1029000000.0,30092000000,27596750000.0,372000000,91000000,91000000,0,43500000000,11149000000,32351000000,4467830195.0,1612000000.0,2441000000.0,192000000.0,-63000000.0,0.0,1111000000.0,2003000000.0,642000000.0,-1502000000.0,0.0,-2539000000.0,-2539000000.0,-2539000000.0,0.0,0.0,-0.097,9827000000.0,-1448000000.0,1580000000,0.0,4.559,-1.76,-3.688,20916000000,0.0,5.79,0.171,0.171,1410000000,-9659000000,26116000000.0,26116000000.0,0.0,-0.064,-2.132,-0.055,-0.058,54000000.0,5575000000.0,1.0,771645975,771645975.0,,33.845,29855000000,316000000,4000000.0,2559000000,38.69,-2850000000
50,DAL,MRT,2009-03-31,2009-03-31,2009-03-31,2021-10-16,-3663000000,44395000000,35682000000.0,8057000000,36338000000,0.69,0.743,-1168000000.0,4828000000,4828000000,17080000000.0,-3326000000.0,0.699,84.539,16596000000,1853000000,14743000000,16596000000,5033000000,1266000000.0,0,0.0,0.0,-2599000000.0,-1333000000.0,-0.054,-1333000000.0,-2599000000.0,-3445000000.0,-3.9,-3.9,-3.9,519000000,1876250000.0,519000000,15819356863.0,-6.0,-11.867,-2515000000.0,-3.601,1.0,7535000000.0,0.306,14647000000,846000000.0,29989000000,24420250000.0,380000000,67000000,67000000,0,43876000000,11527000000,32349000000,3932356863.0,1949000000.0,2441000000.0,192000000.0,236000000.0,0.0,1420000000.0,1876000000.0,603000000.0,-1347000000.0,0.0,-3326000000.0,-3326000000.0,-3326000000.0,0.0,0.0,-0.135,10071000000.0,-2536000000.0,1648000000,0.0,7.577,-1.182,-1.444,20896000000,0.0,5.63,0.16,0.16,1419000000,-9402000000,24615000000.0,24615000000.0,0.0,-0.093,-1.773,-0.106,-0.106,54000000.0,4944000000.0,1.0,698464807,698464807.0,,35.242,29748000000,332000000,-119000000.0,2492000000,42.591,-3470000000
51,DAL,MRT,2008-12-31,2008-12-31,2008-12-31,2021-10-16,-4080000000,45084000000,31272000000.0,8974000000,36110000000,0.726,2.833,-1368000000.0,4684000000,4684000000,15907000000.0,-8922000000.0,0.809,50.584,16571000000,1160000000,15411000000,16571000000,5113000000,1266000000.0,0,0.0,0.0,-8356000000.0,-7090000000.0,-0.312,-7090000000.0,-8356000000.0,-9041000000.0,-19.08,-19.08,-19.08,874000000,2734250000.0,874000000,11286893131.0,-1.0,-1.592,-3075000000.0,-9.966,1.0,6790000000.0,0.299,14675000000,685000000.0,31204000000,21356000000.0,388000000,212000000,212000000,0,44210000000,11092000000,33118000000,3535893131.0,1607000000.0,2441000000.0,192000000.0,536000000.0,0.0,1716000000.0,1598000000.0,517000000.0,-1707000000.0,0.0,-8922000000.0,-8922000000.0,-8922000000.0,0.0,0.0,-0.393,15104000000.0,-8314000000.0,1604000000,0.0,4.046,-0.396,-0.601,20627000000,0.0,11.46,0.156,0.156,1513000000,-8608000000,22697000000.0,22697000000.0,0.0,-0.285,-3.263,-0.391,-0.368,54000000.0,4329000000.0,1.0,308542158,308542158.0,,73.562,30409000000,401000000,-119000000.0,2546000000,98.557,-2118000000
52,DAL,MRT,2008-09-30,2008-09-30,2008-09-30,2021-10-16,152000000,25598000000,28106750000.0,5488000000,20110000000,0.735,7.868,-1453000000.0,2388000000,2388000000,14519000000.0,-7554000000.0,0.808,9.706,10139000000,865000000,9274000000,10139000000,3135000000,778000000.0,0,0.0,0.0,-7142000000.0,-6364000000.0,-0.308,-6364000000.0,-7142000000.0,-7708000000.0,-19.1,-19.1,-19.1,2391000000,5044000000.0,2391000000,7641997687.0,-1.0,-1.201,-639000000.0,-2.103,1.0,6148000000.0,0.297,7459000000,566000000.0,19102000000,17813750000.0,243000000,921000000,921000000,0,23207000000,6788000000,16419000000,2263997687.0,537000000.0,0.0,0.0,1856000000.0,0.0,1828000000.0,-2105000000.0,263000000.0,814000000.0,0.0,-7554000000.0,-7554000000.0,-7554000000.0,0.0,0.0,-0.366,13367000000.0,-7219000000.0,347000000,0.0,0.947,-0.3,-0.39,12060000000,0.0,7.45,0.11,0.11,1240000000,-7170000000,20667000000.0,20667000000.0,0.0,-0.269,-1.498,-0.401,-0.346,112000000.0,4044000000.0,1.0,303892307,303892307.0,,68.008,18139000000,99000000,-154000000.0,1059000000,59.689,-1300000000
53,DAL,MRT,2008-06-30,2008-06-30,2008-06-30,2021-10-16,1451000000,27651000000,29900500000.0,7167000000,20484000000,0.675,12.736,-1453000000.0,3756000000,3756000000,13633000000.0,-7284000000.0,0.881,6.431,9134000000,796000000,8338000000,9134000000,3219000000,778000000.0,0,0.0,0.0,-6737000000.0,-5959000000.0,-0.295,-5959000000.0,-6737000000.0,-7295000000.0,-18.41,-18.41,-18.41,3721000000,6883250000.0,3721000000,8074368208.0,-1.0,-1.355,363000000.0,1.242,1.0,6542000000.0,0.324,7511000000,558000000.0,17386000000,17405250000.0,225000000,103000000,103000000,0,23930000000,8132000000,15798000000,1665368208.0,1409000000.0,0.0,0.0,901000000.0,0.0,874000000.0,-1281000000.0,218000000.0,1816000000.0,0.0,-7284000000.0,-7284000000.0,-7284000000.0,0.0,0.0,-0.361,13439000000.0,-6897000000.0,347000000,0.0,0.448,-0.229,-0.31,11999000000,0.0,5.7,0.083,0.083,1418000000,-7120000000,20175000000.0,20175000000.0,0.0,-0.244,-1.058,-0.387,-0.334,112000000.0,4067000000.0,1.0,292169861,292169861.0,,69.052,20140000000,196000000,-11000000.0,1233000000,68.933,-965000000
54,DAL,MRT,2008-03-31,2008-03-31,2008-03-31,2021-10-16,650000000,26755000000,31421250000.0,5329000000,21426000000,,13.521,,2710000000,2710000000,,,0.799,5.772,9119000000,732000000,8387000000,9119000000,3290000000,,0,0.0,0.0,,,,,,,,,,3951000000,8321000000.0,3951000000,8640066725.0,,,,,1.0,,,8761000000,,17732000000,17430750000.0,263000000,103000000,103000000,0,22804000000,6671000000,16133000000,2513066725.0,,,,,,,,,,,,,,,,,,,322000000,,0.636,,,11945000000,,8.6,,,1325000000,-6076000000,,,,,,,,,,1.0,292217061,292217061.0,,,17994000000,154000000,,1303000000,61.578,-1342000000
55,DAL,MRT,2007-12-31,2007-12-31,2007-12-31,2021-10-16,435000000,32423000000,,5240000000,27183000000,,37.579,,3168000000,3168000000,,,0.793,2.206,9295000000,1309000000,7986000000,9295000000,3331000000,,0,0.0,0.0,,,,,,,,,,10113000000,,10113000000,10436129408.0,,,,,1.0,,,14910000000,,17035000000,,262000000,138000000,138000000,0,22310000000,6605000000,15705000000,4007129408.0,,,,,,,,,,,,,,,,,,,839000000,,0.396,,,11701000000,,14.89,,,1066000000,314000000,,,,,,,,,,1.0,269115474,269115474.0,,,17513000000,142000000,,1178000000,65.076,-1365000000
56,DAL,MRT,2007-09-30,2007-09-30,2007-09-30,2021-10-16,15000000,32773000000,,5645000000,27128000000,,40.504,,2202000000,2202000000,,,0.842,2.362,8631000000,1201000000,7430000000,8631000000,3683000000,,0,0.0,0.0,,,,,,,,,,9748000000,,9748000000,11096029928.0,,,,,1.0,,,15030000000,,17468000000,,257000000,767000000,767000000,0,23025000000,6704000000,16321000000,4320029928.0,,,,,,,,,,,,,,,,,,,975000000,,0.443,,,11558000000,,17.95,,,1213000000,384000000,,,,,,,,,,1.0,240670191,240670191.0,,,17743000000,807000000,,1856000000,73.723,-1059000000
57,DAL,MRT,2007-06-30,2007-06-30,2007-06-30,2021-10-16,8000000,33734000000,,6249000000,27485000000,,,,2163000000,2163000000,,,0.808,2.561,8939000000,1386000000,7553000000,8939000000,3754000000,,0,,,,,,,,,,,,9472000000,,9472000000,,,,,,1.0,,,15291000000,,17488000000,,246000000,1549000000,1549000000,0,24262000000,7731000000,16531000000,,,,,,,,,,,,,,,,,,,,1288000000,,,,,11469000000,,19.7,,,1140000000,164000000,,,,,,,,,,1.0,240670191,,,,18443000000,731000000,,1940000000,,-1482000000
