None,ticker,dimension,calendardate,datekey,reportperiod,lastupdated,accoci,assets,assetsavg,assetsc,assetsnc,assetturnover,bvps,capex,cashneq,cashnequsd,cor,consolinc,currentratio,de,debt,debtc,debtnc,debtusd,deferredrev,depamor,deposits,divyield,dps,ebit,ebitda,ebitdamargin,ebitdausd,ebitusd,ebt,eps,epsdil,epsusd,equity,equityavg,equityusd,ev,evebit,evebitda,fcf,fcfps,fxusd,gp,grossmargin,intangibles,intexp,invcap,invcapavg,inventory,investments,investmentsc,investmentsnc,liabilities,liabilitiesc,liabilitiesnc,marketcap,ncf,ncfbus,ncfcommon,ncfdebt,ncfdiv,ncff,ncfi,ncfinv,ncfo,ncfx,netinc,netinccmn,netinccmnusd,netincdis,netincnci,netmargin,opex,opinc,payables,payoutratio,pb,pe,pe1,ppnenet,prefdivis,price,ps,ps1,receivables,retearn,revenue,revenueusd,rnd,roa,roe,roic,ros,sbcomp,sgna,sharefactor,sharesbas,shareswa,shareswadil,sps,tangibles,taxassets,taxexp,taxliabilities,tbvps,workingcapital
0,VIAV,MRY,2021-12-31,2021-07-03,2021-07-03,2021-08-25,-97200000.0,1961400000.0,1906950000.0,1112100000.0,849300000.0,0.629,3.388,-48000000.0,702100000.0,702100000.0,484500000.0,46100000.0,1.577,1.531,669800000.0,414200000.0,255600000.0,669800000.0,69700000.0,35800000.0,0.0,0.0,0.0,145500000.0,181300000.0,0.151,181300000.0,145500000.0,109400000.0,0.2,0.2,0.2,774800000.0,785350000.0,774800000.0,3935921111.0,27.0,21.709,195300000.0,0.854,1.0,714400000.0,0.596,484500000.0,36100000.0,739600000.0,1005425000.0,94900000.0,1600000.0,1600000.0,0.0,1186600000.0,705000000.0,481600000.0,3994321111.0,161000000.0,-700000.0,-35600000.0,-4100000.0,0.0,-58800000.0,-48700000.0,0.0,243300000.0,25200000.0,46100000.0,46100000.0,46100000.0,0.0,0.0,0.038,572200000.0,142200000.0,63200000.0,0.0,5.155,86.645,87.35,196000000.0,0.0,17.47,3.332,3.333,256500000.0,-69393700000.0,1198900000.0,1198900000.0,203000000.0,0.024,0.059,0.145,0.121,48300000.0,337500000.0,1.0,228638873.0,228700000.0,235900000.0,5.242,1476900000.0,109300000.0,63300000.0,0.0,6.458,407100000.0
1,VIAV,MRY,2020-12-31,2020-06-27,2020-06-27,2021-08-25,-165900000.0,1776300000.0,1805475000.0,913600000.0,862700000.0,0.629,3.101,-27300000.0,542500000.0,542500000.0,471000000.0,28700000.0,3.924,1.497,603700000.0,2800000.0,600900000.0,603700000.0,54600000.0,40000000.0,0.0,0.0,0.0,127700000.0,167700000.0,0.148,167700000.0,127700000.0,94000000.0,0.13,0.12,0.13,711400000.0,715175000.0,711400000.0,2908963738.0,23.0,17.346,108300000.0,0.472,1.0,665300000.0,0.585,529500000.0,33700000.0,1075200000.0,1055100000.0,83300000.0,1500000.0,1500000.0,0.0,1064900000.0,232800000.0,832100000.0,2849663738.0,17000000.0,-2500000.0,-38900000.0,-4300000.0,0.0,-71700000.0,-29800000.0,0.0,135600000.0,-17100000.0,28700000.0,28700000.0,28700000.0,0.0,0.0,0.025,547200000.0,118100000.0,53000000.0,0.0,4.006,99.291,96.154,172500000.0,0.0,12.5,2.508,2.524,235500000.0,-69397200000.0,1136300000.0,1136300000.0,193600000.0,0.016,0.04,0.121,0.112,44600000.0,315000000.0,1.0,227973099.0,229400000.0,233700000.0,4.953,1246800000.0,105400000.0,65300000.0,0.0,5.435,680800000.0
2,VIAV,MRY,2019-12-31,2019-06-29,2019-06-29,2021-08-25,-134600000.0,1815100000.0,1827900000.0,916800000.0,898300000.0,0.618,3.182,-39600000.0,525000000.0,525000000.0,478900000.0,5400000.0,3.228,1.501,578800000.0,0.0,578800000.0,578800000.0,55300000.0,39700000.0,0.0,0.0,0.0,71200000.0,110900000.0,0.098,110900000.0,71200000.0,36900000.0,0.02,0.02,0.02,725800000.0,718450000.0,725800000.0,3102333883.0,44.0,27.974,99200000.0,0.435,1.0,651400000.0,0.576,592700000.0,34300000.0,992200000.0,997800000.0,102700000.0,1500000.0,1500000.0,0.0,1089300000.0,284000000.0,805300000.0,3039233883.0,-93900000.0,-47000000.0,-5800000.0,-279100000.0,0.0,-300400000.0,80600000.0,167200000.0,138800000.0,-12900000.0,5400000.0,5400000.0,5400000.0,2400000.0,0.0,0.005,584000000.0,67400000.0,63400000.0,0.0,4.187,562.821,664.5,179900000.0,0.0,13.29,2.689,2.682,237700000.0,-69384500000.0,1130300000.0,1130300000.0,187000000.0,0.003,0.008,0.071,0.063,38200000.0,343500000.0,1.0,228685770.0,228100000.0,231200000.0,4.955,1222400000.0,108400000.0,31500000.0,0.0,5.359,632800000.0
3,VIAV,MRY,2018-12-31,2018-06-30,2018-06-30,2021-08-25,-102900000.0,2026800000.0,1987575000.0,1155200000.0,871600000.0,0.441,3.236,-36700000.0,618700000.0,618700000.0,387300000.0,-48600000.0,2.088,1.758,833200000.0,275300000.0,557900000.0,833200000.0,60600000.0,35700000.0,0.0,0.0,0.0,11600000.0,47300000.0,0.054,47300000.0,11600000.0,-35700000.0,-0.21,-0.21,-0.21,734900000.0,753300000.0,734900000.0,2561669880.0,221.0,54.158,29300000.0,0.129,1.0,488400000.0,0.558,571400000.0,47300000.0,1116700000.0,1060850000.0,92300000.0,169300000.0,169300000.0,0.0,1291900000.0,553200000.0,738700000.0,2317469880.0,-398100000.0,-509900000.0,-35900000.0,-131300000.0,0.0,-180500000.0,-286500000.0,260100000.0,66000000.0,2900000.0,-48600000.0,-48600000.0,-48600000.0,0.0,0.0,-0.055,486500000.0,1900000.0,55500000.0,0.0,3.153,-47.685,-48.762,170500000.0,0.0,10.24,2.646,2.656,218600000.0,-69378600000.0,875700000.0,875700000.0,133300000.0,-0.024,-0.065,0.011,0.013,30500000.0,323900000.0,1.0,226315418.0,227100000.0,227100000.0,3.856,1455400000.0,114300000.0,12900000.0,0.0,6.409,602000000.0
4,VIAV,MRY,2017-12-31,2017-07-01,2017-07-01,2021-08-25,-92400000.0,2110500000.0,1933300000.0,1667000000.0,443500000.0,0.416,3.421,-32700000.0,1015600000.0,1015600000.0,326000000.0,160200000.0,7.286,1.684,931400000.0,0.0,931400000.0,931400000.0,60200000.0,29400000.0,0.0,0.0,0.0,224800000.0,254200000.0,0.316,254200000.0,224800000.0,181600000.0,0.7,0.68,0.7,786400000.0,755450000.0,786400000.0,2372170864.0,11.0,9.332,61600000.0,0.268,1.0,479000000.0,0.595,182700000.0,43200000.0,1614800000.0,1521275000.0,48000000.0,432200000.0,432200000.0,0.0,1324100000.0,228800000.0,1095300000.0,2390070864.0,521300000.0,0.0,-79600000.0,404900000.0,0.0,311000000.0,113500000.0,146200000.0,94300000.0,2500000.0,160200000.0,160200000.0,160200000.0,-1600000.0,0.0,0.199,472000000.0,7000000.0,32600000.0,0.0,3.039,14.919,15.043,136900000.0,0.0,10.53,2.969,3.007,120400000.0,-69305800000.0,805000000.0,805000000.0,136300000.0,0.083,0.212,0.148,0.279,33200000.0,300100000.0,1.0,226977290.0,229900000.0,234500000.0,3.502,1927800000.0,109500000.0,21400000.0,0.0,8.385,1438200000.0
5,VIAV,MRY,2016-12-31,2016-07-02,2016-07-02,2021-08-25,10000000.0,1678100000.0,1764050000.0,1211700000.0,466400000.0,0.514,2.946,-29500000.0,495100000.0,495100000.0,356600000.0,-99200000.0,5.352,1.434,583300000.0,0.0,583300000.0,583300000.0,78600000.0,38100000.0,0.0,0.0,0.0,-59000000.0,-20900000.0,-0.023,-20900000.0,-59000000.0,-94700000.0,-0.42,-0.42,-0.42,689300000.0,761125000.0,689300000.0,1669232267.0,-28.0,-79.868,34800000.0,0.149,1.0,549700000.0,0.607,212000000.0,35700000.0,1327900000.0,1379575000.0,51400000.0,484700000.0,484700000.0,0.0,988800000.0,226400000.0,762400000.0,1536932267.0,135000000.0,-900000.0,-40000000.0,-5900000.0,0.0,-159100000.0,244200000.0,260600000.0,64300000.0,-14400000.0,-99200000.0,-99200000.0,-99200000.0,48800000.0,0.0,-0.109,634000000.0,-84300000.0,47000000.0,0.0,2.23,-15.493,-15.738,133000000.0,0.0,6.61,1.696,1.707,148400000.0,-69380700000.0,906300000.0,906300000.0,166400000.0,-0.056,-0.13,-0.043,-0.065,44000000.0,351100000.0,1.0,232516228.0,234000000.0,234000000.0,3.873,1466100000.0,108800000.0,4500000.0,0.0,6.265,985300000.0
6,VIAV,MRY,2015-12-31,2015-06-27,2015-06-27,2021-08-25,-48000000.0,2217800000.0,2258175000.0,1380100000.0,837700000.0,0.387,4.733,-95300000.0,360700000.0,360700000.0,353800000.0,-88100000.0,3.675,1.014,561600000.0,0.0,561600000.0,561600000.0,80600000.0,80800000.0,0.0,0.0,0.0,-28700000.0,52100000.0,0.06,52100000.0,-28700000.0,-62000000.0,-0.38,-0.38,-0.38,1101400000.0,1131450000.0,1101400000.0,3041508292.0,-106.0,58.378,-13000000.0,-0.056,1.0,520100000.0,0.595,346100000.0,33300000.0,1697100000.0,1701775000.0,53800000.0,464900000.0,464900000.0,0.0,1116400000.0,375500000.0,740900000.0,2812108292.0,50700000.0,0.0,16000000.0,-23300000.0,0.0,-7300000.0,-5800000.0,83500000.0,82300000.0,-18500000.0,-88100000.0,-88100000.0,-88100000.0,-43300000.0,0.0,-0.101,595900000.0,-75800000.0,42000000.0,0.0,2.553,-31.92,-31.605,149200000.0,0.0,12.01,3.218,3.198,152300000.0,-68873500000.0,873900000.0,873900000.0,173300000.0,-0.039,-0.078,-0.017,-0.033,66900000.0,376300000.0,1.0,234147235.0,232700000.0,232700000.0,3.755,1871700000.0,117300000.0,26100000.0,0.0,8.043,1004600000.0
7,VIAV,MRY,2014-12-31,2014-06-28,2014-06-28,2021-08-25,11100000.0,2351900000.0,2346800000.0,1409500000.0,942400000.0,0.395,5.071,-90600000.0,329100000.0,329100000.0,399100000.0,-17800000.0,3.451,0.98,536300000.0,0.0,536300000.0,536300000.0,77500000.0,72500000.0,0.0,0.0,0.0,400000.0,72900000.0,0.079,72900000.0,400000.0,-29000000.0,-0.08,-0.08,-0.08,1187700000.0,1228050000.0,1187700000.0,3082954063.0,7707.0,42.29,86000000.0,0.367,1.0,527800000.0,0.569,444800000.0,29400000.0,1705900000.0,1718150000.0,153300000.0,552200000.0,552200000.0,0.0,1164200000.0,408400000.0,755800000.0,2898654063.0,16200000.0,-216000000.0,-132700000.0,622300000.0,0.0,489600000.0,-651800000.0,-342900000.0,176600000.0,1800000.0,-17800000.0,-17800000.0,-17800000.0,-56800000.0,0.0,-0.019,583400000.0,-55600000.0,137100000.0,0.0,2.441,-162.846,-154.375,288800000.0,0.0,12.35,3.127,3.12,296200000.0,-68780600000.0,926900000.0,926900000.0,161800000.0,-0.008,-0.014,0.0,0.0,64100000.0,384800000.0,1.0,234708831.0,234200000.0,234200000.0,3.958,1907100000.0,183300000.0,-11200000.0,21400000.0,8.143,1001100000.0
8,VIAV,MRY,2013-12-31,2013-06-29,2013-06-29,2021-08-25,8600000.0,1715200000.0,1778375000.0,1030300000.0,684900000.0,0.943,4.942,-53400000.0,310700000.0,310700000.0,982300000.0,57000000.0,2.963,0.477,0.0,0.0,0.0,0.0,71900000.0,68400000.0,0.0,0.0,0.0,-29000000.0,39400000.0,0.023,39400000.0,-29000000.0,-46900000.0,0.24,0.24,0.24,1161300000.0,1081000000.0,1161300000.0,3275331137.0,-113.0,83.13,134400000.0,0.572,1.0,694600000.0,0.414,264800000.0,17900000.0,792000000.0,858525000.0,145800000.0,205200000.0,205200000.0,0.0,553900000.0,347700000.0,206200000.0,3404131137.0,-120100000.0,-83200000.0,25700000.0,-309500000.0,0.0,-283800000.0,-25000000.0,110000000.0,187800000.0,900000.0,57000000.0,57000000.0,57000000.0,0.0,0.0,0.034,719500000.0,-24900000.0,97700000.0,0.0,2.931,59.722,59.958,247000000.0,0.0,14.39,2.03,2.017,273300000.0,-68607600000.0,1676900000.0,1676900000.0,258500000.0,0.032,0.053,-0.034,-0.017,56500000.0,429300000.0,1.0,236562275.0,235000000.0,239300000.0,7.136,1450400000.0,155500000.0,-103900000.0,18700000.0,6.172,682600000.0
9,VIAV,MRY,2012-12-31,2012-06-30,2012-06-30,2021-08-25,7500000.0,1869500000.0,1899775000.0,1310200000.0,559300000.0,0.875,4.517,-72200000.0,432200000.0,432200000.0,956900000.0,-55600000.0,2.003,0.8,292800000.0,292800000.0,0.0,292800000.0,81200000.0,70300000.0,0.0,0.0,0.0,-16300000.0,54000000.0,0.032,54000000.0,-16300000.0,-43600000.0,-0.24,-0.24,-0.24,1038800000.0,1059925000.0,1038800000.0,2400908692.0,-147.0,44.461,46900000.0,0.204,1.0,705500000.0,0.424,247500000.0,27300000.0,828500000.0,1027100000.0,174500000.0,320500000.0,320500000.0,0.0,830700000.0,654100000.0,176600000.0,2546708692.0,5700000.0,-10400000.0,17900000.0,-19800000.0,0.0,-1900000.0,-105700000.0,-26600000.0,119100000.0,-5800000.0,-55600000.0,-55600000.0,-55600000.0,29500000.0,0.0,-0.033,705100000.0,400000.0,117600000.0,0.0,2.452,-45.804,-45.833,252900000.0,0.0,11.0,1.532,1.522,305800000.0,-68664600000.0,1662400000.0,1662400000.0,244000000.0,-0.029,-0.052,-0.016,-0.01,49100000.0,427000000.0,1.0,231518972.0,230000000.0,230000000.0,7.228,1622000000.0,40100000.0,12000000.0,20700000.0,7.052,656100000.0
10,VIAV,MRY,2011-12-31,2011-07-02,2011-07-02,2021-08-25,32800000.0,1950700000.0,1862675000.0,1304100000.0,646600000.0,0.957,4.748,-116700000.0,431300000.0,431300000.0,996200000.0,71600000.0,3.115,0.831,285800000.0,0.0,285800000.0,285800000.0,83500000.0,64100000.0,0.0,0.0,0.0,71000000.0,135100000.0,0.076,135100000.0,71000000.0,45600000.0,0.32,0.31,0.32,1065400000.0,995525000.0,1065400000.0,3698236774.0,52.0,27.374,88600000.0,0.395,1.0,785700000.0,0.441,342800000.0,25400000.0,1043800000.0,934050000.0,171200000.0,300300000.0,297400000.0,2900000.0,885300000.0,418600000.0,466700000.0,3860936774.0,55200000.0,700000.0,38100000.0,-7000000.0,0.0,31100000.0,-188300000.0,-70000000.0,205300000.0,7100000.0,71600000.0,71600000.0,71600000.0,7100000.0,0.0,0.04,713200000.0,72500000.0,145400000.0,0.0,3.624,53.924,53.156,248900000.0,0.0,17.01,2.167,2.142,334000000.0,-68609000000.0,1781900000.0,1781900000.0,238000000.0,0.038,0.072,0.076,0.04,41400000.0,434500000.0,1.0,226980410.0,224400000.0,232600000.0,7.941,1607900000.0,0.0,-26000000.0,21500000.0,7.165,885500000.0
11,VIAV,MRY,2010-12-31,2010-07-03,2010-07-03,2021-08-25,15100000.0,1703600000.0,1660425000.0,1074600000.0,629000000.0,0.821,4.151,-41400000.0,372700000.0,372700000.0,816800000.0,-61800000.0,3.062,0.875,267100000.0,0.0,267100000.0,267100000.0,45300000.0,58300000.0,0.0,0.0,0.0,-35000000.0,23300000.0,0.017,23300000.0,-35000000.0,-59300000.0,-0.28,-0.28,-0.28,908700000.0,909150000.0,908700000.0,1929123272.0,-55.0,82.795,77800000.0,0.355,1.0,547100000.0,0.401,423400000.0,24300000.0,823700000.0,870550000.0,125700000.0,232500000.0,227400000.0,5100000.0,794900000.0,350900000.0,444000000.0,2133823272.0,53300000.0,-201800000.0,9600000.0,-8600000.0,0.0,1000000.0,-65400000.0,197900000.0,119200000.0,-1500000.0,-61800000.0,-61800000.0,-61800000.0,2100000.0,0.0,-0.045,601300000.0,-54200000.0,137400000.0,0.0,2.348,-34.528,-34.607,183000000.0,0.0,9.69,1.565,1.555,271800000.0,-68680600000.0,1363900000.0,1363900000.0,174900000.0,-0.037,-0.068,-0.04,-0.026,43100000.0,382900000.0,1.0,220208800.0,218900000.0,218900000.0,6.231,1280200000.0,0.0,2500000.0,19800000.0,5.848,723700000.0
12,VIAV,MRY,2009-12-31,2009-06-27,2009-06-27,2021-08-25,22600000.0,1668100000.0,1991975000.0,1107800000.0,560300000.0,0.644,4.334,-54700000.0,297200000.0,297200000.0,796700000.0,-909500000.0,3.575,0.785,250100000.0,200000.0,249900000.0,250100000.0,0.0,68500000.0,0.0,0.0,0.0,-886300000.0,-817800000.0,-0.637,-817800000.0,-886300000.0,-911800000.0,-4.22,-4.22,-4.22,934500000.0,1130725000.0,934500000.0,1291361522.0,-1.0,-1.579,52700000.0,0.244,1.0,486600000.0,0.379,330900000.0,25500000.0,980200000.0,1154825000.0,144800000.0,413400000.0,398300000.0,15100000.0,733600000.0,309900000.0,423700000.0,1230061522.0,21300000.0,-3800000.0,-81600000.0,-139300000.0,0.0,-220900000.0,140800000.0,198200000.0,107400000.0,-6000000.0,-909500000.0,-909500000.0,-909500000.0,3300000.0,0.0,-0.709,1404900000.0,-918300000.0,106600000.0,0.0,1.316,-1.352,-1.351,191100000.0,0.0,5.7,0.959,0.958,187300000.0,-68618800000.0,1283300000.0,1283300000.0,167100000.0,-0.457,-0.804,-0.767,-0.691,50600000.0,399000000.0,1.0,215800267.0,215600000.0,215600000.0,5.952,1337200000.0,20100000.0,-2300000.0,25900000.0,6.202,797900000.0
13,VIAV,MRY,2008-12-31,2008-06-28,2008-06-28,2021-08-25,77900000.0,2906100000.0,2990375000.0,1429100000.0,1477000000.0,0.506,8.121,-51700000.0,276700000.0,276700000.0,932400000.0,-40300000.0,3.209,0.599,508000000.0,83000000.0,425000000.0,508000000.0,0.0,144500000.0,0.0,0.0,0.0,-10500000.0,134000000.0,0.089,134000000.0,-10500000.0,-37900000.0,-0.18,-0.18,-0.18,1817400000.0,1828325000.0,1817400000.0,2808855928.0,-268.0,20.962,145500000.0,0.65,1.0,579600000.0,0.383,1212300000.0,27400000.0,1479700000.0,1621950000.0,188900000.0,633600000.0,608000000.0,25600000.0,1088700000.0,445400000.0,643300000.0,2659155928.0,-97300000.0,-59900000.0,-97400000.0,-255600000.0,0.0,-353000000.0,53400000.0,168500000.0,197200000.0,5100000.0,-40300000.0,-40300000.0,-40300000.0,-1200000.0,0.0,-0.027,713800000.0,-134200000.0,129600000.0,0.0,1.463,-65.984,-64.278,213200000.0,0.0,11.57,1.759,1.713,297700000.0,-67585700000.0,1512000000.0,1512000000.0,184300000.0,-0.013,-0.022,-0.006,-0.007,49300000.0,449100000.0,1.0,229831973.0,223800000.0,223800000.0,6.756,1693800000.0,11400000.0,2400000.0,7100000.0,7.568,983700000.0
14,VIAV,MRY,2007-12-31,2007-06-30,2007-06-30,2021-08-25,42500000.0,3025300000.0,3058450000.0,1660700000.0,1364600000.0,0.457,8.198,-75700000.0,372800000.0,372800000.0,924800000.0,-26300000.0,4.773,0.743,808000000.0,0.0,808000000.0,808000000.0,0.0,128400000.0,0.0,0.0,0.0,-17200000.0,111200000.0,0.08,111200000.0,-17200000.0,-24300000.0,-0.12,-0.12,-0.12,1735500000.0,1644925000.0,1735500000.0,3256128839.0,-189.0,29.282,-14400000.0,-0.068,1.0,472000000.0,0.338,1121500000.0,7100000.0,1991100000.0,2117175000.0,204300000.0,773000000.0,769900000.0,3100000.0,1289800000.0,347900000.0,941900000.0,2842528839.0,-2000000.0,-59000000.0,13000000.0,-85000000.0,0.0,-72000000.0,6400000.0,139900000.0,61300000.0,2300000.0,-26300000.0,-26300000.0,-26300000.0,0.0,0.0,-0.019,591200000.0,-119200000.0,111500000.0,0.0,1.638,-108.081,-111.917,210500000.0,0.0,13.43,2.035,2.035,264200000.0,-67450800000.0,1396800000.0,1396800000.0,168400000.0,-0.009,-0.016,-0.008,-0.012,29700000.0,368400000.0,1.0,211655163.0,211700000.0,211700000.0,6.598,1903800000.0,11800000.0,2000000.0,44900000.0,8.993,1312800000.0
15,VIAV,MRY,2006-12-31,2006-06-30,2006-06-30,2021-08-25,12600000.0,3065100000.0,2706100000.0,1805000000.0,1260100000.0,0.445,7.68,-67200000.0,381300000.0,381300000.0,863800000.0,-151200000.0,4.273,0.936,900000000.0,0.0,900000000.0,900000000.0,0.0,118200000.0,0.0,0.0,0.0,-147800000.0,-29600000.0,-0.025,-29600000.0,-147800000.0,-151600000.0,-0.73,-0.73,-0.73,1583600000.0,1594650000.0,1583600000.0,4391117482.0,-30.0,-148.349,-148400000.0,-0.72,1.0,340500000.0,0.283,1018700000.0,3800000.0,2142700000.0,1593825000.0,202200000.0,868100000.0,857300000.0,10800000.0,1481500000.0,422400000.0,1059100000.0,4262717482.0,-141800000.0,-448100000.0,28200000.0,415900000.0,0.0,444100000.0,-506700000.0,16400000.0,-81200000.0,2000000.0,-151200000.0,-151200000.0,-151200000.0,0.0,0.0,-0.126,588500000.0,-248000000.0,126600000.0,0.0,2.692,-28.193,-27.726,201200000.0,0.0,20.24,3.54,3.465,232300000.0,-67424500000.0,1204300000.0,1204300000.0,155500000.0,-0.056,-0.095,-0.093,-0.123,15000000.0,325300000.0,1.0,210608571.0,206200000.0,206200000.0,5.84,2046400000.0,26200000.0,-400000.0,81200000.0,9.924,1382600000.0
16,VIAV,MRY,2005-12-31,2005-06-30,2005-06-30,2021-08-25,9100000.0,2089900000.0,2211375000.0,1591700000.0,498200000.0,0.322,7.359,-35800000.0,511200000.0,511200000.0,600000000.0,-261300000.0,6.61,0.572,475400000.0,0.0,475400000.0,475400000.0,0.0,61300000.0,0.0,0.0,0.0,-251900000.0,-190600000.0,-0.268,-190600000.0,-251900000.0,-254600000.0,-1.45,-1.45,-1.45,1329700000.0,1447250000.0,1329700000.0,2366367109.0,-9.0,-12.415,-175700000.0,-0.972,1.0,112200000.0,0.158,285100000.0,2700000.0,1528200000.0,1729900000.0,97400000.0,822500000.0,793300000.0,29200000.0,760200000.0,240800000.0,519400000.0,2201167109.0,182000000.0,-43600000.0,14500000.0,-500000.0,0.0,14000000.0,307200000.0,382900000.0,-139900000.0,700000.0,-261300000.0,-261300000.0,-261300000.0,0.0,0.0,-0.367,362000000.0,-249800000.0,75100000.0,0.0,1.655,-8.424,-8.386,162100000.0,0.0,12.16,3.091,3.085,102300000.0,-67273300000.0,712200000.0,712200000.0,93700000.0,-0.118,-0.181,-0.146,-0.354,700000.0,157300000.0,1.0,181017032.0,180700000.0,180700000.0,3.941,1804800000.0,11700000.0,6700000.0,32200000.0,9.988,1350900000.0
17,VIAV,MRY,2004-12-31,2004-06-30,2004-06-30,2021-08-25,4600000.0,2392200000.0,2342125000.0,1851700000.0,540500000.0,0.272,8.748,-66400000.0,327500000.0,327500000.0,500000000.0,-115500000.0,5.931,0.523,464700000.0,0.0,464700000.0,464700000.0,0.0,55900000.0,0.0,0.0,0.0,-154500000.0,-98600000.0,-0.155,-98600000.0,-154500000.0,-131300000.0,-0.64,-0.64,-0.64,1571100000.0,1615475000.0,1571100000.0,5326305979.0,-34.0,-54.019,-192400000.0,-1.071,1.0,135900000.0,0.214,286200000.0,-23200000.0,1931000000.0,1668700000.0,125000000.0,1263600000.0,1221200000.0,42400000.0,821100000.0,312200000.0,508900000.0,5458205979.0,84900000.0,-1100000.0,18800000.0,462500000.0,0.0,481300000.0,-269000000.0,-200800000.0,-126000000.0,-1400000.0,-115500000.0,-115500000.0,-115500000.0,0.0,0.0,-0.182,316700000.0,-180800000.0,74100000.0,0.0,3.474,-47.257,-47.375,195600000.0,0.0,30.32,8.583,8.563,112700000.0,-67012000000.0,635900000.0,635900000.0,99500000.0,-0.049,-0.071,-0.093,-0.243,1800000.0,144700000.0,1.0,180019986.0,179588000.0,179588000.0,3.541,2106000000.0,17800000.0,-15800000.0,45500000.0,11.727,1539500000.0
18,VIAV,MRY,2003-12-31,2003-06-30,2003-06-30,2021-08-25,10600000.0,2137800000.0,2276375000.0,1514600000.0,623200000.0,0.297,9.417,-47200000.0,241900000.0,241900000.0,620500000.0,-933800000.0,3.582,0.279,0.0,0.0,0.0,0.0,0.0,79200000.0,0.0,0.0,0.0,-952800000.0,-873600000.0,-1.292,-873600000.0,-952800000.0,-920300000.0,-5.28,-5.28,-5.28,1671100000.0,1774325000.0,1671100000.0,4764927988.0,-5.0,-5.454,-256700000.0,-1.446,1.0,55400000.0,0.082,254400000.0,-32500000.0,1218700000.0,1351300000.0,84100000.0,1039700000.0,992200000.0,47500000.0,466700000.0,422800000.0,43900000.0,5005627988.0,-165700000.0,-6000000.0,21400000.0,-800000.0,0.0,20600000.0,23200000.0,74800000.0,-209500000.0,-4800000.0,-933800000.0,-933800000.0,-933800000.0,0.0,0.0,-1.382,956100000.0,-900700000.0,48600000.0,0.0,2.995,-5.36,-5.303,283400000.0,0.0,28.0,7.406,7.352,97500000.0,-66896500000.0,675900000.0,675900000.0,153700000.0,-0.41,-0.526,-0.705,-1.41,50900000.0,267300000.0,1.0,178772428.0,177463000.0,177463000.0,3.809,1883400000.0,75900000.0,13500000.0,75900000.0,10.613,1091800000.0
19,VIAV,MRY,2002-12-31,2002-06-30,2002-06-30,2021-08-25,-23800000.0,3004500000.0,6742325000.0,1857300000.0,1147200000.0,0.163,14.707,-122700000.0,412400000.0,412400000.0,1171100000.0,-8738300000.0,3.849,0.216,0.0,0.0,0.0,0.0,0.0,1645300000.0,0.0,0.0,0.0,-8501000000.0,-6855700000.0,-6.243,-6855700000.0,-8501000000.0,-8501000000.0,-52.0,-52.0,-52.0,2471400000.0,5772175000.0,2471400000.0,3310521265.0,0.0,-0.483,-37000000.0,-0.22,1.0,-72900000.0,-0.066,509700000.0,0.0,1599900000.0,2522775000.0,110000000.0,1133600000.0,1038000000.0,95600000.0,533100000.0,482500000.0,50600000.0,3635421265.0,-350400000.0,-176900000.0,65100000.0,-32800000.0,0.0,32300000.0,-472700000.0,-181700000.0,85700000.0,4300000.0,-8738300000.0,-8738300000.0,-8738300000.0,0.0,0.0,-7.957,8211100000.0,-8284000000.0,66200000.0,0.0,1.471,-0.416,-0.411,491500000.0,0.0,21.36,3.31,3.268,134400000.0,-65962700000.0,1098200000.0,1098200000.0,254800000.0,-1.296,-1.514,-3.37,-7.741,147900000.0,382900000.0,1.0,170197625.0,168037000.0,168037000.0,6.535,2494800000.0,172300000.0,237300000.0,75200000.0,14.847,1374800000.0
20,VIAV,MRY,2001-12-31,2001-06-30,2001-06-30,2021-08-25,-24400000.0,12245400000.0,21758375000.0,3036300000.0,9209100000.0,0.149,78.443,-735300000.0,762800000.0,762800000.0,2306700000.0,-56121900000.0,3.578,0.144,1200000.0,1200000.0,0.0,1200000.0,0.0,5542400000.0,0.0,0.0,0.0,-56493800000.0,-50951400000.0,-15.761,-50951400000.0,-56493800000.0,-56493800000.0,-411.2,-411.2,-411.2,10706500000.0,20054225000.0,10706500000.0,16339686262.0,0.0,-0.321,-682100000.0,-4.998,1.0,926100000.0,0.286,7045600000.0,0.0,3589700000.0,3964175000.0,287600000.0,1218400000.0,1049400000.0,169000000.0,1538900000.0,848500000.0,690400000.0,16452786262.0,443800000.0,175700000.0,417700000.0,-26600000.0,0.0,391100000.0,-3300000.0,570400000.0,53200000.0,2800000.0,-56121900000.0,-56121900000.0,-56121900000.0,0.0,0.0,-17.36,57273500000.0,-56347400000.0,190600000.0,0.0,1.537,-0.293,-0.243,1173000000.0,0.0,100.0,5.089,4.222,477600000.0,-57224400000.0,3232800000.0,3232800000.0,325900000.0,-2.579,-2.799,-14.251,-17.475,195300000.0,818100000.0,1.0,164527863.0,136488000.0,136488000.0,23.686,5199800000.0,1177700000.0,-371900000.0,766000000.0,38.097,2187800000.0
21,VIAV,MRY,2000-12-31,2000-06-30,2000-06-30,2021-08-25,-17200000.0,26389100000.0,11066100000.0,1972900000.0,24416200000.0,0.129,278.844,-275300000.0,319000000.0,319000000.0,751600000.0,-904700000.0,3.048,0.065,41000000.0,0.0,41000000.0,41000000.0,0.0,950700000.0,0.0,0.0,0.0,-829800000.0,120900000.0,0.085,120900000.0,-829800000.0,-829800000.0,-10.16,-10.16,-10.16,24778600000.0,10220675000.0,24778600000.0,71363703923.0,-86.0,590.271,5800000.0,0.065,1.0,678800000.0,0.475,22337800000.0,0.0,3126100000.0,1681775000.0,375400000.0,1556200000.0,795300000.0,760900000.0,1610500000.0,647200000.0,963300000.0,71501903923.0,243600000.0,99900000.0,827200000.0,-45100000.0,0.0,782100000.0,-814900000.0,-638600000.0,281100000.0,-4700000.0,-904700000.0,-904700000.0,-904700000.0,0.0,0.0,-0.632,1543900000.0,-865100000.0,195200000.0,0.0,2.886,-79.034,-94.394,670700000.0,0.0,959.04,49.987,59.579,381600000.0,-1102500000.0,1430400000.0,1430400000.0,113400000.0,-0.082,-0.089,-0.493,-0.58,48300000.0,172900000.0,1.0,74555706.0,88862000.0,88862000.0,16.097,4051300000.0,713200000.0,74900000.0,1010900000.0,45.591,1325700000.0
22,VIAV,MRY,1999-12-31,1999-06-30,1999-06-30,2021-08-25,-5700000.0,4096100000.0,1299799000.0,463600000.0,3632500000.0,0.218,90.994,-46600000.0,75400000.0,75400000.0,138700000.0,-171100000.0,3.116,0.132,0.0,0.0,0.0,0.0,0.0,30700000.0,0.0,0.0,0.0,-149600000.0,-118900000.0,-0.42,-118900000.0,-149600000.0,-149600000.0,-4.32,-4.32,-4.32,3619300000.0,1143227750.0,3619300000.0,6675180766.0,-45.0,-56.141,20400000.0,0.513,1.0,144100000.0,0.51,3444200000.0,0.0,427700000.0,254132750.0,87900000.0,158500000.0,158500000.0,0.0,476800000.0,148800000.0,328000000.0,6706499766.0,42100000.0,35000000.0,16000000.0,0.0,0.0,15400000.0,-40300000.0,-28400000.0,67000000.0,0.0,-171100000.0,-171100000.0,-171100000.0,0.0,0.0,-0.605,297300000.0,-153200000.0,38100000.0,0.0,1.853,-39.196,-38.426,181100000.0,0.0,166.0,23.715,23.347,120900000.0,-197800000.0,282800000.0,282800000.0,27000000.0,-0.132,-0.15,-0.589,-0.529,11900000.0,37400000.0,1.0,40400601.0,39775000.0,39775000.0,7.11,651900000.0,18100000.0,21500000.0,355400000.0,16.39,314800000.0
23,VIAV,MRY,1998-12-31,1998-06-30,1998-06-30,2021-08-25,-1330000.0,332871000.0,255225000.0,168595000.0,164276000.0,0.726,7.9,-24900000.0,33325000.0,33325000.0,96100000.0,-19600000.0,3.574,0.189,0.0,0.0,0.0,0.0,0.0,10100000.0,0.0,0.0,0.0,-8100000.0,2000000.0,0.011,2000000.0,-8100000.0,-8200000.0,-0.56,-0.56,-0.56,280038000.0,214907500.0,280038000.0,2146365077.0,-265.0,1073.183,26100000.0,0.736,1.0,89100000.0,0.481,102979000.0,100000.0,149400000.0,133779000.0,22137000.0,62031000.0,62031000.0,0.0,52833000.0,47167000.0,5666000.0,2191866077.0,3600000.0,-10800000.0,4900000.0,-6100000.0,0.0,-1700000.0,-45700000.0,-9900000.0,51000000.0,0.0,-19600000.0,-19600000.0,-19600000.0,0.0,0.0,-0.106,100600000.0,-11500000.0,15784000.0,0.0,7.827,-111.83,-112.107,57191000.0,0.0,62.78,11.835,12.017,41922000.0,-26118000.0,185200000.0,185200000.0,14800000.0,-0.077,-0.091,-0.061,-0.044,13100000.0,39900000.0,1.0,34913445.0,35450000.0,35450000.0,5.224,229892000.0,10516000.0,11400000.0,7697000.0,6.485,121428000.0
24,VIAV,MRY,1997-12-31,1997-06-30,1997-06-30,2021-08-25,0.0,177579000.0,,133715000.0,43864000.0,,4.446,-12239000.0,29186000.0,29186000.0,60001000.0,-17787000.0,5.28,0.186,6061000.0,6061000.0,0.0,6061000.0,0.0,4821000.0,0.0,0.0,0.0,-11934000.0,-7113000.0,-0.063,-7113000.0,-11934000.0,-12355000.0,-0.52,-0.52,-0.52,149777000.0,,149777000.0,,,,9696000.0,0.288,1.0,53213000.0,0.47,10969000.0,421000.0,118158000.0,,18668000.0,52009000.0,52009000.0,0.0,27802000.0,25327000.0,2475000.0,,-23126000.0,-45900000.0,4464000.0,-548000.0,0.0,3790000.0,-48851000.0,9299000.0,21935000.0,0.0,-17787000.0,-17787000.0,-17787000.0,0.0,0.0,-0.157,68998000.0,-15785000.0,4781000.0,0.0,,,-56.01,31251000.0,0.0,29.125,,8.667,20317000.0,-7104000.0,113214000.0,113214000.0,9861000.0,,,,-0.105,871000.0,23979000.0,1.0,,33691000.0,33691000.0,3.36,166610000.0,13473000.0,5432000.0,5049000.0,4.945,108388000.0
25,VIAV,MRY,1996-12-31,1996-06-30,1996-06-30,2021-08-25,,,,,,,,-17561000.0,,,36300000.0,2792000.0,,,,,,,,2081000.0,,0.0,0.0,6907000.0,8988000.0,0.13,8988000.0,6907000.0,6828000.0,0.11,0.1,0.11,,,,,,,-9801000.0,-0.395,1.0,32773000.0,0.474,,79000.0,,,,,,,,,,,49583000.0,-9387000.0,119516000.0,5764000.0,0.0,125280000.0,-83457000.0,-56600000.0,7760000.0,0.0,2792000.0,2792000.0,2792000.0,0.0,0.0,0.04,27344000.0,5429000.0,,0.0,,,161.364,,0.0,17.75,,6.381,,,69073000.0,69073000.0,5828000.0,,,,0.1,3094000.0,15699000.0,1.0,,24832000.0,27154000.0,2.782,,,4036000.0,,,
0,VIAV,MRQ,2021-06-30,2021-07-03,2021-07-03,2021-08-25,-97200000.0,1961400000.0,,1112100000.0,849300000.0,,3.392,-23900000.0,702100000.0,702100000.0,128000000.0,-1900000.0,1.577,1.531,669800000.0,414200000.0,255600000.0,669800000.0,69700000.0,9000000.0,0.0,0.0,0.0,35200000.0,44200000.0,0.142,44200000.0,35200000.0,26100000.0,-0.01,-0.01,-0.01,774800000.0,,774800000.0,3935921111.0,27.0,21.709,38700000.0,0.169,1.0,182900000.0,0.588,484500000.0,9100000.0,739600000.0,,94900000.0,1600000.0,1600000.0,0.0,1186600000.0,705000000.0,481600000.0,3994321111.0,26400000.0,0.0,-11100000.0,-200000.0,0.0,-15600000.0,-23900000.0,0.0,62600000.0,3300000.0,-1900000.0,-1900000.0,-1900000.0,0.0,0.0,-0.006,150200000.0,32700000.0,63200000.0,0.0,5.155,86.645,87.35,196000000.0,0.0,17.47,3.332,3.333,256500000.0,-69393700000.0,310900000.0,310900000.0,52100000.0,,,,,14900000.0,90500000.0,1.0,228638873.0,228400000.0,242200000.0,1.361,1476900000.0,109300000.0,28000000.0,0.0,6.466,407100000.0
1,VIAV,MRQ,2021-03-31,2021-04-03,2021-04-03,2021-08-25,-106500000.0,1926800000.0,,1080000000.0,846800000.0,,3.55,-6700000.0,676500000.0,676500000.0,121400000.0,11800000.0,3.955,1.373,618100000.0,0.0,618100000.0,618100000.0,65900000.0,9200000.0,0.0,0.0,0.0,35000000.0,44200000.0,0.146,44200000.0,35000000.0,26000000.0,0.05,0.05,0.05,811800000.0,,811800000.0,3629454232.0,24.0,19.032,41400000.0,0.181,1.0,182000000.0,0.6,501000000.0,9000000.0,1094300000.0,,90600000.0,1600000.0,1600000.0,0.0,1115000000.0,273100000.0,841900000.0,3664254232.0,29300000.0,-100000.0,-4200000.0,-400000.0,0.0,-7600000.0,-6800000.0,0.0,48100000.0,-4400000.0,11800000.0,11800000.0,11800000.0,0.0,0.0,0.039,146100000.0,35900000.0,54800000.0,0.0,4.514,49.053,48.545,180000000.0,0.0,16.02,3.174,3.173,262700000.0,-69380900000.0,303400000.0,303400000.0,52100000.0,,,,,11000000.0,86100000.0,1.0,228729977.0,228700000.0,240200000.0,1.327,1425800000.0,113100000.0,14200000.0,0.0,6.234,806900000.0
2,VIAV,MRQ,2020-12-31,2021-01-02,2021-01-02,2021-08-25,-102400000.0,1915200000.0,,1046400000.0,868800000.0,,3.501,-9900000.0,647200000.0,647200000.0,119800000.0,21900000.0,3.97,1.391,612400000.0,0.0,612400000.0,612400000.0,61900000.0,8800000.0,0.0,0.0,0.0,43400000.0,52200000.0,0.174,52200000.0,43400000.0,34400000.0,0.1,0.09,0.1,801000000.0,,801000000.0,3441781256.0,26.0,20.104,58800000.0,0.257,1.0,180100000.0,0.601,516200000.0,9000000.0,1100600000.0,,88200000.0,1600000.0,1600000.0,0.0,1114200000.0,263600000.0,850600000.0,3429181256.0,53500000.0,-600000.0,-17100000.0,-200000.0,0.0,-19800000.0,-10500000.0,0.0,68700000.0,15100000.0,21900000.0,21900000.0,21900000.0,0.0,0.0,0.073,137800000.0,42300000.0,53500000.0,0.0,4.281,113.926,106.964,181700000.0,0.0,14.975,3.097,3.094,251300000.0,-69384800000.0,299900000.0,299900000.0,50000000.0,,,,,9900000.0,79500000.0,1.0,228993740.0,228800000.0,231100000.0,1.311,1399000000.0,117000000.0,12500000.0,0.0,6.115,782800000.0
3,VIAV,MRQ,2020-09-30,2020-10-03,2020-10-03,2021-08-25,-137500000.0,1824400000.0,,961600000.0,862800000.0,,3.295,-7500000.0,594000000.0,594000000.0,115300000.0,14300000.0,4.227,1.42,606600000.0,0.0,606600000.0,606600000.0,60100000.0,8800000.0,0.0,0.0,0.0,31900000.0,40700000.0,0.143,40700000.0,31900000.0,22900000.0,0.06,0.06,0.06,753800000.0,,753800000.0,2757638532.0,20.0,15.74,56400000.0,0.247,1.0,169400000.0,0.595,522300000.0,9000000.0,1087200000.0,,87300000.0,1500000.0,1500000.0,0.0,1070600000.0,227500000.0,843100000.0,2696438532.0,51800000.0,0.0,-3200000.0,-3300000.0,0.0,-15800000.0,-7500000.0,0.0,63900000.0,11200000.0,14300000.0,14300000.0,14300000.0,0.0,0.0,0.05,138100000.0,31300000.0,45200000.0,0.0,3.577,74.487,73.812,175400000.0,0.0,11.81,2.405,2.41,220100000.0,-69389600000.0,284700000.0,284700000.0,48800000.0,,,,,12500000.0,81400000.0,1.0,228318250.0,228800000.0,231800000.0,1.244,1302100000.0,110200000.0,8600000.0,0.0,5.691,734100000.0
4,VIAV,MRQ,2020-06-30,2020-06-27,2020-06-27,2021-08-25,-165900000.0,1776300000.0,,913600000.0,862700000.0,,3.117,-7700000.0,542500000.0,542500000.0,112000000.0,26700000.0,3.924,1.497,603700000.0,2800000.0,600900000.0,603700000.0,54600000.0,10000000.0,0.0,0.0,0.0,43600000.0,53600000.0,0.201,53600000.0,43600000.0,35000000.0,0.12,0.11,0.12,711400000.0,,711400000.0,2908963738.0,23.0,17.346,19500000.0,0.085,1.0,154600000.0,0.58,529500000.0,8600000.0,1075200000.0,,83300000.0,1500000.0,1500000.0,0.0,1064900000.0,232800000.0,832100000.0,2849663738.0,6500000.0,-2000000.0,-600000.0,-2200000.0,0.0,-12900000.0,-9700000.0,0.0,27200000.0,1900000.0,26700000.0,26700000.0,26700000.0,0.0,0.0,0.1,111300000.0,43300000.0,53000000.0,0.0,4.006,99.291,96.154,172500000.0,0.0,12.5,2.508,2.524,235500000.0,-69397200000.0,266600000.0,266600000.0,45000000.0,,,,,11300000.0,51900000.0,1.0,227973099.0,228200000.0,225900000.0,1.168,1246800000.0,105400000.0,8300000.0,0.0,5.464,680800000.0
5,VIAV,MRQ,2020-03-31,2020-03-28,2020-03-28,2021-08-25,-165600000.0,1778200000.0,,914000000.0,864200000.0,,2.943,-9400000.0,536000000.0,536000000.0,109400000.0,-32800000.0,3.823,1.627,595300000.0,0.0,595300000.0,595300000.0,55200000.0,10300000.0,0.0,0.0,0.0,14400000.0,24700000.0,0.096,24700000.0,14400000.0,6000000.0,-0.14,-0.14,-0.14,676900000.0,,676900000.0,2581095669.0,23.0,16.76,29700000.0,0.129,1.0,146800000.0,0.573,533900000.0,8400000.0,1064500000.0,,87000000.0,1300000.0,1300000.0,0.0,1101300000.0,239100000.0,862200000.0,2546595669.0,-19300000.0,0.0,-29900000.0,-300000.0,0.0,-33500000.0,-9400000.0,0.0,39100000.0,-15500000.0,-32800000.0,-32800000.0,-32800000.0,0.0,0.0,-0.128,137700000.0,9100000.0,45200000.0,0.0,3.762,175.627,184.333,171100000.0,0.0,11.06,2.196,2.194,235400000.0,-69423200000.0,256200000.0,256200000.0,46800000.0,,,,,11700000.0,83600000.0,1.0,230252773.0,230000000.0,230000000.0,1.114,1244300000.0,104500000.0,38800000.0,0.0,5.41,674900000.0
6,VIAV,MRQ,2019-12-31,2019-12-28,2019-12-28,2021-08-25,-132500000.0,1859700000.0,,954800000.0,904900000.0,,3.323,-4300000.0,555300000.0,555300000.0,124200000.0,28000000.0,3.646,1.433,589800000.0,0.0,589800000.0,589800000.0,53200000.0,9900000.0,0.0,0.0,0.0,46300000.0,56200000.0,0.179,56200000.0,46300000.0,37900000.0,0.12,0.12,0.12,764300000.0,,764300000.0,3529932194.0,33.0,23.835,33700000.0,0.147,1.0,189500000.0,0.604,563800000.0,8400000.0,1068500000.0,,91900000.0,1600000.0,1600000.0,0.0,1095400000.0,261900000.0,833500000.0,3474432194.0,26600000.0,-500000.0,-9200000.0,-800000.0,0.0,-17500000.0,-4800000.0,0.0,38000000.0,10900000.0,28000000.0,28000000.0,28000000.0,0.0,0.0,0.089,144500000.0,45000000.0,48900000.0,0.0,4.546,81.751,84.0,173500000.0,0.0,15.12,2.974,2.976,251500000.0,-69357400000.0,313700000.0,313700000.0,50300000.0,,,,,11300000.0,86300000.0,1.0,229790489.0,230000000.0,238300000.0,1.364,1295900000.0,106800000.0,9900000.0,0.0,5.634,692900000.0
7,VIAV,MRQ,2019-09-30,2019-09-28,2019-09-28,2021-08-25,-161300000.0,1807700000.0,,914200000.0,893500000.0,,3.087,-5900000.0,528800000.0,528800000.0,125400000.0,6800000.0,3.236,1.553,584300000.0,0.0,584300000.0,584300000.0,51200000.0,9800000.0,0.0,0.0,0.0,23400000.0,33200000.0,0.111,33200000.0,23400000.0,15100000.0,0.03,0.03,0.03,708100000.0,,708100000.0,3277216802.0,35.0,24.512,25400000.0,0.111,1.0,174400000.0,0.582,568500000.0,8300000.0,1012200000.0,,99400000.0,1500000.0,1500000.0,0.0,1099600000.0,282500000.0,817100000.0,3223416802.0,3200000.0,0.0,800000.0,-1000000.0,0.0,-7800000.0,-5900000.0,0.0,31300000.0,-14400000.0,6800000.0,6800000.0,6800000.0,0.0,0.0,0.023,153700000.0,20700000.0,60900000.0,0.0,4.552,117.215,117.375,170500000.0,0.0,14.085,2.775,2.782,232700000.0,-69376200000.0,299800000.0,299800000.0,51500000.0,,,,,10300000.0,93200000.0,1.0,228854583.0,229400000.0,236400000.0,1.307,1239200000.0,104400000.0,8300000.0,0.0,5.402,631700000.0
8,VIAV,MRQ,2019-06-30,2019-06-29,2019-06-29,2021-08-25,-134600000.0,1815100000.0,,916800000.0,898300000.0,,3.174,-9100000.0,525000000.0,525000000.0,120200000.0,12500000.0,3.228,1.501,578800000.0,0.0,578800000.0,578800000.0,55300000.0,10000000.0,0.0,0.0,0.0,29900000.0,39900000.0,0.138,39900000.0,29900000.0,21800000.0,0.05,0.05,0.05,725800000.0,,725800000.0,3102333883.0,44.0,27.974,19400000.0,0.085,1.0,169500000.0,0.585,592700000.0,8100000.0,992200000.0,,102700000.0,1500000.0,1500000.0,0.0,1089300000.0,284000000.0,805300000.0,3039233883.0,14600000.0,-17300000.0,-2200000.0,-1000000.0,0.0,-6800000.0,-1400000.0,25000000.0,28500000.0,-5700000.0,12500000.0,12500000.0,12500000.0,0.0,0.0,0.043,141700000.0,27800000.0,63400000.0,0.0,4.187,562.821,664.5,179900000.0,0.0,13.29,2.689,2.682,237700000.0,-69384500000.0,289700000.0,289700000.0,49800000.0,,,,,9700000.0,83800000.0,1.0,228685770.0,228700000.0,241100000.0,1.267,1222400000.0,108400000.0,9300000.0,0.0,5.345,632800000.0
9,VIAV,MRQ,2019-03-31,2019-03-30,2019-03-30,2021-08-25,-115200000.0,1809500000.0,,909600000.0,899900000.0,,3.19,-9300000.0,510400000.0,510400000.0,111700000.0,-4800000.0,3.195,1.485,573500000.0,0.0,573500000.0,573500000.0,61300000.0,10000000.0,0.0,0.0,0.0,8800000.0,18800000.0,0.071,18800000.0,8800000.0,800000.0,-0.02,-0.02,-0.02,728300000.0,,728300000.0,2918295655.0,90.0,40.364,31900000.0,0.14,1.0,153500000.0,0.579,590400000.0,8000000.0,997500000.0,,95100000.0,27100000.0,27100000.0,0.0,1081200000.0,284700000.0,796500000.0,2822595655.0,37700000.0,-1600000.0,2800000.0,-300000.0,0.0,400000.0,-7900000.0,3000000.0,41200000.0,4000000.0,-4800000.0,-4800000.0,-4800000.0,0.0,0.0,-0.018,145600000.0,7900000.0,57500000.0,0.0,3.876,-77.757,-82.533,181600000.0,0.0,12.38,2.563,2.566,223100000.0,-69394700000.0,265200000.0,265200000.0,48700000.0,,,,,10800000.0,86800000.0,1.0,227996418.0,228300000.0,228300000.0,1.162,1219100000.0,110100000.0,5600000.0,0.0,5.34,624900000.0
10,VIAV,MRQ,2018-12-31,2018-12-29,2018-12-29,2021-08-25,-127400000.0,1798200000.0,,889900000.0,908300000.0,,3.11,-10700000.0,472700000.0,472700000.0,128900000.0,13000000.0,2.988,1.532,568400000.0,0.0,568400000.0,568400000.0,59200000.0,9800000.0,0.0,0.0,0.0,32000000.0,41800000.0,0.136,41800000.0,32000000.0,23900000.0,0.06,0.06,0.06,710100000.0,,710100000.0,2377554913.0,87.0,35.969,30800000.0,0.135,1.0,178000000.0,0.58,594000000.0,8100000.0,1002100000.0,,87200000.0,30000000.0,30000000.0,0.0,1088100000.0,297800000.0,790300000.0,2279654913.0,-135200000.0,-28100000.0,-8500000.0,-142800000.0,0.0,-155600000.0,-17100000.0,21700000.0,41500000.0,-4000000.0,13000000.0,13000000.0,13000000.0,2400000.0,0.0,0.042,145100000.0,32900000.0,55400000.0,0.0,3.21,-54.02,-55.444,180600000.0,0.0,9.98,2.161,2.16,248300000.0,-69389500000.0,306900000.0,306900000.0,45900000.0,,,,,9600000.0,88500000.0,1.0,228422336.0,228300000.0,230400000.0,1.344,1204200000.0,113200000.0,10900000.0,0.0,5.275,592100000.0
11,VIAV,MRQ,2018-09-30,2018-09-29,2018-09-29,2021-08-25,-115100000.0,1888800000.0,,1026200000.0,862600000.0,,3.123,-10500000.0,607900000.0,607900000.0,118100000.0,-15300000.0,2.389,1.662,705800000.0,142700000.0,563100000.0,705800000.0,61500000.0,9900000.0,0.0,0.0,0.0,500000.0,10400000.0,0.039,10400000.0,500000.0,-9600000.0,-0.07,-0.07,-0.07,709600000.0,,709600000.0,2785398442.0,536.0,65.693,17100000.0,0.075,1.0,150400000.0,0.56,557700000.0,10100000.0,999400000.0,,89500000.0,51700000.0,51700000.0,0.0,1179200000.0,429600000.0,749600000.0,2570898442.0,-11000000.0,0.0,2100000.0,-135000000.0,0.0,-138400000.0,107000000.0,117500000.0,27600000.0,-7200000.0,-15300000.0,-15300000.0,-15300000.0,0.0,0.0,-0.057,151600000.0,-1200000.0,60300000.0,0.0,3.623,-45.664,-47.25,170800000.0,0.0,11.34,2.697,2.703,224100000.0,-69394100000.0,268500000.0,268500000.0,42600000.0,,,,,8100000.0,84400000.0,1.0,226710621.0,227200000.0,227200000.0,1.182,1331100000.0,113400000.0,5700000.0,0.0,5.859,596600000.0
12,VIAV,MRQ,2018-06-30,2018-06-30,2018-06-30,2021-08-25,-102900000.0,2026800000.0,,1155200000.0,871600000.0,,3.245,-10600000.0,618700000.0,618700000.0,127700000.0,-29200000.0,2.088,1.758,833200000.0,275300000.0,557900000.0,833200000.0,60600000.0,10200000.0,0.0,0.0,0.0,-8900000.0,1300000.0,0.005,1300000.0,-8900000.0,-20600000.0,-0.12,-0.12,-0.12,734900000.0,,734900000.0,2561669880.0,221.0,54.158,6900000.0,0.03,1.0,133000000.0,0.51,571400000.0,11700000.0,1116700000.0,,92300000.0,169300000.0,169300000.0,0.0,1291900000.0,553200000.0,738700000.0,2317469880.0,76900000.0,0.0,0.0,67800000.0,0.0,65800000.0,16300000.0,26900000.0,17500000.0,-22700000.0,-29200000.0,-29200000.0,-29200000.0,0.0,0.0,-0.112,145100000.0,-12100000.0,55500000.0,0.0,3.153,-47.685,-48.762,170500000.0,0.0,10.24,2.646,2.656,218600000.0,-69378600000.0,260700000.0,260700000.0,42200000.0,,,,,7700000.0,88900000.0,1.0,226315418.0,226500000.0,226500000.0,1.151,1455400000.0,114300000.0,8600000.0,0.0,6.426,602000000.0
13,VIAV,MRQ,2018-03-31,2018-03-31,2018-03-31,2021-08-25,-57600000.0,2007200000.0,,1089500000.0,917700000.0,,3.352,-13500000.0,541800000.0,541800000.0,95400000.0,-10700000.0,1.577,1.646,786000000.0,420400000.0,365600000.0,786000000.0,68100000.0,8800000.0,0.0,0.0,0.0,3800000.0,12600000.0,0.058,12600000.0,3800000.0,-7600000.0,-0.05,-0.05,-0.05,758600000.0,,758600000.0,2234484099.0,48.0,28.036,100000.0,0.0,1.0,123300000.0,0.564,609500000.0,11400000.0,951200000.0,,104200000.0,196200000.0,196200000.0,0.0,1248600000.0,690700000.0,557900000.0,2195984099.0,-219000000.0,-453700000.0,-7400000.0,-23200000.0,0.0,-33000000.0,-213300000.0,253900000.0,13600000.0,13700000.0,-10700000.0,-10700000.0,-10700000.0,0.0,0.0,-0.049,122900000.0,400000.0,55800000.0,0.0,2.895,-177.095,-243.0,174500000.0,0.0,9.72,2.722,2.727,188200000.0,-69364500000.0,218700000.0,218700000.0,32100000.0,,,,,7600000.0,86000000.0,1.0,225924290.0,226300000.0,226300000.0,0.966,1397700000.0,119100000.0,3100000.0,0.0,6.176,398800000.0
14,VIAV,MRQ,2017-12-31,2017-12-30,2017-12-30,2021-08-25,-74600000.0,1958400000.0,,1479700000.0,478700000.0,,3.313,-5100000.0,760500000.0,760500000.0,86000000.0,-1100000.0,2.176,1.599,799000000.0,436800000.0,362200000.0,799000000.0,67600000.0,8300000.0,0.0,0.0,0.0,9800000.0,18100000.0,0.088,18100000.0,9800000.0,-1900000.0,0.0,0.0,0.0,753400000.0,,753400000.0,1989563674.0,24.0,17.331,18800000.0,0.083,1.0,119400000.0,0.581,214000000.0,11700000.0,1102900000.0,,77300000.0,452300000.0,452300000.0,0.0,1205000000.0,680000000.0,525000000.0,1987663674.0,-40100000.0,-900000.0,-21800000.0,-13200000.0,0.0,-38700000.0,-28100000.0,-22100000.0,23900000.0,2800000.0,-1100000.0,-1100000.0,-1100000.0,0.0,0.0,-0.005,112500000.0,6900000.0,38700000.0,,2.638,81.797,72.833,135500000.0,0.0,8.74,2.535,2.535,139900000.0,-69346000000.0,205400000.0,205400000.0,29900000.0,,,,,7700000.0,76700000.0,1.0,227421473.0,227400000.0,227400000.0,0.903,1744400000.0,115000000.0,-800000.0,0.0,7.671,799700000.0
15,VIAV,MRQ,2017-09-30,2017-09-30,2017-09-30,2021-08-25,-81800000.0,1957900000.0,,1469100000.0,488800000.0,,3.359,-7500000.0,800200000.0,800200000.0,78200000.0,-7600000.0,2.203,1.555,802100000.0,443300000.0,358800000.0,802100000.0,54300000.0,8400000.0,0.0,0.0,0.0,6900000.0,15300000.0,0.08,15300000.0,6900000.0,-5600000.0,-0.03,-0.03,-0.03,766300000.0,,766300000.0,2068395585.0,15.0,12.261,3500000.0,0.015,1.0,112700000.0,0.59,220200000.0,12500000.0,1072600000.0,,68900000.0,430900000.0,430900000.0,0.0,1191600000.0,667000000.0,524600000.0,2152595585.0,-215900000.0,-55300000.0,-6700000.0,-162700000.0,0.0,-174600000.0,-61400000.0,1400000.0,11000000.0,9100000.0,-7600000.0,-7600000.0,-7600000.0,0.0,0.0,-0.04,106000000.0,6700000.0,40500000.0,0.0,2.809,28.855,28.667,140200000.0,0.0,9.46,2.742,2.748,121200000.0,-69320500000.0,190900000.0,190900000.0,29100000.0,,,,,7500000.0,72300000.0,1.0,227547102.0,228100000.0,228100000.0,0.837,1737700000.0,113700000.0,2000000.0,0.0,7.618,802100000.0
16,VIAV,MRQ,2017-06-30,2017-07-01,2017-07-01,2021-08-25,-92400000.0,2110500000.0,,1667000000.0,443500000.0,,3.461,-6700000.0,1015600000.0,1015600000.0,79500000.0,7000000.0,7.286,1.684,931400000.0,0.0,931400000.0,931400000.0,60200000.0,7200000.0,0.0,0.0,0.0,26500000.0,33700000.0,0.176,33700000.0,26500000.0,12600000.0,0.04,0.03,0.04,786400000.0,,786400000.0,2372170864.0,11.0,9.332,30000000.0,0.132,1.0,112200000.0,0.585,182700000.0,13900000.0,1614800000.0,,48000000.0,432200000.0,432200000.0,0.0,1324100000.0,228800000.0,1095300000.0,2390070864.0,40000000.0,0.0,1800000.0,-45500000.0,0.0,-46600000.0,38600000.0,45500000.0,36700000.0,11300000.0,7000000.0,7000000.0,7000000.0,-1600000.0,0.0,0.037,106800000.0,5400000.0,32600000.0,0.0,3.039,14.919,15.043,136900000.0,0.0,10.53,2.969,3.007,120400000.0,-69305800000.0,191700000.0,191700000.0,30200000.0,,,,,7300000.0,71600000.0,1.0,226977290.0,227200000.0,230300000.0,0.844,1927800000.0,109500000.0,5600000.0,0.0,8.485,1438200000.0
17,VIAV,MRQ,2017-03-31,2017-04-01,2017-04-01,2021-08-25,-94100000.0,2140700000.0,,1697500000.0,443200000.0,,3.362,-8700000.0,976000000.0,976000000.0,79000000.0,26000000.0,6.872,1.776,958100000.0,0.0,958100000.0,958100000.0,67300000.0,6700000.0,0.0,0.0,0.0,41000000.0,47700000.0,0.243,47700000.0,41000000.0,30300000.0,0.11,0.11,0.11,771200000.0,,771200000.0,2550367999.0,20.0,15.89,12200000.0,0.053,1.0,117000000.0,0.597,188300000.0,10700000.0,1687500000.0,,46800000.0,478600000.0,478600000.0,0.0,1369500000.0,247000000.0,1122500000.0,2468967999.0,458500000.0,0.0,-45700000.0,450800000.0,0.0,401500000.0,28800000.0,38200000.0,20900000.0,7300000.0,26000000.0,26000000.0,26000000.0,0.0,0.0,0.133,132200000.0,-15200000.0,34700000.0,0.0,3.201,28.945,28.973,134600000.0,0.0,10.72,2.948,2.937,142600000.0,-69319100000.0,196000000.0,196000000.0,34100000.0,,,,,8100000.0,76200000.0,1.0,230314179.0,229400000.0,234600000.0,0.854,1952400000.0,108000000.0,4300000.0,0.0,8.511,1450500000.0
18,VIAV,MRQ,2016-12-31,2016-12-31,2016-12-31,2021-08-25,-71300000.0,1718800000.0,,1274900000.0,443900000.0,,3.078,-7100000.0,516900000.0,516900000.0,81800000.0,49200000.0,5.204,1.423,598300000.0,0.0,598300000.0,598300000.0,64400000.0,7600000.0,0.0,0.0,0.0,64400000.0,72000000.0,0.349,72000000.0,64400000.0,55000000.0,0.21,0.21,0.21,709400000.0,,709400000.0,1987827760.0,14.0,11.444,14700000.0,0.064,1.0,124700000.0,0.604,194100000.0,9400000.0,1361100000.0,,47200000.0,498000000.0,498000000.0,0.0,1009400000.0,245000000.0,764400000.0,1882427760.0,31400000.0,0.0,-13500000.0,-200000.0,0.0,-16900000.0,44500000.0,51600000.0,21800000.0,-18000000.0,49200000.0,49200000.0,49200000.0,0.0,0.0,0.238,118000000.0,6700000.0,36000000.0,0.0,2.654,20.219,19.951,133800000.0,0.0,8.18,2.184,2.188,164400000.0,-69293200000.0,206500000.0,206500000.0,35900000.0,,,,,9100000.0,76900000.0,1.0,230125643.0,230500000.0,234200000.0,0.896,1524700000.0,103800000.0,5800000.0,0.0,6.615,1029900000.0
19,VIAV,MRQ,2016-09-30,2016-10-01,2016-10-01,2021-08-25,16800000.0,1763200000.0,,1298700000.0,464500000.0,,3.248,-10200000.0,485400000.0,485400000.0,85700000.0,78000000.0,5.344,1.336,590800000.0,0.0,590800000.0,590800000.0,69900000.0,7900000.0,0.0,0.0,0.0,92900000.0,100800000.0,0.478,100800000.0,92900000.0,83700000.0,0.34,0.33,0.34,754800000.0,,754800000.0,1809882937.0,20.0,14.561,4700000.0,0.02,1.0,125100000.0,0.593,203900000.0,9200000.0,1421700000.0,,47200000.0,558800000.0,558800000.0,0.0,1008400000.0,243000000.0,765400000.0,1716682937.0,-8600000.0,0.0,-22200000.0,-200000.0,0.0,-27000000.0,1600000.0,10900000.0,14900000.0,1900000.0,78000000.0,78000000.0,78000000.0,0.0,0.0,0.37,115000000.0,10100000.0,37100000.0,0.0,2.274,35.839,33.591,137000000.0,0.0,7.39,1.935,1.935,165800000.0,-69328200000.0,210800000.0,210800000.0,36100000.0,,,,,8700000.0,75400000.0,1.0,232298097.0,232400000.0,236800000.0,0.907,1559300000.0,111100000.0,5700000.0,0.0,6.71,1055700000.0
20,VIAV,MRQ,2016-06-30,2016-07-02,2016-07-02,2021-08-25,10000000.0,1678100000.0,,1211700000.0,466400000.0,,2.961,-7900000.0,495100000.0,495100000.0,88000000.0,-67900000.0,5.352,1.434,583300000.0,0.0,583300000.0,583300000.0,78600000.0,8300000.0,0.0,0.0,0.0,-68300000.0,-60000000.0,-0.268,-60000000.0,-68300000.0,-77300000.0,-0.29,-0.29,-0.29,689300000.0,,689300000.0,1669232267.0,-28.0,-79.868,21400000.0,0.092,1.0,136100000.0,0.607,212000000.0,9000000.0,1327900000.0,,51400000.0,484700000.0,484700000.0,0.0,988800000.0,226400000.0,762400000.0,1536932267.0,45800000.0,0.0,-3000000.0,-200000.0,0.0,-15200000.0,39300000.0,47300000.0,29300000.0,-7600000.0,-67900000.0,-67900000.0,-67900000.0,3400000.0,0.0,-0.303,233900000.0,-97800000.0,47000000.0,0.0,2.23,-15.493,-15.738,133000000.0,0.0,6.61,1.696,1.707,148400000.0,-69380700000.0,224100000.0,224100000.0,40400000.0,,,,,8400000.0,89800000.0,1.0,232516228.0,232800000.0,223800000.0,0.963,1466100000.0,108800000.0,-9400000.0,0.0,6.298,985300000.0
21,VIAV,MRQ,2016-03-31,2016-04-02,2016-04-02,2021-08-25,89100000.0,1824800000.0,,1244100000.0,580700000.0,,3.597,-5600000.0,449200000.0,449200000.0,89100000.0,33800000.0,5.26,1.187,581500000.0,0.0,581500000.0,581500000.0,87900000.0,8100000.0,0.0,0.0,0.0,52800000.0,60900000.0,0.276,60900000.0,52800000.0,43700000.0,0.15,0.14,0.15,834400000.0,,834400000.0,1842539831.0,-121.0,52.494,30700000.0,0.132,1.0,131300000.0,0.596,314700000.0,9100000.0,1405900000.0,,52500000.0,555800000.0,555800000.0,0.0,990400000.0,236500000.0,753900000.0,1608239831.0,108100000.0,0.0,2200000.0,-4400000.0,0.0,-2500000.0,70500000.0,76700000.0,36300000.0,3800000.0,33800000.0,33800000.0,33800000.0,-5000000.0,0.0,0.153,124100000.0,7200000.0,39900000.0,0.0,1.927,-22.524,-23.931,134400000.0,0.0,6.94,1.783,1.785,151900000.0,-69306500000.0,220400000.0,220400000.0,40000000.0,,,,,9100000.0,80600000.0,1.0,231734846.0,232000000.0,234600000.0,0.95,1510100000.0,113000000.0,9900000.0,17500000.0,6.509,1007600000.0
22,VIAV,MRQ,2015-12-31,2016-01-02,2016-01-02,2021-08-25,75800000.0,1782400000.0,,1199500000.0,582900000.0,,3.306,-3300000.0,340500000.0,340500000.0,90300000.0,4000000.0,4.464,1.295,574800000.0,0.0,574800000.0,574800000.0,93300000.0,8700000.0,0.0,0.0,0.0,13900000.0,22600000.0,0.097,22600000.0,13900000.0,5100000.0,0.02,0.02,0.02,776600000.0,,776600000.0,1652306193.0,-24.0,-280.052,-4300000.0,-0.018,1.0,141800000.0,0.611,323700000.0,8800000.0,1424300000.0,,57600000.0,585500000.0,585500000.0,0.0,1005800000.0,268700000.0,737100000.0,1445306193.0,-21000000.0,-900000.0,-39500000.0,-400000.0,0.0,-39900000.0,24400000.0,29000000.0,-1000000.0,-4500000.0,4000000.0,4000000.0,4000000.0,-3000000.0,0.0,0.017,132600000.0,9200000.0,37500000.0,0.0,1.861,-12.207,-12.18,136500000.0,0.0,6.09,1.617,1.6,181800000.0,-69333700000.0,232100000.0,232100000.0,41700000.0,,,,,8900000.0,85800000.0,1.0,237324498.0,234900000.0,237100000.0,0.988,1458700000.0,103300000.0,1100000.0,22600000.0,6.21,930800000.0
23,VIAV,MRQ,2015-09-30,2015-10-03,2015-10-03,2021-08-25,16100000.0,1770900000.0,,1166900000.0,604000000.0,,3.153,-12700000.0,361200000.0,361200000.0,89200000.0,-69100000.0,4.094,1.38,568200000.0,0.0,568200000.0,568200000.0,80500000.0,13000000.0,0.0,0.0,0.0,-57400000.0,-44400000.0,-0.193,-44400000.0,-57400000.0,-66200000.0,-0.29,-0.29,-0.29,744200000.0,,744200000.0,1535917768.0,-17.0,-94.81,-13000000.0,-0.055,1.0,140500000.0,0.612,332700000.0,8800000.0,1360200000.0,,58100000.0,541900000.0,541900000.0,0.0,1026700000.0,285000000.0,741700000.0,1348417768.0,2100000.0,0.0,300000.0,-900000.0,0.0,-101500000.0,110000000.0,107600000.0,-300000.0,-6100000.0,-69100000.0,-69100000.0,-69100000.0,53400000.0,0.0,-0.301,143400000.0,-2900000.0,46000000.0,0.0,1.812,-9.142,-9.095,142000000.0,0.0,5.73,1.518,1.522,157200000.0,-69306700000.0,229700000.0,229700000.0,44300000.0,,,,,17600000.0,94900000.0,1.0,235325963.0,236000000.0,236000000.0,0.973,1438200000.0,109500000.0,2900000.0,29600000.0,6.094,881900000.0
24,VIAV,MRQ,2015-06-30,2015-06-27,2015-06-27,2021-08-25,-48000000.0,2217800000.0,,1380100000.0,837700000.0,,4.697,-31800000.0,360700000.0,360700000.0,88700000.0,-40100000.0,3.675,1.014,561600000.0,0.0,561600000.0,561600000.0,80600000.0,20500000.0,0.0,0.0,0.0,-24500000.0,-4000000.0,-0.018,-4000000.0,-24500000.0,-33100000.0,-0.17,-0.17,-0.17,1101400000.0,,1101400000.0,3041508292.0,-106.0,58.378,16000000.0,0.068,1.0,131100000.0,0.596,346100000.0,8600000.0,1697100000.0,,53800000.0,464900000.0,464900000.0,0.0,1116400000.0,375500000.0,740900000.0,2812108292.0,48700000.0,0.0,6700000.0,-200000.0,0.0,6500000.0,-7000000.0,23800000.0,47800000.0,1400000.0,-40100000.0,-40100000.0,-40100000.0,8000000.0,0.0,-0.182,150100000.0,-19000000.0,42000000.0,0.0,2.553,-31.92,-31.605,149200000.0,0.0,12.01,3.218,3.198,152300000.0,-68873500000.0,219800000.0,219800000.0,45400000.0,,,,,16600000.0,91100000.0,1.0,234147235.0,234500000.0,234500000.0,0.937,1871700000.0,117300000.0,7000000.0,0.0,7.982,1004600000.0
25,VIAV,MRQ,2015-03-31,2015-03-28,2015-03-28,2021-08-25,-51900000.0,2191700000.0,,1356900000.0,834800000.0,,4.799,-17300000.0,325800000.0,325800000.0,85400000.0,-13200000.0,4.038,0.958,555200000.0,0.0,555200000.0,555200000.0,76900000.0,20100000.0,0.0,0.0,0.0,-200000.0,19900000.0,0.094,19900000.0,-200000.0,-8400000.0,-0.06,-0.06,-0.06,1119100000.0,,1119100000.0,3246548016.0,-171.0,54.109,-40200000.0,-0.172,1.0,127000000.0,0.598,383400000.0,8200000.0,1701700000.0,,155800000.0,489700000.0,489700000.0,0.0,1072600000.0,336000000.0,736600000.0,3020248016.0,5600000.0,0.0,7100000.0,-10200000.0,0.0,-3100000.0,39900000.0,54800000.0,-22900000.0,-8300000.0,-13200000.0,-13200000.0,-13200000.0,-22600000.0,0.0,-0.062,150200000.0,-23200000.0,109200000.0,0.0,2.699,-41.148,-40.562,278100000.0,0.0,12.98,10.546,10.569,305300000.0,-68833400000.0,212400000.0,212400000.0,42100000.0,,,,,19600000.0,95500000.0,1.0,232684747.0,233200000.0,233200000.0,0.911,1808300000.0,149900000.0,4800000.0,12700000.0,7.754,1020900000.0
26,VIAV,MRQ,2014-12-31,2014-12-27,2014-12-27,2021-08-25,-25000000.0,2295600000.0,,1417000000.0,878600000.0,,4.902,-21900000.0,322500000.0,322500000.0,93300000.0,-25100000.0,3.519,1.018,548800000.0,0.0,548800000.0,548800000.0,76100000.0,20600000.0,0.0,0.0,0.0,-8300000.0,12300000.0,0.054,12300000.0,-8300000.0,-16600000.0,-0.11,-0.11,-0.11,1137800000.0,,1137800000.0,3426697407.0,-115.0,72.446,-5300000.0,-0.023,1.0,133100000.0,0.588,403200000.0,8300000.0,1716000000.0,,153100000.0,545100000.0,545100000.0,0.0,1157800000.0,402700000.0,755100000.0,3227397407.0,-17500000.0,0.0,1500000.0,-2800000.0,0.0,-1300000.0,-26700000.0,-8100000.0,16600000.0,-6100000.0,-25100000.0,-25100000.0,-25100000.0,-12600000.0,0.0,-0.111,154300000.0,-21200000.0,128900000.0,0.0,2.837,-52.308,-51.556,285000000.0,0.0,13.92,6.56,6.567,317400000.0,-68820100000.0,226400000.0,226400000.0,44200000.0,,,,,15000000.0,96100000.0,1.0,231853262.0,232100000.0,232100000.0,0.975,1892400000.0,166200000.0,8500000.0,24600000.0,8.153,1014300000.0
27,VIAV,MRQ,2014-09-30,2014-09-27,2014-09-27,2021-08-25,-7500000.0,2327600000.0,,1411800000.0,915800000.0,,5.058,-24300000.0,343200000.0,343200000.0,86400000.0,-9700000.0,3.447,0.994,542500000.0,0.0,542500000.0,542500000.0,78300000.0,19600000.0,0.0,0.0,0.0,4300000.0,23900000.0,0.111,23900000.0,4300000.0,-3900000.0,-0.04,-0.04,-0.04,1167500000.0,,1167500000.0,3176876830.0,-2444.0,43.519,16500000.0,0.071,1.0,128900000.0,0.599,425000000.0,8200000.0,1692300000.0,,155200000.0,537700000.0,537700000.0,0.0,1160100000.0,409600000.0,750500000.0,2969676830.0,13900000.0,0.0,700000.0,-10100000.0,0.0,-9400000.0,-12000000.0,13000000.0,40800000.0,-5500000.0,-9700000.0,-9700000.0,-9700000.0,-16100000.0,0.0,-0.045,141300000.0,-12400000.0,152600000.0,0.0,2.544,-106.823,-107.583,292000000.0,0.0,12.91,4.164,4.178,295600000.0,-68795000000.0,215300000.0,215300000.0,41600000.0,,,,,15700000.0,93600000.0,1.0,230029189.0,230800000.0,230800000.0,0.933,1902600000.0,173300000.0,5800000.0,21800000.0,8.244,1002200000.0
28,VIAV,MRQ,2014-06-30,2014-06-28,2014-06-28,2021-08-25,11100000.0,2351900000.0,,1409500000.0,942400000.0,,5.065,-30500000.0,329100000.0,329100000.0,-320700000.0,-25400000.0,3.451,0.98,536300000.0,0.0,536300000.0,536300000.0,77500000.0,18700000.0,0.0,0.0,0.0,-14800000.0,3900000.0,-0.011,3900000.0,-14800000.0,-22900000.0,-0.11,-0.11,-0.11,1187700000.0,,1187700000.0,3082954063.0,7707.0,42.29,19700000.0,0.084,1.0,-47000000.0,0.128,444800000.0,8100000.0,1705900000.0,,153300000.0,552200000.0,552200000.0,0.0,1164200000.0,408400000.0,755800000.0,2898654063.0,-17300000.0,3300000.0,-54700000.0,-12900000.0,0.0,-67600000.0,0.0,27700000.0,50200000.0,100000.0,-25400000.0,-25400000.0,-25400000.0,-56800000.0,0.0,0.069,23400000.0,-70400000.0,137100000.0,0.0,2.441,-162.846,-154.375,288800000.0,0.0,12.35,3.127,3.12,296200000.0,-68780600000.0,-367700000.0,-367700000.0,-54200000.0,,,,,15800000.0,55300000.0,1.0,234708831.0,234500000.0,223700000.0,-1.568,1907100000.0,183300000.0,2500000.0,21400000.0,8.133,1001100000.0
29,VIAV,MRQ,2014-03-31,2014-03-29,2014-03-29,2021-08-25,17500000.0,2381900000.0,,1446900000.0,935000000.0,,5.39,-22700000.0,345900000.0,345900000.0,233300000.0,-1500000.0,3.733,0.888,530200000.0,0.0,530200000.0,530200000.0,80700000.0,18200000.0,0.0,0.0,0.0,-11000000.0,7200000.0,0.017,7200000.0,-11000000.0,-18700000.0,-0.01,-0.01,-0.01,1261300000.0,,1261300000.0,3186793461.0,-1138.0,46.523,19800000.0,0.085,1.0,184700000.0,0.442,457000000.0,7700000.0,1721600000.0,,147700000.0,580300000.0,580300000.0,0.0,1120600000.0,387600000.0,733000000.0,3166193461.0,-158900000.0,-196800000.0,8200000.0,-700000.0,0.0,7500000.0,-209100000.0,11100000.0,42500000.0,200000.0,-1500000.0,-1500000.0,-1500000.0,0.0,0.0,-0.004,196300000.0,-11600000.0,129900000.0,0.0,2.51,31.63,32.286,271900000.0,0.0,13.56,1.845,1.849,287100000.0,-68700000000.0,418000000.0,418000000.0,74100000.0,,,,,16900000.0,113400000.0,1.0,233495093.0,234000000.0,234000000.0,1.786,1924900000.0,180000000.0,-17200000.0,19200000.0,8.226,1059300000.0
30,VIAV,MRQ,2013-12-31,2013-12-28,2013-12-28,2021-08-25,18700000.0,2346500000.0,,1623800000.0,722700000.0,,5.334,-25100000.0,503600000.0,503600000.0,242700000.0,8800000.0,4.275,0.888,524200000.0,0.0,524200000.0,524200000.0,71000000.0,17800000.0,0.0,0.0,0.0,20200000.0,38000000.0,0.085,38000000.0,20200000.0,11800000.0,0.04,0.04,0.04,1242900000.0,,1242900000.0,3072570293.0,-219.0,54.77,29300000.0,0.126,1.0,204900000.0,0.458,270900000.0,8400000.0,1716400000.0,,137000000.0,592000000.0,592000000.0,0.0,1103600000.0,379800000.0,723800000.0,3033870293.0,24100000.0,-22400000.0,2200000.0,-300000.0,0.0,1900000.0,-31800000.0,16300000.0,54400000.0,-400000.0,8800000.0,8800000.0,8800000.0,0.0,0.0,0.02,185100000.0,19800000.0,125800000.0,0.0,2.441,41.221,42.032,265600000.0,0.0,13.03,1.781,1.783,301800000.0,-68698500000.0,447600000.0,447600000.0,72300000.0,,,,,15700000.0,109000000.0,1.0,232837321.0,233000000.0,235800000.0,1.921,2075600000.0,158900000.0,3000000.0,19400000.0,8.908,1244000000.0
31,VIAV,MRQ,2013-09-30,2013-09-28,2013-09-28,2021-08-25,19800000.0,2306900000.0,,1619500000.0,687400000.0,,5.186,-12300000.0,479500000.0,479500000.0,243800000.0,300000.0,4.489,0.89,518200000.0,0.0,518200000.0,518200000.0,72900000.0,17800000.0,0.0,0.0,0.0,6000000.0,23800000.0,0.055,23800000.0,6000000.0,800000.0,0.0,0.0,0.0,1220300000.0,,1220300000.0,3171550742.0,-152.0,65.664,17200000.0,0.073,1.0,185200000.0,0.432,256100000.0,5200000.0,1728700000.0,,138500000.0,607800000.0,607800000.0,0.0,1086600000.0,360800000.0,725800000.0,3482250742.0,168300000.0,-100000.0,-88400000.0,636200000.0,0.0,547800000.0,-410900000.0,-398000000.0,29500000.0,1900000.0,300000.0,300000.0,300000.0,0.0,0.0,0.001,178600000.0,6600000.0,127800000.0,,2.854,50.541,50.552,244800000.0,0.0,14.66,2.067,2.047,292900000.0,-68707300000.0,429000000.0,429000000.0,69600000.0,,,,,15700000.0,107100000.0,1.0,237534157.0,235300000.0,239600000.0,1.823,2050800000.0,159000000.0,500000.0,18200000.0,8.716,1258700000.0
32,VIAV,MRQ,2013-06-30,2013-06-29,2013-06-29,2021-08-25,8600000.0,1715200000.0,,1030300000.0,684900000.0,,4.904,-6700000.0,310700000.0,310700000.0,243600000.0,92500000.0,2.963,0.477,0.0,0.0,0.0,0.0,71900000.0,17500000.0,0.0,0.0,0.0,-18000000.0,-500000.0,-0.001,-500000.0,-18000000.0,-20500000.0,0.39,0.39,0.39,1161300000.0,,1161300000.0,3275331137.0,-113.0,83.13,50400000.0,0.213,1.0,177700000.0,0.422,264800000.0,2500000.0,792000000.0,,145800000.0,205200000.0,205200000.0,0.0,553900000.0,347700000.0,206200000.0,3404131137.0,23300000.0,-11700000.0,4400000.0,-162900000.0,0.0,-158500000.0,125500000.0,142900000.0,57100000.0,-800000.0,92500000.0,92500000.0,92500000.0,-1000000.0,0.0,0.22,196300000.0,-18600000.0,97700000.0,0.0,2.931,59.722,59.958,247000000.0,0.0,14.39,2.03,2.017,273300000.0,-68607600000.0,421300000.0,421300000.0,67600000.0,,,,,14900000.0,111900000.0,1.0,236562275.0,236800000.0,254000000.0,1.779,1450400000.0,155500000.0,-113000000.0,18700000.0,6.125,682600000.0
33,VIAV,MRQ,2013-03-31,2013-03-30,2013-03-30,2021-08-25,10700000.0,1762100000.0,,1171000000.0,591100000.0,,4.473,-13400000.0,288400000.0,288400000.0,250000000.0,-28000000.0,2.336,0.67,159600000.0,159600000.0,0.0,159600000.0,69600000.0,17000000.0,0.0,0.0,0.0,-22200000.0,-5200000.0,-0.013,-5200000.0,-22200000.0,-26400000.0,-0.12,-0.12,-0.12,1055100000.0,,1055100000.0,3011918057.0,-128.0,66.783,14800000.0,0.063,1.0,155300000.0,0.383,282800000.0,4200000.0,849300000.0,,153600000.0,350400000.0,350400000.0,0.0,707000000.0,501200000.0,205800000.0,3142718057.0,-47800000.0,-72100000.0,9800000.0,-49700000.0,0.0,-39900000.0,-34700000.0,50700000.0,28200000.0,-1400000.0,-28000000.0,-28000000.0,-28000000.0,0.0,0.0,-0.069,176600000.0,-21300000.0,122100000.0,0.0,2.979,-54.467,-55.688,249100000.0,0.0,13.365,1.86,1.866,295200000.0,-68700100000.0,405300000.0,405300000.0,65800000.0,,,,,15300000.0,107300000.0,1.0,235145384.0,235900000.0,235900000.0,1.718,1479300000.0,0.0,1600000.0,20300000.0,6.271,669800000.0
34,VIAV,MRQ,2012-12-31,2012-12-29,2012-12-29,2021-08-25,14100000.0,1812900000.0,,1276700000.0,536200000.0,,4.544,-15500000.0,336400000.0,336400000.0,240400000.0,4100000.0,2.3,0.702,205600000.0,205600000.0,0.0,205600000.0,59900000.0,16900000.0,0.0,0.0,0.0,13300000.0,30200000.0,0.07,30200000.0,13300000.0,8200000.0,0.02,0.02,0.02,1065200000.0,,1065200000.0,2964601069.0,-341.0,48.76,43900000.0,0.187,1.0,189000000.0,0.44,215200000.0,5100000.0,911700000.0,,179300000.0,403800000.0,403800000.0,0.0,747700000.0,555200000.0,192500000.0,3078801069.0,-27100000.0,9700000.0,4600000.0,-48900000.0,0.0,-44300000.0,-43300000.0,-38400000.0,59400000.0,1100000.0,4100000.0,4100000.0,4100000.0,-800000.0,0.0,0.01,174100000.0,14900000.0,116100000.0,0.0,2.89,-65.367,-65.8,250300000.0,0.0,13.16,1.824,1.828,278800000.0,-68672100000.0,429400000.0,429400000.0,63500000.0,,,,,13600000.0,105400000.0,1.0,233951449.0,234400000.0,237100000.0,1.832,1597700000.0,0.0,4100000.0,22900000.0,6.816,721500000.0
35,VIAV,MRQ,2012-09-30,2012-09-29,2012-09-29,2021-08-25,11100000.0,1823300000.0,,1262600000.0,560700000.0,,4.478,-17800000.0,364100000.0,364100000.0,248300000.0,-11600000.0,2.137,0.749,249900000.0,249900000.0,0.0,249900000.0,69400000.0,17000000.0,0.0,0.0,0.0,-2100000.0,14900000.0,0.035,14900000.0,-2100000.0,-8200000.0,-0.05,-0.05,-0.05,1042400000.0,,1042400000.0,2731724760.0,-121.0,57.631,25300000.0,0.109,1.0,172600000.0,0.41,237300000.0,6100000.0,881100000.0,,177300000.0,366200000.0,366200000.0,0.0,780900000.0,590700000.0,190200000.0,2871124760.0,-68500000.0,-9100000.0,6900000.0,-48000000.0,0.0,-41100000.0,-72500000.0,-45200000.0,43100000.0,2000000.0,-11600000.0,-11600000.0,-11600000.0,1800000.0,0.0,-0.028,172500000.0,100000.0,113800000.0,0.0,2.754,-46.761,-47.615,252500000.0,0.0,12.38,1.722,1.728,275700000.0,-68676200000.0,420900000.0,420900000.0,61600000.0,,,,,12700000.0,104700000.0,1.0,231916378.0,232800000.0,232800000.0,1.808,1586000000.0,0.0,3400000.0,21600000.0,6.813,671900000.0
36,VIAV,MRQ,2012-06-30,2012-06-30,2012-06-30,2021-08-25,7500000.0,1869500000.0,,1310200000.0,559300000.0,,4.487,-15300000.0,432200000.0,432200000.0,252400000.0,-22200000.0,2.003,0.8,292800000.0,292800000.0,0.0,292800000.0,81200000.0,17700000.0,0.0,0.0,0.0,-12500000.0,5200000.0,0.012,5200000.0,-12500000.0,-19700000.0,-0.09,-0.09,-0.09,1038800000.0,,1038800000.0,2400908692.0,-147.0,44.461,22000000.0,0.095,1.0,181600000.0,0.418,247500000.0,7200000.0,828500000.0,,174500000.0,320500000.0,320500000.0,0.0,830700000.0,654100000.0,176600000.0,2546708692.0,-12900000.0,0.0,400000.0,-15400000.0,0.0,-15000000.0,-32300000.0,-18400000.0,37300000.0,-2900000.0,-22200000.0,-22200000.0,-22200000.0,23600000.0,0.0,-0.051,181100000.0,500000.0,117600000.0,0.0,2.452,-45.804,-45.833,252900000.0,0.0,11.0,1.532,1.522,305800000.0,-68664600000.0,434000000.0,434000000.0,63800000.0,,,,,11600000.0,106900000.0,1.0,231518972.0,231500000.0,231500000.0,1.875,1622000000.0,40100000.0,2500000.0,20700000.0,7.006,656100000.0
37,VIAV,MRQ,2012-03-31,2012-03-31,2012-03-31,2021-08-25,27500000.0,1920000000.0,,1316200000.0,603800000.0,,4.645,-16100000.0,446600000.0,446600000.0,235500000.0,-17400000.0,3.49,0.792,300800000.0,0.0,300800000.0,300800000.0,88000000.0,17900000.0,0.0,0.0,0.0,-7400000.0,10500000.0,0.026,10500000.0,-7400000.0,-14300000.0,-0.08,-0.08,-0.08,1071200000.0,,1071200000.0,3176597423.0,212.0,37.727,-2900000.0,-0.013,1.0,167800000.0,0.416,290000000.0,6900000.0,1107100000.0,,192100000.0,304500000.0,303200000.0,1300000.0,848800000.0,377100000.0,471700000.0,3330397423.0,-1200000.0,-8800000.0,10500000.0,-3700000.0,0.0,6800000.0,-23100000.0,1500000.0,13200000.0,1900000.0,-17400000.0,-17400000.0,-17400000.0,1200000.0,0.0,-0.043,174200000.0,-6400000.0,127700000.0,0.0,3.109,-138.191,-131.727,259100000.0,0.0,14.49,1.985,1.992,300100000.0,-68642400000.0,403300000.0,403300000.0,62000000.0,,,,,13400000.0,104500000.0,1.0,229841092.0,230600000.0,230600000.0,1.749,1630000000.0,0.0,3100000.0,20800000.0,7.069,939100000.0
38,VIAV,MRQ,2011-12-31,2011-12-31,2011-12-31,2021-08-25,24500000.0,1915500000.0,,1302900000.0,612600000.0,,4.641,-19600000.0,449500000.0,449500000.0,234800000.0,-10200000.0,3.405,0.799,295700000.0,0.0,295700000.0,295700000.0,73300000.0,17400000.0,0.0,0.0,0.0,-600000.0,16800000.0,0.041,16800000.0,-600000.0,-7200000.0,-0.04,-0.04,-0.04,1064600000.0,,1064600000.0,2279561476.0,65.0,22.132,26100000.0,0.114,1.0,174500000.0,0.426,299000000.0,6600000.0,1080100000.0,,186900000.0,307400000.0,306100000.0,1300000.0,850900000.0,382600000.0,468300000.0,2392161476.0,48300000.0,2100000.0,600000.0,5800000.0,0.0,6400000.0,-2100000.0,13500000.0,45700000.0,-1700000.0,-10200000.0,-10200000.0,-10200000.0,2500000.0,0.0,-0.025,173600000.0,900000.0,126600000.0,0.0,2.247,74.989,74.571,262000000.0,0.0,10.44,1.384,1.386,287500000.0,-68625000000.0,409300000.0,409300000.0,58900000.0,,,,,12500000.0,105300000.0,1.0,229134241.0,229400000.0,229400000.0,1.784,1616500000.0,0.0,3000000.0,20300000.0,7.047,920300000.0
39,VIAV,MRQ,2011-09-30,2011-10-01,2011-10-01,2021-08-25,25600000.0,1894100000.0,,1267000000.0,627100000.0,,4.663,-21200000.0,403300000.0,403300000.0,234200000.0,-5800000.0,3.462,0.778,290700000.0,0.0,290700000.0,290700000.0,70700000.0,17300000.0,0.0,0.0,0.0,4200000.0,21500000.0,0.052,21500000.0,4200000.0,-2400000.0,-0.03,-0.03,-0.03,1065100000.0,,1065100000.0,2128359037.0,30.0,15.479,1700000.0,0.007,1.0,181600000.0,0.437,322800000.0,6600000.0,1092700000.0,,186700000.0,321400000.0,320000000.0,1400000.0,829000000.0,366000000.0,463000000.0,2273859037.0,-28500000.0,-3700000.0,6400000.0,-6500000.0,0.0,-100000.0,-48200000.0,-23200000.0,22900000.0,-3100000.0,-5800000.0,-5800000.0,-5800000.0,2200000.0,0.0,-0.014,176200000.0,5400000.0,131900000.0,0.0,2.135,34.61,34.379,253300000.0,0.0,9.97,1.269,1.27,283500000.0,-68614800000.0,415800000.0,415800000.0,59300000.0,,,,,11600000.0,110300000.0,1.0,228070114.0,228400000.0,228400000.0,1.82,1571300000.0,0.0,3400000.0,21000000.0,6.88,901000000.0
40,VIAV,MRQ,2011-06-30,2011-07-02,2011-07-02,2021-08-25,32800000.0,1950700000.0,,1304100000.0,646600000.0,,4.685,-30900000.0,431300000.0,431300000.0,250300000.0,9300000.0,3.115,0.831,285800000.0,0.0,285800000.0,285800000.0,83500000.0,16600000.0,0.0,0.0,0.0,18800000.0,35400000.0,0.079,35400000.0,18800000.0,12300000.0,0.04,0.04,0.04,1065400000.0,,1065400000.0,3698236774.0,52.0,27.374,25100000.0,0.11,1.0,198900000.0,0.443,342800000.0,6500000.0,1043800000.0,,171200000.0,300300000.0,297400000.0,2900000.0,885300000.0,418600000.0,466700000.0,3860936774.0,-12400000.0,700000.0,1400000.0,-1100000.0,0.0,300000.0,-70300000.0,-39100000.0,56000000.0,1600000.0,9300000.0,9300000.0,9300000.0,7100000.0,0.0,0.021,173400000.0,25500000.0,145400000.0,0.0,3.624,53.924,53.156,248900000.0,0.0,17.01,2.167,2.142,334000000.0,-68609000000.0,449200000.0,449200000.0,60800000.0,,,,,11500000.0,106900000.0,1.0,226980410.0,227400000.0,237100000.0,1.975,1607900000.0,0.0,3000000.0,21500000.0,7.071,885500000.0
41,VIAV,MRQ,2011-03-31,2011-04-02,2011-04-02,2021-08-25,21100000.0,1914000000.0,,1262700000.0,651300000.0,,4.596,-34200000.0,443800000.0,443800000.0,254300000.0,38600000.0,3.107,0.846,281100000.0,0.0,281100000.0,281100000.0,89300000.0,16600000.0,0.0,0.0,0.0,12700000.0,29300000.0,0.065,29300000.0,12700000.0,6500000.0,0.17,0.16,0.17,1036800000.0,,1036800000.0,4118293105.0,67.0,33.347,18700000.0,0.083,1.0,199700000.0,0.44,363100000.0,6200000.0,981800000.0,,163800000.0,261300000.0,256700000.0,4600000.0,877200000.0,406400000.0,470800000.0,4284993105.0,-800000.0,0.0,28000000.0,-1900000.0,0.0,26100000.0,-81800000.0,-46000000.0,52900000.0,2000000.0,38600000.0,38600000.0,38600000.0,0.0,0.0,0.085,187100000.0,12600000.0,154400000.0,0.0,4.133,67.163,65.897,231900000.0,0.0,19.11,2.486,2.501,334500000.0,-68618300000.0,454000000.0,454000000.0,60600000.0,,,,,10900000.0,110900000.0,1.0,224227792.0,225600000.0,235400000.0,2.012,1550900000.0,0.0,-32100000.0,21200000.0,6.875,856300000.0
42,VIAV,MRQ,2010-12-31,2011-01-01,2011-01-01,2021-08-25,16500000.0,1830700000.0,,1212200000.0,618500000.0,,4.294,-28300000.0,443000000.0,443000000.0,259700000.0,23600000.0,2.928,0.913,276300000.0,0.0,276300000.0,276300000.0,64900000.0,16100000.0,0.0,0.0,0.0,35200000.0,51300000.0,0.108,51300000.0,35200000.0,28800000.0,0.11,0.1,0.11,957200000.0,,957200000.0,3091255622.0,75.0,30.728,32400000.0,0.145,1.0,213800000.0,0.452,382800000.0,6400000.0,867200000.0,,145100000.0,217100000.0,212300000.0,4800000.0,873500000.0,414000000.0,459500000.0,3224055622.0,38300000.0,0.0,2800000.0,-2100000.0,0.0,700000.0,-23200000.0,3800000.0,60700000.0,100000.0,23600000.0,23600000.0,23600000.0,0.0,0.0,0.05,180200000.0,33600000.0,147300000.0,0.0,3.368,242.41,206.857,214600000.0,0.0,14.48,2.013,2.015,339200000.0,-68656900000.0,473500000.0,473500000.0,60200000.0,,,,,10000000.0,109500000.0,1.0,222655775.0,222900000.0,229100000.0,2.124,1447900000.0,0.0,5200000.0,22900000.0,6.496,798200000.0
43,VIAV,MRQ,2010-09-30,2010-10-02,2010-10-02,2021-08-25,16800000.0,1755300000.0,,1121100000.0,634200000.0,,4.16,-23300000.0,404400000.0,404400000.0,231900000.0,100000.0,3.001,0.902,271600000.0,0.0,271600000.0,271600000.0,0.0,14800000.0,0.0,0.0,0.0,4300000.0,19100000.0,0.047,19100000.0,4300000.0,-2000000.0,0.0,0.0,0.0,922700000.0,,922700000.0,2615715597.0,-484.0,50.014,12400000.0,0.056,1.0,173300000.0,0.428,405500000.0,6300000.0,843400000.0,,136900000.0,220500000.0,215600000.0,4900000.0,832600000.0,373600000.0,459000000.0,2721115597.0,30100000.0,0.0,5900000.0,-1900000.0,0.0,4000000.0,-13000000.0,11300000.0,35700000.0,3400000.0,100000.0,100000.0,100000.0,0.0,0.0,0.0,172500000.0,800000.0,140600000.0,,2.949,-91.313,-94.462,205500000.0,0.0,12.28,1.849,1.851,297000000.0,-68680500000.0,405200000.0,405200000.0,56400000.0,,,,,9000000.0,107200000.0,1.0,221589218.0,221800000.0,227500000.0,1.827,1349800000.0,7500000.0,-2100000.0,20600000.0,6.086,747500000.0
44,VIAV,MRQ,2010-06-30,2010-07-03,2010-07-03,2021-08-25,15100000.0,1703600000.0,,1074600000.0,629000000.0,,4.123,-15300000.0,372700000.0,372700000.0,231000000.0,1500000.0,3.062,0.875,267100000.0,0.0,267100000.0,267100000.0,45300000.0,14300000.0,0.0,0.0,0.0,9500000.0,23800000.0,0.061,23800000.0,9500000.0,3300000.0,0.01,0.01,0.01,908700000.0,,908700000.0,1929123272.0,-55.0,82.795,31600000.0,0.143,1.0,159900000.0,0.409,423400000.0,6200000.0,823700000.0,,125700000.0,232500000.0,227400000.0,5100000.0,794900000.0,350900000.0,444000000.0,2133823272.0,-93400000.0,-157800000.0,1200000.0,-3400000.0,0.0,-2200000.0,-136400000.0,36600000.0,46900000.0,-1700000.0,1500000.0,1500000.0,1500000.0,200000.0,0.0,0.004,163000000.0,-3100000.0,137400000.0,0.0,2.348,-34.528,-34.607,183000000.0,0.0,9.69,1.565,1.555,271800000.0,-68680600000.0,390900000.0,390900000.0,51400000.0,,,,,10000000.0,102200000.0,1.0,220208800.0,220400000.0,220400000.0,1.774,1280200000.0,0.0,1800000.0,19800000.0,5.809,723700000.0
45,VIAV,MRQ,2010-03-31,2010-04-03,2010-04-03,2021-08-25,23000000.0,1643300000.0,,1126700000.0,516600000.0,,4.144,-8400000.0,467600000.0,467600000.0,200400000.0,-11900000.0,3.677,0.807,262900000.0,200000.0,262700000.0,262900000.0,0.0,14100000.0,0.0,0.0,0.0,-7700000.0,6400000.0,0.019,6400000.0,-7700000.0,-13600000.0,-0.05,-0.05,-0.05,909300000.0,,909300000.0,2624366354.0,-25.0,-26.035,7900000.0,0.036,1.0,131900000.0,0.397,313400000.0,5900000.0,818800000.0,,123400000.0,253000000.0,245500000.0,7500000.0,734000000.0,306400000.0,427600000.0,2755066354.0,68800000.0,-1000000.0,6200000.0,-100000.0,0.0,6100000.0,47600000.0,66000000.0,16300000.0,-1200000.0,-11900000.0,-11900000.0,-11900000.0,600000.0,0.0,-0.036,142500000.0,-10600000.0,110900000.0,0.0,3.03,-21.711,-21.672,171900000.0,0.0,12.57,2.211,2.213,237000000.0,-68682100000.0,332300000.0,332300000.0,42200000.0,,,,,10000000.0,92800000.0,1.0,219177912.0,219400000.0,219400000.0,1.515,1329900000.0,14900000.0,-1700000.0,29900000.0,6.062,820300000.0
46,VIAV,MRQ,2009-12-31,2010-01-02,2010-01-02,2021-08-25,20700000.0,1647500000.0,,1102100000.0,545400000.0,,4.142,-11800000.0,389300000.0,389300000.0,204700000.0,-19500000.0,3.502,0.822,258600000.0,200000.0,258400000.0,258600000.0,0.0,14500000.0,0.0,0.0,0.0,-11500000.0,3000000.0,0.009,3000000.0,-11500000.0,-17800000.0,-0.09,-0.09,-0.09,904100000.0,,904100000.0,1780601862.0,-9.0,-10.675,27100000.0,0.124,1.0,138200000.0,0.403,335200000.0,6300000.0,866900000.0,,122200000.0,321700000.0,308700000.0,13000000.0,743400000.0,314700000.0,428700000.0,1799601862.0,116000000.0,-300000.0,100000.0,-3300000.0,0.0,-3200000.0,80600000.0,92800000.0,38900000.0,-300000.0,-19500000.0,-19500000.0,-19500000.0,100000.0,0.0,-0.057,151200000.0,-13000000.0,101300000.0,0.0,1.99,-8.305,-8.25,179100000.0,0.0,8.25,1.508,1.51,225300000.0,-68670200000.0,342900000.0,342900000.0,41500000.0,,,,,12000000.0,95200000.0,1.0,218133559.0,218300000.0,218300000.0,1.571,1312300000.0,14600000.0,1700000.0,28900000.0,6.011,787400000.0
47,VIAV,MRQ,2009-09-30,2009-10-03,2009-10-03,2021-08-25,22200000.0,1647300000.0,,1070000000.0,577300000.0,,4.205,-5900000.0,273300000.0,273300000.0,180700000.0,-31900000.0,3.548,0.801,254300000.0,200000.0,254100000.0,254300000.0,0.0,15400000.0,0.0,0.0,0.0,-25300000.0,-9900000.0,-0.033,-9900000.0,-25300000.0,-31200000.0,-0.15,-0.15,-0.15,914500000.0,,914500000.0,1473237789.0,-2.0,-1.732,11200000.0,0.051,1.0,117100000.0,0.393,353900000.0,5900000.0,972800000.0,,133400000.0,413400000.0,399800000.0,13600000.0,732800000.0,301600000.0,431200000.0,1445237789.0,-38100000.0,-42700000.0,2100000.0,-1800000.0,0.0,300000.0,-57200000.0,2500000.0,17100000.0,1700000.0,-31900000.0,-31900000.0,-31900000.0,1200000.0,0.0,-0.107,144600000.0,-27500000.0,105900000.0,0.0,1.58,-1.571,-1.56,184500000.0,0.0,6.66,1.2,1.203,192000000.0,-68650700000.0,297800000.0,297800000.0,39800000.0,,,,,11100000.0,92700000.0,1.0,217002671.0,217500000.0,217500000.0,1.369,1293400000.0,21400000.0,700000.0,28100000.0,5.947,768400000.0
48,VIAV,MRQ,2009-06-30,2009-06-27,2009-06-27,2021-08-25,22600000.0,1668100000.0,,1107800000.0,560300000.0,,4.322,-7800000.0,297200000.0,297200000.0,171900000.0,-63600000.0,3.575,0.785,250100000.0,200000.0,249900000.0,250100000.0,0.0,-41400000.0,0.0,0.0,0.0,-58900000.0,-100300000.0,-0.367,-100300000.0,-58900000.0,-64600000.0,-0.29,-0.29,-0.29,934500000.0,,934500000.0,1291361522.0,-1.0,-1.579,9700000.0,0.045,1.0,101300000.0,0.371,330900000.0,5700000.0,980200000.0,,144800000.0,413400000.0,398300000.0,15100000.0,733600000.0,309900000.0,423700000.0,1230061522.0,34500000.0,8200000.0,100000.0,-100000.0,0.0,0.0,15300000.0,14500000.0,17500000.0,1700000.0,-63600000.0,-63600000.0,-63600000.0,900000.0,0.0,-0.233,161400000.0,-60100000.0,106600000.0,0.0,1.316,-1.352,-1.351,191100000.0,0.0,5.7,0.959,0.958,187300000.0,-68618800000.0,273200000.0,273200000.0,38800000.0,,,,,12000000.0,92100000.0,1.0,215800267.0,216200000.0,216200000.0,1.264,1337200000.0,20100000.0,-1000000.0,25900000.0,6.185,797900000.0
49,VIAV,MRQ,2009-03-31,2009-03-28,2009-03-28,2021-08-25,17800000.0,1683200000.0,,1111800000.0,571400000.0,,4.199,-15600000.0,263900000.0,263900000.0,177700000.0,-101700000.0,3.913,0.859,325200000.0,200000.0,325000000.0,325200000.0,0.0,36800000.0,0.0,0.0,0.0,-96400000.0,-59600000.0,-0.214,-59600000.0,-96400000.0,-102300000.0,-0.47,-0.47,-0.47,905400000.0,,905400000.0,928592163.0,-1.0,-1.311,15300000.0,0.071,1.0,101400000.0,0.363,348300000.0,5900000.0,1112100000.0,,159700000.0,424000000.0,409600000.0,14400000.0,777800000.0,284100000.0,493700000.0,849492163.0,-32500000.0,-4000000.0,2100000.0,-29200000.0,0.0,-27100000.0,-34800000.0,-16100000.0,30900000.0,-1500000.0,-101700000.0,-101700000.0,-101700000.0,1400000.0,0.0,-0.364,206400000.0,-105000000.0,88600000.0,0.0,0.938,-0.95,-0.952,190100000.0,0.0,3.95,0.615,0.616,198400000.0,-68479400000.0,279100000.0,279100000.0,41900000.0,,,,,13000000.0,92600000.0,1.0,215061307.0,215600000.0,215600000.0,1.295,1334900000.0,8900000.0,-600000.0,15500000.0,6.192,827700000.0
50,VIAV,MRQ,2008-12-31,2008-12-27,2008-12-27,2021-08-25,15800000.0,1865000000.0,,1205400000.0,659600000.0,,4.528,-16300000.0,296100000.0,296100000.0,218500000.0,-722900000.0,3.608,0.915,375200000.0,200000.0,375000000.0,375200000.0,0.0,36800000.0,0.0,0.0,0.0,-717600000.0,-680800000.0,-1.924,-680800000.0,-717600000.0,-724600000.0,-3.36,-3.36,-3.36,974000000.0,,974000000.0,920321167.0,-1.0,-1.482,-4600000.0,-0.021,1.0,135300000.0,0.382,415700000.0,7000000.0,1194300000.0,,200100000.0,408700000.0,392900000.0,15800000.0,891000000.0,334100000.0,556900000.0,760721167.0,-43600000.0,-4100000.0,0.0,-102000000.0,0.0,-102000000.0,51000000.0,71200000.0,11700000.0,-4300000.0,-722900000.0,-722900000.0,-722900000.0,600000.0,0.0,-2.043,869100000.0,-733800000.0,125100000.0,0.0,0.781,-0.952,-0.954,204400000.0,0.0,3.54,0.512,0.512,265000000.0,-68394200000.0,353800000.0,353800000.0,42100000.0,,,,,12500000.0,103700000.0,1.0,214892985.0,215100000.0,215100000.0,1.645,1449300000.0,13400000.0,-1700000.0,18900000.0,6.738,871300000.0
51,VIAV,MRQ,2008-09-30,2008-09-27,2008-09-27,2021-08-25,57400000.0,2751600000.0,,1312700000.0,1438900000.0,,7.934,-15000000.0,340400000.0,340400000.0,228600000.0,-21300000.0,3.224,0.61,500000000.0,75000000.0,425000000.0,500000000.0,0.0,36300000.0,0.0,0.0,0.0,-13400000.0,22900000.0,0.061,22900000.0,-13400000.0,-20300000.0,-0.1,-0.1,-0.1,1709000000.0,,1709000000.0,2087810622.0,-96.0,16.797,32300000.0,0.15,1.0,148600000.0,0.394,1171300000.0,6900000.0,1332700000.0,,185800000.0,493400000.0,462600000.0,30800000.0,1042600000.0,407200000.0,635400000.0,1856510622.0,62900000.0,-3900000.0,-83800000.0,-8000000.0,0.0,-91800000.0,109300000.0,128600000.0,47300000.0,-1900000.0,-21300000.0,-21300000.0,-21300000.0,400000.0,0.0,-0.056,168000000.0,-19400000.0,138300000.0,0.0,1.086,-33.94,-34.64,211500000.0,0.0,8.66,1.211,1.217,270100000.0,-67688900000.0,377200000.0,377200000.0,44300000.0,,,,,13100000.0,110600000.0,1.0,214377670.0,215400000.0,215400000.0,1.751,1580300000.0,13000000.0,1000000.0,8100000.0,7.337,905500000.0
52,VIAV,MRQ,2008-06-30,2008-06-28,2008-06-28,2021-08-25,77900000.0,2906100000.0,,1429100000.0,1477000000.0,,7.929,-21400000.0,276700000.0,276700000.0,243300000.0,-48400000.0,3.209,0.599,508000000.0,83000000.0,425000000.0,508000000.0,0.0,37200000.0,0.0,0.0,0.0,-27900000.0,9300000.0,0.025,9300000.0,-27900000.0,-48600000.0,-0.22,-0.22,-0.22,1817400000.0,,1817400000.0,2808855928.0,-268.0,20.962,43100000.0,0.188,1.0,128900000.0,0.346,1212300000.0,20700000.0,1479700000.0,,188900000.0,633600000.0,608000000.0,25600000.0,1088700000.0,445400000.0,643300000.0,2659155928.0,-157300000.0,-4800000.0,-111600000.0,-73800000.0,0.0,-185400000.0,-36800000.0,-13500000.0,64500000.0,400000.0,-48400000.0,-48400000.0,-48400000.0,-1200000.0,0.0,-0.13,228500000.0,-99600000.0,129600000.0,0.0,1.463,-65.984,-64.278,213200000.0,0.0,11.57,1.759,1.713,297700000.0,-67585700000.0,372200000.0,372200000.0,43700000.0,,,,,12500000.0,131200000.0,1.0,229831973.0,229200000.0,204300000.0,1.624,1693800000.0,11400000.0,-200000.0,7100000.0,7.39,983700000.0
53,VIAV,MRQ,2008-03-31,2008-03-29,2008-03-29,2021-08-25,73000000.0,3077200000.0,,1537400000.0,1539800000.0,,8.643,-13300000.0,433300000.0,433300000.0,238300000.0,-6200000.0,3.121,0.581,583000000.0,158000000.0,425000000.0,583000000.0,0.0,36900000.0,0.0,0.0,0.0,-9400000.0,27500000.0,0.072,27500000.0,-9400000.0,-11600000.0,-0.03,-0.03,-0.03,1946400000.0,,1946400000.0,3187846786.0,-1028.0,23.167,32500000.0,0.144,1.0,145600000.0,0.379,1276500000.0,2200000.0,1457800000.0,,193200000.0,597900000.0,571200000.0,26700000.0,1130800000.0,492600000.0,638200000.0,2880246786.0,82800000.0,-53500000.0,8100000.0,-72200000.0,0.0,-64100000.0,99100000.0,166200000.0,45800000.0,2000000.0,-6200000.0,-6200000.0,-6200000.0,0.0,0.0,-0.016,171500000.0,-25900000.0,119700000.0,0.0,1.48,-293.903,-328.0,210300000.0,0.0,13.12,1.932,1.982,281000000.0,-67442700000.0,383900000.0,383900000.0,47700000.0,,,,,11300000.0,112200000.0,1.0,219531005.0,225200000.0,225200000.0,1.705,1800700000.0,9000000.0,-5400000.0,20300000.0,7.996,1044800000.0
54,VIAV,MRQ,2007-12-31,2007-12-29,2007-12-29,2021-08-25,57200000.0,2986200000.0,,1635900000.0,1350300000.0,,8.145,-9800000.0,350400000.0,350400000.0,227800000.0,21200000.0,2.935,0.663,658000000.0,233000000.0,425000000.0,658000000.0,0.0,35600000.0,0.0,0.0,0.0,29000000.0,64600000.0,0.162,64600000.0,29000000.0,26700000.0,0.1,0.09,0.1,1796000000.0,,1796000000.0,3290981119.0,-1828.0,24.781,40900000.0,0.185,1.0,171400000.0,0.429,1106200000.0,2300000.0,1630300000.0,,196500000.0,764700000.0,752400000.0,12300000.0,1190200000.0,557300000.0,632900000.0,2945281119.0,-36600000.0,100000.0,1100000.0,-71500000.0,0.0,-70400000.0,-17900000.0,-8400000.0,50700000.0,1000000.0,21200000.0,21200000.0,21200000.0,0.0,0.0,0.053,158600000.0,12800000.0,118500000.0,0.0,1.64,-165.465,-167.75,203300000.0,0.0,13.42,2.006,2.015,288100000.0,-67436500000.0,399200000.0,399200000.0,46300000.0,,,,,14500000.0,105500000.0,1.0,219469532.0,220500000.0,228400000.0,1.81,1880000000.0,8000000.0,5500000.0,16500000.0,8.526,1078600000.0
55,VIAV,MRQ,2007-09-30,2007-09-29,2007-09-29,2021-08-25,51400000.0,2992000000.0,,1624600000.0,1367400000.0,,8.0,-7200000.0,387300000.0,387300000.0,223000000.0,-6900000.0,5.432,0.706,733000000.0,0.0,733000000.0,733000000.0,0.0,34800000.0,0.0,0.0,0.0,-2200000.0,32600000.0,0.091,32600000.0,-2200000.0,-4400000.0,-0.03,-0.03,-0.03,1753500000.0,,1753500000.0,3712550017.0,-1326.0,29.118,29000000.0,0.132,1.0,133700000.0,0.375,1118600000.0,2200000.0,1920000000.0,,199300000.0,752400000.0,740100000.0,12300000.0,1238500000.0,299100000.0,939400000.0,3277350017.0,13800000.0,-1700000.0,5000000.0,-38100000.0,0.0,-33100000.0,9000000.0,24200000.0,36200000.0,1700000.0,-6900000.0,-6900000.0,-6900000.0,0.0,0.0,-0.019,155200000.0,-21500000.0,101400000.0,0.0,1.869,-207.427,-213.714,205100000.0,0.0,14.96,2.283,2.285,252300000.0,-67457700000.0,356700000.0,356700000.0,46600000.0,,,,,11000000.0,100200000.0,1.0,219074199.0,219200000.0,219200000.0,1.627,1873400000.0,10000000.0,2500000.0,10200000.0,8.547,1325500000.0
56,VIAV,MRQ,2007-06-30,2007-06-30,2007-06-30,2021-08-25,42500000.0,3025300000.0,,1660700000.0,1364600000.0,,8.129,-19800000.0,372800000.0,372800000.0,238800000.0,-17900000.0,4.773,0.743,808000000.0,0.0,808000000.0,808000000.0,0.0,33400000.0,0.0,0.0,0.0,-20500000.0,12900000.0,0.037,12900000.0,-20500000.0,-22500000.0,-0.08,-0.08,-0.08,1735500000.0,,1735500000.0,3256128839.0,-189.0,29.282,20100000.0,0.094,1.0,111900000.0,0.319,1121500000.0,2000000.0,1991100000.0,,204300000.0,773000000.0,769900000.0,3100000.0,1289800000.0,347900000.0,941900000.0,2842528839.0,-89700000.0,-36100000.0,2000000.0,-71200000.0,0.0,-69200000.0,-61000000.0,-9800000.0,39900000.0,600000.0,-17900000.0,-17900000.0,-17900000.0,0.0,0.0,-0.051,154500000.0,-42600000.0,111500000.0,0.0,1.638,-108.081,-111.917,210500000.0,0.0,13.43,2.035,2.035,264200000.0,-67450800000.0,350700000.0,350700000.0,42200000.0,,,,,6900000.0,95300000.0,1.0,211655163.0,213500000.0,213500000.0,1.643,1903800000.0,11800000.0,-4600000.0,44900000.0,8.917,1312800000.0
57,VIAV,MRQ,2007-03-31,2007-03-31,2007-03-31,2021-08-25,30900000.0,3064200000.0,,1800500000.0,1263700000.0,,7.71,-17900000.0,467400000.0,467400000.0,236700000.0,-14200000.0,4.536,0.881,881000000.0,0.0,881000000.0,881000000.0,0.0,30800000.0,0.0,0.0,0.0,-8100000.0,22700000.0,0.063,22700000.0,-8100000.0,-10200000.0,-0.07,-0.07,-0.07,1629200000.0,,1629200000.0,3695013587.0,-73.0,47.678,9800000.0,0.046,1.0,125000000.0,0.346,1022300000.0,2100000.0,2058600000.0,,220900000.0,760700000.0,756400000.0,4300000.0,1435000000.0,396900000.0,1038100000.0,3216413587.0,45200000.0,-10600000.0,5100000.0,-13800000.0,0.0,-8700000.0,25600000.0,54900000.0,27700000.0,600000.0,-14200000.0,-14200000.0,-14200000.0,0.0,0.0,-0.039,149400000.0,-24400000.0,107000000.0,0.0,1.974,-59.343,-58.577,208800000.0,0.0,15.23,2.358,2.359,255200000.0,-67432900000.0,361700000.0,361700000.0,43400000.0,,,,,7500000.0,95700000.0,1.0,211189336.0,211300000.0,211300000.0,1.712,2041900000.0,8500000.0,4000000.0,105700000.0,9.664,1403600000.0
58,VIAV,MRQ,2006-12-31,2006-12-30,2006-12-30,2021-08-25,28300000.0,3091800000.0,,1843900000.0,1247900000.0,,7.714,-15900000.0,421400000.0,421400000.0,229200000.0,23200000.0,4.595,0.899,900000000.0,0.0,900000000.0,900000000.0,0.0,31300000.0,0.0,0.0,0.0,28000000.0,59300000.0,0.162,59300000.0,28000000.0,26900000.0,0.11,0.1,0.11,1628500000.0,,1628500000.0,4131893743.0,-119.0,44.191,-5900000.0,-0.028,1.0,137100000.0,0.374,1001800000.0,1100000.0,2167300000.0,,235300000.0,815800000.0,806300000.0,9500000.0,1463300000.0,401300000.0,1062000000.0,3516693743.0,137500000.0,-12300000.0,900000.0,0.0,0.0,900000.0,125900000.0,156900000.0,10000000.0,700000.0,23200000.0,23200000.0,23200000.0,0.0,0.0,0.063,152600000.0,-15500000.0,126300000.0,0.0,2.159,-96.879,-98.0,207700000.0,0.0,16.66,2.669,2.669,274000000.0,-67418700000.0,366300000.0,366300000.0,42800000.0,,,,,8700000.0,94400000.0,1.0,211086059.0,211100000.0,223500000.0,1.735,2090000000.0,12000000.0,3700000.0,84900000.0,9.901,1442600000.0
59,VIAV,MRQ,2006-09-30,2006-09-30,2006-09-30,2021-08-25,21000000.0,3052500000.0,,1797700000.0,1254800000.0,,7.523,-22100000.0,284800000.0,284800000.0,220100000.0,-17400000.0,4.423,0.924,900000000.0,0.0,900000000.0,900000000.0,0.0,32900000.0,0.0,0.0,0.0,-16600000.0,16300000.0,0.051,16300000.0,-16600000.0,-18500000.0,-0.08,-0.08,-0.08,1586500000.0,,1586500000.0,4215759023.0,-41.0,187.367,-38400000.0,-0.182,1.0,98000000.0,0.308,1009600000.0,1900000.0,2251700000.0,,222800000.0,942100000.0,931200000.0,10900000.0,1466000000.0,406400000.0,1059600000.0,3697059023.0,-95000000.0,0.0,5000000.0,0.0,0.0,5000000.0,-84100000.0,-62100000.0,-16300000.0,400000.0,-17400000.0,-17400000.0,-17400000.0,0.0,0.0,-0.055,134700000.0,-36700000.0,123200000.0,0.0,2.33,-36.388,-36.5,203700000.0,0.0,17.52,2.925,2.923,231000000.0,-67441900000.0,318100000.0,318100000.0,40000000.0,,,,,6600000.0,83000000.0,1.0,211019351.0,210900000.0,210900000.0,1.508,2042900000.0,17700000.0,-1100000.0,81300000.0,9.687,1391300000.0
60,VIAV,MRQ,2006-06-30,2006-06-30,2006-06-30,2021-08-25,12600000.0,3065100000.0,,1805000000.0,1260100000.0,,7.527,-52500000.0,381300000.0,381300000.0,222500000.0,-45800000.0,4.273,0.936,900000000.0,0.0,900000000.0,900000000.0,0.0,32800000.0,0.0,0.0,0.0,-53600000.0,-20800000.0,-0.065,-20800000.0,-53600000.0,-55100000.0,-0.22,-0.22,-0.22,1583600000.0,,1583600000.0,4391117482.0,-30.0,-148.349,-53300000.0,-0.253,1.0,95700000.0,0.301,1018700000.0,1500000.0,2142700000.0,,202200000.0,868100000.0,857300000.0,10800000.0,1481500000.0,422400000.0,1059100000.0,4262717482.0,37400000.0,16700000.0,3600000.0,415900000.0,0.0,419500000.0,-382700000.0,-347100000.0,-800000.0,1400000.0,-45800000.0,-45800000.0,-45800000.0,0.0,0.0,-0.144,160300000.0,-64600000.0,126600000.0,0.0,2.692,-28.193,-27.726,201200000.0,0.0,20.24,3.54,3.465,232300000.0,-67424500000.0,318200000.0,318200000.0,39800000.0,,,,,4300000.0,83400000.0,1.0,210608571.0,210400000.0,210400000.0,1.512,2046400000.0,26200000.0,-9300000.0,81200000.0,9.726,1382600000.0
61,VIAV,MRQ,2006-03-31,2006-03-31,2006-03-31,2021-08-25,13700000.0,2602800000.0,,1326400000.0,1276400000.0,,7.733,-16800000.0,340000000.0,340000000.0,209000000.0,3700000.0,3.722,0.604,468400000.0,0.0,468400000.0,468400000.0,0.0,31300000.0,0.0,0.0,0.0,7400000.0,38700000.0,0.123,38700000.0,7400000.0,6600000.0,0.02,0.02,0.02,1623100000.0,,1623100000.0,7216634231.0,-34.0,-63.808,-50400000.0,-0.24,1.0,105900000.0,0.336,1036500000.0,800000.0,1338300000.0,,189100000.0,523700000.0,507300000.0,16400000.0,979700000.0,356400000.0,623300000.0,6989834231.0,100400000.0,0.0,19800000.0,0.0,0.0,19800000.0,114100000.0,129500000.0,-33600000.0,100000.0,3700000.0,3700000.0,3700000.0,0.0,0.0,0.012,144900000.0,-39000000.0,92200000.0,0.0,4.306,-27.837,-25.083,202000000.0,0.0,33.36,6.613,6.625,216000000.0,-67378700000.0,314900000.0,314900000.0,41300000.0,,,,,4100000.0,88200000.0,1.0,209527405.0,209900000.0,224300000.0,1.5,1566300000.0,16000000.0,2900000.0,50500000.0,7.462,970000000.0
62,VIAV,MRQ,2005-12-31,2005-12-31,2005-12-31,2021-08-25,8900000.0,2611400000.0,,1324800000.0,1286600000.0,,7.686,13300000.0,241000000.0,241000000.0,218000000.0,-42100000.0,3.313,0.641,467800000.0,0.0,467800000.0,467800000.0,0.0,29200000.0,0.0,0.0,0.0,-40900000.0,-11700000.0,-0.037,-11700000.0,-40900000.0,-41600000.0,-0.2,-0.2,-0.2,1590900000.0,,1590900000.0,4204988145.0,-16.0,-23.13,12900000.0,0.062,1.0,94900000.0,0.303,1050000000.0,700000.0,1388300000.0,,181200000.0,616800000.0,599300000.0,17500000.0,1020500000.0,399900000.0,620600000.0,3899688145.0,78700000.0,-8200000.0,100000.0,0.0,0.0,100000.0,78800000.0,70800000.0,-400000.0,200000.0,-42100000.0,-42100000.0,-42100000.0,0.0,0.0,-0.135,144100000.0,-49200000.0,124900000.0,0.0,2.451,-13.291,-11.874,198300000.0,0.0,18.88,4.293,4.302,223400000.0,-67382400000.0,312900000.0,312900000.0,40700000.0,,,,,3400000.0,83300000.0,1.0,206551279.0,207000000.0,207000000.0,1.512,1561400000.0,15400000.0,500000.0,45400000.0,7.543,924900000.0
63,VIAV,MRQ,2005-09-30,2005-09-30,2005-09-30,2021-08-25,14300000.0,2545100000.0,,1285600000.0,1259500000.0,,7.997,-11200000.0,161900000.0,161900000.0,214300000.0,-67000000.0,3.909,0.61,467200000.0,0.0,467200000.0,467200000.0,0.0,24900000.0,0.0,0.0,0.0,-60800000.0,-35900000.0,-0.139,-35900000.0,-60800000.0,-61500000.0,-0.34,-0.34,-0.34,1581000000.0,,1581000000.0,3623484053.0,-13.0,-17.815,-57600000.0,-0.291,1.0,44000000.0,0.17,1015500000.0,700000.0,1506000000.0,,164600000.0,686200000.0,665600000.0,20600000.0,964100000.0,328900000.0,635200000.0,3667784053.0,-358300000.0,-456600000.0,4700000.0,0.0,0.0,4700000.0,-316900000.0,163200000.0,-46400000.0,300000.0,-67000000.0,-67000000.0,-67000000.0,0.0,0.0,-0.259,139200000.0,-95200000.0,98500000.0,0.0,2.32,-12.548,-10.896,207000000.0,0.0,17.76,4.727,4.525,214300000.0,-67340300000.0,258300000.0,258300000.0,33700000.0,,,,,3200000.0,70400000.0,1.0,206519372.0,197700000.0,197700000.0,1.307,1529600000.0,13700000.0,5500000.0,42400000.0,7.737,956700000.0
64,VIAV,MRQ,2005-06-30,2005-06-30,2005-06-30,2021-08-25,9100000.0,2089900000.0,,1591700000.0,498200000.0,,7.34,-20900000.0,511200000.0,511200000.0,156200000.0,-145700000.0,6.61,0.572,475400000.0,0.0,475400000.0,475400000.0,0.0,15500000.0,0.0,0.0,0.0,-119700000.0,-104200000.0,-0.61,-104200000.0,-119700000.0,-135800000.0,-0.81,-0.81,-0.81,1329700000.0,,1329700000.0,2366367109.0,-9.0,-12.415,-51500000.0,-0.284,1.0,14700000.0,0.086,285100000.0,16100000.0,1528200000.0,,97400000.0,822500000.0,793300000.0,29200000.0,760200000.0,240800000.0,519400000.0,2201167109.0,209500000.0,-32700000.0,200000.0,0.0,0.0,200000.0,239900000.0,288500000.0,-30600000.0,0.0,-145700000.0,-145700000.0,-145700000.0,0.0,0.0,-0.853,144200000.0,-129500000.0,75100000.0,0.0,1.655,-8.424,-8.386,162100000.0,0.0,12.16,3.091,3.085,102300000.0,-67273300000.0,170900000.0,170900000.0,22300000.0,,,,,500000.0,38600000.0,1.0,181017032.0,181150000.0,181150000.0,0.943,1804800000.0,11700000.0,9900000.0,32200000.0,9.963,1350900000.0
65,VIAV,MRQ,2005-03-31,2005-03-31,2005-03-31,2021-08-25,-24000000.0,2184600000.0,,1686900000.0,497700000.0,,7.966,400000.0,301300000.0,301300000.0,141500000.0,-38600000.0,6.262,0.517,466500000.0,0.0,466500000.0,466500000.0,0.0,15800000.0,0.0,0.0,0.0,-45800000.0,-30000000.0,-0.18,-30000000.0,-45800000.0,-40400000.0,-0.24,-0.24,-0.24,1440500000.0,,1440500000.0,2564324461.0,-15.0,-22.144,-19500000.0,-0.108,1.0,24800000.0,0.149,287200000.0,-5400000.0,1793200000.0,,118600000.0,1119300000.0,1078900000.0,40400000.0,744100000.0,269400000.0,474700000.0,2412624461.0,-12900000.0,0.0,5800000.0,0.0,0.0,5800000.0,600000.0,200000.0,-19900000.0,600000.0,-38600000.0,-38600000.0,-38600000.0,0.0,0.0,-0.232,67400000.0,-42600000.0,69700000.0,0.0,1.675,-17.572,-18.556,164300000.0,0.0,13.36,3.371,3.375,112300000.0,-67127600000.0,166300000.0,166300000.0,22500000.0,,,,,0.0,38000000.0,1.0,180585663.0,180838000.0,180838000.0,0.92,1897400000.0,8400000.0,-1800000.0,30200000.0,10.492,1417500000.0
66,VIAV,MRQ,2004-12-31,2004-12-31,2004-12-31,2021-08-25,-8700000.0,2255700000.0,,1738500000.0,517200000.0,,8.25,-8800000.0,314200000.0,314200000.0,150700000.0,-41000000.0,5.946,0.515,465900000.0,0.0,465900000.0,465900000.0,0.0,14900000.0,0.0,0.0,0.0,-48200000.0,-33300000.0,-0.184,-33300000.0,-48200000.0,-42900000.0,-0.24,-0.24,-0.24,1489200000.0,,1489200000.0,4648305687.0,-32.0,-53.429,-40500000.0,-0.224,1.0,29800000.0,0.165,292700000.0,-5300000.0,1822300000.0,,121400000.0,1144500000.0,1102200000.0,42300000.0,766500000.0,292400000.0,474100000.0,4577505687.0,-81500000.0,0.0,1800000.0,0.0,0.0,1800000.0,-50600000.0,-40500000.0,-31700000.0,-1000000.0,-41000000.0,-41000000.0,-41000000.0,0.0,0.0,-0.227,76500000.0,-46700000.0,72300000.0,0.0,3.074,-43.184,-45.286,171800000.0,0.0,25.36,6.439,6.439,113600000.0,-67089000000.0,180500000.0,180500000.0,24400000.0,,,,,100000.0,43500000.0,1.0,180501013.0,180512000.0,180512000.0,1.0,1963000000.0,11900000.0,-1900000.0,35400000.0,10.875,1446100000.0
67,VIAV,MRQ,2004-09-30,2004-09-30,2004-09-30,2021-08-25,-7700000.0,2315300000.0,,1778500000.0,536800000.0,,8.484,-6500000.0,394400000.0,394400000.0,151600000.0,-36000000.0,5.697,0.514,465200000.0,0.0,465200000.0,465200000.0,0.0,15100000.0,0.0,0.0,0.0,-38200000.0,-23100000.0,-0.119,-23100000.0,-38200000.0,-35500000.0,-0.16,-0.16,-0.16,1529600000.0,,1529600000.0,5001000223.0,-33.0,-52.476,-64200000.0,-0.356,1.0,42900000.0,0.221,298000000.0,-2700000.0,1775900000.0,,126200000.0,1107000000.0,1068900000.0,38100000.0,785700000.0,312200000.0,473500000.0,4863800223.0,66900000.0,-10900000.0,6700000.0,-500000.0,0.0,6200000.0,117300000.0,134700000.0,-57700000.0,1100000.0,-36000000.0,-36000000.0,-36000000.0,0.0,0.0,-0.185,76200000.0,-33300000.0,58700000.0,0.0,3.18,-39.383,-42.125,190700000.0,0.0,26.96,7.121,7.117,128800000.0,-67048000000.0,194500000.0,194500000.0,24500000.0,,,,,100000.0,37200000.0,1.0,180408020.0,180300000.0,180300000.0,1.079,2017300000.0,11900000.0,500000.0,41100000.0,11.189,1466300000.0
68,VIAV,MRQ,2004-06-30,2004-06-30,2004-06-30,2021-08-25,4600000.0,2392200000.0,,1851700000.0,540500000.0,,8.745,-41900000.0,327500000.0,327500000.0,143000000.0,-21700000.0,5.931,0.523,464700000.0,0.0,464700000.0,464700000.0,0.0,13600000.0,0.0,0.0,0.0,-43000000.0,-29400000.0,-0.168,-29400000.0,-43000000.0,-19800000.0,-0.08,-0.08,-0.08,1571100000.0,,1571100000.0,5326305979.0,-34.0,-54.019,-65800000.0,-0.366,1.0,31500000.0,0.181,286200000.0,-23200000.0,1931000000.0,,125000000.0,1263600000.0,1221200000.0,42400000.0,821100000.0,312200000.0,508900000.0,5458205979.0,-269200000.0,500000.0,1200000.0,0.0,0.0,1200000.0,-245500000.0,-201200000.0,-23900000.0,-1000000.0,-21700000.0,-21700000.0,-21700000.0,0.0,0.0,-0.124,58000000.0,-26500000.0,74100000.0,0.0,3.474,-47.257,-47.375,195600000.0,0.0,30.32,8.583,8.563,112700000.0,-67012000000.0,174500000.0,174500000.0,25100000.0,,,,,-200000.0,33500000.0,1.0,180019986.0,179666000.0,179666000.0,0.971,2106000000.0,17800000.0,1900000.0,45500000.0,11.722,1539500000.0
69,VIAV,MRQ,2004-03-31,2004-03-31,2004-03-31,2021-08-25,30800000.0,2464000000.0,,1957600000.0,506400000.0,,8.995,-2500000.0,596000000.0,596000000.0,121000000.0,-7300000.0,5.595,0.524,464100000.0,0.0,464100000.0,464100000.0,0.0,13400000.0,0.0,0.0,0.0,-14600000.0,-1200000.0,-0.007,-1200000.0,-14600000.0,-14600000.0,-0.08,-0.08,-0.08,1617200000.0,,1617200000.0,5707606162.0,-27.0,-36.587,-34900000.0,-0.194,1.0,40400000.0,0.25,243800000.0,0.0,1738400000.0,,104400000.0,1102500000.0,1061200000.0,41300000.0,846800000.0,349900000.0,496900000.0,5844506162.0,-4500000.0,0.0,10300000.0,0.0,0.0,10300000.0,17400000.0,17700000.0,-32400000.0,200000.0,-7300000.0,-7300000.0,-7300000.0,0.0,0.0,-0.045,77300000.0,-36900000.0,60500000.0,0.0,3.614,-37.585,-37.0,191900000.0,0.0,32.56,9.396,9.411,111200000.0,-66990300000.0,161400000.0,161400000.0,25600000.0,,,,,200000.0,35600000.0,1.0,179499575.0,179787000.0,179787000.0,0.898,2220200000.0,50900000.0,-7300000.0,88400000.0,12.349,1607700000.0
70,VIAV,MRQ,2003-12-31,2003-12-31,2003-12-31,2021-08-25,20900000.0,2453300000.0,,1922700000.0,530600000.0,,8.943,8700000.0,600500000.0,600500000.0,120500000.0,-58500000.0,5.473,0.529,463600000.0,0.0,463600000.0,463600000.0,0.0,14400000.0,0.0,0.0,0.0,-56000000.0,-41600000.0,-0.273,-41600000.0,-56000000.0,-56000000.0,-0.32,-0.32,-0.32,1604100000.0,,1604100000.0,5055125140.0,-16.0,-19.84,16100000.0,0.09,1.0,32100000.0,0.21,246700000.0,0.0,1718400000.0,,86100000.0,1089800000.0,1047100000.0,42700000.0,849200000.0,351300000.0,497900000.0,5223125140.0,432500000.0,0.0,800000.0,462500000.0,0.0,463300000.0,-37300000.0,-46000000.0,7400000.0,-900000.0,-58500000.0,-58500000.0,-58500000.0,0.0,0.0,-0.383,110400000.0,-78300000.0,47400000.0,0.0,3.256,-18.327,-18.2,208400000.0,0.0,29.12,8.34,8.34,84500000.0,-66983000000.0,152600000.0,152600000.0,24100000.0,,,,,600000.0,34600000.0,1.0,179365561.0,179375000.0,179375000.0,0.851,2206600000.0,70700000.0,2500000.0,80500000.0,12.302,1571400000.0
71,VIAV,MRQ,2003-09-30,2003-09-30,2003-09-30,2021-08-25,29300000.0,2059000000.0,,1432600000.0,626400000.0,,9.318,-30700000.0,168000000.0,168000000.0,115600000.0,-28100000.0,4.054,0.233,0.0,0.0,0.0,0.0,0.0,14500000.0,0.0,0.0,0.0,-41000000.0,-26500000.0,-0.18,-26500000.0,-41000000.0,-41000000.0,-0.16,-0.16,-0.16,1669500000.0,,1669500000.0,4921432879.0,-10.0,-12.074,-107800000.0,-0.602,1.0,31800000.0,0.216,250600000.0,0.0,1287000000.0,,74300000.0,1039900000.0,992200000.0,47700000.0,389500000.0,353400000.0,36100000.0,5163332879.0,-73900000.0,-1600000.0,6500000.0,0.0,0.0,6500000.0,-3600000.0,28700000.0,-77100000.0,300000.0,-28100000.0,-28100000.0,-28100000.0,0.0,0.0,-0.191,70900000.0,-39100000.0,35400000.0,0.0,3.093,-11.698,-11.613,294000000.0,0.0,28.8,8.192,8.187,105100000.0,-66924600000.0,147400000.0,147400000.0,24700000.0,,,,,1200000.0,41000000.0,1.0,179282392.0,179175000.0,179175000.0,0.823,1808400000.0,87600000.0,-12900000.0,83400000.0,10.093,1079200000.0
72,VIAV,MRQ,2003-06-30,2003-06-30,2003-06-30,2021-08-25,10600000.0,2137800000.0,,1514600000.0,623200000.0,,9.361,-20100000.0,241900000.0,241900000.0,121600000.0,-61600000.0,3.582,0.279,0.0,0.0,0.0,0.0,0.0,13400000.0,0.0,0.0,0.0,-100100000.0,-86700000.0,-0.54,-86700000.0,-100100000.0,-67600000.0,-0.32,-0.32,-0.32,1671100000.0,,1671100000.0,4764927988.0,-5.0,-5.454,-62100000.0,-0.348,1.0,39000000.0,0.243,254400000.0,-32500000.0,1218700000.0,,84100000.0,1039700000.0,992200000.0,47500000.0,466700000.0,422800000.0,43900000.0,5005627988.0,6000000.0,21800000.0,3000000.0,-200000.0,0.0,2800000.0,41600000.0,40100000.0,-42000000.0,-1200000.0,-61600000.0,-61600000.0,-61600000.0,0.0,0.0,-0.384,102600000.0,-63600000.0,48600000.0,0.0,2.995,-5.36,-5.303,283400000.0,0.0,28.0,7.406,7.352,97500000.0,-66896500000.0,160600000.0,160600000.0,32100000.0,,,,,3100000.0,58300000.0,1.0,178772428.0,178513000.0,178513000.0,0.9,1883400000.0,75900000.0,-6000000.0,75900000.0,10.55,1091800000.0
73,VIAV,MRQ,2003-03-31,2003-03-31,2003-03-31,2021-08-25,-8500000.0,2209300000.0,,1583000000.0,626300000.0,,9.603,-9800000.0,240700000.0,240700000.0,142900000.0,-136800000.0,3.447,0.294,0.0,0.0,0.0,0.0,0.0,18200000.0,0.0,0.0,0.0,-118200000.0,-100000000.0,-0.604,-100000000.0,-118200000.0,-118200000.0,-0.8,-0.8,-0.8,1707700000.0,,1707700000.0,3816730557.0,-2.0,-2.126,-60700000.0,-0.341,1.0,22800000.0,0.138,250000000.0,0.0,1259300000.0,,99700000.0,1077300000.0,1025000000.0,52300000.0,501600000.0,459300000.0,42300000.0,4033730557.0,23700000.0,-21800000.0,8700000.0,0.0,0.0,8700000.0,64500000.0,96400000.0,-50900000.0,1400000.0,-136800000.0,-136800000.0,-136800000.0,0.0,0.0,-0.826,138000000.0,-115200000.0,59700000.0,0.0,2.362,-2.107,-2.08,289700000.0,0.0,22.8,5.473,5.501,102500000.0,-66834900000.0,165700000.0,165700000.0,36800000.0,,,,,20000000.0,70000000.0,1.0,176918007.0,177825000.0,177825000.0,0.932,1959300000.0,65400000.0,18600000.0,57900000.0,11.018,1123700000.0
74,VIAV,MRQ,2002-12-31,2002-12-31,2002-12-31,2021-08-25,-18100000.0,2325100000.0,,1660900000.0,664200000.0,,10.062,-2400000.0,217000000.0,217000000.0,171000000.0,-214900000.0,3.301,0.307,0.0,0.0,0.0,0.0,0.0,19600000.0,0.0,0.0,0.0,-214000000.0,-194400000.0,-1.241,-194400000.0,-214000000.0,-214000000.0,-1.2,-1.2,-1.2,1779300000.0,,1779300000.0,3259069112.0,-1.0,-0.58,-62600000.0,-0.354,1.0,-14400000.0,-0.092,206600000.0,0.0,1398400000.0,,95700000.0,1177300000.0,1114000000.0,63300000.0,545800000.0,503100000.0,42700000.0,3494169112.0,-18100000.0,-1500000.0,700000.0,-100000.0,0.0,600000.0,42400000.0,45000000.0,-60200000.0,-900000.0,-214900000.0,-214900000.0,-214900000.0,0.0,0.0,-1.372,194200000.0,-208600000.0,63900000.0,0.0,1.964,-0.571,-0.554,359700000.0,0.0,19.76,4.194,4.194,92800000.0,-66698100000.0,156600000.0,156600000.0,40100000.0,,,,,12800000.0,73200000.0,1.0,176830421.0,176838000.0,176838000.0,0.886,2118500000.0,141200000.0,900000.0,57600000.0,11.98,1157800000.0
75,VIAV,MRQ,2002-09-30,2002-09-30,2002-09-30,2021-08-25,-59500000.0,2433300000.0,,1724300000.0,709000000.0,,10.985,-14900000.0,235100000.0,235100000.0,185000000.0,-520500000.0,3.771,0.255,0.0,0.0,0.0,0.0,0.0,28000000.0,0.0,0.0,0.0,-520500000.0,-492500000.0,-2.552,-492500000.0,-520500000.0,-520500000.0,-2.96,-2.96,-2.96,1939200000.0,,1939200000.0,2337748184.0,0.0,-0.342,-71300000.0,-0.404,1.0,8000000.0,0.041,212200000.0,0.0,1528800000.0,,105700000.0,1196400000.0,1121700000.0,74700000.0,494100000.0,457200000.0,36900000.0,2743348184.0,-177300000.0,-4500000.0,9000000.0,-500000.0,0.0,8500000.0,-125300000.0,-106700000.0,-56400000.0,-4100000.0,-520500000.0,-520500000.0,-520500000.0,0.0,0.0,-2.697,521300000.0,-513300000.0,64600000.0,0.0,1.415,-0.341,-0.328,389200000.0,0.0,15.52,2.85,2.846,110900000.0,-66483200000.0,193000000.0,193000000.0,44700000.0,,,,,15000000.0,65800000.0,1.0,176762125.0,176537000.0,176537000.0,1.093,2221100000.0,141500000.0,0.0,57800000.0,12.581,1267100000.0
76,VIAV,MRQ,2002-06-30,2002-06-30,2002-06-30,2021-08-25,-23800000.0,3004500000.0,,1857300000.0,1147200000.0,,14.485,-8900000.0,412400000.0,412400000.0,252100000.0,-1042500000.0,3.849,0.216,0.0,0.0,0.0,0.0,0.0,143000000.0,0.0,0.0,0.0,-1151300000.0,-1008300000.0,-4.548,-1008300000.0,-1151300000.0,-1151300000.0,-6.0,-6.0,-6.0,2471400000.0,,2471400000.0,3310521265.0,0.0,-0.483,4800000.0,0.028,1.0,-30400000.0,-0.137,509700000.0,0.0,1599900000.0,,110000000.0,1133600000.0,1038000000.0,95600000.0,533100000.0,482500000.0,50600000.0,3635421265.0,86900000.0,-55900000.0,3700000.0,-200000.0,0.0,3500000.0,64100000.0,-174900000.0,13700000.0,5600000.0,-1042500000.0,-1042500000.0,-1042500000.0,0.0,0.0,-4.702,1025000000.0,-1055400000.0,66200000.0,0.0,1.471,-0.416,-0.411,491500000.0,0.0,21.36,3.31,3.268,134400000.0,-65962700000.0,221700000.0,221700000.0,63700000.0,,,,,35800000.0,94200000.0,1.0,170197625.0,170623000.0,170623000.0,1.299,2494800000.0,172300000.0,-108800000.0,75200000.0,14.622,1374800000.0
77,VIAV,MRQ,2002-03-31,2002-03-31,2002-03-31,2021-08-25,-65500000.0,4057700000.0,,2112400000.0,1945300000.0,,19.926,-27100000.0,325500000.0,325500000.0,240100000.0,-4340900000.0,4.12,0.199,600000.0,0.0,600000.0,600000.0,0.0,443500000.0,0.0,0.0,0.0,-4367800000.0,-3924300000.0,-14.99,-3924300000.0,-4367800000.0,-4367800000.0,-25.52,-25.52,-25.52,3384900000.0,,3384900000.0,7784965212.0,0.0,-0.431,-17300000.0,-0.102,1.0,21700000.0,0.083,975300000.0,0.0,2244800000.0,,139300000.0,1341900000.0,1239000000.0,102900000.0,672800000.0,512700000.0,160100000.0,7994565212.0,110200000.0,-6300000.0,15400000.0,-5100000.0,0.0,10300000.0,90800000.0,423800000.0,9800000.0,-700000.0,-4340900000.0,-4340900000.0,-4340900000.0,0.0,0.0,-16.581,4388800000.0,-4367100000.0,75400000.0,0.0,2.362,-0.399,-0.418,820500000.0,0.0,47.12,5.411,5.417,165000000.0,-64920200000.0,261800000.0,261800000.0,57800000.0,,,,,58700000.0,84000000.0,1.0,169663948.0,169875000.0,169875000.0,1.541,3082400000.0,240100000.0,-26900000.0,185500000.0,18.145,1599700000.0
78,VIAV,MRQ,2001-12-31,2001-12-31,2001-12-31,2021-08-25,-14100000.0,8978700000.0,,2455000000.0,6523700000.0,,46.312,-31100000.0,215300000.0,215300000.0,335600000.0,-2130500000.0,3.496,0.166,5700000.0,0.0,5700000.0,5700000.0,0.0,536600000.0,0.0,0.0,0.0,-1952700000.0,-1416100000.0,-4.95,-1416100000.0,-1952700000.0,-1952700000.0,-12.8,-12.8,-12.8,7699900000.0,,7699900000.0,11244403372.0,0.0,-0.211,-36000000.0,-0.217,1.0,-49500000.0,-0.173,5142600000.0,0.0,2924200000.0,,181000000.0,1548700000.0,1437600000.0,111100000.0,1278800000.0,702300000.0,576500000.0,11524403372.0,-75400000.0,-109000000.0,12600000.0,-25400000.0,0.0,-12800000.0,-58100000.0,72300000.0,-4900000.0,400000.0,-2130500000.0,-2130500000.0,-2130500000.0,0.0,0.0,-7.447,1893500000.0,-1943000000.0,92700000.0,0.0,1.497,-0.2,-0.183,957600000.0,0.0,69.44,5.396,5.405,191600000.0,-60579300000.0,286100000.0,286100000.0,64100000.0,,,,,29600000.0,98400000.0,1.0,165962030.0,166262000.0,166262000.0,1.721,3836100000.0,691700000.0,177800000.0,662800000.0,23.073,1752700000.0
79,VIAV,MRQ,2001-09-30,2001-09-30,2001-09-30,2021-08-25,-37100000.0,10928400000.0,,2832100000.0,8096300000.0,,57.655,-55600000.0,290700000.0,290700000.0,343300000.0,-1224400000.0,3.717,0.146,10700000.0,0.0,10700000.0,10700000.0,0.0,522200000.0,0.0,0.0,0.0,-1029200000.0,-507000000.0,-1.543,-507000000.0,-1029200000.0,-1029200000.0,-7.44,-7.44,-7.44,9532500000.0,,9532500000.0,7619019404.0,0.0,-0.148,11500000.0,0.07,1.0,-14700000.0,-0.045,6564200000.0,0.0,3322200000.0,,232100000.0,1600100000.0,1463400000.0,136700000.0,1395900000.0,762000000.0,633900000.0,8369019404.0,-472100000.0,-5700000.0,33400000.0,-2100000.0,0.0,31300000.0,-569500000.0,-502900000.0,67100000.0,-1000000.0,-1224400000.0,-1224400000.0,-1224400000.0,0.0,0.0,-3.726,903800000.0,-918500000.0,94400000.0,0.0,0.878,-0.149,-0.135,976800000.0,0.0,50.56,3.016,3.013,260700000.0,-58448800000.0,328600000.0,328600000.0,69200000.0,,,,,23800000.0,106300000.0,1.0,165526491.0,165338000.0,165338000.0,1.987,4364200000.0,891200000.0,195200000.0,678600000.0,26.396,2070100000.0
80,VIAV,MRQ,2001-06-30,2001-06-30,2001-06-30,2021-08-25,-24400000.0,12245400000.0,,3036300000.0,9209100000.0,,78.443,-127200000.0,762800000.0,762800000.0,926000000.0,-12362000000.0,3.578,0.144,1200000.0,1200000.0,0.0,1200000.0,0.0,1095800000.0,0.0,0.0,0.0,-13296200000.0,-12200400000.0,-20.297,-12200400000.0,-13296200000.0,-13296200000.0,-67.04,-67.04,-67.04,10706500000.0,,10706500000.0,16339686262.0,0.0,-0.321,-62500000.0,-0.458,1.0,-324900000.0,-0.541,7045600000.0,0.0,3589700000.0,,287600000.0,1218400000.0,1049400000.0,169000000.0,1538900000.0,848500000.0,690400000.0,16452786262.0,626100000.0,-58900000.0,16100000.0,-4000000.0,0.0,12100000.0,544400000.0,740600000.0,64700000.0,4900000.0,-12362000000.0,-12362000000.0,-12362000000.0,0.0,0.0,-20.566,11877700000.0,-12202600000.0,190600000.0,0.0,1.537,-0.293,-0.243,1173000000.0,0.0,100.0,5.089,4.222,477600000.0,-57224400000.0,601100000.0,601100000.0,94300000.0,,,,,173800000.0,155400000.0,1.0,164527863.0,136488000.0,136488000.0,4.404,5199800000.0,1177700000.0,-934200000.0,766000000.0,38.097,2187800000.0
81,VIAV,MRQ,2001-03-31,2001-03-31,2001-03-31,2021-08-25,-668100000.0,24174900000.0,,3503700000.0,20671200000.0,,154.99,-260400000.0,136700000.0,136700000.0,494200000.0,-41847900000.0,3.13,0.092,23600000.0,0.0,23600000.0,23600000.0,0.0,2165200000.0,0.0,0.0,0.0,-41379100000.0,-39213900000.0,-42.619,-39213900000.0,-41379100000.0,-41379100000.0,-293.04,-293.04,-293.04,22134400000.0,,22134400000.0,17523298793.0,0.0,-0.451,-427900000.0,-2.996,1.0,425900000.0,0.463,18348600000.0,0.0,4593800000.0,,672900000.0,2040300000.0,1836200000.0,204100000.0,2040500000.0,1119400000.0,921100000.0,17926198793.0,-293400000.0,303000000.0,81900000.0,-5800000.0,0.0,76100000.0,-199100000.0,-248200000.0,-167500000.0,-2900000.0,-41847900000.0,-41847900000.0,-41847900000.0,0.0,0.0,-45.482,42819900000.0,-42394000000.0,285000000.0,0.0,0.81,-0.406,-0.47,1193200000.0,0.0,147.52,5.681,6.676,705400000.0,-44862400000.0,920100000.0,920100000.0,98000000.0,,,,,21500000.0,440800000.0,1.0,121517074.0,142812000.0,142812000.0,6.443,5826300000.0,989600000.0,468800000.0,1277100000.0,40.797,2384300000.0
82,VIAV,MRQ,2000-12-31,2000-12-30,2000-12-30,2021-08-25,-35100000.0,24945200000.0,,2397000000.0,22548200000.0,,193.427,-203000000.0,430100000.0,430100000.0,449800000.0,-895400000.0,3.531,0.071,27200000.0,0.0,27200000.0,27200000.0,0.0,1142100000.0,0.0,0.0,0.0,-845800000.0,296300000.0,0.32,296300000.0,-845800000.0,-845800000.0,-7.44,-7.44,-7.44,23290900000.0,,23290900000.0,39904494081.0,-16.0,93.783,-69000000.0,-0.573,1.0,475300000.0,0.514,20018300000.0,0.0,3845100000.0,,493900000.0,1594200000.0,700600000.0,893600000.0,1654300000.0,678900000.0,975400000.0,40086494081.0,216800000.0,-3200000.0,70000000.0,-13400000.0,0.0,56600000.0,23500000.0,222200000.0,134000000.0,2700000.0,-895400000.0,-895400000.0,-895400000.0,0.0,0.0,-0.968,1281000000.0,-805700000.0,232900000.0,0.0,1.721,-15.588,-14.426,930700000.0,0.0,333.52,15.241,15.269,631900000.0,-3014600000.0,925100000.0,925100000.0,71200000.0,,,,,-44700000.0,105700000.0,1.0,120192175.0,120412000.0,120412000.0,7.683,4926900000.0,751100000.0,49600000.0,1015200000.0,40.917,1718100000.0
83,VIAV,MRQ,2000-09-30,2000-09-30,2000-09-30,2021-08-25,-34000000.0,25668000000.0,,2138400000.0,23529600000.0,,203.55,-144700000.0,213300000.0,213300000.0,436700000.0,-1016600000.0,3.713,0.066,31300000.0,0.0,31300000.0,31300000.0,0.0,1139300000.0,0.0,0.0,0.0,-972700000.0,166600000.0,0.212,166600000.0,-972700000.0,-972700000.0,-8.56,-8.56,-8.56,24085100000.0,,24085100000.0,90418036212.0,-53.0,420.941,-122700000.0,-1.037,1.0,349800000.0,0.445,21082000000.0,0.0,3828100000.0,,394500000.0,1871400000.0,931600000.0,939800000.0,1582900000.0,575900000.0,1007000000.0,90696036212.0,-105700000.0,-65200000.0,249700000.0,-3400000.0,0.0,246300000.0,-372100000.0,-144200000.0,22000000.0,-1900000.0,-1016600000.0,-1016600000.0,-1016600000.0,0.0,0.0,-1.293,1294900000.0,-945100000.0,161200000.0,0.0,3.766,-50.178,-44.042,770500000.0,0.0,757.52,45.649,45.115,493800000.0,-2119200000.0,786500000.0,786500000.0,62400000.0,,,,,44700000.0,116200000.0,1.0,119727580.0,118325000.0,118325000.0,6.647,4586000000.0,769100000.0,43900000.0,1021900000.0,38.758,1562500000.0
84,VIAV,MRQ,2000-06-30,2000-06-30,2000-06-30,2021-08-25,-17200000.0,26389100000.0,,1972900000.0,24416200000.0,,262.46,-121400000.0,319000000.0,319000000.0,285000000.0,-418800000.0,3.048,0.065,41000000.0,0.0,41000000.0,41000000.0,0.0,309700000.0,0.0,0.0,0.0,-401700000.0,-92000000.0,-0.176,-92000000.0,-401700000.0,-401700000.0,-4.56,-4.56,-4.56,24778600000.0,,24778600000.0,71363703923.0,-86.0,590.271,-33400000.0,-0.354,1.0,239000000.0,0.456,22337800000.0,0.0,3126100000.0,,375400000.0,1556200000.0,795300000.0,760900000.0,1610500000.0,647200000.0,963300000.0,71501903923.0,180800000.0,191500000.0,35700000.0,-45100000.0,0.0,-9400000.0,106900000.0,37600000.0,88000000.0,-4700000.0,-418800000.0,-418800000.0,-418800000.0,0.0,0.0,-0.799,649800000.0,-410800000.0,195200000.0,0.0,2.886,-79.034,-94.394,670700000.0,0.0,959.04,49.987,59.579,381600000.0,-1102500000.0,524000000.0,524000000.0,41300000.0,,,,,48000000.0,62200000.0,1.0,74555706.0,94409000.0,94409000.0,5.55,4051300000.0,713200000.0,17100000.0,1010900000.0,42.912,1325700000.0
85,VIAV,MRQ,2000-03-31,2000-03-31,2000-03-31,2021-08-25,-7800000.0,7943500000.0,,1464600000.0,6478900000.0,,76.6,-77500000.0,138200000.0,138200000.0,202100000.0,-240900000.0,4.758,0.11,0.0,0.0,0.0,0.0,0.0,268200000.0,0.0,0.0,0.0,-213600000.0,54600000.0,0.138,54600000.0,-213600000.0,-213600000.0,-2.56,-2.56,-2.56,7158300000.0,,7158300000.0,60183257002.0,-98.0,1780.57,14600000.0,0.156,1.0,192500000.0,0.488,5827600000.0,0.0,1669900000.0,,197100000.0,824300000.0,824300000.0,0.0,785200000.0,307800000.0,477400000.0,60315557002.0,5900000.0,40300000.0,23400000.0,0.0,0.0,23400000.0,-109600000.0,-71900000.0,92100000.0,0.0,-240900000.0,-240900000.0,-240900000.0,0.0,0.0,-0.61,416100000.0,-223600000.0,79500000.0,0.0,8.426,-88.647,-93.457,449800000.0,0.0,964.48,60.71,90.72,261900000.0,-683800000.0,394600000.0,394600000.0,33300000.0,,,,,-27700000.0,49100000.0,1.0,62536866.0,93450000.0,93450000.0,4.223,2115900000.0,220800000.0,27300000.0,505800000.0,22.642,1156800000.0
86,VIAV,MRQ,1999-12-31,1999-12-31,1999-12-31,2021-08-25,-6000000.0,5186400000.0,,1228300000.0,3958100000.0,,54.008,-41500000.0,132300000.0,132300000.0,139200000.0,-131200000.0,5.525,0.113,0.0,0.0,0.0,0.0,0.0,192600000.0,0.0,0.0,0.0,-107000000.0,85600000.0,0.304,85600000.0,-107000000.0,-107000000.0,-1.52,-1.52,-1.52,4661500000.0,,4661500000.0,35994195083.0,-94.0,6791.358,20100000.0,0.233,1.0,142500000.0,0.506,3690400000.0,0.0,1141400000.0,,134700000.0,752800000.0,752800000.0,0.0,524900000.0,222300000.0,302600000.0,36489795083.0,-363300000.0,-110300000.0,25800000.0,0.0,0.0,25800000.0,-450700000.0,-299400000.0,61600000.0,0.0,-131200000.0,-131200000.0,-131200000.0,0.0,0.0,-0.466,260200000.0,-117700000.0,70000000.0,0.0,7.828,-85.516,-86.726,256500000.0,0.0,645.24,54.187,82.703,185200000.0,-443000000.0,281700000.0,281700000.0,21600000.0,,,,,16000000.0,33800000.0,1.0,56552283.0,86312000.0,86312000.0,3.264,1496000000.0,23700000.0,24200000.0,317100000.0,17.332,1006000000.0
87,VIAV,MRQ,1999-09-30,1999-09-28,1999-09-28,2021-08-25,2400000.0,4745400000.0,,1218700000.0,3526700000.0,,50.86,-34900000.0,495600000.0,495600000.0,125200000.0,-113900000.0,8.19,0.108,0.0,0.0,0.0,0.0,0.0,180200000.0,0.0,0.0,0.0,-107600000.0,72600000.0,0.316,72600000.0,-107600000.0,-107600000.0,-1.36,-1.36,-1.36,4284300000.0,,4284300000.0,12717224533.0,-47.0,-188.125,4500000.0,0.053,1.0,104900000.0,0.456,3311300000.0,0.0,789700000.0,,98000000.0,463600000.0,463600000.0,0.0,461100000.0,148800000.0,312300000.0,12792642533.0,420200000.0,-21600000.0,742300000.0,0.0,0.0,742300000.0,-361500000.0,-304900000.0,39400000.0,0.0,-113900000.0,-113900000.0,-113900000.0,0.0,0.0,-0.495,218000000.0,-113100000.0,51700000.0,0.0,2.986,-43.646,-39.918,209200000.0,0.0,233.12,28.085,43.112,140200000.0,-311800000.0,230100000.0,230100000.0,17200000.0,,,,,12000000.0,27900000.0,1.0,54875783.0,84237000.0,84237000.0,2.732,1434100000.0,17800000.0,6300000.0,321800000.0,17.025,1069900000.0
88,VIAV,MRQ,1999-06-30,1999-06-30,1999-06-30,2021-08-25,-5700000.0,4096100000.0,,463600000.0,3632500000.0,,89.476,-14200000.0,75400000.0,75400000.0,40000000.0,-194400000.0,3.116,0.132,0.0,0.0,0.0,0.0,0.0,8300000.0,0.0,0.0,0.0,-187300000.0,-179000000.0,-2.055,-179000000.0,-187300000.0,-187300000.0,-4.88,-4.88,-4.88,3619300000.0,,3619300000.0,6675180766.0,-45.0,-56.141,12400000.0,0.307,1.0,47100000.0,0.541,3444200000.0,0.0,427700000.0,,87900000.0,158500000.0,158500000.0,0.0,476800000.0,148800000.0,328000000.0,6706499766.0,51300000.0,38700000.0,2100000.0,0.0,0.0,2100000.0,22600000.0,-1700000.0,26600000.0,0.0,-194400000.0,-194400000.0,-194400000.0,0.0,0.0,-2.232,235400000.0,-188300000.0,38100000.0,0.0,1.853,-39.196,-38.426,181100000.0,0.0,166.0,23.715,23.347,120900000.0,-197800000.0,87100000.0,87100000.0,8200000.0,,,,,11900000.0,12900000.0,1.0,40400601.0,40450000.0,39775000.0,2.153,651900000.0,18100000.0,7100000.0,355400000.0,16.116,314800000.0
89,VIAV,MRQ,1999-03-31,1999-03-31,1999-03-31,2021-08-25,0.0,382872000.0,,201905000.0,180967000.0,,8.375,-13400000.0,31319000.0,31319000.0,36300000.0,12800000.0,5.057,0.142,0.0,0.0,0.0,0.0,0.0,7800000.0,0.0,0.0,0.0,18300000.0,26100000.0,0.35,26100000.0,18300000.0,18300000.0,0.32,0.32,0.32,335315000.0,,335315000.0,4542710412.0,9484.0,169.182,-2600000.0,-0.065,1.0,38200000.0,0.513,93540000.0,0.0,218085000.0,,26680000.0,81775000.0,81775000.0,0.0,47557000.0,39928000.0,7629000.0,4569666412.0,2000000.0,-3600000.0,4900000.0,0.0,0.0,4900000.0,-13700000.0,3000000.0,10800000.0,0.0,12800000.0,12800000.0,12800000.0,0.0,0.0,0.172,20800000.0,17400000.0,19566000.0,0.0,13.628,-341.198,-255.822,79800000.0,0.0,115.12,18.465,18.625,51773000.0,-3447000.0,74500000.0,74500000.0,7300000.0,,,,,0.0,9100000.0,1.0,39694809.0,40038000.0,43400000.0,1.861,289332000.0,17985000.0,5500000.0,269000.0,7.226,161977000.0
90,VIAV,MRQ,1998-12-31,1998-12-31,1998-12-31,2021-08-25,0.0,367275000.0,,189555000.0,177720000.0,,7.946,-10400000.0,29331000.0,29331000.0,33500000.0,2400000.0,4.106,0.169,2375000.0,2375000.0,0.0,2375000.0,0.0,6100000.0,0.0,0.0,0.0,6600000.0,12700000.0,0.199,12700000.0,6600000.0,6600000.0,0.08,0.04,0.08,314046000.0,,314046000.0,2659521461.0,-678.0,157.985,3800000.0,0.096,1.0,30300000.0,0.475,100504000.0,0.0,193652000.0,,26180000.0,84905000.0,84905000.0,0.0,53229000.0,46163000.0,7066000.0,2687634461.0,-2200000.0,0.0,4000000.0,0.0,0.0,3500000.0,-19900000.0,-9200000.0,14200000.0,0.0,2400000.0,2400000.0,2400000.0,0.0,0.0,0.038,24500000.0,5800000.0,22207000.0,0.0,8.558,-158.75,-136.039,72733000.0,0.0,69.38,12.167,12.414,39920000.0,-16217000.0,63800000.0,63800000.0,5800000.0,,,,,0.0,8400000.0,1.0,38737885.0,39525000.0,42250000.0,1.614,266771000.0,13702000.0,4200000.0,2017000.0,6.749,143392000.0
91,VIAV,MRQ,1998-09-30,1998-09-30,1998-09-30,2021-08-25,0.0,352949000.0,,179384000.0,173565000.0,,7.781,-8600000.0,31479000.0,31479000.0,28900000.0,8100000.0,4.251,0.16,1916000.0,1916000.0,0.0,1916000.0,0.0,8500000.0,0.0,0.0,0.0,12800000.0,21300000.0,0.371,21300000.0,12800000.0,12800000.0,0.2,0.2,0.2,304250000.0,,304250000.0,1544730920.0,-292.0,135.753,6800000.0,0.174,1.0,28500000.0,0.497,104098000.0,0.0,177094000.0,,24207000.0,75627000.0,75627000.0,0.0,48699000.0,42194000.0,6505000.0,1584531920.0,-9000000.0,-100000.0,5000000.0,0.0,0.0,4900000.0,-29300000.0,-20500000.0,15400000.0,0.0,8100000.0,8100000.0,8100000.0,0.0,0.0,0.141,16600000.0,11900000.0,15815000.0,0.0,5.208,-87.698,-74.545,65246000.0,0.0,41.0,7.822,7.913,40032000.0,-18096000.0,57400000.0,57400000.0,5600000.0,,,,,0.0,7100000.0,1.0,38647120.0,39100000.0,42250000.0,1.468,248851000.0,8542000.0,4700000.0,4550000.0,6.364,137190000.0
92,VIAV,MRQ,1998-06-30,1998-06-30,1998-06-30,2021-08-25,-1330000.0,332871000.0,,168595000.0,164276000.0,,7.697,-6058000.0,33325000.0,33325000.0,29155000.0,-36693000.0,3.574,0.189,0.0,0.0,0.0,0.0,0.0,3972000.0,0.0,0.0,0.0,-37221000.0,-33249000.0,-0.642,-33249000.0,-37221000.0,-37321000.0,-1.05,-1.01,-1.05,280038000.0,,280038000.0,2146365077.0,-265.0,1073.183,7060000.0,0.194,1.0,22622000.0,0.437,102979000.0,100000.0,149400000.0,,22137000.0,62031000.0,62031000.0,0.0,52833000.0,47167000.0,5666000.0,2191866077.0,-12420000.0,-4104000.0,-156000.0,-39000.0,0.0,-569000.0,-24969000.0,-14994000.0,13118000.0,0.0,-36693000.0,-36693000.0,-36693000.0,0.0,0.0,-0.709,60972000.0,-38350000.0,15784000.0,0.0,7.827,-111.83,-112.107,57191000.0,0.0,62.78,11.835,12.017,41922000.0,-26118000.0,51777000.0,51777000.0,4382000.0,,,,,12313000.0,18607000.0,1.0,34913445.0,36383000.0,35450000.0,1.423,229892000.0,10516000.0,-628000.0,7697000.0,6.319,121428000.0
93,VIAV,MRQ,1998-03-31,1998-03-31,1998-03-31,2021-08-25,-578000.0,212358000.0,,155048000.0,57310000.0,,5.064,-7009000.0,45501000.0,45501000.0,23183000.0,9263000.0,5.259,0.182,0.0,0.0,0.0,0.0,0.0,2185000.0,0.0,0.0,0.0,13898000.0,16083000.0,0.336,16083000.0,13898000.0,13898000.0,0.26,0.24,0.26,179714000.0,,179714000.0,1429405582.0,37.0,30.506,5764000.0,0.162,1.0,24739000.0,0.516,9946000.0,0.0,127428000.0,,19256000.0,46958000.0,46958000.0,0.0,32644000.0,29483000.0,3161000.0,1459713582.0,14898000.0,0.0,1733000.0,0.0,0.0,1733000.0,392000.0,7610000.0,12773000.0,0.0,9263000.0,9263000.0,9263000.0,0.0,0.0,0.193,11590000.0,13149000.0,11151000.0,0.0,8.122,53.832,51.926,45407000.0,0.0,42.06,8.41,8.6,30502000.0,8181000.0,47922000.0,47922000.0,4050000.0,,,,,262000.0,7083000.0,1.0,34705506.0,35489000.0,38186000.0,1.35,202412000.0,14788000.0,4635000.0,7156000.0,5.704,125565000.0
94,VIAV,MRQ,1997-12-31,1997-12-31,1997-12-31,2021-08-25,24000.0,195090000.0,,142760000.0,52330000.0,,4.756,-7666000.0,30308000.0,30308000.0,23242000.0,1262000.0,5.697,0.166,0.0,0.0,0.0,0.0,0.0,2004000.0,0.0,0.0,0.0,5241000.0,7245000.0,0.159,7245000.0,5241000.0,5241000.0,0.04,0.03,0.04,167387000.0,,167387000.0,,,,7584000.0,0.215,1.0,22237000.0,0.489,10586000.0,0.0,129136000.0,,19180000.0,54564000.0,54564000.0,0.0,27703000.0,25060000.0,2643000.0,1436113838.0,-2246000.0,-6696000.0,1051000.0,0.0,0.0,925000.0,-18421000.0,-4040000.0,15250000.0,0.0,1262000.0,1262000.0,1262000.0,0.0,0.0,0.028,17756000.0,4481000.0,8609000.0,0.0,8.58,-86.026,-84.449,39996000.0,0.0,41.38,9.413,9.545,25063000.0,-238000.0,45479000.0,45479000.0,3359000.0,,,,,263000.0,7339000.0,1.0,34705506.0,35194000.0,37899000.0,1.292,184504000.0,15393000.0,3979000.0,5512000.0,5.242,117700000.0
95,VIAV,MRQ,1997-09-30,1997-09-30,1997-09-30,2021-08-25,,,,,,,,-4167000.0,,,20520000.0,6568000.0,,,,,,,,1939000.0,,0.0,0.0,9982000.0,11921000.0,0.298,11921000.0,9982000.0,9982000.0,0.19,0.17,0.19,,,,,,,5692000.0,0.162,1.0,19502000.0,0.487,,0.0,,,,,,,,,,,3368000.0,0.0,2272000.0,-6061000.0,0.0,-3789000.0,-2702000.0,1524000.0,9859000.0,0.0,6568000.0,6568000.0,6568000.0,0.0,0.0,0.164,10282000.0,9220000.0,,0.0,,,-92.442,,0.0,39.75,,10.75,,,40022000.0,40022000.0,3009000.0,,,,,262000.0,6788000.0,1.0,,35095000.0,37789000.0,1.14,,,3414000.0,,,
96,VIAV,MRQ,1997-06-30,1997-06-30,1997-06-30,2021-08-25,0.0,177579000.0,,133715000.0,43864000.0,,4.446,-3345000.0,29186000.0,29186000.0,20834000.0,10023000.0,5.28,0.186,6061000.0,6061000.0,0.0,6061000.0,0.0,1787000.0,0.0,0.0,0.0,9820000.0,11607000.0,0.289,11607000.0,9820000.0,9399000.0,0.32,0.32,0.32,149777000.0,,149777000.0,,,,9771000.0,0.29,1.0,19307000.0,0.481,10969000.0,421000.0,118158000.0,,18668000.0,52009000.0,52009000.0,0.0,27802000.0,25327000.0,2475000.0,,5069000.0,-900000.0,1350000.0,0.0,0.0,1224000.0,-9271000.0,-5015000.0,13116000.0,0.0,10023000.0,10023000.0,10023000.0,0.0,0.0,0.25,10533000.0,8774000.0,4781000.0,0.0,,,-56.01,31251000.0,0.0,29.125,,8.667,20317000.0,-7104000.0,40141000.0,40141000.0,3554000.0,,,,,310000.0,6344000.0,1.0,,33691000.0,,1.191,166610000.0,13473000.0,-624000.0,5049000.0,4.945,108388000.0
97,VIAV,MRQ,1997-03-31,1997-03-31,1997-03-31,2021-08-25,,,,,,,,-3549000.0,,,14703000.0,-34547000.0,,,,,,,,801000.0,,0.0,0.0,-32118000.0,-31317000.0,-1.163,-31317000.0,-32118000.0,-32118000.0,-1.04,-1.04,-1.04,,,,,,,-389000.0,,1.0,12225000.0,0.454,,0.0,,,,,,,,,,,-2726000.0,-45000000.0,942000.0,0.0,0.0,942000.0,-6828000.0,41721000.0,3160000.0,0.0,-34547000.0,-34547000.0,-34547000.0,0.0,0.0,-1.283,45220000.0,-32995000.0,,0.0,,,,,0.0,18.5,,,,,26928000.0,26928000.0,2552000.0,,,,,561000.0,8965000.0,1.0,,,,,,,2429000.0,,,
98,VIAV,MRQ,1996-12-31,1996-12-31,1996-12-31,2021-08-25,,,,,,,,,,,12256000.0,3136000.0,,,,,,,,,,0.0,0.0,4649000.0,,,,4649000.0,4649000.0,0.1,0.09,0.1,,,,,,,,,1.0,10427000.0,0.46,,0.0,,,,,,,,,,,,,,,,,,,,,3136000.0,3136000.0,3136000.0,0.0,0.0,0.138,6760000.0,3667000.0,,0.0,,,,,0.0,26.25,,,,,22683000.0,22683000.0,2128000.0,,,,,,4216000.0,1.0,,,,,,,1513000.0,,,
0,VIAV,MRT,2021-06-30,2021-07-03,2021-07-03,2021-08-25,-97200000.0,1961400000.0,1906950000.0,1112100000.0,849300000.0,0.629,3.388,-48000000.0,702100000.0,702100000.0,484500000.0,46100000.0,1.577,1.531,669800000.0,414200000.0,255600000.0,669800000.0,69700000.0,35800000.0,0.0,0.0,0.0,145500000.0,181300000.0,0.151,181300000.0,145500000.0,109400000.0,0.2,0.2,0.2,774800000.0,785350000.0,774800000.0,3935921111.0,27.0,21.709,195300000.0,0.854,1.0,714400000.0,0.596,484500000.0,36100000.0,739600000.0,1005425000.0,94900000.0,1600000.0,1600000.0,0.0,1186600000.0,705000000.0,481600000.0,3994321111.0,161000000.0,-700000.0,-35600000.0,-4100000.0,0.0,-58800000.0,-48700000.0,0.0,243300000.0,25200000.0,46100000.0,46100000.0,46100000.0,0.0,0.0,0.038,572200000.0,142200000.0,63200000.0,0.0,5.155,86.645,87.35,196000000.0,0.0,17.47,3.332,3.333,256500000.0,-69393700000.0,1198900000.0,1198900000.0,203000000.0,0.024,0.059,0.145,0.121,48300000.0,337500000.0,1.0,228638873.0,228700000.0,235900000.0,5.242,1476900000.0,109300000.0,63300000.0,0.0,6.458,407100000.0
1,VIAV,MRT,2021-03-31,2021-04-03,2021-04-03,2021-08-25,-106500000.0,1926800000.0,1860675000.0,1080000000.0,846800000.0,0.621,3.55,-31800000.0,676500000.0,676500000.0,468500000.0,74700000.0,3.955,1.373,618100000.0,0.0,618100000.0,618100000.0,65900000.0,36800000.0,0.0,0.0,0.0,153900000.0,190700000.0,0.165,190700000.0,153900000.0,118300000.0,0.33,0.31,0.33,811800000.0,769500000.0,811800000.0,3629454232.0,24.0,19.032,176100000.0,0.77,1.0,686100000.0,0.594,501000000.0,35600000.0,1094300000.0,1089325000.0,90600000.0,1600000.0,1600000.0,0.0,1115000000.0,273100000.0,841900000.0,3664254232.0,141100000.0,-2700000.0,-25100000.0,-6100000.0,0.0,-56100000.0,-34500000.0,0.0,207900000.0,23800000.0,74700000.0,74700000.0,74700000.0,0.0,0.0,0.065,533300000.0,152800000.0,54800000.0,0.0,4.514,49.053,48.545,180000000.0,0.0,16.02,3.174,3.173,262700000.0,-69380900000.0,1154600000.0,1154600000.0,195900000.0,0.04,0.097,0.141,0.133,44700000.0,298900000.0,1.0,228729977.0,228700000.0,240200000.0,5.049,1425800000.0,113100000.0,43600000.0,0.0,6.234,806900000.0
2,VIAV,MRT,2020-12-31,2021-01-02,2021-01-02,2021-08-25,-102400000.0,1915200000.0,1823525000.0,1046400000.0,868800000.0,0.607,3.501,-34500000.0,647200000.0,647200000.0,456500000.0,30100000.0,3.97,1.391,612400000.0,0.0,612400000.0,612400000.0,61900000.0,37900000.0,0.0,0.0,0.0,133300000.0,171200000.0,0.155,171200000.0,133300000.0,98300000.0,0.14,0.12,0.14,801000000.0,735775000.0,801000000.0,3441781256.0,26.0,20.104,164400000.0,0.719,1.0,650900000.0,0.588,516200000.0,35000000.0,1100600000.0,1081875000.0,88200000.0,1600000.0,1600000.0,0.0,1114200000.0,263600000.0,850600000.0,3429181256.0,92500000.0,-2600000.0,-50800000.0,-6000000.0,0.0,-82000000.0,-37100000.0,0.0,198900000.0,12700000.0,30100000.0,30100000.0,30100000.0,0.0,0.0,0.027,524900000.0,126000000.0,53500000.0,0.0,4.281,113.926,106.964,181700000.0,0.0,14.975,3.097,3.094,251300000.0,-69384800000.0,1107400000.0,1107400000.0,190600000.0,0.017,0.041,0.123,0.12,45400000.0,296400000.0,1.0,228993740.0,228800000.0,231100000.0,4.84,1399000000.0,117000000.0,68200000.0,0.0,6.115,782800000.0
3,VIAV,MRT,2020-09-30,2020-10-03,2020-10-03,2021-08-25,-137500000.0,1824400000.0,1809650000.0,961600000.0,862800000.0,0.62,3.295,-28900000.0,594000000.0,594000000.0,460900000.0,36200000.0,4.227,1.42,606600000.0,0.0,606600000.0,606600000.0,60100000.0,39000000.0,0.0,0.0,0.0,136200000.0,175200000.0,0.156,175200000.0,136200000.0,101800000.0,0.16,0.15,0.16,753800000.0,726600000.0,753800000.0,2757638532.0,20.0,15.74,139300000.0,0.609,1.0,660300000.0,0.589,522300000.0,34400000.0,1087200000.0,1073850000.0,87300000.0,1500000.0,1500000.0,0.0,1070600000.0,227500000.0,843100000.0,2696438532.0,65600000.0,-2500000.0,-42900000.0,-6600000.0,0.0,-79700000.0,-31400000.0,0.0,168200000.0,8500000.0,36200000.0,36200000.0,36200000.0,0.0,0.0,0.032,531600000.0,128700000.0,45200000.0,0.0,3.577,74.487,73.812,175400000.0,0.0,11.81,2.405,2.41,220100000.0,-69389600000.0,1121200000.0,1121200000.0,190900000.0,0.02,0.05,0.127,0.121,46800000.0,303200000.0,1.0,228318250.0,228800000.0,231800000.0,4.9,1302100000.0,110200000.0,65600000.0,0.0,5.691,734100000.0
4,VIAV,MRT,2020-06-30,2020-06-27,2020-06-27,2021-08-25,-165900000.0,1776300000.0,1805475000.0,913600000.0,862700000.0,0.629,3.101,-27300000.0,542500000.0,542500000.0,471000000.0,28700000.0,3.924,1.497,603700000.0,2800000.0,600900000.0,603700000.0,54600000.0,40000000.0,0.0,0.0,0.0,127700000.0,167700000.0,0.148,167700000.0,127700000.0,94000000.0,0.13,0.12,0.13,711400000.0,715175000.0,711400000.0,2908963738.0,23.0,17.346,108300000.0,0.472,1.0,665300000.0,0.585,529500000.0,33700000.0,1075200000.0,1055100000.0,83300000.0,1500000.0,1500000.0,0.0,1064900000.0,232800000.0,832100000.0,2849663738.0,17000000.0,-2500000.0,-38900000.0,-4300000.0,0.0,-71700000.0,-29800000.0,0.0,135600000.0,-17100000.0,28700000.0,28700000.0,28700000.0,0.0,0.0,0.025,547200000.0,118100000.0,53000000.0,0.0,4.006,99.291,96.154,172500000.0,0.0,12.5,2.508,2.524,235500000.0,-69397200000.0,1136300000.0,1136300000.0,193600000.0,0.016,0.04,0.121,0.112,44600000.0,315000000.0,1.0,227973099.0,229400000.0,233700000.0,4.953,1246800000.0,105400000.0,65300000.0,0.0,5.435,680800000.0
5,VIAV,MRT,2020-03-31,2020-03-28,2020-03-28,2021-08-25,-165600000.0,1778200000.0,1815175000.0,914000000.0,864200000.0,0.639,2.943,-28700000.0,536000000.0,536000000.0,479200000.0,14500000.0,3.823,1.627,595300000.0,0.0,595300000.0,595300000.0,55200000.0,40000000.0,0.0,0.0,0.0,114000000.0,154000000.0,0.133,154000000.0,114000000.0,80800000.0,0.06,0.06,0.06,676900000.0,718775000.0,676900000.0,2581095669.0,23.0,16.76,108200000.0,0.47,1.0,680200000.0,0.587,533900000.0,33200000.0,1064500000.0,1034350000.0,87000000.0,1300000.0,1300000.0,0.0,1101300000.0,239100000.0,862200000.0,2546595669.0,25100000.0,-17800000.0,-40500000.0,-3100000.0,0.0,-65600000.0,-21500000.0,25000000.0,136900000.0,-24700000.0,14500000.0,14500000.0,14500000.0,0.0,0.0,0.013,577600000.0,102600000.0,45200000.0,0.0,3.762,175.627,184.333,171100000.0,0.0,11.06,2.196,2.194,235400000.0,-69423200000.0,1159400000.0,1159400000.0,198400000.0,0.008,0.02,0.11,0.098,43000000.0,346900000.0,1.0,230252773.0,230000000.0,230000000.0,5.041,1244300000.0,104500000.0,66300000.0,0.0,5.41,674900000.0
6,VIAV,MRT,2019-12-31,2019-12-28,2019-12-28,2021-08-25,-132500000.0,1859700000.0,1823000000.0,954800000.0,904900000.0,0.641,3.323,-28600000.0,555300000.0,555300000.0,481500000.0,42500000.0,3.646,1.433,589800000.0,0.0,589800000.0,589800000.0,53200000.0,39700000.0,0.0,0.0,0.0,108400000.0,148100000.0,0.127,148100000.0,108400000.0,75600000.0,0.18,0.18,0.18,764300000.0,731625000.0,764300000.0,3529932194.0,33.0,23.835,110400000.0,0.48,1.0,686900000.0,0.588,563800000.0,32800000.0,1068500000.0,1017600000.0,91900000.0,1600000.0,1600000.0,0.0,1095400000.0,261900000.0,833500000.0,3474432194.0,82100000.0,-19400000.0,-7800000.0,-3100000.0,0.0,-31700000.0,-20000000.0,28000000.0,139000000.0,-5200000.0,42500000.0,42500000.0,42500000.0,0.0,0.0,0.036,585500000.0,101400000.0,48900000.0,0.0,4.546,81.751,84.0,173500000.0,0.0,15.12,2.974,2.976,251500000.0,-69357400000.0,1168400000.0,1168400000.0,200300000.0,0.023,0.058,0.107,0.093,42100000.0,350100000.0,1.0,229790489.0,230000000.0,238300000.0,5.08,1295900000.0,106800000.0,33100000.0,0.0,5.634,692900000.0
7,VIAV,MRT,2019-09-30,2019-09-28,2019-09-28,2021-08-25,-161300000.0,1807700000.0,1807625000.0,914200000.0,893500000.0,0.643,3.087,-35000000.0,528800000.0,528800000.0,486200000.0,27500000.0,3.236,1.553,584300000.0,0.0,584300000.0,584300000.0,51200000.0,39600000.0,0.0,0.0,0.0,94100000.0,133700000.0,0.115,133700000.0,94100000.0,61600000.0,0.12,0.12,0.12,708100000.0,718075000.0,708100000.0,3277216802.0,35.0,24.512,107500000.0,0.469,1.0,675400000.0,0.581,568500000.0,32500000.0,1012200000.0,1001000000.0,99400000.0,1500000.0,1500000.0,0.0,1099600000.0,282500000.0,817100000.0,3223416802.0,-79700000.0,-47000000.0,-7100000.0,-145100000.0,0.0,-169800000.0,-32300000.0,49700000.0,142500000.0,-20100000.0,27500000.0,27500000.0,27500000.0,2400000.0,0.0,0.024,586100000.0,89300000.0,60900000.0,0.0,4.552,117.215,117.375,170500000.0,0.0,14.085,2.775,2.782,232700000.0,-69376200000.0,1161600000.0,1161600000.0,195900000.0,0.015,0.038,0.094,0.081,40400000.0,352300000.0,1.0,228854583.0,229400000.0,236400000.0,5.064,1239200000.0,104400000.0,34100000.0,0.0,5.402,631700000.0
8,VIAV,MRT,2019-06-30,2019-06-29,2019-06-29,2021-08-25,-134600000.0,1815100000.0,1827900000.0,916800000.0,898300000.0,0.618,3.182,-39600000.0,525000000.0,525000000.0,478900000.0,5400000.0,3.228,1.501,578800000.0,0.0,578800000.0,578800000.0,55300000.0,39700000.0,0.0,0.0,0.0,71200000.0,110900000.0,0.098,110900000.0,71200000.0,36900000.0,0.02,0.02,0.02,725800000.0,718450000.0,725800000.0,3102333883.0,44.0,27.974,99200000.0,0.435,1.0,651400000.0,0.576,592700000.0,34300000.0,992200000.0,997800000.0,102700000.0,1500000.0,1500000.0,0.0,1089300000.0,284000000.0,805300000.0,3039233883.0,-93900000.0,-47000000.0,-5800000.0,-279100000.0,0.0,-300400000.0,80600000.0,167200000.0,138800000.0,-12900000.0,5400000.0,5400000.0,5400000.0,2400000.0,0.0,0.005,584000000.0,67400000.0,63400000.0,0.0,4.187,562.821,664.5,179900000.0,0.0,13.29,2.689,2.682,237700000.0,-69384500000.0,1130300000.0,1130300000.0,187000000.0,0.003,0.008,0.071,0.063,38200000.0,343500000.0,1.0,228685770.0,228100000.0,231200000.0,4.955,1222400000.0,108400000.0,31500000.0,0.0,5.359,632800000.0
9,VIAV,MRT,2019-03-31,2019-03-30,2019-03-30,2021-08-25,-115200000.0,1809500000.0,1880825000.0,909600000.0,899900000.0,0.586,3.19,-41100000.0,510400000.0,510400000.0,486400000.0,-36300000.0,3.195,1.485,573500000.0,0.0,573500000.0,573500000.0,61300000.0,39900000.0,0.0,0.0,0.0,32400000.0,72300000.0,0.066,72300000.0,32400000.0,-5500000.0,-0.15,-0.15,-0.15,728300000.0,720725000.0,728300000.0,2918295655.0,90.0,40.364,86700000.0,0.38,1.0,614900000.0,0.558,590400000.0,37900000.0,997500000.0,1028925000.0,95100000.0,27100000.0,27100000.0,0.0,1081200000.0,284700000.0,796500000.0,2822595655.0,-31600000.0,-29700000.0,-3600000.0,-210300000.0,0.0,-227800000.0,98300000.0,169100000.0,127800000.0,-29900000.0,-36300000.0,-36300000.0,-36300000.0,2400000.0,0.0,-0.033,587400000.0,27500000.0,57500000.0,0.0,3.876,-77.757,-82.533,181600000.0,0.0,12.38,2.563,2.566,223100000.0,-69394700000.0,1101300000.0,1101300000.0,179400000.0,-0.019,-0.05,0.031,0.029,36200000.0,348600000.0,1.0,227996418.0,228300000.0,228300000.0,4.824,1219100000.0,110100000.0,30800000.0,0.0,5.34,624900000.0
10,VIAV,MRT,2018-12-31,2018-12-29,2018-12-29,2021-08-25,-127400000.0,1798200000.0,1930250000.0,889900000.0,908300000.0,0.546,3.11,-45300000.0,472700000.0,472700000.0,470100000.0,-42200000.0,2.988,1.532,568400000.0,0.0,568400000.0,568400000.0,59200000.0,38700000.0,0.0,0.0,0.0,27400000.0,66100000.0,0.063,66100000.0,27400000.0,-13900000.0,-0.18,-0.18,-0.18,710100000.0,728300000.0,710100000.0,2377554913.0,87.0,35.969,54900000.0,0.24,1.0,584700000.0,0.554,594000000.0,41300000.0,1002100000.0,1017350000.0,87200000.0,30000000.0,30000000.0,0.0,1088100000.0,297800000.0,790300000.0,2279654913.0,-288300000.0,-481800000.0,-13800000.0,-233200000.0,0.0,-261200000.0,-107100000.0,420000000.0,100200000.0,-20200000.0,-42200000.0,-42200000.0,-42200000.0,2400000.0,0.0,-0.04,564700000.0,20000000.0,55400000.0,0.0,3.21,-54.02,-55.444,180600000.0,0.0,9.98,2.161,2.16,248300000.0,-69389500000.0,1054800000.0,1054800000.0,162800000.0,-0.022,-0.058,0.027,0.026,33000000.0,347800000.0,1.0,228422336.0,228300000.0,230400000.0,4.62,1204200000.0,113200000.0,28300000.0,0.0,5.275,592100000.0
11,VIAV,MRT,2018-09-30,2018-09-29,2018-09-29,2021-08-25,-115100000.0,1888800000.0,1970300000.0,1026200000.0,862600000.0,0.484,3.123,-39700000.0,607900000.0,607900000.0,427200000.0,-56300000.0,2.389,1.662,705800000.0,142700000.0,563100000.0,705800000.0,61500000.0,37200000.0,0.0,0.0,0.0,5200000.0,42400000.0,0.044,42400000.0,5200000.0,-39700000.0,-0.24,-0.24,-0.24,709600000.0,739125000.0,709600000.0,2785398442.0,536.0,65.693,42900000.0,0.189,1.0,526100000.0,0.552,557700000.0,44900000.0,999400000.0,1042550000.0,89500000.0,51700000.0,51700000.0,0.0,1179200000.0,429600000.0,749600000.0,2570898442.0,-193200000.0,-454600000.0,-27100000.0,-103600000.0,0.0,-144300000.0,-118100000.0,376200000.0,82600000.0,-13400000.0,-56300000.0,-56300000.0,-56300000.0,0.0,0.0,-0.059,532100000.0,-6000000.0,60300000.0,0.0,3.623,-45.664,-47.25,170800000.0,0.0,11.34,2.697,2.703,224100000.0,-69394100000.0,953300000.0,953300000.0,146800000.0,-0.029,-0.076,0.005,0.005,31100000.0,336000000.0,1.0,226710621.0,227200000.0,227200000.0,4.196,1331100000.0,113400000.0,16600000.0,0.0,5.859,596600000.0
12,VIAV,MRT,2018-06-30,2018-06-30,2018-06-30,2021-08-25,-102900000.0,2026800000.0,1987575000.0,1155200000.0,871600000.0,0.441,3.236,-36700000.0,618700000.0,618700000.0,387300000.0,-48600000.0,2.088,1.758,833200000.0,275300000.0,557900000.0,833200000.0,60600000.0,35700000.0,0.0,0.0,0.0,11600000.0,47300000.0,0.054,47300000.0,11600000.0,-35700000.0,-0.21,-0.21,-0.21,734900000.0,753300000.0,734900000.0,2561669880.0,221.0,54.158,29300000.0,0.129,1.0,488400000.0,0.558,571400000.0,47300000.0,1116700000.0,1060850000.0,92300000.0,169300000.0,169300000.0,0.0,1291900000.0,553200000.0,738700000.0,2317469880.0,-398100000.0,-509900000.0,-35900000.0,-131300000.0,0.0,-180500000.0,-286500000.0,260100000.0,66000000.0,2900000.0,-48600000.0,-48600000.0,-48600000.0,0.0,0.0,-0.055,486500000.0,1900000.0,55500000.0,0.0,3.153,-47.685,-48.762,170500000.0,0.0,10.24,2.646,2.656,218600000.0,-69378600000.0,875700000.0,875700000.0,133300000.0,-0.024,-0.065,0.011,0.013,30500000.0,323900000.0,1.0,226315418.0,227100000.0,227100000.0,3.856,1455400000.0,114300000.0,12900000.0,0.0,6.409,602000000.0
13,VIAV,MRT,2018-03-31,2018-03-31,2018-03-31,2021-08-25,-57600000.0,2007200000.0,2008500000.0,1089500000.0,917700000.0,0.402,3.352,-32800000.0,541800000.0,541800000.0,339100000.0,-12400000.0,1.577,1.646,786000000.0,420400000.0,365600000.0,786000000.0,68100000.0,32700000.0,0.0,0.0,0.0,47000000.0,79700000.0,0.099,79700000.0,47000000.0,-2500000.0,-0.04,-0.05,-0.04,758600000.0,766175000.0,758600000.0,2234484099.0,48.0,28.036,52400000.0,0.232,1.0,467600000.0,0.58,609500000.0,49500000.0,951200000.0,1185375000.0,104200000.0,196200000.0,196200000.0,0.0,1248600000.0,690700000.0,557900000.0,2195984099.0,-435000000.0,-509900000.0,-34100000.0,-244600000.0,0.0,-292900000.0,-264200000.0,278700000.0,85200000.0,36900000.0,-12400000.0,-12400000.0,-12400000.0,-1600000.0,0.0,-0.015,448200000.0,19400000.0,55800000.0,0.0,2.895,-177.095,-243.0,174500000.0,0.0,9.72,2.722,2.727,188200000.0,-69364500000.0,806700000.0,806700000.0,121300000.0,-0.006,-0.016,0.04,0.058,30100000.0,306600000.0,1.0,225924290.0,226300000.0,226300000.0,3.565,1397700000.0,119100000.0,9900000.0,0.0,6.176,398800000.0
14,VIAV,MRT,2017-12-31,2017-12-30,2017-12-30,2021-08-25,-74600000.0,1958400000.0,2041875000.0,1479700000.0,478700000.0,0.384,3.313,-28000000.0,760500000.0,760500000.0,322700000.0,24300000.0,2.176,1.599,799000000.0,436800000.0,362200000.0,799000000.0,67600000.0,30600000.0,0.0,0.0,0.0,84200000.0,114800000.0,0.146,114800000.0,84200000.0,35400000.0,0.12,0.11,0.12,753400000.0,769325000.0,753400000.0,1989563674.0,24.0,17.331,64500000.0,0.284,1.0,461300000.0,0.588,214000000.0,48800000.0,1102900000.0,1369450000.0,77300000.0,452300000.0,452300000.0,0.0,1205000000.0,680000000.0,525000000.0,1987663674.0,242500000.0,-56200000.0,-72400000.0,229400000.0,0.0,141600000.0,-22100000.0,63000000.0,92500000.0,30500000.0,24300000.0,24300000.0,24300000.0,-1600000.0,0.0,0.031,457500000.0,3800000.0,38700000.0,0.0,2.638,81.797,72.833,135500000.0,0.0,8.74,2.535,2.535,139900000.0,-69346000000.0,784000000.0,784000000.0,123300000.0,0.012,0.032,0.061,0.107,30600000.0,296800000.0,1.0,227421473.0,227400000.0,227400000.0,3.448,1744400000.0,115000000.0,11100000.0,0.0,7.671,799700000.0
15,VIAV,MRT,2017-09-30,2017-09-30,2017-09-30,2021-08-25,-81800000.0,1957900000.0,1981975000.0,1469100000.0,488800000.0,0.396,3.359,-30000000.0,800200000.0,800200000.0,318500000.0,74600000.0,2.203,1.555,802100000.0,443300000.0,358800000.0,802100000.0,54300000.0,29900000.0,0.0,0.0,0.0,138800000.0,168700000.0,0.215,168700000.0,138800000.0,92300000.0,0.33,0.32,0.33,766300000.0,758325000.0,766300000.0,2068395585.0,15.0,12.261,60400000.0,0.265,1.0,466600000.0,0.594,220200000.0,46500000.0,1072600000.0,1434000000.0,68900000.0,430900000.0,430900000.0,0.0,1191600000.0,667000000.0,524600000.0,2152595585.0,314000000.0,-55300000.0,-64100000.0,242400000.0,0.0,163400000.0,50500000.0,136700000.0,90400000.0,9700000.0,74600000.0,74600000.0,74600000.0,-1600000.0,0.0,0.095,463000000.0,3600000.0,40500000.0,0.0,2.809,28.855,28.667,140200000.0,0.0,9.46,2.742,2.748,121200000.0,-69320500000.0,785100000.0,785100000.0,129300000.0,0.038,0.098,0.097,0.177,32000000.0,297000000.0,1.0,227547102.0,228100000.0,228100000.0,3.442,1737700000.0,113700000.0,17700000.0,0.0,7.618,802100000.0
16,VIAV,MRT,2017-06-30,2017-07-01,2017-07-01,2021-08-25,-92400000.0,2110500000.0,1933300000.0,1667000000.0,443500000.0,0.416,3.421,-32700000.0,1015600000.0,1015600000.0,326000000.0,160200000.0,7.286,1.684,931400000.0,0.0,931400000.0,931400000.0,60200000.0,29400000.0,0.0,0.0,0.0,224800000.0,254200000.0,0.316,254200000.0,224800000.0,181600000.0,0.7,0.68,0.7,786400000.0,755450000.0,786400000.0,2372170864.0,11.0,9.332,61600000.0,0.268,1.0,479000000.0,0.595,182700000.0,43200000.0,1614800000.0,1521275000.0,48000000.0,432200000.0,432200000.0,0.0,1324100000.0,228800000.0,1095300000.0,2390070864.0,521300000.0,0.0,-79600000.0,404900000.0,0.0,311000000.0,113500000.0,146200000.0,94300000.0,2500000.0,160200000.0,160200000.0,160200000.0,-1600000.0,0.0,0.199,472000000.0,7000000.0,32600000.0,0.0,3.039,14.919,15.043,136900000.0,0.0,10.53,2.969,3.007,120400000.0,-69305800000.0,805000000.0,805000000.0,136300000.0,0.083,0.212,0.148,0.279,33200000.0,300100000.0,1.0,226977290.0,229900000.0,234500000.0,3.502,1927800000.0,109500000.0,21400000.0,0.0,8.385,1438200000.0
17,VIAV,MRT,2017-03-31,2017-04-01,2017-04-01,2021-08-25,-94100000.0,2140700000.0,1825200000.0,1697500000.0,443200000.0,0.459,3.362,-33900000.0,976000000.0,976000000.0,334500000.0,85300000.0,6.872,1.776,958100000.0,0.0,958100000.0,958100000.0,67300000.0,30500000.0,0.0,0.0,0.0,130000000.0,160500000.0,0.192,160500000.0,130000000.0,91700000.0,0.37,0.36,0.37,771200000.0,731175000.0,771200000.0,2550367999.0,20.0,15.89,53000000.0,0.231,1.0,502900000.0,0.601,188300000.0,38300000.0,1687500000.0,1449550000.0,46800000.0,478600000.0,478600000.0,0.0,1369500000.0,247000000.0,1122500000.0,2468967999.0,527100000.0,0.0,-84400000.0,450200000.0,0.0,342400000.0,114200000.0,148000000.0,86900000.0,-16400000.0,85300000.0,85300000.0,85300000.0,3400000.0,0.0,0.102,599100000.0,-96200000.0,34700000.0,0.0,3.201,28.945,28.973,134600000.0,0.0,10.72,2.948,2.937,142600000.0,-69319100000.0,837400000.0,837400000.0,146500000.0,0.047,0.117,0.09,0.155,34300000.0,318300000.0,1.0,230314179.0,229400000.0,234600000.0,3.65,1952400000.0,108000000.0,6400000.0,0.0,8.511,1450500000.0
18,VIAV,MRT,2016-12-31,2016-12-31,2016-12-31,2021-08-25,-71300000.0,1718800000.0,1746225000.0,1274900000.0,443900000.0,0.494,3.078,-30800000.0,516900000.0,516900000.0,344600000.0,93100000.0,5.204,1.423,598300000.0,0.0,598300000.0,598300000.0,64400000.0,31900000.0,0.0,0.0,0.0,141800000.0,173700000.0,0.202,173700000.0,141800000.0,105100000.0,0.41,0.39,0.41,709400000.0,746975000.0,709400000.0,1987827760.0,14.0,11.444,71500000.0,0.31,1.0,517200000.0,0.6,194100000.0,36700000.0,1361100000.0,1379150000.0,47200000.0,498000000.0,498000000.0,0.0,1009400000.0,245000000.0,764400000.0,1882427760.0,176700000.0,0.0,-36500000.0,-5000000.0,0.0,-61600000.0,155900000.0,186500000.0,102300000.0,-19900000.0,93100000.0,93100000.0,93100000.0,-1600000.0,0.0,0.108,591000000.0,-73800000.0,36000000.0,0.0,2.654,20.219,19.951,133800000.0,0.0,8.18,2.184,2.188,164400000.0,-69293200000.0,861800000.0,861800000.0,152400000.0,0.053,0.125,0.103,0.165,35300000.0,322700000.0,1.0,230125643.0,230500000.0,234200000.0,3.739,1524700000.0,103800000.0,12000000.0,0.0,6.615,1029900000.0
19,VIAV,MRT,2016-09-30,2016-10-01,2016-10-01,2021-08-25,16800000.0,1763200000.0,1762125000.0,1298700000.0,464500000.0,0.504,3.248,-27000000.0,485400000.0,485400000.0,353100000.0,47900000.0,5.344,1.336,590800000.0,0.0,590800000.0,590800000.0,69900000.0,33000000.0,0.0,0.0,0.0,91300000.0,124300000.0,0.14,124300000.0,91300000.0,55200000.0,0.22,0.2,0.22,754800000.0,763775000.0,754800000.0,1809882937.0,20.0,14.561,52500000.0,0.226,1.0,534300000.0,0.602,203900000.0,36100000.0,1421700000.0,1394950000.0,47200000.0,558800000.0,558800000.0,0.0,1008400000.0,243000000.0,765400000.0,1716682937.0,124300000.0,-900000.0,-62500000.0,-5200000.0,0.0,-84600000.0,135800000.0,163900000.0,79500000.0,-6400000.0,47900000.0,47900000.0,47900000.0,-4600000.0,0.0,0.054,605600000.0,-71300000.0,37100000.0,0.0,2.274,35.839,33.591,137000000.0,0.0,7.39,1.935,1.935,165800000.0,-69328200000.0,887400000.0,887400000.0,158200000.0,0.027,0.063,0.065,0.103,35100000.0,331600000.0,1.0,232298097.0,232400000.0,236800000.0,3.818,1559300000.0,111100000.0,7300000.0,0.0,6.71,1055700000.0
20,VIAV,MRT,2016-06-30,2016-07-02,2016-07-02,2021-08-25,10000000.0,1678100000.0,1764050000.0,1211700000.0,466400000.0,0.514,2.946,-29500000.0,495100000.0,495100000.0,356600000.0,-99200000.0,5.352,1.434,583300000.0,0.0,583300000.0,583300000.0,78600000.0,38100000.0,0.0,0.0,0.0,-59000000.0,-20900000.0,-0.023,-20900000.0,-59000000.0,-94700000.0,-0.42,-0.42,-0.42,689300000.0,761125000.0,689300000.0,1669232267.0,-28.0,-79.868,34800000.0,0.149,1.0,549700000.0,0.607,212000000.0,35700000.0,1327900000.0,1379575000.0,51400000.0,484700000.0,484700000.0,0.0,988800000.0,226400000.0,762400000.0,1536932267.0,135000000.0,-900000.0,-40000000.0,-5900000.0,0.0,-159100000.0,244200000.0,260600000.0,64300000.0,-14400000.0,-99200000.0,-99200000.0,-99200000.0,48800000.0,0.0,-0.109,634000000.0,-84300000.0,47000000.0,0.0,2.23,-15.493,-15.738,133000000.0,0.0,6.61,1.696,1.707,148400000.0,-69380700000.0,906300000.0,906300000.0,166400000.0,-0.056,-0.13,-0.043,-0.065,44000000.0,351100000.0,1.0,232516228.0,234000000.0,234000000.0,3.873,1466100000.0,108800000.0,4500000.0,0.0,6.265,985300000.0
21,VIAV,MRT,2016-03-31,2016-04-02,2016-04-02,2021-08-25,89100000.0,1824800000.0,1898975000.0,1244100000.0,580700000.0,0.475,3.597,-53400000.0,449200000.0,449200000.0,357300000.0,-71400000.0,5.26,1.187,581500000.0,0.0,581500000.0,581500000.0,87900000.0,50300000.0,0.0,0.0,0.0,-15200000.0,35100000.0,0.039,35100000.0,-15200000.0,-50500000.0,-0.29,-0.3,-0.29,834400000.0,864150000.0,834400000.0,1842539831.0,-121.0,52.494,29400000.0,0.127,1.0,544700000.0,0.604,314700000.0,35300000.0,1405900000.0,1471875000.0,52500000.0,555800000.0,555800000.0,0.0,990400000.0,236500000.0,753900000.0,1608239831.0,137900000.0,-900000.0,-30300000.0,-5900000.0,0.0,-137400000.0,197900000.0,237100000.0,82800000.0,-5400000.0,-71400000.0,-71400000.0,-71400000.0,53400000.0,0.0,-0.079,550200000.0,-5500000.0,39900000.0,0.0,1.927,-22.524,-23.931,134400000.0,0.0,6.94,1.783,1.785,151900000.0,-69306500000.0,902000000.0,902000000.0,171400000.0,-0.038,-0.083,-0.01,-0.017,52200000.0,352400000.0,1.0,231734846.0,232000000.0,234600000.0,3.888,1510100000.0,113000000.0,20900000.0,17500000.0,6.509,1007600000.0
22,VIAV,MRT,2015-12-31,2016-01-02,2016-01-02,2021-08-25,75800000.0,1782400000.0,1990700000.0,1199500000.0,582900000.0,0.449,3.306,-65100000.0,340500000.0,340500000.0,353600000.0,-118400000.0,4.464,1.295,574800000.0,0.0,574800000.0,574800000.0,93300000.0,62300000.0,0.0,0.0,0.0,-68200000.0,-5900000.0,-0.007,-5900000.0,-68200000.0,-102600000.0,-0.5,-0.5,-0.5,776600000.0,935325000.0,776600000.0,1652306193.0,-24.0,-280.052,-41500000.0,-0.177,1.0,540400000.0,0.604,323700000.0,34400000.0,1424300000.0,1545825000.0,57600000.0,585500000.0,585500000.0,0.0,1005800000.0,268700000.0,737100000.0,1445306193.0,35400000.0,-900000.0,-25400000.0,-11700000.0,0.0,-138000000.0,167300000.0,215200000.0,23600000.0,-17500000.0,-118400000.0,-118400000.0,-118400000.0,35800000.0,0.0,-0.132,576300000.0,-35900000.0,37500000.0,0.0,1.861,-12.207,-12.18,136500000.0,0.0,6.09,1.617,1.6,181800000.0,-69333700000.0,894000000.0,894000000.0,173500000.0,-0.059,-0.127,-0.044,-0.076,62700000.0,367300000.0,1.0,237324498.0,234900000.0,237100000.0,3.806,1458700000.0,103300000.0,15800000.0,22600000.0,6.21,930800000.0
23,VIAV,MRT,2015-09-30,2015-10-03,2015-10-03,2021-08-25,16100000.0,1770900000.0,2119000000.0,1166900000.0,604000000.0,0.419,3.153,-83700000.0,361200000.0,361200000.0,356600000.0,-147500000.0,4.094,1.38,568200000.0,0.0,568200000.0,568200000.0,80500000.0,74200000.0,0.0,0.0,0.0,-90400000.0,-16200000.0,-0.018,-16200000.0,-90400000.0,-124300000.0,-0.63,-0.63,-0.63,744200000.0,1025625000.0,744200000.0,1535917768.0,-17.0,-94.81,-42500000.0,-0.18,1.0,531700000.0,0.599,332700000.0,33900000.0,1360200000.0,1618750000.0,58100000.0,541900000.0,541900000.0,0.0,1026700000.0,285000000.0,741700000.0,1348417768.0,38900000.0,0.0,15600000.0,-14100000.0,0.0,-99400000.0,116200000.0,178100000.0,41200000.0,-19100000.0,-147500000.0,-147500000.0,-147500000.0,26200000.0,0.0,-0.166,598000000.0,-66300000.0,46000000.0,0.0,1.812,-9.142,-9.095,142000000.0,0.0,5.73,1.518,1.522,157200000.0,-69306700000.0,888300000.0,888300000.0,176000000.0,-0.07,-0.144,-0.056,-0.102,68800000.0,377600000.0,1.0,235325963.0,236000000.0,236000000.0,3.764,1438200000.0,109500000.0,23200000.0,29600000.0,6.094,881900000.0
24,VIAV,MRT,2015-06-30,2015-06-27,2015-06-27,2021-08-25,-48000000.0,2217800000.0,2258175000.0,1380100000.0,837700000.0,0.387,4.733,-95300000.0,360700000.0,360700000.0,353800000.0,-88100000.0,3.675,1.014,561600000.0,0.0,561600000.0,561600000.0,80600000.0,80800000.0,0.0,0.0,0.0,-28700000.0,52100000.0,0.06,52100000.0,-28700000.0,-62000000.0,-0.38,-0.38,-0.38,1101400000.0,1131450000.0,1101400000.0,3041508292.0,-106.0,58.378,-13000000.0,-0.056,1.0,520100000.0,0.595,346100000.0,33300000.0,1697100000.0,1701775000.0,53800000.0,464900000.0,464900000.0,0.0,1116400000.0,375500000.0,740900000.0,2812108292.0,50700000.0,0.0,16000000.0,-23300000.0,0.0,-7300000.0,-5800000.0,83500000.0,82300000.0,-18500000.0,-88100000.0,-88100000.0,-88100000.0,-43300000.0,0.0,-0.101,595900000.0,-75800000.0,42000000.0,0.0,2.553,-31.92,-31.605,149200000.0,0.0,12.01,3.218,3.198,152300000.0,-68873500000.0,873900000.0,873900000.0,173300000.0,-0.039,-0.078,-0.017,-0.033,66900000.0,376300000.0,1.0,234147235.0,232700000.0,232700000.0,3.755,1871700000.0,117300000.0,26100000.0,0.0,8.043,1004600000.0
25,VIAV,MRT,2015-03-31,2015-03-28,2015-03-28,2021-08-25,-51900000.0,2191700000.0,2291700000.0,1356900000.0,834800000.0,0.125,4.799,-94000000.0,325800000.0,325800000.0,-55600000.0,-73400000.0,4.038,0.958,555200000.0,0.0,555200000.0,555200000.0,76900000.0,79000000.0,0.0,0.0,0.0,-19000000.0,60000000.0,0.209,60000000.0,-19000000.0,-51800000.0,-0.32,-0.32,-0.32,1119100000.0,1153025000.0,1119100000.0,3246548016.0,-171.0,54.109,-9300000.0,-0.04,1.0,342000000.0,1.194,383400000.0,32800000.0,1701700000.0,1703975000.0,155800000.0,489700000.0,489700000.0,0.0,1072600000.0,336000000.0,736600000.0,3020248016.0,-15300000.0,3300000.0,-45400000.0,-36000000.0,0.0,-81400000.0,1200000.0,87400000.0,84700000.0,-19800000.0,-73400000.0,-73400000.0,-73400000.0,-108100000.0,0.0,-0.256,469200000.0,-127200000.0,109200000.0,0.0,2.699,-41.148,-40.562,278100000.0,0.0,12.98,10.546,10.569,305300000.0,-68833400000.0,286400000.0,286400000.0,73700000.0,-0.032,-0.064,-0.011,-0.066,66100000.0,340500000.0,1.0,232684747.0,233200000.0,233200000.0,1.228,1808300000.0,149900000.0,21600000.0,12700000.0,7.754,1020900000.0
26,VIAV,MRT,2014-12-31,2014-12-27,2014-12-27,2021-08-25,-25000000.0,2295600000.0,2339250000.0,1417000000.0,878600000.0,0.21,4.902,-99400000.0,322500000.0,322500000.0,92300000.0,-61700000.0,3.519,1.018,548800000.0,0.0,548800000.0,548800000.0,76100000.0,77100000.0,0.0,0.0,0.0,-29800000.0,47300000.0,0.096,47300000.0,-29800000.0,-62100000.0,-0.27,-0.27,-0.27,1137800000.0,1188575000.0,1137800000.0,3426697407.0,-115.0,72.446,50700000.0,0.218,1.0,399700000.0,0.812,403200000.0,32300000.0,1716000000.0,1708950000.0,153100000.0,545100000.0,545100000.0,0.0,1157800000.0,402700000.0,755100000.0,3227397407.0,-179800000.0,-193500000.0,-44300000.0,-26500000.0,0.0,-70800000.0,-247800000.0,43700000.0,150100000.0,-11300000.0,-61700000.0,-61700000.0,-61700000.0,-85500000.0,0.0,-0.125,515300000.0,-115600000.0,128900000.0,0.0,2.837,-52.308,-51.556,285000000.0,0.0,13.92,6.56,6.567,317400000.0,-68820100000.0,492000000.0,492000000.0,105700000.0,-0.026,-0.052,-0.017,-0.061,63400000.0,358400000.0,1.0,231853262.0,232100000.0,232100000.0,2.12,1892400000.0,166200000.0,-400000.0,24600000.0,8.153,1014300000.0
27,VIAV,MRT,2014-09-30,2014-09-27,2014-09-27,2021-08-25,-7500000.0,2327600000.0,2351975000.0,1411800000.0,915800000.0,0.303,5.058,-102600000.0,343200000.0,343200000.0,241700000.0,-27800000.0,3.447,0.994,542500000.0,0.0,542500000.0,542500000.0,78300000.0,74300000.0,0.0,0.0,0.0,-1300000.0,73000000.0,0.102,73000000.0,-1300000.0,-33700000.0,-0.12,-0.12,-0.12,1167500000.0,1214850000.0,1167500000.0,3176876830.0,-2444.0,43.519,85300000.0,0.37,1.0,471500000.0,0.661,425000000.0,32400000.0,1692300000.0,1709050000.0,155200000.0,537700000.0,537700000.0,0.0,1160100000.0,409600000.0,750500000.0,2969676830.0,-138200000.0,-215900000.0,-43600000.0,-24000000.0,0.0,-67600000.0,-252900000.0,68100000.0,187900000.0,-5600000.0,-27800000.0,-27800000.0,-27800000.0,-72900000.0,0.0,-0.039,546100000.0,-74600000.0,152600000.0,0.0,2.544,-106.823,-107.583,292000000.0,0.0,12.91,4.164,4.178,295600000.0,-68795000000.0,713200000.0,713200000.0,133800000.0,-0.012,-0.023,-0.001,-0.002,64100000.0,371300000.0,1.0,230029189.0,230800000.0,230800000.0,3.09,1902600000.0,173300000.0,-5900000.0,21800000.0,8.244,1002200000.0
28,VIAV,MRT,2014-06-30,2014-06-28,2014-06-28,2021-08-25,11100000.0,2351900000.0,2346800000.0,1409500000.0,942400000.0,0.395,5.071,-90600000.0,329100000.0,329100000.0,399100000.0,-17800000.0,3.451,0.98,536300000.0,0.0,536300000.0,536300000.0,77500000.0,72500000.0,0.0,0.0,0.0,400000.0,72900000.0,0.079,72900000.0,400000.0,-29000000.0,-0.08,-0.08,-0.08,1187700000.0,1228050000.0,1187700000.0,3082954063.0,7707.0,42.29,86000000.0,0.367,1.0,527800000.0,0.569,444800000.0,29400000.0,1705900000.0,1718150000.0,153300000.0,552200000.0,552200000.0,0.0,1164200000.0,408400000.0,755800000.0,2898654063.0,16200000.0,-216000000.0,-132700000.0,622300000.0,0.0,489600000.0,-651800000.0,-342900000.0,176600000.0,1800000.0,-17800000.0,-17800000.0,-17800000.0,-56800000.0,0.0,-0.019,583400000.0,-55600000.0,137100000.0,0.0,2.441,-162.846,-154.375,288800000.0,0.0,12.35,3.127,3.12,296200000.0,-68780600000.0,926900000.0,926900000.0,161800000.0,-0.008,-0.014,0.0,0.0,64100000.0,384800000.0,1.0,234708831.0,234200000.0,234200000.0,3.958,1907100000.0,183300000.0,-11200000.0,21400000.0,8.143,1001100000.0
29,VIAV,MRT,2014-03-31,2014-03-29,2014-03-29,2021-08-25,17500000.0,2381900000.0,2187625000.0,1446900000.0,935000000.0,0.784,5.39,-66800000.0,345900000.0,345900000.0,963400000.0,100100000.0,3.733,0.888,530200000.0,0.0,530200000.0,530200000.0,80700000.0,71300000.0,0.0,0.0,0.0,-2800000.0,68500000.0,0.04,68500000.0,-2800000.0,-26600000.0,0.42,0.42,0.42,1261300000.0,1221450000.0,1261300000.0,3186793461.0,-1138.0,46.523,116700000.0,0.499,1.0,752500000.0,0.439,457000000.0,23800000.0,1721600000.0,1489675000.0,147700000.0,580300000.0,580300000.0,0.0,1120600000.0,387600000.0,733000000.0,3166193461.0,56800000.0,-231000000.0,-73600000.0,472300000.0,0.0,398700000.0,-526300000.0,-227700000.0,183500000.0,900000.0,100100000.0,100100000.0,100100000.0,-1000000.0,0.0,0.058,756300000.0,-3800000.0,129900000.0,0.0,2.51,31.63,32.286,271900000.0,0.0,13.56,1.845,1.849,287100000.0,-68700000000.0,1715900000.0,1715900000.0,283600000.0,0.046,0.082,-0.002,-0.002,63200000.0,441400000.0,1.0,233495093.0,234000000.0,234000000.0,7.333,1924900000.0,180000000.0,-126700000.0,19200000.0,8.226,1059300000.0
30,VIAV,MRT,2013-12-31,2013-12-28,2013-12-28,2021-08-25,18700000.0,2346500000.0,2032675000.0,1623800000.0,722700000.0,0.838,5.334,-57500000.0,503600000.0,503600000.0,980100000.0,73600000.0,4.275,0.888,524200000.0,0.0,524200000.0,524200000.0,71000000.0,70100000.0,0.0,0.0,0.0,-14000000.0,56100000.0,0.033,56100000.0,-14000000.0,-34300000.0,0.31,0.31,0.31,1242900000.0,1169900000.0,1242900000.0,3072570293.0,-219.0,54.77,111700000.0,0.479,1.0,723100000.0,0.425,270900000.0,20300000.0,1716400000.0,1271600000.0,137000000.0,592000000.0,592000000.0,0.0,1103600000.0,379800000.0,723800000.0,3033870293.0,167900000.0,-106300000.0,-72000000.0,423300000.0,0.0,351300000.0,-351900000.0,-188100000.0,169200000.0,-700000.0,73600000.0,73600000.0,73600000.0,-1000000.0,0.0,0.043,736600000.0,-13500000.0,125800000.0,0.0,2.441,41.221,42.032,265600000.0,0.0,13.03,1.781,1.783,301800000.0,-68698500000.0,1703200000.0,1703200000.0,275300000.0,0.036,0.063,-0.011,-0.008,61600000.0,435300000.0,1.0,232837321.0,233000000.0,235800000.0,7.31,2075600000.0,158900000.0,-107900000.0,19400000.0,8.908,1244000000.0
31,VIAV,MRT,2013-09-30,2013-09-28,2013-09-28,2021-08-25,19800000.0,2306900000.0,1899275000.0,1619500000.0,687400000.0,0.887,5.186,-47900000.0,479500000.0,479500000.0,977800000.0,68900000.0,4.489,0.89,518200000.0,0.0,518200000.0,518200000.0,72900000.0,69200000.0,0.0,0.0,0.0,-20900000.0,48300000.0,0.029,48300000.0,-20900000.0,-37900000.0,0.29,0.29,0.29,1220300000.0,1125475000.0,1220300000.0,3171550742.0,-152.0,65.664,126300000.0,0.537,1.0,707200000.0,0.42,256100000.0,17000000.0,1728700000.0,1070425000.0,138500000.0,607800000.0,607800000.0,0.0,1086600000.0,360800000.0,725800000.0,3482250742.0,116700000.0,-74200000.0,-69600000.0,374700000.0,0.0,305100000.0,-363400000.0,-242800000.0,174200000.0,800000.0,68900000.0,68900000.0,68900000.0,-1800000.0,0.0,0.041,725600000.0,-18400000.0,127800000.0,0.0,2.854,50.541,50.552,244800000.0,0.0,14.66,2.067,2.047,292900000.0,-68707300000.0,1685000000.0,1685000000.0,266500000.0,0.036,0.061,-0.02,-0.012,59500000.0,431700000.0,1.0,237534157.0,235300000.0,239600000.0,7.161,2050800000.0,159000000.0,-106800000.0,18200000.0,8.716,1258700000.0
32,VIAV,MRT,2013-06-30,2013-06-29,2013-06-29,2021-08-25,8600000.0,1715200000.0,1778375000.0,1030300000.0,684900000.0,0.943,4.942,-53400000.0,310700000.0,310700000.0,982300000.0,57000000.0,2.963,0.477,0.0,0.0,0.0,0.0,71900000.0,68400000.0,0.0,0.0,0.0,-29000000.0,39400000.0,0.023,39400000.0,-29000000.0,-46900000.0,0.24,0.24,0.24,1161300000.0,1081000000.0,1161300000.0,3275331137.0,-113.0,83.13,134400000.0,0.572,1.0,694600000.0,0.414,264800000.0,17900000.0,792000000.0,858525000.0,145800000.0,205200000.0,205200000.0,0.0,553900000.0,347700000.0,206200000.0,3404131137.0,-120100000.0,-83200000.0,25700000.0,-309500000.0,0.0,-283800000.0,-25000000.0,110000000.0,187800000.0,900000.0,57000000.0,57000000.0,57000000.0,0.0,0.0,0.034,719500000.0,-24900000.0,97700000.0,0.0,2.931,59.722,59.958,247000000.0,0.0,14.39,2.03,2.017,273300000.0,-68607600000.0,1676900000.0,1676900000.0,258500000.0,0.032,0.053,-0.034,-0.017,56500000.0,429300000.0,1.0,236562275.0,235000000.0,239300000.0,7.136,1450400000.0,155500000.0,-103900000.0,18700000.0,6.172,682600000.0
33,VIAV,MRT,2013-03-31,2013-03-30,2013-03-30,2021-08-25,10700000.0,1762100000.0,1816950000.0,1171000000.0,591100000.0,0.93,4.473,-62000000.0,288400000.0,288400000.0,991100000.0,-57700000.0,2.336,0.67,159600000.0,159600000.0,0.0,159600000.0,69600000.0,68600000.0,0.0,0.0,0.0,-23500000.0,45100000.0,0.027,45100000.0,-23500000.0,-46100000.0,-0.24,-0.24,-0.24,1055100000.0,1050375000.0,1055100000.0,3011918057.0,-128.0,66.783,106000000.0,0.449,1.0,698500000.0,0.413,282800000.0,22600000.0,849300000.0,867650000.0,153600000.0,350400000.0,350400000.0,0.0,707000000.0,501200000.0,205800000.0,3142718057.0,-156300000.0,-71500000.0,21700000.0,-162000000.0,0.0,-140300000.0,-182800000.0,-51300000.0,168000000.0,-1200000.0,-57700000.0,-57700000.0,-57700000.0,24600000.0,0.0,-0.034,704300000.0,-5800000.0,122100000.0,0.0,2.979,-54.467,-55.688,249100000.0,0.0,13.365,1.86,1.866,295200000.0,-68700100000.0,1689600000.0,1689600000.0,254700000.0,-0.032,-0.055,-0.027,-0.014,53200000.0,424300000.0,1.0,235145384.0,235900000.0,235900000.0,7.162,1479300000.0,0.0,11600000.0,20300000.0,6.271,669800000.0
34,VIAV,MRT,2012-12-31,2012-12-29,2012-12-29,2021-08-25,14100000.0,1812900000.0,1856425000.0,1276700000.0,536200000.0,0.909,4.544,-64700000.0,336400000.0,336400000.0,976600000.0,-47100000.0,2.3,0.702,205600000.0,205600000.0,0.0,205600000.0,59900000.0,69500000.0,0.0,0.0,0.0,-8700000.0,60800000.0,0.036,60800000.0,-8700000.0,-34000000.0,-0.2,-0.2,-0.2,1065200000.0,1054400000.0,1065200000.0,2964601069.0,-341.0,48.76,88300000.0,0.377,1.0,711000000.0,0.421,215200000.0,25300000.0,911700000.0,932100000.0,179300000.0,403800000.0,403800000.0,0.0,747700000.0,555200000.0,192500000.0,3078801069.0,-109700000.0,-8200000.0,22400000.0,-116000000.0,0.0,-93600000.0,-171200000.0,-100500000.0,153000000.0,2100000.0,-47100000.0,-47100000.0,-47100000.0,25800000.0,0.0,-0.028,701900000.0,9100000.0,116100000.0,0.0,2.89,-65.367,-65.8,250300000.0,0.0,13.16,1.824,1.828,278800000.0,-68672100000.0,1687600000.0,1687600000.0,250900000.0,-0.025,-0.045,-0.009,-0.005,51300000.0,421500000.0,1.0,233951449.0,234400000.0,237100000.0,7.2,1597700000.0,0.0,13100000.0,22900000.0,6.816,721500000.0
35,VIAV,MRT,2012-09-30,2012-09-29,2012-09-29,2021-08-25,11100000.0,1823300000.0,1882075000.0,1262600000.0,560700000.0,0.886,4.478,-68800000.0,364100000.0,364100000.0,971000000.0,-61400000.0,2.137,0.749,249900000.0,249900000.0,0.0,249900000.0,69400000.0,70000000.0,0.0,0.0,0.0,-22600000.0,47400000.0,0.028,47400000.0,-22600000.0,-49400000.0,-0.26,-0.26,-0.26,1042400000.0,1054250000.0,1042400000.0,2731724760.0,-121.0,57.631,70500000.0,0.303,1.0,696500000.0,0.418,237300000.0,26800000.0,881100000.0,974200000.0,177300000.0,366200000.0,366200000.0,0.0,780900000.0,590700000.0,190200000.0,2871124760.0,-34300000.0,-15800000.0,18400000.0,-61300000.0,0.0,-42900000.0,-130000000.0,-48600000.0,139300000.0,-700000.0,-61400000.0,-61400000.0,-61400000.0,29100000.0,0.0,-0.037,701400000.0,-4900000.0,113800000.0,0.0,2.754,-46.761,-47.615,252500000.0,0.0,12.38,1.722,1.728,275700000.0,-68676200000.0,1667500000.0,1667500000.0,246300000.0,-0.033,-0.058,-0.023,-0.014,50200000.0,421400000.0,1.0,231916378.0,232800000.0,232800000.0,7.163,1586000000.0,0.0,12000000.0,21600000.0,6.813,671900000.0
36,VIAV,MRT,2012-06-30,2012-06-30,2012-06-30,2021-08-25,7500000.0,1869500000.0,1899775000.0,1310200000.0,559300000.0,0.875,4.517,-72200000.0,432200000.0,432200000.0,956900000.0,-55600000.0,2.003,0.8,292800000.0,292800000.0,0.0,292800000.0,81200000.0,70300000.0,0.0,0.0,0.0,-16300000.0,54000000.0,0.032,54000000.0,-16300000.0,-43600000.0,-0.24,-0.24,-0.24,1038800000.0,1059925000.0,1038800000.0,2400908692.0,-147.0,44.461,46900000.0,0.204,1.0,705500000.0,0.424,247500000.0,27300000.0,828500000.0,1027100000.0,174500000.0,320500000.0,320500000.0,0.0,830700000.0,654100000.0,176600000.0,2546708692.0,5700000.0,-10400000.0,17900000.0,-19800000.0,0.0,-1900000.0,-105700000.0,-26600000.0,119100000.0,-5800000.0,-55600000.0,-55600000.0,-55600000.0,29500000.0,0.0,-0.033,705100000.0,400000.0,117600000.0,0.0,2.452,-45.804,-45.833,252900000.0,0.0,11.0,1.532,1.522,305800000.0,-68664600000.0,1662400000.0,1662400000.0,244000000.0,-0.029,-0.052,-0.016,-0.01,49100000.0,427000000.0,1.0,231518972.0,230000000.0,230000000.0,7.228,1622000000.0,40100000.0,12000000.0,20700000.0,7.052,656100000.0
37,VIAV,MRT,2012-03-31,2012-03-31,2012-03-31,2021-08-25,27500000.0,1920000000.0,1920075000.0,1316200000.0,603800000.0,0.874,4.645,-87800000.0,446600000.0,446600000.0,954800000.0,-24100000.0,3.49,0.792,300800000.0,0.0,300800000.0,300800000.0,88000000.0,69200000.0,0.0,0.0,0.0,15000000.0,84200000.0,0.05,84200000.0,15000000.0,-11600000.0,-0.11,-0.11,-0.11,1071200000.0,1066575000.0,1071200000.0,3176597423.0,212.0,37.727,50000000.0,0.217,1.0,722800000.0,0.431,290000000.0,26600000.0,1107100000.0,1080925000.0,192100000.0,304500000.0,303200000.0,1300000.0,848800000.0,377100000.0,471700000.0,3330397423.0,6200000.0,-9700000.0,18900000.0,-5500000.0,0.0,13400000.0,-143700000.0,-47300000.0,137800000.0,-1300000.0,-24100000.0,-24100000.0,-24100000.0,13000000.0,0.0,-0.014,697400000.0,25400000.0,127700000.0,0.0,3.109,-138.191,-131.727,259100000.0,0.0,14.49,1.985,1.992,300100000.0,-68642400000.0,1677600000.0,1677600000.0,241000000.0,-0.013,-0.023,0.014,0.009,49000000.0,427000000.0,1.0,229841092.0,230600000.0,230600000.0,7.275,1630000000.0,0.0,12500000.0,20800000.0,7.069,939100000.0
38,VIAV,MRT,2011-12-31,2011-12-31,2011-12-31,2021-08-25,24500000.0,1915500000.0,1918575000.0,1302900000.0,612600000.0,0.901,4.641,-105900000.0,449500000.0,449500000.0,973600000.0,31900000.0,3.405,0.799,295700000.0,0.0,295700000.0,295700000.0,73300000.0,67900000.0,0.0,0.0,0.0,35100000.0,103000000.0,0.06,103000000.0,35100000.0,9200000.0,0.14,0.13,0.14,1064600000.0,1057975000.0,1064600000.0,2279561476.0,65.0,22.132,71600000.0,0.312,1.0,754700000.0,0.437,299000000.0,25900000.0,1080100000.0,1049600000.0,186900000.0,307400000.0,306100000.0,1300000.0,850900000.0,382600000.0,468300000.0,2392161476.0,6600000.0,-900000.0,36400000.0,-3700000.0,0.0,32700000.0,-202400000.0,-94800000.0,177500000.0,-1200000.0,31900000.0,31900000.0,31900000.0,11800000.0,0.0,0.018,710300000.0,44400000.0,126600000.0,0.0,2.247,74.989,74.571,262000000.0,0.0,10.44,1.384,1.386,287500000.0,-68625000000.0,1728300000.0,1728300000.0,239600000.0,0.017,0.03,0.033,0.02,46500000.0,433400000.0,1.0,229134241.0,229400000.0,229400000.0,7.534,1616500000.0,0.0,-22700000.0,20300000.0,7.047,920300000.0
39,VIAV,MRT,2011-09-30,2011-10-01,2011-10-01,2021-08-25,25600000.0,1894100000.0,1897375000.0,1267000000.0,627100000.0,0.945,4.663,-114600000.0,403300000.0,403300000.0,998500000.0,65700000.0,3.462,0.778,290700000.0,0.0,290700000.0,290700000.0,70700000.0,66600000.0,0.0,0.0,0.0,70900000.0,137500000.0,0.077,137500000.0,70900000.0,45200000.0,0.29,0.27,0.29,1065100000.0,1031125000.0,1065100000.0,2128359037.0,30.0,15.479,77900000.0,0.341,1.0,794000000.0,0.443,322800000.0,25700000.0,1092700000.0,996375000.0,186700000.0,321400000.0,320000000.0,1400000.0,829000000.0,366000000.0,463000000.0,2273859037.0,-3400000.0,-3000000.0,38600000.0,-11600000.0,0.0,27000000.0,-223500000.0,-104500000.0,192500000.0,600000.0,65700000.0,65700000.0,65700000.0,9300000.0,0.0,0.037,716900000.0,77100000.0,131900000.0,0.0,2.135,34.61,34.379,253300000.0,0.0,9.97,1.269,1.27,283500000.0,-68614800000.0,1792500000.0,1792500000.0,240900000.0,0.035,0.064,0.071,0.04,44000000.0,437600000.0,1.0,228070114.0,228400000.0,228400000.0,7.848,1571300000.0,0.0,-20500000.0,21000000.0,6.88,901000000.0
40,VIAV,MRT,2011-06-30,2011-07-02,2011-07-02,2021-08-25,32800000.0,1950700000.0,1862675000.0,1304100000.0,646600000.0,0.957,4.748,-116700000.0,431300000.0,431300000.0,996200000.0,71600000.0,3.115,0.831,285800000.0,0.0,285800000.0,285800000.0,83500000.0,64100000.0,0.0,0.0,0.0,71000000.0,135100000.0,0.076,135100000.0,71000000.0,45600000.0,0.32,0.31,0.32,1065400000.0,995525000.0,1065400000.0,3698236774.0,52.0,27.374,88600000.0,0.395,1.0,785700000.0,0.441,342800000.0,25400000.0,1043800000.0,934050000.0,171200000.0,300300000.0,297400000.0,2900000.0,885300000.0,418600000.0,466700000.0,3860936774.0,55200000.0,700000.0,38100000.0,-7000000.0,0.0,31100000.0,-188300000.0,-70000000.0,205300000.0,7100000.0,71600000.0,71600000.0,71600000.0,7100000.0,0.0,0.04,713200000.0,72500000.0,145400000.0,0.0,3.624,53.924,53.156,248900000.0,0.0,17.01,2.167,2.142,334000000.0,-68609000000.0,1781900000.0,1781900000.0,238000000.0,0.038,0.072,0.076,0.04,41400000.0,434500000.0,1.0,226980410.0,224400000.0,232600000.0,7.941,1607900000.0,0.0,-26000000.0,21500000.0,7.165,885500000.0
41,VIAV,MRT,2011-03-31,2011-04-02,2011-04-02,2021-08-25,21100000.0,1914000000.0,1800900000.0,1262700000.0,651300000.0,0.957,4.596,-101100000.0,443800000.0,443800000.0,976900000.0,63800000.0,3.107,0.846,281100000.0,0.0,281100000.0,281100000.0,89300000.0,61800000.0,0.0,0.0,0.0,61700000.0,123500000.0,0.072,123500000.0,61700000.0,36600000.0,0.29,0.27,0.29,1036800000.0,956350000.0,1036800000.0,4118293105.0,67.0,33.347,95100000.0,0.422,1.0,746700000.0,0.433,363100000.0,25100000.0,981800000.0,879025000.0,163800000.0,261300000.0,256700000.0,4600000.0,877200000.0,406400000.0,470800000.0,4284993105.0,-25800000.0,-157800000.0,37900000.0,-9300000.0,0.0,28600000.0,-254400000.0,5700000.0,196200000.0,3800000.0,63800000.0,63800000.0,63800000.0,200000.0,0.0,0.037,702800000.0,43900000.0,154400000.0,0.0,4.133,67.163,65.897,231900000.0,0.0,19.11,2.486,2.501,334500000.0,-68618300000.0,1723600000.0,1723600000.0,228600000.0,0.035,0.067,0.07,0.036,39900000.0,429800000.0,1.0,224227792.0,225600000.0,235400000.0,7.64,1550900000.0,0.0,-27200000.0,21200000.0,6.875,856300000.0
42,VIAV,MRT,2010-12-31,2011-01-01,2011-01-01,2021-08-25,16500000.0,1830700000.0,1733225000.0,1212200000.0,618500000.0,0.924,4.294,-75300000.0,443000000.0,443000000.0,923000000.0,13300000.0,2.928,0.913,276300000.0,0.0,276300000.0,276300000.0,64900000.0,59300000.0,0.0,0.0,0.0,41300000.0,100600000.0,0.063,100600000.0,41300000.0,16500000.0,0.07,0.06,0.07,957200000.0,924475000.0,957200000.0,3091255622.0,75.0,30.728,84300000.0,0.378,1.0,678900000.0,0.424,382800000.0,24800000.0,867200000.0,838275000.0,145100000.0,217100000.0,212300000.0,4800000.0,873500000.0,414000000.0,459500000.0,3224055622.0,43800000.0,-158800000.0,16100000.0,-7500000.0,0.0,8600000.0,-125000000.0,117700000.0,159600000.0,600000.0,13300000.0,13300000.0,13300000.0,800000.0,0.0,0.008,658200000.0,20700000.0,147300000.0,0.0,3.368,242.41,206.857,214600000.0,0.0,14.48,2.013,2.015,339200000.0,-68656900000.0,1601900000.0,1601900000.0,210200000.0,0.008,0.014,0.049,0.026,39000000.0,411700000.0,1.0,222655775.0,222900000.0,229100000.0,7.187,1447900000.0,0.0,3200000.0,22900000.0,6.496,798200000.0
43,VIAV,MRT,2010-09-30,2010-10-02,2010-10-02,2021-08-25,16800000.0,1755300000.0,1687425000.0,1121100000.0,634200000.0,0.872,4.16,-58800000.0,404400000.0,404400000.0,868000000.0,-29800000.0,3.001,0.902,271600000.0,0.0,271600000.0,271600000.0,0.0,57700000.0,0.0,0.0,0.0,-5400000.0,52300000.0,0.036,52300000.0,-5400000.0,-30100000.0,-0.13,-0.13,-0.13,922700000.0,911200000.0,922700000.0,2615715597.0,-484.0,50.014,79000000.0,0.356,1.0,603300000.0,0.41,405500000.0,24700000.0,843400000.0,838200000.0,136900000.0,220500000.0,215600000.0,4900000.0,832600000.0,373600000.0,459000000.0,2721115597.0,121500000.0,-159100000.0,13400000.0,-8700000.0,0.0,4700000.0,-21200000.0,206700000.0,137800000.0,200000.0,-29800000.0,-29800000.0,-29800000.0,900000.0,0.0,-0.02,629200000.0,-25900000.0,140600000.0,0.0,2.949,-91.313,-94.462,205500000.0,0.0,12.28,1.849,1.851,297000000.0,-68680500000.0,1471300000.0,1471300000.0,191500000.0,-0.018,-0.033,-0.006,-0.004,41000000.0,397400000.0,1.0,221589218.0,221800000.0,227500000.0,6.633,1349800000.0,7500000.0,-300000.0,20600000.0,6.086,747500000.0
44,VIAV,MRT,2010-06-30,2010-07-03,2010-07-03,2021-08-25,15100000.0,1703600000.0,1660425000.0,1074600000.0,629000000.0,0.821,4.151,-41400000.0,372700000.0,372700000.0,816800000.0,-61800000.0,3.062,0.875,267100000.0,0.0,267100000.0,267100000.0,45300000.0,58300000.0,0.0,0.0,0.0,-35000000.0,23300000.0,0.017,23300000.0,-35000000.0,-59300000.0,-0.28,-0.28,-0.28,908700000.0,909150000.0,908700000.0,1929123272.0,-55.0,82.795,77800000.0,0.355,1.0,547100000.0,0.401,423400000.0,24300000.0,823700000.0,870550000.0,125700000.0,232500000.0,227400000.0,5100000.0,794900000.0,350900000.0,444000000.0,2133823272.0,53300000.0,-201800000.0,9600000.0,-8600000.0,0.0,1000000.0,-65400000.0,197900000.0,119200000.0,-1500000.0,-61800000.0,-61800000.0,-61800000.0,2100000.0,0.0,-0.045,601300000.0,-54200000.0,137400000.0,0.0,2.348,-34.528,-34.607,183000000.0,0.0,9.69,1.565,1.555,271800000.0,-68680600000.0,1363900000.0,1363900000.0,174900000.0,-0.037,-0.068,-0.04,-0.026,43100000.0,382900000.0,1.0,220208800.0,218900000.0,218900000.0,6.231,1280200000.0,0.0,2500000.0,19800000.0,5.848,723700000.0
45,VIAV,MRT,2010-03-31,2010-04-03,2010-04-03,2021-08-25,23000000.0,1643300000.0,1651550000.0,1126700000.0,516600000.0,0.755,4.144,-33900000.0,467600000.0,467600000.0,757700000.0,-126900000.0,3.677,0.807,262900000.0,200000.0,262700000.0,262900000.0,0.0,2600000.0,0.0,0.0,0.0,-103400000.0,-100800000.0,-0.081,-100800000.0,-103400000.0,-127200000.0,-0.58,-0.58,-0.58,909300000.0,915600000.0,909300000.0,2624366354.0,-25.0,-26.035,55900000.0,0.255,1.0,488500000.0,0.392,313400000.0,23800000.0,818800000.0,909675000.0,123400000.0,253000000.0,245500000.0,7500000.0,734000000.0,306400000.0,427600000.0,2755066354.0,181200000.0,-35800000.0,8500000.0,-5300000.0,0.0,3200000.0,86300000.0,175800000.0,89800000.0,1900000.0,-126900000.0,-126900000.0,-126900000.0,2800000.0,0.0,-0.102,599700000.0,-111200000.0,110900000.0,0.0,3.03,-21.711,-21.672,171900000.0,0.0,12.57,2.211,2.213,237000000.0,-68682100000.0,1246200000.0,1246200000.0,162300000.0,-0.077,-0.139,-0.114,-0.083,45100000.0,372800000.0,1.0,219177912.0,219400000.0,219400000.0,5.68,1329900000.0,14900000.0,-300000.0,29900000.0,6.062,820300000.0
46,VIAV,MRT,2009-12-31,2010-01-02,2010-01-02,2021-08-25,20700000.0,1647500000.0,1661525000.0,1102100000.0,545400000.0,0.718,4.142,-41100000.0,389300000.0,389300000.0,735000000.0,-216700000.0,3.502,0.822,258600000.0,200000.0,258400000.0,258600000.0,0.0,25300000.0,0.0,0.0,0.0,-192100000.0,-166800000.0,-0.14,-166800000.0,-192100000.0,-215900000.0,-1.0,-1.0,-1.0,904100000.0,914625000.0,904100000.0,1780601862.0,-9.0,-10.675,63300000.0,0.29,1.0,458000000.0,0.384,335200000.0,23800000.0,866900000.0,983000000.0,122200000.0,321700000.0,308700000.0,13000000.0,743400000.0,314700000.0,428700000.0,1799601862.0,79900000.0,-38800000.0,4400000.0,-34400000.0,0.0,-30000000.0,3900000.0,93700000.0,104400000.0,1600000.0,-216700000.0,-216700000.0,-216700000.0,3600000.0,0.0,-0.182,663600000.0,-205600000.0,101300000.0,0.0,1.99,-8.305,-8.25,179100000.0,0.0,8.25,1.508,1.51,225300000.0,-68670200000.0,1193000000.0,1193000000.0,162000000.0,-0.13,-0.237,-0.195,-0.161,48100000.0,372600000.0,1.0,218133559.0,218300000.0,218300000.0,5.465,1312300000.0,14600000.0,800000.0,28900000.0,6.011,787400000.0
47,VIAV,MRT,2009-09-30,2009-10-03,2009-10-03,2021-08-25,22200000.0,1647300000.0,1715900000.0,1070000000.0,577300000.0,0.702,4.205,-45600000.0,273300000.0,273300000.0,748800000.0,-920100000.0,3.548,0.801,254300000.0,200000.0,254100000.0,254300000.0,0.0,47600000.0,0.0,0.0,0.0,-898200000.0,-850600000.0,-0.707,-850600000.0,-898200000.0,-922700000.0,-4.27,-4.27,-4.27,914500000.0,932100000.0,914500000.0,1473237789.0,-2.0,-1.732,31600000.0,0.145,1.0,455100000.0,0.378,353900000.0,24500000.0,972800000.0,1064850000.0,133400000.0,413400000.0,399800000.0,13600000.0,732800000.0,301600000.0,431200000.0,1445237789.0,-79700000.0,-42600000.0,4300000.0,-133100000.0,0.0,-128800000.0,-25700000.0,72100000.0,77200000.0,-2400000.0,-920100000.0,-920100000.0,-920100000.0,4100000.0,0.0,-0.764,1381500000.0,-926400000.0,105900000.0,0.0,1.58,-1.571,-1.56,184500000.0,0.0,6.66,1.2,1.203,192000000.0,-68650700000.0,1203900000.0,1203900000.0,162600000.0,-0.536,-0.987,-0.843,-0.746,48600000.0,381100000.0,1.0,217002671.0,217500000.0,217500000.0,5.535,1293400000.0,21400000.0,-2600000.0,28100000.0,5.947,768400000.0
48,VIAV,MRT,2009-06-30,2009-06-27,2009-06-27,2021-08-25,22600000.0,1668100000.0,1991975000.0,1107800000.0,560300000.0,0.644,4.334,-54700000.0,297200000.0,297200000.0,796700000.0,-909500000.0,3.575,0.785,250100000.0,200000.0,249900000.0,250100000.0,0.0,68500000.0,0.0,0.0,0.0,-886300000.0,-817800000.0,-0.637,-817800000.0,-886300000.0,-911800000.0,-4.22,-4.22,-4.22,934500000.0,1130725000.0,934500000.0,1291361522.0,-1.0,-1.579,52700000.0,0.244,1.0,486600000.0,0.379,330900000.0,25500000.0,980200000.0,1154825000.0,144800000.0,413400000.0,398300000.0,15100000.0,733600000.0,309900000.0,423700000.0,1230061522.0,21300000.0,-3800000.0,-81600000.0,-139300000.0,0.0,-220900000.0,140800000.0,198200000.0,107400000.0,-6000000.0,-909500000.0,-909500000.0,-909500000.0,3300000.0,0.0,-0.709,1404900000.0,-918300000.0,106600000.0,0.0,1.316,-1.352,-1.351,191100000.0,0.0,5.7,0.959,0.958,187300000.0,-68618800000.0,1283300000.0,1283300000.0,167100000.0,-0.457,-0.804,-0.767,-0.691,50600000.0,399000000.0,1.0,215800267.0,215600000.0,215600000.0,5.952,1337200000.0,20100000.0,-2300000.0,25900000.0,6.202,797900000.0
49,VIAV,MRT,2009-03-31,2009-03-28,2009-03-28,2021-08-25,17800000.0,1683200000.0,2301475000.0,1111800000.0,571400000.0,0.601,4.199,-68300000.0,263900000.0,263900000.0,868100000.0,-894300000.0,3.913,0.859,325200000.0,200000.0,325000000.0,325200000.0,0.0,147100000.0,0.0,0.0,0.0,-855300000.0,-708200000.0,-0.512,-708200000.0,-855300000.0,-895800000.0,-4.15,-4.15,-4.15,905400000.0,1351450000.0,905400000.0,928592163.0,-1.0,-1.311,86100000.0,0.399,1.0,514200000.0,0.372,348300000.0,40500000.0,1112100000.0,1279700000.0,159700000.0,424000000.0,409600000.0,14400000.0,777800000.0,284100000.0,493700000.0,849492163.0,-170500000.0,-16800000.0,-193300000.0,-213000000.0,0.0,-406300000.0,88700000.0,170200000.0,154400000.0,-7300000.0,-894300000.0,-894300000.0,-894300000.0,1200000.0,0.0,-0.647,1472000000.0,-957800000.0,88600000.0,0.0,0.938,-0.95,-0.952,190100000.0,0.0,3.95,0.615,0.616,198400000.0,-68479400000.0,1382300000.0,1382300000.0,172000000.0,-0.389,-0.662,-0.668,-0.619,51100000.0,438100000.0,1.0,215061307.0,215600000.0,215600000.0,6.411,1334900000.0,8900000.0,-1500000.0,15500000.0,6.192,827700000.0
50,VIAV,MRT,2008-12-31,2008-12-27,2008-12-27,2021-08-25,15800000.0,1865000000.0,2649975000.0,1205400000.0,659600000.0,0.561,4.528,-66000000.0,296100000.0,296100000.0,928700000.0,-798800000.0,3.608,0.915,375200000.0,200000.0,375000000.0,375200000.0,0.0,147200000.0,0.0,0.0,0.0,-768300000.0,-621100000.0,-0.418,-621100000.0,-768300000.0,-805100000.0,-3.71,-3.71,-3.71,974000000.0,1611700000.0,974000000.0,920321167.0,-1.0,-1.482,103300000.0,0.48,1.0,558400000.0,0.375,415700000.0,36800000.0,1194300000.0,1366125000.0,200100000.0,408700000.0,392900000.0,15800000.0,891000000.0,334100000.0,556900000.0,760721167.0,-55200000.0,-66300000.0,-187300000.0,-256000000.0,0.0,-443300000.0,222600000.0,352500000.0,169300000.0,-3800000.0,-798800000.0,-798800000.0,-798800000.0,-200000.0,0.0,-0.537,1437100000.0,-878700000.0,125100000.0,0.0,0.781,-0.952,-0.954,204400000.0,0.0,3.54,0.512,0.512,265000000.0,-68394200000.0,1487100000.0,1487100000.0,177800000.0,-0.301,-0.496,-0.562,-0.517,49400000.0,457700000.0,1.0,214892985.0,215100000.0,215100000.0,6.914,1449300000.0,13400000.0,-6300000.0,18900000.0,6.738,871300000.0
51,VIAV,MRT,2008-09-30,2008-09-27,2008-09-27,2021-08-25,57400000.0,2751600000.0,2930275000.0,1312700000.0,1438900000.0,0.523,7.934,-59500000.0,340400000.0,340400000.0,938000000.0,-54700000.0,3.224,0.61,500000000.0,75000000.0,425000000.0,500000000.0,0.0,146000000.0,0.0,0.0,0.0,-21700000.0,124300000.0,0.081,124300000.0,-21700000.0,-53800000.0,-0.25,-0.26,-0.25,1709000000.0,1817200000.0,1709000000.0,2087810622.0,-96.0,16.797,148800000.0,0.691,1.0,594500000.0,0.388,1171300000.0,32100000.0,1332700000.0,1475125000.0,185800000.0,493400000.0,462600000.0,30800000.0,1042600000.0,407200000.0,635400000.0,1856510622.0,-48200000.0,-62100000.0,-186200000.0,-225500000.0,0.0,-411700000.0,153700000.0,272900000.0,208300000.0,1500000.0,-54700000.0,-54700000.0,-54700000.0,-800000.0,0.0,-0.036,726600000.0,-132100000.0,138300000.0,0.0,1.086,-33.94,-34.64,211500000.0,0.0,8.66,1.211,1.217,270100000.0,-67688900000.0,1532500000.0,1532500000.0,182000000.0,-0.019,-0.03,-0.015,-0.014,51400000.0,459500000.0,1.0,214377670.0,215400000.0,215400000.0,7.115,1580300000.0,13000000.0,900000.0,8100000.0,7.337,905500000.0
52,VIAV,MRT,2008-06-30,2008-06-28,2008-06-28,2021-08-25,77900000.0,2906100000.0,2990375000.0,1429100000.0,1477000000.0,0.506,8.121,-51700000.0,276700000.0,276700000.0,932400000.0,-40300000.0,3.209,0.599,508000000.0,83000000.0,425000000.0,508000000.0,0.0,144500000.0,0.0,0.0,0.0,-10500000.0,134000000.0,0.089,134000000.0,-10500000.0,-37900000.0,-0.18,-0.18,-0.18,1817400000.0,1828325000.0,1817400000.0,2808855928.0,-268.0,20.962,145500000.0,0.65,1.0,579600000.0,0.383,1212300000.0,27400000.0,1479700000.0,1621950000.0,188900000.0,633600000.0,608000000.0,25600000.0,1088700000.0,445400000.0,643300000.0,2659155928.0,-97300000.0,-59900000.0,-97400000.0,-255600000.0,0.0,-353000000.0,53400000.0,168500000.0,197200000.0,5100000.0,-40300000.0,-40300000.0,-40300000.0,-1200000.0,0.0,-0.027,713800000.0,-134200000.0,129600000.0,0.0,1.463,-65.984,-64.278,213200000.0,0.0,11.57,1.759,1.713,297700000.0,-67585700000.0,1512000000.0,1512000000.0,184300000.0,-0.013,-0.022,-0.006,-0.007,49300000.0,449100000.0,1.0,229831973.0,223800000.0,223800000.0,6.756,1693800000.0,11400000.0,2400000.0,7100000.0,7.568,983700000.0
53,VIAV,MRT,2008-03-31,2008-03-29,2008-03-29,2021-08-25,73000000.0,3077200000.0,3020175000.0,1537400000.0,1539800000.0,0.494,8.643,-50100000.0,433300000.0,433300000.0,927900000.0,-9800000.0,3.121,0.581,583000000.0,158000000.0,425000000.0,583000000.0,0.0,140700000.0,0.0,0.0,0.0,-3100000.0,137600000.0,0.092,137600000.0,-3100000.0,-11800000.0,-0.04,-0.05,-0.04,1946400000.0,1807850000.0,1946400000.0,3187846786.0,-1028.0,23.167,122500000.0,0.544,1.0,562600000.0,0.377,1276500000.0,8700000.0,1457800000.0,1749800000.0,193200000.0,597900000.0,571200000.0,26700000.0,1130800000.0,492600000.0,638200000.0,2880246786.0,-29700000.0,-91200000.0,16200000.0,-253000000.0,0.0,-236800000.0,29200000.0,172200000.0,172600000.0,5300000.0,-9800000.0,-9800000.0,-9800000.0,0.0,0.0,-0.007,639800000.0,-77200000.0,119700000.0,0.0,1.48,-293.903,-328.0,210300000.0,0.0,13.12,1.932,1.982,281000000.0,-67442700000.0,1490500000.0,1490500000.0,182800000.0,-0.003,-0.005,-0.002,-0.002,43700000.0,413200000.0,1.0,219531005.0,225200000.0,225200000.0,6.619,1800700000.0,9000000.0,-2000000.0,20300000.0,7.996,1044800000.0
54,VIAV,MRT,2007-12-31,2007-12-29,2007-12-29,2021-08-25,57200000.0,2986200000.0,3016925000.0,1635900000.0,1350300000.0,0.487,8.145,-54700000.0,350400000.0,350400000.0,926300000.0,-17800000.0,2.935,0.663,658000000.0,233000000.0,425000000.0,658000000.0,0.0,134600000.0,0.0,0.0,0.0,-1800000.0,132800000.0,0.09,132800000.0,-1800000.0,-10400000.0,-0.08,-0.09,-0.08,1796000000.0,1728550000.0,1796000000.0,3290981119.0,-1828.0,24.781,99800000.0,0.453,1.0,542000000.0,0.369,1106200000.0,8600000.0,1630300000.0,1900000000.0,196500000.0,764700000.0,752400000.0,12300000.0,1190200000.0,557300000.0,632900000.0,2945281119.0,-67300000.0,-48300000.0,13200000.0,-194600000.0,0.0,-181400000.0,-44300000.0,60900000.0,154500000.0,3900000.0,-17800000.0,-17800000.0,-17800000.0,0.0,0.0,-0.012,617700000.0,-75700000.0,118500000.0,0.0,1.64,-165.465,-167.75,203300000.0,0.0,13.42,2.006,2.015,288100000.0,-67436500000.0,1468300000.0,1468300000.0,178500000.0,-0.006,-0.01,-0.001,-0.001,39900000.0,396700000.0,1.0,219469532.0,220500000.0,228400000.0,6.659,1880000000.0,8000000.0,7400000.0,16500000.0,8.526,1078600000.0
55,VIAV,MRT,2007-09-30,2007-09-29,2007-09-29,2021-08-25,51400000.0,2992000000.0,3043325000.0,1624600000.0,1367400000.0,0.472,8.0,-60800000.0,387300000.0,387300000.0,927700000.0,-15800000.0,5.432,0.706,733000000.0,0.0,733000000.0,733000000.0,0.0,130300000.0,0.0,0.0,0.0,-2800000.0,127500000.0,0.089,127500000.0,-2800000.0,-10200000.0,-0.07,-0.08,-0.07,1753500000.0,1686675000.0,1753500000.0,3712550017.0,-1326.0,29.118,53000000.0,0.242,1.0,507700000.0,0.354,1118600000.0,7400000.0,1920000000.0,2034250000.0,199300000.0,752400000.0,740100000.0,12300000.0,1238500000.0,299100000.0,939400000.0,3277350017.0,106800000.0,-60700000.0,13000000.0,-123100000.0,0.0,-110100000.0,99500000.0,226200000.0,113800000.0,3600000.0,-15800000.0,-15800000.0,-15800000.0,0.0,0.0,-0.011,611700000.0,-104000000.0,101400000.0,0.0,1.869,-207.427,-213.714,205100000.0,0.0,14.96,2.283,2.285,252300000.0,-67457700000.0,1435400000.0,1435400000.0,175000000.0,-0.005,-0.009,-0.001,-0.002,34100000.0,385600000.0,1.0,219074199.0,219200000.0,219200000.0,6.548,1873400000.0,10000000.0,5600000.0,10200000.0,8.547,1325500000.0
56,VIAV,MRT,2007-06-30,2007-06-30,2007-06-30,2021-08-25,42500000.0,3025300000.0,3058450000.0,1660700000.0,1364600000.0,0.457,8.198,-75700000.0,372800000.0,372800000.0,924800000.0,-26300000.0,4.773,0.743,808000000.0,0.0,808000000.0,808000000.0,0.0,128400000.0,0.0,0.0,0.0,-17200000.0,111200000.0,0.08,111200000.0,-17200000.0,-24300000.0,-0.12,-0.12,-0.12,1735500000.0,1644925000.0,1735500000.0,3256128839.0,-189.0,29.282,-14400000.0,-0.068,1.0,472000000.0,0.338,1121500000.0,7100000.0,1991100000.0,2117175000.0,204300000.0,773000000.0,769900000.0,3100000.0,1289800000.0,347900000.0,941900000.0,2842528839.0,-2000000.0,-59000000.0,13000000.0,-85000000.0,0.0,-72000000.0,6400000.0,139900000.0,61300000.0,2300000.0,-26300000.0,-26300000.0,-26300000.0,0.0,0.0,-0.019,591200000.0,-119200000.0,111500000.0,0.0,1.638,-108.081,-111.917,210500000.0,0.0,13.43,2.035,2.035,264200000.0,-67450800000.0,1396800000.0,1396800000.0,168400000.0,-0.009,-0.016,-0.008,-0.012,29700000.0,368400000.0,1.0,211655163.0,211700000.0,211700000.0,6.598,1903800000.0,11800000.0,2000000.0,44900000.0,8.993,1312800000.0
57,VIAV,MRT,2007-03-31,2007-03-31,2007-03-31,2021-08-25,30900000.0,3064200000.0,3068400000.0,1800500000.0,1263700000.0,0.445,7.71,-108400000.0,467400000.0,467400000.0,908500000.0,-54200000.0,4.536,0.881,881000000.0,0.0,881000000.0,881000000.0,0.0,127800000.0,0.0,0.0,0.0,-50300000.0,77500000.0,0.057,77500000.0,-50300000.0,-56900000.0,-0.26,-0.27,-0.26,1629200000.0,1606950000.0,1629200000.0,3695013587.0,-73.0,47.678,-87800000.0,-0.416,1.0,455800000.0,0.334,1022300000.0,6600000.0,2058600000.0,2155075000.0,220900000.0,760700000.0,756400000.0,4300000.0,1435000000.0,396900000.0,1038100000.0,3216413587.0,125100000.0,-6200000.0,14600000.0,402100000.0,0.0,416700000.0,-315300000.0,-197400000.0,20600000.0,3100000.0,-54200000.0,-54200000.0,-54200000.0,0.0,0.0,-0.04,597000000.0,-141200000.0,107000000.0,0.0,1.974,-59.343,-58.577,208800000.0,0.0,15.23,2.358,2.359,255200000.0,-67432900000.0,1364300000.0,1364300000.0,166000000.0,-0.018,-0.034,-0.023,-0.037,27100000.0,356500000.0,1.0,211189336.0,211300000.0,211300000.0,6.457,2041900000.0,8500000.0,-2700000.0,105700000.0,9.664,1403600000.0
58,VIAV,MRT,2006-12-31,2006-12-30,2006-12-30,2021-08-25,28300000.0,3091800000.0,2953050000.0,1843900000.0,1247900000.0,0.446,7.714,-107300000.0,421400000.0,421400000.0,880800000.0,-36300000.0,4.595,0.899,900000000.0,0.0,900000000.0,900000000.0,0.0,128300000.0,0.0,0.0,0.0,-34800000.0,93500000.0,0.071,93500000.0,-34800000.0,-40100000.0,-0.17,-0.18,-0.17,1628500000.0,1605425000.0,1628500000.0,4131893743.0,-119.0,44.191,-148000000.0,-0.701,1.0,436700000.0,0.331,1001800000.0,5300000.0,2167300000.0,1975000000.0,235300000.0,815800000.0,806300000.0,9500000.0,1463300000.0,401300000.0,1062000000.0,3516693743.0,180300000.0,4400000.0,29300000.0,415900000.0,0.0,445200000.0,-226800000.0,-122800000.0,-40700000.0,2600000.0,-36300000.0,-36300000.0,-36300000.0,0.0,0.0,-0.028,592500000.0,-155800000.0,126300000.0,0.0,2.159,-96.879,-98.0,207700000.0,0.0,16.66,2.669,2.669,274000000.0,-67418700000.0,1317500000.0,1317500000.0,163900000.0,-0.012,-0.023,-0.018,-0.026,23700000.0,349000000.0,1.0,211086059.0,211100000.0,223500000.0,6.241,2090000000.0,12000000.0,-3800000.0,84900000.0,9.901,1442600000.0
59,VIAV,MRT,2006-09-30,2006-09-30,2006-09-30,2021-08-25,21000000.0,3052500000.0,2832950000.0,1797700000.0,1254800000.0,0.446,7.523,-78100000.0,284800000.0,284800000.0,869600000.0,-101600000.0,4.423,0.924,900000000.0,0.0,900000000.0,900000000.0,0.0,126200000.0,0.0,0.0,0.0,-103700000.0,22500000.0,0.018,22500000.0,-103700000.0,-108600000.0,-0.48,-0.48,-0.48,1586500000.0,1596025000.0,1586500000.0,4215759023.0,-41.0,187.367,-129200000.0,-0.613,1.0,394500000.0,0.312,1009600000.0,4900000.0,2251700000.0,1780250000.0,222800000.0,942100000.0,931200000.0,10900000.0,1466000000.0,406400000.0,1059600000.0,3697059023.0,121500000.0,8500000.0,28500000.0,415900000.0,0.0,444400000.0,-273900000.0,-208900000.0,-51100000.0,2100000.0,-101600000.0,-101600000.0,-101600000.0,0.0,0.0,-0.08,584000000.0,-189500000.0,123200000.0,0.0,2.33,-36.388,-36.5,203700000.0,0.0,17.52,2.925,2.923,231000000.0,-67441900000.0,1264100000.0,1264100000.0,161800000.0,-0.036,-0.064,-0.058,-0.082,18400000.0,337900000.0,1.0,211019351.0,210900000.0,210900000.0,5.994,2042900000.0,17700000.0,-7000000.0,81300000.0,9.687,1391300000.0
60,VIAV,MRT,2006-06-30,2006-06-30,2006-06-30,2021-08-25,12600000.0,3065100000.0,2706100000.0,1805000000.0,1260100000.0,0.445,7.68,-67200000.0,381300000.0,381300000.0,863800000.0,-151200000.0,4.273,0.936,900000000.0,0.0,900000000.0,900000000.0,0.0,118200000.0,0.0,0.0,0.0,-147800000.0,-29600000.0,-0.025,-29600000.0,-147800000.0,-151600000.0,-0.73,-0.73,-0.73,1583600000.0,1594650000.0,1583600000.0,4391117482.0,-30.0,-148.349,-148400000.0,-0.72,1.0,340500000.0,0.283,1018700000.0,3800000.0,2142700000.0,1593825000.0,202200000.0,868100000.0,857300000.0,10800000.0,1481500000.0,422400000.0,1059100000.0,4262717482.0,-141800000.0,-448100000.0,28200000.0,415900000.0,0.0,444100000.0,-506700000.0,16400000.0,-81200000.0,2000000.0,-151200000.0,-151200000.0,-151200000.0,0.0,0.0,-0.126,588500000.0,-248000000.0,126600000.0,0.0,2.692,-28.193,-27.726,201200000.0,0.0,20.24,3.54,3.465,232300000.0,-67424500000.0,1204300000.0,1204300000.0,155500000.0,-0.056,-0.095,-0.093,-0.123,15000000.0,325300000.0,1.0,210608571.0,206200000.0,206200000.0,5.84,2046400000.0,26200000.0,-400000.0,81200000.0,9.924,1382600000.0
61,VIAV,MRT,2006-03-31,2006-03-31,2006-03-31,2021-08-25,13700000.0,2602800000.0,2462300000.0,1326400000.0,1276400000.0,0.429,7.733,-35600000.0,340000000.0,340000000.0,797500000.0,-251100000.0,3.722,0.604,468400000.0,0.0,468400000.0,468400000.0,0.0,100900000.0,0.0,0.0,0.0,-214000000.0,-113100000.0,-0.107,-113100000.0,-214000000.0,-232300000.0,-1.33,-1.33,-1.33,1623100000.0,1531175000.0,1623100000.0,7216634231.0,-34.0,-63.808,-146600000.0,-0.698,1.0,259500000.0,0.246,1036500000.0,18300000.0,1338300000.0,1440200000.0,189100000.0,523700000.0,507300000.0,16400000.0,979700000.0,356400000.0,623300000.0,6989834231.0,30300000.0,-497500000.0,24800000.0,0.0,0.0,24800000.0,115900000.0,652000000.0,-111000000.0,600000.0,-251100000.0,-251100000.0,-251100000.0,0.0,0.0,-0.238,572400000.0,-312900000.0,92200000.0,0.0,4.306,-27.837,-25.083,202000000.0,0.0,33.36,6.613,6.625,216000000.0,-67378700000.0,1057000000.0,1057000000.0,138000000.0,-0.102,-0.164,-0.149,-0.202,11200000.0,280500000.0,1.0,209527405.0,209900000.0,224300000.0,5.036,1566300000.0,16000000.0,18800000.0,50500000.0,7.462,970000000.0
62,VIAV,MRT,2005-12-31,2005-12-31,2005-12-31,2021-08-25,8900000.0,2611400000.0,2357750000.0,1324800000.0,1286600000.0,0.385,7.686,-18400000.0,241000000.0,241000000.0,730000000.0,-293400000.0,3.313,0.641,467800000.0,0.0,467800000.0,467800000.0,0.0,85400000.0,0.0,0.0,0.0,-267200000.0,-181800000.0,-0.2,-181800000.0,-267200000.0,-279300000.0,-1.59,-1.59,-1.59,1590900000.0,1485525000.0,1590900000.0,4204988145.0,-16.0,-23.13,-115700000.0,-0.559,1.0,178400000.0,0.196,1050000000.0,12100000.0,1388300000.0,1553925000.0,181200000.0,616800000.0,599300000.0,17500000.0,1020500000.0,399900000.0,620600000.0,3899688145.0,-83000000.0,-497500000.0,10800000.0,0.0,0.0,10800000.0,2400000.0,522700000.0,-97300000.0,1100000.0,-293400000.0,-293400000.0,-293400000.0,0.0,0.0,-0.323,494900000.0,-316500000.0,124900000.0,0.0,2.451,-13.291,-11.874,198300000.0,0.0,18.88,4.293,4.302,223400000.0,-67382400000.0,908400000.0,908400000.0,119200000.0,-0.124,-0.198,-0.172,-0.294,7100000.0,230300000.0,1.0,206551279.0,207000000.0,207000000.0,4.388,1561400000.0,15400000.0,14100000.0,45400000.0,7.543,924900000.0
63,VIAV,MRT,2005-09-30,2005-09-30,2005-09-30,2021-08-25,14300000.0,2545100000.0,2268825000.0,1285600000.0,1259500000.0,0.342,7.997,-40500000.0,161900000.0,161900000.0,662700000.0,-292300000.0,3.909,0.61,467200000.0,0.0,467200000.0,467200000.0,0.0,71100000.0,0.0,0.0,0.0,-274500000.0,-203400000.0,-0.262,-203400000.0,-274500000.0,-280600000.0,-1.63,-1.63,-1.63,1581000000.0,1460100000.0,1581000000.0,3623484053.0,-13.0,-17.815,-169100000.0,-0.855,1.0,113300000.0,0.146,1015500000.0,6100000.0,1506000000.0,1662425000.0,164600000.0,686200000.0,665600000.0,20600000.0,964100000.0,328900000.0,635200000.0,3667784053.0,-243200000.0,-489300000.0,12500000.0,0.0,0.0,12500000.0,-127000000.0,411400000.0,-128600000.0,-100000.0,-292300000.0,-292300000.0,-292300000.0,0.0,0.0,-0.377,427300000.0,-314000000.0,98500000.0,0.0,2.32,-12.548,-10.896,207000000.0,0.0,17.76,4.727,4.525,214300000.0,-67340300000.0,776000000.0,776000000.0,102900000.0,-0.129,-0.2,-0.165,-0.354,3800000.0,190500000.0,1.0,206519372.0,197700000.0,197700000.0,3.925,1529600000.0,13700000.0,11700000.0,42400000.0,7.737,956700000.0
64,VIAV,MRT,2005-06-30,2005-06-30,2005-06-30,2021-08-25,9100000.0,2089900000.0,2211375000.0,1591700000.0,498200000.0,0.322,7.359,-35800000.0,511200000.0,511200000.0,600000000.0,-261300000.0,6.61,0.572,475400000.0,0.0,475400000.0,475400000.0,0.0,61300000.0,0.0,0.0,0.0,-251900000.0,-190600000.0,-0.268,-190600000.0,-251900000.0,-254600000.0,-1.45,-1.45,-1.45,1329700000.0,1447250000.0,1329700000.0,2366367109.0,-9.0,-12.415,-175700000.0,-0.972,1.0,112200000.0,0.158,285100000.0,2700000.0,1528200000.0,1729900000.0,97400000.0,822500000.0,793300000.0,29200000.0,760200000.0,240800000.0,519400000.0,2201167109.0,182000000.0,-43600000.0,14500000.0,-500000.0,0.0,14000000.0,307200000.0,382900000.0,-139900000.0,700000.0,-261300000.0,-261300000.0,-261300000.0,0.0,0.0,-0.367,362000000.0,-249800000.0,75100000.0,0.0,1.655,-8.424,-8.386,162100000.0,0.0,12.16,3.091,3.085,102300000.0,-67273300000.0,712200000.0,712200000.0,93700000.0,-0.118,-0.181,-0.146,-0.354,700000.0,157300000.0,1.0,181017032.0,180700000.0,180700000.0,3.941,1804800000.0,11700000.0,6700000.0,32200000.0,9.988,1350900000.0
65,VIAV,MRT,2005-03-31,2005-03-31,2005-03-31,2021-08-25,-24000000.0,2184600000.0,2286950000.0,1686900000.0,497700000.0,0.313,7.966,-56800000.0,301300000.0,301300000.0,586800000.0,-137300000.0,6.262,0.517,466500000.0,0.0,466500000.0,466500000.0,0.0,59400000.0,0.0,0.0,0.0,-175200000.0,-115800000.0,-0.162,-115800000.0,-175200000.0,-138600000.0,-0.72,-0.72,-0.72,1440500000.0,1507600000.0,1440500000.0,2564324461.0,-15.0,-22.144,-190000000.0,-1.051,1.0,129000000.0,0.18,287200000.0,-36600000.0,1793200000.0,1830600000.0,118600000.0,1119300000.0,1078900000.0,40400000.0,744100000.0,269400000.0,474700000.0,2412624461.0,-296700000.0,-10400000.0,15500000.0,-500000.0,0.0,15000000.0,-178200000.0,-106800000.0,-133200000.0,-300000.0,-137300000.0,-137300000.0,-137300000.0,0.0,0.0,-0.192,278100000.0,-149100000.0,69700000.0,0.0,1.675,-17.572,-18.556,164300000.0,0.0,13.36,3.371,3.375,112300000.0,-67127600000.0,715800000.0,715800000.0,96500000.0,-0.06,-0.091,-0.096,-0.245,0.0,152200000.0,1.0,180585663.0,180838000.0,180838000.0,3.958,1897400000.0,8400000.0,-1300000.0,30200000.0,10.492,1417500000.0
66,VIAV,MRT,2004-12-31,2004-12-31,2004-12-31,2021-08-25,-8700000.0,2255700000.0,2356800000.0,1738500000.0,517200000.0,0.302,8.25,-59700000.0,314200000.0,314200000.0,566300000.0,-106000000.0,5.946,0.515,465900000.0,0.0,465900000.0,465900000.0,0.0,57000000.0,0.0,0.0,0.0,-144000000.0,-87000000.0,-0.122,-87000000.0,-144000000.0,-112800000.0,-0.56,-0.56,-0.56,1489200000.0,1551775000.0,1489200000.0,4648305687.0,-32.0,-53.429,-205400000.0,-1.138,1.0,144600000.0,0.203,292700000.0,-31200000.0,1822300000.0,1816900000.0,121400000.0,1144500000.0,1102200000.0,42300000.0,766500000.0,292400000.0,474100000.0,4577505687.0,-288300000.0,-10400000.0,20000000.0,-500000.0,0.0,19500000.0,-161400000.0,-89300000.0,-145700000.0,-700000.0,-106000000.0,-106000000.0,-106000000.0,0.0,0.0,-0.149,288000000.0,-143400000.0,72300000.0,0.0,3.074,-43.184,-45.286,171800000.0,0.0,25.36,6.439,6.439,113600000.0,-67089000000.0,710900000.0,710900000.0,99600000.0,-0.045,-0.068,-0.079,-0.203,200000.0,149800000.0,1.0,180501013.0,180512000.0,180512000.0,3.938,1963000000.0,11900000.0,-6800000.0,35400000.0,10.875,1446100000.0
67,VIAV,MRT,2004-09-30,2004-09-30,2004-09-30,2021-08-25,-7700000.0,2315300000.0,2406200000.0,1778500000.0,536800000.0,0.284,8.484,-42200000.0,394400000.0,394400000.0,536100000.0,-123500000.0,5.697,0.514,465200000.0,0.0,465200000.0,465200000.0,0.0,56500000.0,0.0,0.0,0.0,-151800000.0,-95300000.0,-0.14,-95300000.0,-151800000.0,-125900000.0,-0.64,-0.64,-0.64,1529600000.0,1580500000.0,1529600000.0,5001000223.0,-33.0,-52.476,-148800000.0,-0.825,1.0,146900000.0,0.215,298000000.0,-25900000.0,1775900000.0,1790925000.0,126200000.0,1107000000.0,1068900000.0,38100000.0,785700000.0,312200000.0,473500000.0,4863800223.0,225700000.0,-10400000.0,19000000.0,462000000.0,0.0,481000000.0,-148100000.0,-94800000.0,-106600000.0,-600000.0,-123500000.0,-123500000.0,-123500000.0,0.0,0.0,-0.181,321900000.0,-175000000.0,58700000.0,0.0,3.18,-39.383,-42.125,190700000.0,0.0,26.96,7.121,7.117,128800000.0,-67048000000.0,683000000.0,683000000.0,99300000.0,-0.051,-0.078,-0.085,-0.222,700000.0,140900000.0,1.0,180408020.0,180300000.0,180300000.0,3.788,2017300000.0,11900000.0,-2400000.0,41100000.0,11.189,1466300000.0
68,VIAV,MRT,2004-06-30,2004-06-30,2004-06-30,2021-08-25,4600000.0,2392200000.0,2342125000.0,1851700000.0,540500000.0,0.272,8.748,-66400000.0,327500000.0,327500000.0,500000000.0,-115500000.0,5.931,0.523,464700000.0,0.0,464700000.0,464700000.0,0.0,55900000.0,0.0,0.0,0.0,-154500000.0,-98600000.0,-0.155,-98600000.0,-154500000.0,-131300000.0,-0.64,-0.64,-0.64,1571100000.0,1615475000.0,1571100000.0,5326305979.0,-34.0,-54.019,-192400000.0,-1.071,1.0,135900000.0,0.214,286200000.0,-23200000.0,1931000000.0,1668700000.0,125000000.0,1263600000.0,1221200000.0,42400000.0,821100000.0,312200000.0,508900000.0,5458205979.0,84900000.0,-1100000.0,18800000.0,462500000.0,0.0,481300000.0,-269000000.0,-200800000.0,-126000000.0,-1400000.0,-115500000.0,-115500000.0,-115500000.0,0.0,0.0,-0.182,316700000.0,-180800000.0,74100000.0,0.0,3.474,-47.257,-47.375,195600000.0,0.0,30.32,8.583,8.563,112700000.0,-67012000000.0,635900000.0,635900000.0,99500000.0,-0.049,-0.071,-0.093,-0.243,1800000.0,144700000.0,1.0,180019986.0,179588000.0,179588000.0,3.541,2106000000.0,17800000.0,-15800000.0,45500000.0,11.727,1539500000.0
69,VIAV,MRT,2004-03-31,2004-03-31,2004-03-31,2021-08-25,30800000.0,2464000000.0,2278525000.0,1957600000.0,506400000.0,0.273,8.995,-44600000.0,596000000.0,596000000.0,478700000.0,-155500000.0,5.595,0.524,464100000.0,0.0,464100000.0,464100000.0,0.0,55700000.0,0.0,0.0,0.0,-211700000.0,-156000000.0,-0.251,-156000000.0,-211700000.0,-179200000.0,-0.88,-0.88,-0.88,1617200000.0,1640475000.0,1617200000.0,5707606162.0,-27.0,-36.587,-188700000.0,-1.05,1.0,143300000.0,0.23,243800000.0,-32500000.0,1738400000.0,1490625000.0,104400000.0,1102500000.0,1061200000.0,41300000.0,846800000.0,349900000.0,496900000.0,5844506162.0,360100000.0,20200000.0,20600000.0,462300000.0,0.0,482900000.0,18100000.0,40500000.0,-144100000.0,-1600000.0,-155500000.0,-155500000.0,-155500000.0,0.0,0.0,-0.25,361200000.0,-217900000.0,60500000.0,0.0,3.614,-37.585,-37.0,191900000.0,0.0,32.56,9.396,9.411,111200000.0,-66990300000.0,622000000.0,622000000.0,106500000.0,-0.068,-0.095,-0.142,-0.34,5100000.0,169500000.0,1.0,179499575.0,179787000.0,179787000.0,3.46,2220200000.0,50900000.0,-23700000.0,88400000.0,12.349,1607700000.0
70,VIAV,MRT,2003-12-31,2003-12-31,2003-12-31,2021-08-25,20900000.0,2453300000.0,2214850000.0,1922700000.0,530600000.0,0.283,8.943,-51900000.0,600500000.0,600500000.0,500600000.0,-285000000.0,5.473,0.529,463600000.0,0.0,463600000.0,463600000.0,0.0,60500000.0,0.0,0.0,0.0,-315300000.0,-254800000.0,-0.407,-254800000.0,-315300000.0,-282800000.0,-1.6,-1.6,-1.6,1604100000.0,1663100000.0,1604100000.0,5055125140.0,-16.0,-19.84,-214500000.0,-1.196,1.0,125700000.0,0.201,246700000.0,-32500000.0,1718400000.0,1370850000.0,86100000.0,1089800000.0,1047100000.0,42700000.0,849200000.0,351300000.0,497900000.0,5223125140.0,388300000.0,-1600000.0,19000000.0,462300000.0,0.0,481300000.0,65200000.0,119200000.0,-162600000.0,-400000.0,-285000000.0,-285000000.0,-285000000.0,0.0,0.0,-0.455,421900000.0,-296200000.0,47400000.0,0.0,3.256,-18.327,-18.2,208400000.0,0.0,29.12,8.34,8.34,84500000.0,-66983000000.0,626300000.0,626300000.0,117700000.0,-0.129,-0.171,-0.23,-0.503,24900000.0,203900000.0,1.0,179365561.0,179375000.0,179375000.0,3.492,2206600000.0,70700000.0,2200000.0,80500000.0,12.302,1571400000.0
71,VIAV,MRT,2003-09-30,2003-09-30,2003-09-30,2021-08-25,29300000.0,2059000000.0,2182800000.0,1432600000.0,626400000.0,0.289,9.318,-63000000.0,168000000.0,168000000.0,551100000.0,-441400000.0,4.054,0.233,0.0,0.0,0.0,0.0,0.0,65700000.0,0.0,0.0,0.0,-473300000.0,-407600000.0,-0.647,-407600000.0,-473300000.0,-440800000.0,-2.48,-2.48,-2.48,1669500000.0,1706900000.0,1669500000.0,4921432879.0,-10.0,-12.074,-293200000.0,-1.636,1.0,79200000.0,0.126,250600000.0,-32500000.0,1287000000.0,1290850000.0,74300000.0,1039900000.0,992200000.0,47700000.0,389500000.0,353400000.0,36100000.0,5163332879.0,-62300000.0,-3100000.0,18900000.0,-300000.0,0.0,18600000.0,144900000.0,210200000.0,-230200000.0,-400000.0,-441400000.0,-441400000.0,-441400000.0,0.0,0.0,-0.7,505700000.0,-426500000.0,35400000.0,0.0,3.093,-11.698,-11.613,294000000.0,0.0,28.8,8.192,8.187,105100000.0,-66924600000.0,630300000.0,630300000.0,133700000.0,-0.202,-0.259,-0.367,-0.751,37100000.0,242500000.0,1.0,179282392.0,179175000.0,179175000.0,3.518,1808400000.0,87600000.0,600000.0,83400000.0,10.093,1079200000.0
72,VIAV,MRT,2003-06-30,2003-06-30,2003-06-30,2021-08-25,10600000.0,2137800000.0,2276375000.0,1514600000.0,623200000.0,0.297,9.417,-47200000.0,241900000.0,241900000.0,620500000.0,-933800000.0,3.582,0.279,0.0,0.0,0.0,0.0,0.0,79200000.0,0.0,0.0,0.0,-952800000.0,-873600000.0,-1.292,-873600000.0,-952800000.0,-920300000.0,-5.28,-5.28,-5.28,1671100000.0,1774325000.0,1671100000.0,4764927988.0,-5.0,-5.454,-256700000.0,-1.446,1.0,55400000.0,0.082,254400000.0,-32500000.0,1218700000.0,1351300000.0,84100000.0,1039700000.0,992200000.0,47500000.0,466700000.0,422800000.0,43900000.0,5005627988.0,-165700000.0,-6000000.0,21400000.0,-800000.0,0.0,20600000.0,23200000.0,74800000.0,-209500000.0,-4800000.0,-933800000.0,-933800000.0,-933800000.0,0.0,0.0,-1.382,956100000.0,-900700000.0,48600000.0,0.0,2.995,-5.36,-5.303,283400000.0,0.0,28.0,7.406,7.352,97500000.0,-66896500000.0,675900000.0,675900000.0,153700000.0,-0.41,-0.526,-0.705,-1.41,50900000.0,267300000.0,1.0,178772428.0,177463000.0,177463000.0,3.809,1883400000.0,75900000.0,13500000.0,75900000.0,10.613,1091800000.0
73,VIAV,MRT,2003-03-31,2003-03-31,2003-03-31,2021-08-25,-8500000.0,2209300000.0,2493050000.0,1583000000.0,626300000.0,0.296,9.603,-36000000.0,240700000.0,240700000.0,751000000.0,-1914700000.0,3.447,0.294,0.0,0.0,0.0,0.0,0.0,208800000.0,0.0,0.0,0.0,-2004000000.0,-1795200000.0,-2.436,-1795200000.0,-2004000000.0,-2004000000.0,-10.96,-10.96,-10.96,1707700000.0,1974400000.0,1707700000.0,3816730557.0,-2.0,-2.126,-189800000.0,-1.067,1.0,-14000000.0,-0.019,250000000.0,0.0,1259300000.0,1446600000.0,99700000.0,1077300000.0,1025000000.0,52300000.0,501600000.0,459300000.0,42300000.0,4033730557.0,-84800000.0,-83700000.0,22100000.0,-800000.0,0.0,21300000.0,45700000.0,-140200000.0,-153800000.0,2000000.0,-1914700000.0,-1914700000.0,-1914700000.0,0.0,0.0,-2.598,1878500000.0,-1892500000.0,59700000.0,0.0,2.362,-2.107,-2.08,289700000.0,0.0,22.8,5.473,5.501,102500000.0,-66834900000.0,737000000.0,737000000.0,185300000.0,-0.768,-0.97,-1.385,-2.719,83600000.0,303200000.0,1.0,176918007.0,177825000.0,177825000.0,4.145,1959300000.0,65400000.0,-89300000.0,57900000.0,11.018,1123700000.0
74,VIAV,MRT,2002-12-31,2002-12-31,2002-12-31,2021-08-25,-18100000.0,2325100000.0,2955150000.0,1660900000.0,664200000.0,0.282,10.062,-53300000.0,217000000.0,217000000.0,848200000.0,-6118800000.0,3.301,0.307,0.0,0.0,0.0,0.0,0.0,634100000.0,0.0,0.0,0.0,-6253600000.0,-5619500000.0,-6.745,-5619500000.0,-6253600000.0,-6253600000.0,-35.68,-35.68,-35.68,1779300000.0,2393700000.0,1779300000.0,3259069112.0,-1.0,-0.58,-146400000.0,-0.828,1.0,-15100000.0,-0.018,206600000.0,0.0,1398400000.0,1692975000.0,95700000.0,1177300000.0,1114000000.0,63300000.0,545800000.0,503100000.0,42700000.0,3494169112.0,1700000.0,-68200000.0,28800000.0,-5900000.0,0.0,22900000.0,72000000.0,187200000.0,-93100000.0,-100000.0,-6118800000.0,-6118800000.0,-6118800000.0,0.0,0.0,-7.345,6129300000.0,-6144400000.0,63900000.0,0.0,1.964,-0.571,-0.554,359700000.0,0.0,19.76,4.194,4.194,92800000.0,-66698100000.0,833100000.0,833100000.0,206300000.0,-2.071,-2.556,-3.694,-7.506,122300000.0,317200000.0,1.0,176830421.0,176838000.0,176838000.0,4.711,2118500000.0,141200000.0,-134800000.0,57600000.0,11.98,1157800000.0
75,VIAV,MRT,2002-09-30,2002-09-30,2002-09-30,2021-08-25,-59500000.0,2433300000.0,4618550000.0,1724300000.0,709000000.0,0.208,10.985,-82000000.0,235100000.0,235100000.0,1012800000.0,-8034400000.0,3.771,0.255,0.0,0.0,0.0,0.0,0.0,1151100000.0,0.0,0.0,0.0,-7992300000.0,-6841200000.0,-7.107,-6841200000.0,-7992300000.0,-7992300000.0,-47.28,-47.28,-47.28,1939200000.0,3873850000.0,1939200000.0,2337748184.0,0.0,-0.342,-119800000.0,-0.679,1.0,-50200000.0,-0.052,212200000.0,0.0,1528800000.0,2074425000.0,105700000.0,1196400000.0,1121700000.0,74700000.0,494100000.0,457200000.0,36900000.0,2743348184.0,-55600000.0,-175700000.0,40700000.0,-31200000.0,0.0,9500000.0,-28500000.0,214500000.0,-37800000.0,1200000.0,-8034400000.0,-8034400000.0,-8034400000.0,0.0,0.0,-8.347,7828600000.0,-7878800000.0,64600000.0,0.0,1.415,-0.341,-0.328,389200000.0,0.0,15.52,2.85,2.846,110900000.0,-66483200000.0,962600000.0,962600000.0,230300000.0,-1.74,-2.074,-3.853,-8.303,139100000.0,342400000.0,1.0,176762125.0,176537000.0,176537000.0,5.453,2221100000.0,141500000.0,42100000.0,57800000.0,12.581,1267100000.0
76,VIAV,MRT,2002-06-30,2002-06-30,2002-06-30,2021-08-25,-23800000.0,3004500000.0,6742325000.0,1857300000.0,1147200000.0,0.163,14.707,-122700000.0,412400000.0,412400000.0,1171100000.0,-8738300000.0,3.849,0.216,0.0,0.0,0.0,0.0,0.0,1645300000.0,0.0,0.0,0.0,-8501000000.0,-6855700000.0,-6.243,-6855700000.0,-8501000000.0,-8501000000.0,-52.0,-52.0,-52.0,2471400000.0,5772175000.0,2471400000.0,3310521265.0,0.0,-0.483,-37000000.0,-0.22,1.0,-72900000.0,-0.066,509700000.0,0.0,1599900000.0,2522775000.0,110000000.0,1133600000.0,1038000000.0,95600000.0,533100000.0,482500000.0,50600000.0,3635421265.0,-350400000.0,-176900000.0,65100000.0,-32800000.0,0.0,32300000.0,-472700000.0,-181700000.0,85700000.0,4300000.0,-8738300000.0,-8738300000.0,-8738300000.0,0.0,0.0,-7.957,8211100000.0,-8284000000.0,66200000.0,0.0,1.471,-0.416,-0.411,491500000.0,0.0,21.36,3.31,3.268,134400000.0,-65962700000.0,1098200000.0,1098200000.0,254800000.0,-1.296,-1.514,-3.37,-7.741,147900000.0,382900000.0,1.0,170197625.0,168037000.0,168037000.0,6.535,2494800000.0,172300000.0,237300000.0,75200000.0,14.847,1374800000.0
77,VIAV,MRT,2002-03-31,2002-03-31,2002-03-31,2021-08-25,-65500000.0,4057700000.0,9052550000.0,2112400000.0,1945300000.0,0.163,19.926,-241000000.0,325500000.0,325500000.0,1845000000.0,-20057800000.0,4.12,0.199,600000.0,0.0,600000.0,600000.0,0.0,2598100000.0,0.0,0.0,0.0,-20645900000.0,-18047800000.0,-12.214,-18047800000.0,-20645900000.0,-20645900000.0,-112.8,-112.8,-112.8,3384900000.0,7830950000.0,3384900000.0,7784965212.0,0.0,-0.431,-104300000.0,-0.614,1.0,-367400000.0,-0.249,975300000.0,0.0,2244800000.0,3020225000.0,139300000.0,1341900000.0,1239000000.0,102900000.0,672800000.0,512700000.0,160100000.0,7994565212.0,188800000.0,-179900000.0,77500000.0,-36600000.0,0.0,40900000.0,7600000.0,733800000.0,136700000.0,3600000.0,-20057800000.0,-20057800000.0,-20057800000.0,0.0,0.0,-13.575,19063800000.0,-19431200000.0,75400000.0,0.0,2.362,-0.399,-0.418,820500000.0,0.0,47.12,5.411,5.417,165000000.0,-64920200000.0,1477600000.0,1477600000.0,285400000.0,-2.216,-2.561,-6.836,-13.973,285900000.0,444100000.0,1.0,169663948.0,169875000.0,169875000.0,8.698,3082400000.0,240100000.0,-588100000.0,185500000.0,18.145,1599700000.0
78,VIAV,MRT,2001-12-31,2001-12-31,2001-12-31,2021-08-25,-14100000.0,8978700000.0,14081850000.0,2455000000.0,6523700000.0,0.152,46.312,-474300000.0,215300000.0,215300000.0,2099100000.0,-57564800000.0,3.496,0.166,5700000.0,0.0,5700000.0,5700000.0,0.0,4319800000.0,0.0,0.0,0.0,-57657200000.0,-53337400000.0,-24.972,-53337400000.0,-57657200000.0,-57657200000.0,-380.32,-380.32,-380.32,7699900000.0,12518325000.0,7699900000.0,11244403372.0,0.0,-0.211,-514900000.0,-3.097,1.0,36800000.0,0.017,5142600000.0,0.0,2924200000.0,3607475000.0,181000000.0,1548700000.0,1437600000.0,111100000.0,1278800000.0,702300000.0,576500000.0,11524403372.0,-214800000.0,129400000.0,144000000.0,-37300000.0,0.0,106700000.0,-282300000.0,61800000.0,-40600000.0,1400000.0,-57564800000.0,-57564800000.0,-57564800000.0,0.0,0.0,-26.951,57494900000.0,-57458100000.0,92700000.0,0.0,1.497,-0.2,-0.183,957600000.0,0.0,69.44,5.396,5.405,191600000.0,-60579300000.0,2135900000.0,2135900000.0,325600000.0,-4.088,-4.598,-15.983,-26.994,248700000.0,800900000.0,1.0,165962030.0,166262000.0,166262000.0,12.847,3836100000.0,691700000.0,-92400000.0,662800000.0,23.073,1752700000.0
79,VIAV,MRT,2001-09-30,2001-09-30,2001-09-30,2021-08-25,-37100000.0,10928400000.0,18073475000.0,2832100000.0,8096300000.0,0.154,57.655,-646200000.0,290700000.0,290700000.0,2213300000.0,-56329700000.0,3.717,0.146,10700000.0,0.0,10700000.0,10700000.0,0.0,4925300000.0,0.0,0.0,0.0,-56550300000.0,-51625000000.0,-18.604,-51625000000.0,-56550300000.0,-56550300000.0,-374.96,-374.96,-374.96,9532500000.0,16416075000.0,9532500000.0,7619019404.0,0.0,-0.148,-547900000.0,-3.314,1.0,561600000.0,0.202,6564200000.0,0.0,3322200000.0,3837700000.0,232100000.0,1600100000.0,1463400000.0,136700000.0,1395900000.0,762000000.0,633900000.0,8369019404.0,77400000.0,235200000.0,201400000.0,-25300000.0,0.0,176100000.0,-200700000.0,211700000.0,98300000.0,3700000.0,-56329700000.0,-56329700000.0,-56329700000.0,0.0,0.0,-20.3,56882400000.0,-56320800000.0,94400000.0,0.0,0.878,-0.149,-0.135,976800000.0,0.0,50.56,3.016,3.013,260700000.0,-58448800000.0,2774900000.0,2774900000.0,332700000.0,-3.117,-3.431,-14.735,-20.379,174400000.0,808200000.0,1.0,165526491.0,165338000.0,165338000.0,16.783,4364200000.0,891200000.0,-220600000.0,678600000.0,26.396,2070100000.0
80,VIAV,MRT,2001-06-30,2001-06-30,2001-06-30,2021-08-25,-24400000.0,12245400000.0,21758375000.0,3036300000.0,9209100000.0,0.149,78.443,-735300000.0,762800000.0,762800000.0,2306700000.0,-56121900000.0,3.578,0.144,1200000.0,1200000.0,0.0,1200000.0,0.0,5542400000.0,0.0,0.0,0.0,-56493800000.0,-50951400000.0,-15.761,-50951400000.0,-56493800000.0,-56493800000.0,-411.2,-411.2,-411.2,10706500000.0,20054225000.0,10706500000.0,16339686262.0,0.0,-0.321,-682100000.0,-4.998,1.0,926100000.0,0.286,7045600000.0,0.0,3589700000.0,3964175000.0,287600000.0,1218400000.0,1049400000.0,169000000.0,1538900000.0,848500000.0,690400000.0,16452786262.0,443800000.0,175700000.0,417700000.0,-26600000.0,0.0,391100000.0,-3300000.0,570400000.0,53200000.0,2800000.0,-56121900000.0,-56121900000.0,-56121900000.0,0.0,0.0,-17.36,57273500000.0,-56347400000.0,190600000.0,0.0,1.537,-0.293,-0.243,1173000000.0,0.0,100.0,5.089,4.222,477600000.0,-57224400000.0,3232800000.0,3232800000.0,325900000.0,-2.579,-2.799,-14.251,-17.475,195300000.0,818100000.0,1.0,164527863.0,136488000.0,136488000.0,23.686,5199800000.0,1177700000.0,-371900000.0,766000000.0,38.097,2187800000.0
81,VIAV,MRT,2001-03-31,2001-03-31,2001-03-31,2021-08-25,-668100000.0,24174900000.0,25294300000.0,3503700000.0,20671200000.0,0.125,154.99,-729500000.0,136700000.0,136700000.0,1665700000.0,-44178700000.0,3.13,0.092,23600000.0,0.0,23600000.0,23600000.0,0.0,4756300000.0,0.0,0.0,0.0,-43599300000.0,-38843000000.0,-12.309,-38843000000.0,-43599300000.0,-43599300000.0,-313.6,-313.6,-313.6,22134400000.0,23572250000.0,22134400000.0,17523298793.0,0.0,-0.451,-653000000.0,-4.572,1.0,1490000000.0,0.472,18348600000.0,0.0,4593800000.0,3848275000.0,672900000.0,2040300000.0,1836200000.0,204100000.0,2040500000.0,1119400000.0,921100000.0,17926198793.0,-1500000.0,426100000.0,437300000.0,-67700000.0,0.0,369600000.0,-440800000.0,-132600000.0,76500000.0,-6800000.0,-44178700000.0,-44178700000.0,-44178700000.0,0.0,0.0,-14.0,46045600000.0,-44555600000.0,285000000.0,0.0,0.81,-0.406,-0.47,1193200000.0,0.0,147.52,5.681,6.676,705400000.0,-44862400000.0,3155700000.0,3155700000.0,272900000.0,-1.747,-1.874,-11.33,-13.816,69500000.0,724900000.0,1.0,121517074.0,142812000.0,142812000.0,22.097,5826300000.0,989600000.0,579400000.0,1277100000.0,40.797,2384300000.0
82,VIAV,MRT,2000-12-31,2000-12-30,2000-12-30,2021-08-25,-35100000.0,24945200000.0,21236450000.0,2397000000.0,22548200000.0,0.124,193.427,-546600000.0,430100000.0,430100000.0,1373600000.0,-2571700000.0,3.531,0.071,27200000.0,0.0,27200000.0,27200000.0,0.0,2859300000.0,0.0,0.0,0.0,-2433800000.0,425500000.0,0.162,425500000.0,-2433800000.0,-2433800000.0,-23.12,-23.12,-23.12,23290900000.0,19828225000.0,23290900000.0,39904494081.0,-16.0,93.783,-210500000.0,-1.748,1.0,1256600000.0,0.478,20018300000.0,0.0,3845100000.0,3117300000.0,493900000.0,1594200000.0,700600000.0,893600000.0,1654300000.0,678900000.0,975400000.0,40086494081.0,297800000.0,163400000.0,378800000.0,-61900000.0,0.0,316900000.0,-351300000.0,43700000.0,336100000.0,-3900000.0,-2571700000.0,-2571700000.0,-2571700000.0,0.0,0.0,-0.978,3641800000.0,-2385200000.0,232900000.0,0.0,1.721,-15.588,-14.426,930700000.0,0.0,333.52,15.241,15.269,631900000.0,-3014600000.0,2630200000.0,2630200000.0,208200000.0,-0.121,-0.13,-0.781,-0.925,20300000.0,333200000.0,1.0,120192175.0,120412000.0,120412000.0,21.843,4926900000.0,751100000.0,137900000.0,1015200000.0,40.917,1718100000.0
83,VIAV,MRT,2000-09-30,2000-09-30,2000-09-30,2021-08-25,-34000000.0,25668000000.0,16296750000.0,2138400000.0,23529600000.0,0.122,203.55,-385100000.0,213300000.0,213300000.0,1063000000.0,-1807500000.0,3.713,0.066,31300000.0,0.0,31300000.0,31300000.0,0.0,1909800000.0,0.0,0.0,0.0,-1695000000.0,214800000.0,0.108,214800000.0,-1695000000.0,-1695000000.0,-17.2,-17.2,-17.2,24085100000.0,15170875000.0,24085100000.0,90418036212.0,-53.0,420.941,-121400000.0,-1.026,1.0,923800000.0,0.465,21082000000.0,0.0,3828100000.0,2441375000.0,394500000.0,1871400000.0,931600000.0,939800000.0,1582900000.0,575900000.0,1007000000.0,90696036212.0,-282300000.0,56300000.0,334600000.0,-48500000.0,0.0,286100000.0,-825500000.0,-477900000.0,263700000.0,-6600000.0,-1807500000.0,-1807500000.0,-1807500000.0,0.0,0.0,-0.91,2621000000.0,-1697200000.0,161200000.0,0.0,3.766,-50.178,-44.042,770500000.0,0.0,757.52,45.649,45.115,493800000.0,-2119200000.0,1986800000.0,1986800000.0,158600000.0,-0.111,-0.119,-0.694,-0.853,81000000.0,261300000.0,1.0,119727580.0,118325000.0,118325000.0,16.791,4586000000.0,769100000.0,112500000.0,1021900000.0,38.758,1562500000.0
84,VIAV,MRT,2000-06-30,2000-06-30,2000-06-30,2021-08-25,-17200000.0,26389100000.0,11066100000.0,1972900000.0,24416200000.0,0.129,278.844,-275300000.0,319000000.0,319000000.0,751600000.0,-904700000.0,3.048,0.065,41000000.0,0.0,41000000.0,41000000.0,0.0,950700000.0,0.0,0.0,0.0,-829800000.0,120900000.0,0.085,120900000.0,-829800000.0,-829800000.0,-10.16,-10.16,-10.16,24778600000.0,10220675000.0,24778600000.0,71363703923.0,-86.0,590.271,5800000.0,0.065,1.0,678800000.0,0.475,22337800000.0,0.0,3126100000.0,1681775000.0,375400000.0,1556200000.0,795300000.0,760900000.0,1610500000.0,647200000.0,963300000.0,71501903923.0,243600000.0,99900000.0,827200000.0,-45100000.0,0.0,782100000.0,-814900000.0,-638600000.0,281100000.0,-4700000.0,-904700000.0,-904700000.0,-904700000.0,0.0,0.0,-0.632,1543900000.0,-865100000.0,195200000.0,0.0,2.886,-79.034,-94.394,670700000.0,0.0,959.04,49.987,59.579,381600000.0,-1102500000.0,1430400000.0,1430400000.0,113400000.0,-0.082,-0.089,-0.493,-0.58,48300000.0,172900000.0,1.0,74555706.0,88862000.0,88862000.0,16.097,4051300000.0,713200000.0,74900000.0,1010900000.0,45.591,1325700000.0
85,VIAV,MRT,2000-03-31,2000-03-31,2000-03-31,2021-08-25,-7800000.0,7943500000.0,5492850000.0,1464600000.0,6478900000.0,0.181,76.6,-168100000.0,138200000.0,138200000.0,506500000.0,-680400000.0,4.758,0.11,0.0,0.0,0.0,0.0,0.0,649300000.0,0.0,0.0,0.0,-615500000.0,33800000.0,0.034,33800000.0,-615500000.0,-615500000.0,-10.32,-10.32,-10.32,7158300000.0,4930850000.0,7158300000.0,60183257002.0,-98.0,1780.57,51600000.0,0.552,1.0,487000000.0,0.49,5827600000.0,0.0,1669900000.0,1007175000.0,197100000.0,824300000.0,824300000.0,0.0,785200000.0,307800000.0,477400000.0,60315557002.0,114100000.0,-52900000.0,793600000.0,0.0,0.0,793600000.0,-899200000.0,-677900000.0,219700000.0,0.0,-680400000.0,-680400000.0,-680400000.0,0.0,0.0,-0.685,1129700000.0,-642700000.0,79500000.0,0.0,8.426,-88.647,-93.457,449800000.0,0.0,964.48,60.71,90.72,261900000.0,-683800000.0,993500000.0,993500000.0,80300000.0,-0.124,-0.138,-0.611,-0.62,12200000.0,123700000.0,1.0,62536866.0,93450000.0,93450000.0,10.631,2115900000.0,220800000.0,64900000.0,505800000.0,22.642,1156800000.0
86,VIAV,MRT,1999-12-31,1999-12-31,1999-12-31,2021-08-25,-6000000.0,5186400000.0,3602693000.0,1228300000.0,3958100000.0,0.187,54.008,-104000000.0,132300000.0,132300000.0,340700000.0,-426700000.0,5.525,0.113,0.0,0.0,0.0,0.0,0.0,388900000.0,0.0,0.0,0.0,-383600000.0,5300000.0,0.008,5300000.0,-383600000.0,-383600000.0,-7.44,-7.44,-7.44,4661500000.0,3225103750.0,4661500000.0,35994195083.0,-94.0,6791.358,34400000.0,0.399,1.0,332700000.0,0.494,3690400000.0,0.0,1141400000.0,644221250.0,134700000.0,752800000.0,752800000.0,0.0,524900000.0,222300000.0,302600000.0,36489795083.0,110200000.0,-96800000.0,775100000.0,0.0,0.0,775100000.0,-803300000.0,-603000000.0,138400000.0,0.0,-426700000.0,-426700000.0,-426700000.0,0.0,0.0,-0.634,734400000.0,-401700000.0,70000000.0,0.0,7.828,-85.516,-86.726,256500000.0,0.0,645.24,54.187,82.703,185200000.0,-443000000.0,673400000.0,673400000.0,54300000.0,-0.118,-0.132,-0.595,-0.57,39900000.0,83700000.0,1.0,56552283.0,86312000.0,86312000.0,7.802,1496000000.0,23700000.0,43100000.0,317100000.0,17.332,1006000000.0
87,VIAV,MRT,1999-09-30,1999-09-28,1999-09-28,2021-08-25,2400000.0,4745400000.0,2397911750.0,1218700000.0,3526700000.0,0.19,50.86,-72900000.0,495600000.0,495600000.0,235000000.0,-293100000.0,8.19,0.108,0.0,0.0,0.0,0.0,0.0,202400000.0,0.0,0.0,0.0,-270000000.0,-67600000.0,-0.148,-67600000.0,-270000000.0,-270000000.0,-5.84,-5.88,-5.84,4284300000.0,2138240250.0,4284300000.0,12717224533.0,-47.0,-188.125,18100000.0,0.215,1.0,220500000.0,0.484,3311300000.0,0.0,789700000.0,407284250.0,98000000.0,463600000.0,463600000.0,0.0,461100000.0,148800000.0,312300000.0,12792642533.0,471300000.0,13500000.0,753300000.0,0.0,0.0,752800000.0,-372500000.0,-312800000.0,91000000.0,0.0,-293100000.0,-293100000.0,-293100000.0,0.0,0.0,-0.643,498700000.0,-278200000.0,51700000.0,0.0,2.986,-43.646,-39.918,209200000.0,0.0,233.12,28.085,43.112,140200000.0,-311800000.0,455500000.0,455500000.0,38500000.0,-0.122,-0.137,-0.663,-0.593,23900000.0,58300000.0,1.0,54875783.0,84237000.0,84237000.0,5.407,1434100000.0,17800000.0,23100000.0,321800000.0,17.025,1069900000.0
88,VIAV,MRT,1999-06-30,1999-06-30,1999-06-30,2021-08-25,-5700000.0,4096100000.0,1299799000.0,463600000.0,3632500000.0,0.218,90.994,-46600000.0,75400000.0,75400000.0,138700000.0,-171100000.0,3.116,0.132,0.0,0.0,0.0,0.0,0.0,30700000.0,0.0,0.0,0.0,-149600000.0,-118900000.0,-0.42,-118900000.0,-149600000.0,-149600000.0,-4.32,-4.32,-4.32,3619300000.0,1143227750.0,3619300000.0,6675180766.0,-45.0,-56.141,20400000.0,0.513,1.0,144100000.0,0.51,3444200000.0,0.0,427700000.0,254132750.0,87900000.0,158500000.0,158500000.0,0.0,476800000.0,148800000.0,328000000.0,6706499766.0,42100000.0,35000000.0,16000000.0,0.0,0.0,15400000.0,-40300000.0,-28400000.0,67000000.0,0.0,-171100000.0,-171100000.0,-171100000.0,0.0,0.0,-0.605,297300000.0,-153200000.0,38100000.0,0.0,1.853,-39.196,-38.426,181100000.0,0.0,166.0,23.715,23.347,120900000.0,-197800000.0,282800000.0,282800000.0,27000000.0,-0.132,-0.15,-0.589,-0.529,11900000.0,37400000.0,1.0,40400601.0,39775000.0,39775000.0,7.11,651900000.0,18100000.0,21500000.0,355400000.0,16.39,314800000.0
89,VIAV,MRT,1999-03-31,1999-03-31,1999-03-31,2021-08-25,0.0,382872000.0,358991750.0,201905000.0,180967000.0,0.689,8.375,-38458000.0,31319000.0,31319000.0,127855000.0,-13393000.0,5.057,0.142,0.0,0.0,0.0,0.0,0.0,26372000.0,0.0,0.0,0.0,479000.0,26851000.0,0.108,26851000.0,479000.0,379000.0,-0.45,-0.45,-0.45,335315000.0,308412250.0,335315000.0,4542710412.0,9484.0,169.182,15060000.0,0.376,1.0,119622000.0,0.483,93540000.0,100000.0,218085000.0,184557750.0,26680000.0,81775000.0,81775000.0,0.0,47557000.0,39928000.0,7629000.0,4569666412.0,-21620000.0,-7804000.0,13744000.0,-39000.0,0.0,12731000.0,-87869000.0,-41694000.0,53518000.0,0.0,-13393000.0,-13393000.0,-13393000.0,0.0,0.0,-0.054,122872000.0,-3250000.0,19566000.0,0.0,13.628,-341.198,-255.822,79800000.0,0.0,115.12,18.465,18.625,51773000.0,-3447000.0,247477000.0,247477000.0,23082000.0,-0.037,-0.043,0.003,0.002,12313000.0,43207000.0,1.0,39694809.0,40038000.0,43400000.0,6.181,289332000.0,17985000.0,13772000.0,269000.0,7.226,161977000.0
90,VIAV,MRT,1998-12-31,1998-12-31,1998-12-31,2021-08-25,0.0,367275000.0,316363250.0,189555000.0,177720000.0,0.698,7.946,-32067000.0,29331000.0,29331000.0,114738000.0,-16930000.0,4.106,0.169,2375000.0,2375000.0,0.0,2375000.0,0.0,20757000.0,0.0,0.0,0.0,-3923000.0,16834000.0,0.076,16834000.0,-3923000.0,-4023000.0,-0.51,-0.53,-0.51,314046000.0,269512000.0,314046000.0,2659521461.0,-678.0,157.985,23424000.0,0.593,1.0,106161000.0,0.481,100504000.0,100000.0,193652000.0,161893500.0,26180000.0,84905000.0,84905000.0,0.0,53229000.0,46163000.0,7066000.0,2687634461.0,-8722000.0,-4204000.0,10577000.0,-39000.0,0.0,9564000.0,-73777000.0,-37084000.0,55491000.0,0.0,-16930000.0,-16930000.0,-16930000.0,0.0,0.0,-0.077,113662000.0,-7501000.0,22207000.0,0.0,8.558,-158.75,-136.039,72733000.0,0.0,69.38,12.167,12.414,39920000.0,-16217000.0,220899000.0,220899000.0,19832000.0,-0.054,-0.063,-0.024,-0.018,12575000.0,41190000.0,1.0,38737885.0,39525000.0,42250000.0,5.589,266771000.0,13702000.0,12907000.0,2017000.0,6.749,143392000.0
91,VIAV,MRT,1998-09-30,1998-09-30,1998-09-30,2021-08-25,0.0,352949000.0,273317000.0,179384000.0,173565000.0,0.741,7.781,-29333000.0,31479000.0,31479000.0,104480000.0,-18068000.0,4.251,0.16,1916000.0,1916000.0,0.0,1916000.0,0.0,16661000.0,0.0,0.0,0.0,-5282000.0,11379000.0,0.056,11379000.0,-5282000.0,-5382000.0,-0.55,-0.54,-0.55,304250000.0,232847250.0,304250000.0,1544730920.0,-292.0,135.753,27208000.0,0.696,1.0,98098000.0,0.484,104098000.0,100000.0,177094000.0,145764500.0,24207000.0,75627000.0,75627000.0,0.0,48699000.0,42194000.0,6505000.0,1584531920.0,-8768000.0,-10900000.0,7628000.0,-39000.0,0.0,6989000.0,-72298000.0,-31924000.0,56541000.0,0.0,-18068000.0,-18068000.0,-18068000.0,0.0,0.0,-0.089,106918000.0,-8820000.0,15815000.0,0.0,5.208,-87.698,-74.545,65246000.0,0.0,41.0,7.822,7.913,40032000.0,-18096000.0,202578000.0,202578000.0,17391000.0,-0.066,-0.078,-0.036,-0.026,12838000.0,40129000.0,1.0,38647120.0,39100000.0,42250000.0,5.181,248851000.0,8542000.0,12686000.0,4550000.0,6.364,137190000.0
92,VIAV,MRT,1998-06-30,1998-06-30,1998-06-30,2021-08-25,-1330000.0,332871000.0,255225000.0,168595000.0,164276000.0,0.726,7.9,-24900000.0,33325000.0,33325000.0,96100000.0,-19600000.0,3.574,0.189,0.0,0.0,0.0,0.0,0.0,10100000.0,0.0,0.0,0.0,-8100000.0,2000000.0,0.011,2000000.0,-8100000.0,-8200000.0,-0.56,-0.56,-0.56,280038000.0,214907500.0,280038000.0,2146365077.0,-265.0,1073.183,26100000.0,0.736,1.0,89100000.0,0.481,102979000.0,100000.0,149400000.0,133779000.0,22137000.0,62031000.0,62031000.0,0.0,52833000.0,47167000.0,5666000.0,2191866077.0,3600000.0,-10800000.0,4900000.0,-6100000.0,0.0,-1700000.0,-45700000.0,-9900000.0,51000000.0,0.0,-19600000.0,-19600000.0,-19600000.0,0.0,0.0,-0.106,100600000.0,-11500000.0,15784000.0,0.0,7.827,-111.83,-112.107,57191000.0,0.0,62.78,11.835,12.017,41922000.0,-26118000.0,185200000.0,185200000.0,14800000.0,-0.077,-0.091,-0.061,-0.044,13100000.0,39900000.0,1.0,34913445.0,35450000.0,35450000.0,5.224,229892000.0,10516000.0,11400000.0,7697000.0,6.485,121428000.0
93,VIAV,MRT,1998-03-31,1998-03-31,1998-03-31,2021-08-25,-578000.0,212358000.0,,155048000.0,57310000.0,,5.064,-22187000.0,45501000.0,45501000.0,87779000.0,27116000.0,5.259,0.182,0.0,0.0,0.0,0.0,0.0,7915000.0,0.0,0.0,0.0,38941000.0,46856000.0,0.27,46856000.0,38941000.0,38520000.0,0.81,0.76,0.81,179714000.0,,179714000.0,1429405582.0,37.0,30.506,28811000.0,0.812,1.0,85785000.0,0.494,9946000.0,421000.0,127428000.0,,19256000.0,46958000.0,46958000.0,0.0,32644000.0,29483000.0,3161000.0,1459713582.0,21089000.0,-7596000.0,6406000.0,-6061000.0,0.0,93000.0,-30002000.0,79000.0,50998000.0,0.0,27116000.0,27116000.0,27116000.0,0.0,0.0,0.156,50161000.0,35624000.0,11151000.0,0.0,8.122,53.832,51.926,45407000.0,0.0,42.06,8.41,8.6,30502000.0,8181000.0,173564000.0,173564000.0,13972000.0,,,,0.224,1097000.0,27554000.0,1.0,34705506.0,35489000.0,,4.891,202412000.0,14788000.0,11404000.0,7156000.0,5.704,125565000.0
94,VIAV,MRT,1997-12-31,1997-12-31,1997-12-31,2021-08-25,24000.0,195090000.0,,142760000.0,52330000.0,,4.756,-18727000.0,30308000.0,30308000.0,79299000.0,-16694000.0,5.697,0.166,0.0,0.0,0.0,0.0,0.0,6531000.0,0.0,0.0,0.0,-7075000.0,-544000.0,-0.004,-544000.0,-7075000.0,-7496000.0,-0.49,-0.52,-0.49,167387000.0,,167387000.0,,,,22658000.0,0.644,1.0,73271000.0,0.48,10586000.0,421000.0,129136000.0,,19180000.0,54564000.0,54564000.0,0.0,27703000.0,25060000.0,2643000.0,1436113838.0,3465000.0,-52596000.0,5615000.0,-6061000.0,0.0,-698000.0,-37222000.0,34190000.0,41385000.0,0.0,-16694000.0,-16694000.0,-16694000.0,0.0,0.0,-0.109,83791000.0,-10520000.0,8609000.0,0.0,8.58,-86.026,-84.449,39996000.0,0.0,41.38,9.413,9.545,25063000.0,-238000.0,152570000.0,152570000.0,12474000.0,,,,-0.046,1396000.0,29436000.0,1.0,34705506.0,35194000.0,,4.335,184504000.0,15393000.0,9198000.0,5512000.0,5.242,117700000.0
95,VIAV,MRT,1997-09-30,1997-09-30,1997-09-30,2021-08-25,,,,,,,,,,,68313000.0,-14820000.0,,,,,,,,,,0.0,0.0,-7667000.0,,,,-7667000.0,-8088000.0,-0.43,-0.46,-0.43,,,,,,,,,1.0,61461000.0,0.474,,421000.0,,,,,,,,,,,,,,,,,,,,,-14820000.0,-14820000.0,-14820000.0,0.0,0.0,-0.114,72795000.0,-11334000.0,,0.0,,,-92.442,,0.0,39.75,,10.75,,,129774000.0,129774000.0,11243000.0,,,,-0.059,,26313000.0,1.0,,35095000.0,,3.698,,,6732000.0,,,
96,VIAV,MRT,1997-06-30,1997-06-30,1997-06-30,2021-08-25,0.0,177579000.0,,133715000.0,43864000.0,,4.446,-12239000.0,29186000.0,29186000.0,60001000.0,-17787000.0,5.28,0.186,6061000.0,6061000.0,0.0,6061000.0,0.0,4821000.0,0.0,0.0,0.0,-11934000.0,-7113000.0,-0.063,-7113000.0,-11934000.0,-12355000.0,-0.52,-0.52,-0.52,149777000.0,,149777000.0,,,,9696000.0,0.288,1.0,53213000.0,0.47,10969000.0,421000.0,118158000.0,,18668000.0,52009000.0,52009000.0,0.0,27802000.0,25327000.0,2475000.0,,-23126000.0,-45900000.0,4464000.0,-548000.0,0.0,3790000.0,-48851000.0,9299000.0,21935000.0,0.0,-17787000.0,-17787000.0,-17787000.0,0.0,0.0,-0.157,68998000.0,-15785000.0,4781000.0,0.0,,,-56.01,31251000.0,0.0,29.125,,8.667,20317000.0,-7104000.0,113214000.0,113214000.0,9861000.0,,,,-0.105,871000.0,23979000.0,1.0,,33691000.0,33691000.0,3.36,166610000.0,13473000.0,5432000.0,5049000.0,4.945,108388000.0
97,VIAV,MRT,1997-03-31,1997-03-31,1997-03-31,2021-08-25,,,,,,,,,,,,,,,,,,,,,,0.0,0.0,,,,,,,,,,,,,,,,,,1.0,,,,,,,,,,,,,,,,,,,,,,,,,,,,,,,,,,,,,,,,18.5,,,,,,,,,,,,,,1.0,,,,,,,,,,
98,VIAV,MRT,1996-12-31,1996-12-31,1996-12-31,2021-08-25,,,,,,,,,,,,,,,,,,,,,,0.0,0.0,,,,,,,,,,,,,,,,,,1.0,,,,,,,,,,,,,,,,,,,,,,,,,,,,,,,,,,,,,,,,26.25,,,,,,,,,,,,,,1.0,,,,,,,,,,
99,VIAV,MRT,1996-06-30,1996-06-30,1996-06-30,2021-08-25,,,,,,,,-17561000.0,,,36300000.0,2792000.0,,,,,,,,2081000.0,,0.0,0.0,6907000.0,8988000.0,0.13,8988000.0,6907000.0,6828000.0,0.11,0.1,0.11,,,,,,,-9801000.0,-0.395,1.0,32773000.0,0.474,,79000.0,,,,,,,,,,,49583000.0,-9387000.0,119516000.0,5764000.0,0.0,125280000.0,-83457000.0,-56600000.0,7760000.0,0.0,2792000.0,2792000.0,2792000.0,0.0,0.0,0.04,27344000.0,5429000.0,,0.0,,,161.364,,0.0,17.75,,6.381,,,69073000.0,69073000.0,5828000.0,,,,0.1,3094000.0,15699000.0,1.0,,24832000.0,27154000.0,2.782,,,4036000.0,,,
