None,ticker,dimension,calendardate,datekey,reportperiod,lastupdated,accoci,assets,assetsavg,assetsc,assetsnc,assetturnover,bvps,capex,cashneq,cashnequsd,cor,consolinc,currentratio,de,debt,debtc,debtnc,debtusd,deferredrev,depamor,deposits,divyield,dps,ebit,ebitda,ebitdamargin,ebitdausd,ebitusd,ebt,eps,epsdil,epsusd,equity,equityavg,equityusd,ev,evebit,evebitda,fcf,fcfps,fxusd,gp,grossmargin,intangibles,intexp,invcap,invcapavg,inventory,investments,investmentsc,investmentsnc,liabilities,liabilitiesc,liabilitiesnc,marketcap,ncf,ncfbus,ncfcommon,ncfdebt,ncfdiv,ncff,ncfi,ncfinv,ncfo,ncfx,netinc,netinccmn,netinccmnusd,netincdis,netincnci,netmargin,opex,opinc,payables,payoutratio,pb,pe,pe1,ppnenet,prefdivis,price,ps,ps1,receivables,retearn,revenue,revenueusd,rnd,roa,roe,roic,ros,sbcomp,sgna,sharefactor,sharesbas,shareswa,shareswadil,sps,tangibles,taxassets,taxexp,taxliabilities,tbvps,workingcapital
0,IGT1,MRY,2014-12-31,2014-09-30,2014-09-30,2020-07-20,-15200000.0,3989500000.0,4173975000.0,1221100000.0,2768400000.0,0.493,4.817,-88300000.0,255100000.0,255100000.0,843500000.0,247900000.0,2.241,2.331,1878600000.0,0.0,1878600000.0,1878600000.0,0.0,189000000.0,0.0,0.026,0.44,440800000.0,629800000.0,0.306,629800000.0,440800000.0,321300000.0,1.0,0.99,1.0,1197600000.0,1145625000.0,1197600000.0,5922364000.0,13.0,9.404,110900000.0,0.446,1.0,1214600000.0,0.59,1542500000.0,119500000.0,3525700000.0,3351300000.0,71400000.0,665400000.0,313200000.0,352200000.0,2791900000.0,544800000.0,2247100000.0,4170264000.0,-458200000.0,26700000.0,-202900000.0,-325600000.0,-107700000.0,-685500000.0,35000000.0,88800000.0,199200000.0,-6900000.0,247900000.0,247900000.0,247900000.0,0.0,0.0,0.12,806000000.0,408600000.0,77700000.0,0.44,3.482,16.822,16.87,412700000.0,0.0,16.87,2.026,2.038,329300000.0,226600000.0,2058100000.0,2058100000.0,224800000.0,0.059,0.216,0.132,0.214,-17100000.0,455200000.0,1.0,247200000.0,248600000,250500000.0,8.279,2447000000.0,240300000.0,73400000.0,900000.0,9.843,676300000.0
1,IGT1,MRY,2013-12-31,2013-09-28,2013-09-28,2020-07-20,8200000.0,4612800000.0,4275850000.0,1776000000.0,2836800000.0,0.548,4.776,-127800000.0,713300000.0,713300000.0,997200000.0,272700000.0,1.177,2.678,2192900000.0,826600000.0,1366300000.0,2192900000.0,0.0,231600000.0,0.0,0.018,0.34,525700000.0,757300000.0,0.323,757300000.0,525700000.0,402300000.0,1.04,1.03,1.04,1254100000.0,1259375000.0,1254100000.0,6471084000.0,12.0,8.545,334800000.0,1.275,1.0,1344400000.0,0.574,1601700000.0,123400000.0,2982200000.0,3139025000.0,90100000.0,815800000.0,381600000.0,434200000.0,3358700000.0,1508500000.0,1850200000.0,5015184000.0,507000000.0,24600000.0,-163000000.0,351400000.0,-79000000.0,84000000.0,-36100000.0,52200000.0,462600000.0,-3500000.0,272700000.0,272700000.0,272700000.0,0.0,0.0,0.116,850300000.0,494100000.0,110000000.0,0.327,3.999,18.391,18.49,483900000.0,0.0,19.23,2.142,2.157,348600000.0,87700000.0,2341600000.0,2341600000.0,235000000.0,0.064,0.217,0.167,0.225,12300000.0,460400000.0,1.0,260800000.0,262600000,265200000.0,8.917,3011100000.0,239900000.0,129600000.0,7800000.0,11.466,267500000.0
2,IGT1,MRY,2012-12-31,2012-09-29,2012-09-29,2020-07-20,4500000.0,4285100000.0,4263500000.0,1263300000.0,3021800000.0,0.504,4.148,-208700000.0,206300000.0,206300000.0,913100000.0,245900000.0,2.004,2.577,1846400000.0,0.0,1846400000.0,1846400000.0,0.0,240300000.0,0.0,0.018,0.24,461200000.0,701500000.0,0.326,701500000.0,461200000.0,339000000.0,0.85,0.85,0.85,1197800000.0,1326650000.0,1197800000.0,5224839000.0,11.0,7.448,237800000.0,0.823,1.0,1237600000.0,0.575,1663100000.0,122200000.0,3631800000.0,3558975000.0,92900000.0,795300000.0,360300000.0,435000000.0,3087300000.0,630300000.0,2457000000.0,3496339000.0,-253700000.0,-191600000.0,-461900000.0,140000000.0,-70600000.0,-392600000.0,-308800000.0,80800000.0,446500000.0,1200000.0,245900000.0,245900000.0,245900000.0,3800000.0,0.0,0.114,815900000.0,421700000.0,87500000.0,0.282,2.919,14.219,15.4,555700000.0,0.0,13.09,1.626,1.758,346600000.0,941000000.0,2150700000.0,2150700000.0,217000000.0,0.058,0.185,0.13,0.214,-7600000.0,410400000.0,1.0,267100000.0,288800000,290400000.0,7.447,2622000000.0,203200000.0,93100000.0,8100000.0,9.079,633000000.0
3,IGT1,MRY,2011-12-31,2011-10-01,2011-10-01,2020-07-20,-8800000.0,4154400000.0,4031450000.0,1409900000.0,2744500000.0,0.485,4.837,-205100000.0,460000000.0,460000000.0,818600000.0,283600000.0,2.637,1.879,1646300000.0,0.0,1646300000.0,1646300000.0,0.0,226200000.0,0.0,0.017,0.24,550000000.0,776200000.0,0.397,776200000.0,550000000.0,419200000.0,0.95,0.94,0.95,1442400000.0,1394725000.0,1442400000.0,5592205000.0,10.0,7.205,407300000.0,1.366,1.0,1138400000.0,0.582,1401800000.0,130800000.0,3404200000.0,3399100000.0,73000000.0,773300000.0,322300000.0,451000000.0,2709600000.0,534700000.0,2174900000.0,4337205000.0,301600000.0,-17400000.0,-17700000.0,-104600000.0,-71700000.0,-190800000.0,-118300000.0,89800000.0,612400000.0,-1700000.0,283600000.0,283600000.0,283600000.0,8700000.0,0.0,0.145,633500000.0,504900000.0,103000000.0,0.253,3.007,15.293,15.295,552100000.0,0.0,14.53,2.216,2.214,320100000.0,763800000.0,1957000000.0,1957000000.0,194700000.0,0.07,0.203,0.162,0.281,139100000.0,353300000.0,1.0,298500000.0,298200000,299800000.0,6.563,2752600000.0,181700000.0,135600000.0,3200000.0,9.231,875200000.0
4,IGT1,MRY,2010-12-31,2010-10-02,2010-10-02,2020-07-20,10700000.0,4007000000.0,4132400000.0,1202400000.0,2804600000.0,0.464,4.166,-240200000.0,158400000.0,158400000.0,829900000.0,186000000.0,2.065,2.246,1674300000.0,0.0,1674300000.0,1674300000.0,0.0,236800000.0,0.0,0.013,0.18,433000000.0,669800000.0,0.349,669800000.0,433000000.0,271300000.0,0.62,0.62,0.62,1234300000.0,1179900000.0,1234300000.0,5914111000.0,14.0,8.83,350800000.0,1.184,1.0,1087300000.0,0.567,1353700000.0,161700000.0,3586900000.0,3824525000.0,97600000.0,872400000.0,339700000.0,532700000.0,2772700000.0,582300000.0,2190400000.0,4265811000.0,11700000.0,41500000.0,15900000.0,-415300000.0,-71300000.0,-462100000.0,-117700000.0,92100000.0,591000000.0,500000.0,186000000.0,186000000.0,186000000.0,33600000.0,0.0,0.097,662500000.0,424800000.0,84600000.0,0.29,3.456,22.934,23.081,586700000.0,0.0,14.31,2.225,2.212,290300000.0,551800000.0,1917200000.0,1917200000.0,189400000.0,0.045,0.158,0.113,0.226,-41400000.0,330400000.0,1.0,298100000.0,296300000,297800000.0,6.47,2653300000.0,221100000.0,85300000.0,1800000.0,8.955,620100000.0
5,IGT1,MRY,2009-12-31,2009-10-03,2009-10-03,2020-07-20,6100000.0,4328100000.0,4398800000.0,1233700000.0,3094400000.0,0.459,3.615,-257400000.0,146700000.0,146700000.0,905200000.0,126800000.0,1.976,3.074,2020000000.0,5300000.0,2014700000.0,2020000000.0,0.0,276800000.0,0.0,0.017,0.33,350400000.0,627200000.0,0.311,627200000.0,350400000.0,191200000.0,0.43,0.43,0.43,1062000000.0,974075000.0,1062000000.0,7951522000.0,23.0,12.678,290500000.0,0.989,1.0,1113600000.0,0.552,1410700000.0,159200000.0,4166200000.0,4369500000.0,157800000.0,969000000.0,322700000.0,646300000.0,3264500000.0,624500000.0,2640000000.0,5908222000.0,-119700000.0,-14000000.0,13400000.0,-163000000.0,-121300000.0,-381200000.0,-288400000.0,-46000000.0,547900000.0,2000000.0,126800000.0,126800000.0,126800000.0,21900000.0,0.0,0.063,781200000.0,332400000.0,90500000.0,0.767,5.563,46.595,46.372,558800000.0,0.0,19.94,2.927,2.902,334300000.0,437300000.0,2018800000.0,2018800000.0,193800000.0,0.029,0.13,0.08,0.174,-9300000.0,400700000.0,1.0,296300000.0,293800000,294000000.0,6.871,2917400000.0,255000000.0,64400000.0,9400000.0,9.93,609200000.0
6,IGT1,MRY,2008-12-31,2008-09-30,2008-09-30,2020-07-20,1900000.0,4557400000.0,4429675000.0,1470100000.0,3087300000.0,0.564,2.951,-298200000.0,374400000.0,374400000.0,1089800000.0,328000000.0,1.996,4.014,2263100000.0,16000000.0,2247100000.0,2263100000.0,0.0,286000000.0,0.0,0.033,0.565,694600000.0,980600000.0,0.392,980600000.0,694600000.0,571300000.0,1.06,1.05,1.06,909000000.0,1209900000.0,909000000.0,6702342000.0,10.0,6.835,188300000.0,0.611,1.0,1409200000.0,0.564,1407400000.0,123300000.0,4302000000.0,3929500000.0,218300000.0,732600000.0,161000000.0,571600000.0,3648400000.0,736700000.0,2911700000.0,5100742000.0,5100000.0,-80200000.0,-708800000.0,754100000.0,-175600000.0,-115200000.0,-365700000.0,90000000.0,486500000.0,-500000.0,328000000.0,328000000.0,328000000.0,6300000.0,0.0,0.131,739400000.0,669800000.0,105700000.0,0.533,5.611,15.551,16.208,590900000.0,0.0,17.18,2.041,2.117,436800000.0,443500000.0,2499000000.0,2499000000.0,216500000.0,0.074,0.271,0.177,0.278,38300000.0,445900000.0,1.0,296900000.0,308000000,310200000.0,8.114,3150000000.0,252700000.0,243300000.0,15300000.0,10.227,733400000.0
7,IGT1,MRY,2007-12-31,2007-09-30,2007-09-30,2020-07-20,26000000.0,4167500000.0,4324800000.0,1287000000.0,2880500000.0,0.606,4.401,-344300000.0,349400000.0,349400000.0,1140600000.0,508200000.0,1.861,1.869,1508600000.0,5600000.0,1503000000.0,1508600000.0,0.0,265500000.0,0.0,0.012,0.53,882400000.0,1147900000.0,0.438,1147900000.0,882400000.0,804800000.0,1.54,1.51,1.54,1452700000.0,1808975000.0,1452700000.0,14826018339.0,17.0,12.916,477200000.0,1.446,1.0,1480800000.0,0.565,1362100000.0,77600000.0,3273100000.0,2987200000.0,144800000.0,713900000.0,208800000.0,505100000.0,2714800000.0,691500000.0,2023300000.0,14027718339.0,-33300000.0,-129100000.0,-1052800000.0,652900000.0,-173800000.0,-556500000.0,-296700000.0,158300000.0,821500000.0,-1600000.0,508200000.0,508200000.0,508200000.0,0.0,0.0,0.194,680500000.0,800300000.0,121100000.0,0.344,9.656,27.603,27.987,567400000.0,0.0,43.1,5.351,5.427,412100000.0,3108400000.0,2621400000.0,2621400000.0,202200000.0,0.118,0.281,0.295,0.337,29300000.0,397900000.0,1.0,325469103.0,330100000,336100000.0,7.941,2805400000.0,208800000.0,296600000.0,49500000.0,8.499,595500000.0
8,IGT1,MRY,2006-12-31,2006-09-30,2006-09-30,2020-07-20,6400000.0,3902700000.0,3876900000.0,1375700000.0,2527000000.0,0.648,6.063,-310500000.0,397400000.0,397400000.0,1140000000.0,473600000.0,1.104,0.911,832400000.0,632400000.0,200000000.0,832400000.0,0.0,235400000.0,0.0,0.012,0.505,797700000.0,1033100000.0,0.411,1033100000.0,797700000.0,746900000.0,1.41,1.34,1.41,2042000000.0,2077550000.0,2042000000.0,14441540964.0,18.0,13.979,313600000.0,0.931,1.0,1371700000.0,0.546,1352100000.0,50800000.0,1739000000.0,2009900000.0,162100000.0,735900000.0,332600000.0,403300000.0,1860700000.0,1246600000.0,614100000.0,14085440964.0,5700000.0,-51000000.0,-256400000.0,4800000.0,-168900000.0,-386900000.0,-234000000.0,109900000.0,624100000.0,2500000.0,473600000.0,473600000.0,473600000.0,0.0,0.0,0.189,646600000.0,725100000.0,115500000.0,0.358,6.898,29.741,29.433,469800000.0,0.0,41.5,5.608,5.565,353100000.0,2774900000.0,2511700000.0,2511700000.0,188500000.0,0.122,0.228,0.397,0.318,17000000.0,375500000.0,1.0,339408216.0,336800000,355800000.0,7.458,2550600000.0,136600000.0,273300000.0,36100000.0,7.573,129100000.0
9,IGT1,MRY,2005-12-31,2005-09-30,2005-09-30,2020-07-20,-800000.0,3864400000.0,3940862250.0,1437200000.0,2427200000.0,0.604,5.545,-238600000.0,419800000.0,419800000.0,1188700000.0,436500000.0,1.18,1.028,811000000.0,611000000.0,200000000.0,811000000.0,0.0,222200000.0,0.0,0.018,0.485,739300000.0,961500000.0,0.404,961500000.0,739300000.0,681200000.0,1.27,1.2,1.27,1905700000.0,2029426500.0,1905700000.0,9572256850.0,13.0,9.956,487800000.0,1.419,1.0,1190700000.0,0.5,1377200000.0,58100000.0,1660800000.0,1891993500.0,142300000.0,937400000.0,418700000.0,518700000.0,1958700000.0,1217600000.0,741100000.0,9208850850.0,-18100000.0,-89100000.0,-369200000.0,9400000.0,-165800000.0,-525600000.0,-215800000.0,100500000.0,726400000.0,-3100000.0,436500000.0,436500000.0,436500000.0,0.0,0.0,0.183,527000000.0,663700000.0,96700000.0,0.382,4.832,21.097,21.26,385200000.0,0.0,27.0,3.87,3.9,327800000.0,2471100000.0,2379400000.0,2379400000.0,138400000.0,0.111,0.215,0.391,0.311,28900000.0,318700000.0,1.0,341068550.0,343700000,370200000.0,6.923,2487200000.0,93200000.0,244700000.0,14500000.0,7.237,219600000.0
10,IGT1,MRY,2004-12-31,2004-09-30,2004-09-30,2020-07-20,1000000.0,3873000000.0,4171880500.0,1509700000.0,2363300000.0,0.596,5.7,-210900000.0,449700000.0,449700000.0,1165500000.0,488700000.0,2.696,0.959,791900000.0,100000.0,791800000.0,791900000.0,0.0,149800000.0,0.0,0.013,0.48,802900000.0,952700000.0,0.383,952700000.0,802900000.0,712400000.0,1.41,1.32,1.41,1976600000.0,1974463500.0,1976600000.0,12348992821.0,15.0,12.962,412700000.0,1.19,1.0,1319200000.0,0.531,1293800000.0,90500000.0,2361400000.0,2298367750.0,165600000.0,977900000.0,422400000.0,555500000.0,1896400000.0,560000000.0,1336400000.0,12389611821.0,-133400000.0,48100000.0,-77500000.0,-785100000.0,-138900000.0,-1121700000.0,364800000.0,523000000.0,623600000.0,-100000.0,488700000.0,488700000.0,488700000.0,-58900000.0,0.0,0.197,504900000.0,814300000.0,85700000.0,0.34,6.268,25.352,25.496,329100000.0,0.0,35.95,4.986,5.018,359700000.0,2201400000.0,2484700000.0,2484700000.0,129300000.0,0.117,0.248,0.349,0.323,41600000.0,311300000.0,1.0,344634543.0,346800000,376300000.0,7.165,2579200000.0,85000000.0,223700000.0,7500000.0,7.437,949700000.0
11,IGT1,MRY,2003-12-31,2003-09-30,2003-09-30,2020-07-20,-3745000.0,4185231000.0,3879246000.0,2078228000.0,2107003000.0,0.549,4.905,-128600000.0,1311558000.0,1311558000.0,1033300000.0,390700000.0,2.199,1.48,1552906000.0,406147000.0,1146759000.0,1552906000.0,0.0,134000000.0,0.0,0.006,0.175,730800000.0,864800000.0,0.406,864800000.0,730800000.0,614000000.0,1.14,1.08,1.14,1687478000.0,1566380000.0,1687478000.0,10132414139.0,14.0,11.716,280100000.0,0.814,1.0,1094800000.0,0.514,1198611000.0,116800000.0,2282887000.0,2404257250.0,147066000.0,378969000.0,45515000.0,333454000.0,2497753000.0,945081000.0,1552672000.0,9713525139.0,228200000.0,155500000.0,-112200000.0,558700000.0,-25800000.0,420700000.0,-597500000.0,-635600000.0,408700000.0,-3700000.0,390700000.0,390700000.0,390700000.0,-15400000.0,0.0,0.184,428900000.0,665900000.0,65259000.0,0.154,5.756,24.862,24.693,261620000.0,0.0,28.15,4.564,4.55,567853000.0,1858658000.0,2128100000.0,2128100000.0,94900000.0,0.101,0.249,0.304,0.343,-15700000.0,272700000.0,1.0,345063060.0,344000000,366700000.0,6.186,2986620000.0,124661000.0,223300000.0,31928000.0,8.682,1133147000.0
12,IGT1,MRY,2002-12-31,2002-09-28,2002-09-28,2020-07-20,-5452000.0,3315818000.0,3042386000.0,1263902000.0,2051916000.0,0.568,4.235,-116165000.0,416707000.0,416707000.0,885619000.0,271165000.0,2.462,1.314,972001000.0,2863000.0,969138000.0,972001000.0,0.0,131489000.0,0.0,0.0,0.0,541322000.0,672811000.0,0.389,672811000.0,541322000.0,425301000.0,0.8,0.79,0.8,1433144000.0,1151992500.0,1433144000.0,6723986533.0,12.0,9.994,472934000.0,1.398,1.0,842893000.0,0.488,1217225000.0,116021000.0,2140591000.0,2244542500.0,139468000.0,383227000.0,53425000.0,329802000.0,1882674000.0,513296000.0,1369378000.0,6030115533.0,52473000.0,123020000.0,-176508000.0,-412719000.0,0.0,-589227000.0,51199000.0,28950000.0,589099000.0,1402000.0,271165000.0,271165000.0,271165000.0,-16452000.0,0.0,0.157,358913000.0,483980000.0,75978000.0,0.0,4.208,22.238,21.747,255906000.0,0.0,17.398,3.489,3.406,499268000.0,1528284000.0,1728512000.0,1728512000.0,77921000.0,0.089,0.235,0.241,0.313,49976000.0,221673000.0,1.0,346608164.0,338371000,344195000.0,5.108,2098593000.0,86427000.0,154136000.0,45237000.0,6.202,750606000.0
13,IGT1,MRY,2001-12-31,2001-09-29,2001-09-29,2020-07-20,-9893000.0,1923439000.0,1811925250.0,967674000.0,955765000.0,0.662,1.002,-96355000.0,364234000.0,364234000.0,664288000.0,213935000.0,2.609,5.496,989765000.0,5023000.0,984742000.0,989765000.0,0.0,63348000.0,0.0,0.0,0.0,441511000.0,504859000.0,0.421,504859000.0,441511000.0,339472000.0,0.72,0.7,0.72,296113000.0,254769000.0,296113000.0,3905028230.0,9.0,7.735,164901000.0,0.558,1.0,534921000.0,0.446,179634000.0,102039000.0,1998437000.0,2074792000.0,155890000.0,504282000.0,105348000.0,398934000.0,1627326000.0,370899000.0,1256427000.0,3183780230.0,119327000.0,-31597000.0,-19081000.0,-13511000.0,0.0,-26189000.0,-116676000.0,11276000.0,261256000.0,936000.0,213935000.0,213935000.0,213935000.0,0.0,0.0,0.178,282272000.0,252649000.0,125164000.0,0.0,10.752,14.882,14.757,205347000.0,0.0,10.625,2.655,2.617,249410000.0,1257119000.0,1199209000.0,1199209000.0,62526000.0,0.118,0.84,0.213,0.368,1269000.0,180421000.0,1.0,299649904.0,295404000,306100000.0,4.06,1743805000.0,163781000.0,125537000.0,7246000.0,5.903,596775000.0
14,IGT1,MRY,2000-12-31,2000-09-30,2000-09-30,2020-07-20,-9813000.0,1623716000.0,1601151750.0,814226000.0,809490000.0,0.561,0.315,-6957000.0,244907000.0,244907000.0,500556000.0,156792000.0,3.144,15.811,996128000.0,4621000.0,991507000.0,996128000.0,0.0,54387000.0,0.0,0.0,0.0,347157000.0,401544000.0,0.447,401544000.0,347157000.0,244987000.0,0.512,0.5,0.512,96585000.0,97845000.0,96585000.0,3235479759.0,9.0,8.058,121883000.0,0.398,1.0,397848000.0,0.443,143738000.0,102170000.0,1972206000.0,1931601250.0,146989000.0,502947000.0,125732000.0,377215000.0,1527131000.0,258993000.0,1268138000.0,2436950759.0,-181436000.0,-55000.0,-305186000.0,1600000.0,0.0,-332068000.0,18420000.0,-17817000.0,128840000.0,3372000.0,156792000.0,156792000.0,156792000.0,0.0,0.0,0.175,236311000.0,161537000.0,76387000.0,0.0,25.231,15.543,16.418,166909000.0,0.0,8.406,2.713,2.866,219948000.0,1043184000.0,898404000.0,898404000.0,55204000.0,0.098,1.602,0.18,0.386,1216000.0,150057000.0,1.0,289897488.0,306344000,312916000.0,2.933,1479978000.0,126756000.0,88195000.0,0.0,4.831,555233000.0
15,IGT1,MRY,1999-12-31,1999-10-02,1999-10-02,2020-07-20,-8977000.0,1765060000.0,1717724500.0,975240000.0,789820000.0,0.497,0.609,-14763000.0,426343000.0,426343000.0,508445000.0,62058000.0,4.141,6.287,993714000.0,3278000.0,990436000.0,993714000.0,0.0,61448000.0,0.0,0.0,0.0,170903000.0,232351000.0,0.272,232351000.0,170903000.0,98139000.0,0.155,0.155,0.155,242218000.0,401500750.0,242218000.0,1995243339.0,12.0,8.587,246676000.0,0.62,1.0,345661000.0,0.405,152036000.0,72764000.0,1944908000.0,1686095750.0,116612000.0,417335000.0,121235000.0,296100000.0,1522842000.0,235487000.0,1287355000.0,1633183339.0,250930000.0,-225089000.0,-357726000.0,622792000.0,-6474000.0,81219000.0,-89037000.0,150815000.0,261439000.0,-2691000.0,62058000.0,62058000.0,62058000.0,0.0,0.0,0.073,304899000.0,40762000.0,55705000.0,0.0,6.743,26.317,29.234,182116000.0,0.0,4.531,1.912,2.111,193479000.0,886392000.0,854106000.0,854106000.0,45462000.0,0.036,0.155,0.101,0.2,1005000.0,129211000.0,1.0,360426668.0,397844000,400952000.0,2.147,1613024000.0,113451000.0,36081000.0,0.0,4.054,739753000.0
16,IGT1,MRY,1998-12-31,1998-09-30,1998-09-30,2020-07-20,-7220000.0,1543628000.0,1429719000.0,670543000.0,873085000.0,0.531,1.197,7624000.0,175413000.0,175413000.0,437865000.0,152446000.0,3.344,1.852,352821000.0,30311000.0,322510000.0,352821000.0,0.0,44494000.0,0.0,0.0,0.0,275581000.0,320075000.0,0.422,320075000.0,275581000.0,234532000.0,0.338,0.333,0.338,541276000.0,561323250.0,541276000.0,2183655519.0,8.0,6.822,114750000.0,0.254,1.0,321077000.0,0.423,131552000.0,41049000.0,1388944000.0,1245961750.0,133154000.0,530769000.0,123592000.0,407177000.0,1002352000.0,200540000.0,801812000.0,2103439519.0,23642000.0,-183186000.0,-114696000.0,194181000.0,-13594000.0,164047000.0,-240061000.0,-64499000.0,107126000.0,-7470000.0,152446000.0,152446000.0,152446000.0,0.0,0.0,0.201,167381000.0,153696000.0,57277000.0,0.0,3.886,13.798,13.73,168753000.0,0.0,4.641,2.772,2.765,189521000.0,827542000.0,758942000.0,758942000.0,38066000.0,0.107,0.272,0.221,0.363,1973000.0,105945000.0,1.0,453265940.0,452256000,458812000.0,1.678,1412076000.0,148225000.0,82086000.0,0.0,3.122,470003000.0
17,IGT1,MRY,1997-12-31,1997-09-30,1997-09-30,2020-07-20,822000.0,1215052000.0,,571546000.0,643506000.0,,1.077,-26509000.0,151771000.0,151771000.0,401725000.0,137247000.0,3.473,1.337,166127000.0,25414000.0,140713000.0,166127000.0,0.0,35024000.0,0.0,0.0,0.0,243047000.0,278071000.0,0.374,278071000.0,243047000.0,212625000.0,0.285,0.282,0.285,519847000.0,,519847000.0,,,,91573000.0,0.19,1.0,342245000.0,0.46,1273000.0,30422000.0,1063547000.0,,92444000.0,470961000.0,124718000.0,346243000.0,695205000.0,164588000.0,530617000.0,,-18129000.0,-3379000.0,-221803000.0,51760000.0,-14526000.0,-79202000.0,-56572000.0,-26684000.0,118082000.0,-437000.0,137247000.0,137247000.0,137247000.0,0.0,0.0,0.184,150808000.0,191437000.0,49649000.0,0.0,,,20.395,178476000.0,0.0,5.813,,3.772,173783000.0,688597000.0,743970000.0,743970000.0,31074000.0,,,,0.327,2636000.0,98380000.0,1.0,,482860000,487316000.0,1.541,1213779000.0,116301000.0,75378000.0,0.0,2.514,406958000.0
18,IGT1,MRY,1996-12-31,1996-09-30,1996-09-30,2020-07-20,,,,,,,,-67463000.0,,,405256000.0,118017000.0,,,,,,,,30502000.0,,0.0,0.0,207938000.0,238440000.0,0.325,238440000.0,207938000.0,184403000.0,0.233,0.233,0.233,,,,,,,-12202000.0,-0.024,1.0,328196000.0,0.447,,23535000.0,,,,,,,,,,,-71713000.0,0.0,-40976000.0,-311000.0,-15277000.0,32376000.0,-159800000.0,-92337000.0,55261000.0,450000.0,118017000.0,118017000.0,118017000.0,0.0,0.0,0.161,158363000.0,169833000.0,,0.0,,,21.996,,0.0,5.125,,3.537,,,733452000.0,733452000.0,25701000.0,,,,0.284,1236000.0,108469000.0,1.0,,506220000,509648000.0,1.449,,,66386000.0,,,
0,IGT1,MRQ,2014-12-31,2014-12-31,2014-12-31,2020-07-20,-30700000.0,3808600000.0,,1092700000.0,2715900000.0,,4.819,-24600000.0,201600000.0,201600000.0,192200000.0,35000000.0,2.511,2.192,1810200000.0,0.0,1810200000.0,1810200000.0,0.0,38300000.0,0.0,0.019,0.0,73000000.0,111300000.0,0.247,111300000.0,73000000.0,51700000.0,0.14,0.14,0.14,1193300000.0,,1193300000.0,5891150000.0,15.0,10.194,78300000.0,0.316,1.0,258400000.0,0.573,1524700000.0,21300000.0,3457300000.0,,72000000.0,633900000.0,301300000.0,332600000.0,2615300000.0,435200000.0,2180100000.0,4267650000.0,-53500000.0,6000000.0,-6900000.0,-75000000.0,-54600000.0,-133900000.0,-19300000.0,6100000.0,102900000.0,-3200000.0,35000000.0,35000000.0,35000000.0,0.0,0.0,0.078,194900000.0,63500000.0,66300000.0,0.0,3.576,20.961,21.037,405200000.0,0.0,17.25,2.169,2.171,280500000.0,234100000.0,450600000.0,450600000.0,57300000.0,,,,,14500000.0,108500000.0,1.0,247400000.0,247600000,249900000.0,1.82,2283900000.0,235200000.0,16700000.0,900000.0,9.224,657500000.0
1,IGT1,MRQ,2014-09-30,2014-09-30,2014-09-30,2020-07-20,-15200000.0,3989500000.0,,1221100000.0,2768400000.0,,4.847,-19200000.0,255100000.0,255100000.0,209300000.0,70800000.0,2.241,2.331,1878600000.0,0.0,1878600000.0,1878600000.0,0.0,43800000.0,0.0,0.026,0.11,128800000.0,172600000.0,0.322,172600000.0,128800000.0,109200000.0,0.29,0.28,0.29,1197600000.0,,1197600000.0,5922364000.0,13.0,9.404,118600000.0,0.48,1.0,327200000.0,0.61,1542500000.0,19600000.0,3525700000.0,,71400000.0,665400000.0,313200000.0,352200000.0,2791900000.0,544800000.0,2247100000.0,4170264000.0,19500000.0,11500000.0,1400000.0,-100000000.0,-27200000.0,-125600000.0,12600000.0,16300000.0,137800000.0,-5300000.0,70800000.0,70800000.0,70800000.0,0.0,0.0,0.132,204000000.0,123200000.0,77700000.0,0.379,3.482,16.822,16.87,412700000.0,0.0,16.87,2.026,2.038,329300000.0,226600000.0,536500000.0,536500000.0,52700000.0,,,,,8300000.0,110000000.0,1.0,247200000.0,247100000,249600000.0,2.171,2447000000.0,240300000.0,38400000.0,900000.0,9.903,676300000.0
2,IGT1,MRQ,2014-06-30,2014-06-30,2014-06-30,2020-07-20,4500000.0,4057400000.0,,1212600000.0,2844800000.0,,4.718,-22900000.0,235600000.0,235600000.0,182700000.0,72100000.0,2.325,2.482,1987700000.0,0.0,1987700000.0,1987700000.0,0.0,45800000.0,0.0,0.027,0.11,120700000.0,166500000.0,0.356,166500000.0,120700000.0,94100000.0,0.29,0.29,0.29,1165400000.0,,1165400000.0,5777470000.0,13.0,8.974,103700000.0,0.42,1.0,284900000.0,0.609,1564800000.0,26600000.0,3723200000.0,,89500000.0,696700000.0,332100000.0,364600000.0,2892000000.0,521500000.0,2370500000.0,3929770000.0,-120200000.0,7400000.0,1500000.0,-225000000.0,-27100000.0,-250500000.0,1400000.0,18700000.0,126600000.0,2300000.0,72100000.0,72100000.0,72100000.0,0.0,0.0,0.154,175300000.0,109600000.0,83200000.0,0.379,3.372,16.34,16.747,435600000.0,0.0,15.91,1.824,1.824,295500000.0,183000000.0,467600000.0,467600000.0,53400000.0,,,,,8500000.0,103300000.0,1.0,247000000.0,247000000,247900000.0,1.893,2492600000.0,235300000.0,22000000.0,-300000.0,10.091,691100000.0
3,IGT1,MRQ,2014-03-31,2014-03-31,2014-03-31,2020-07-20,6200000.0,4301500000.0,,1399200000.0,2902300000.0,,4.5,-21600000.0,355800000.0,355800000.0,220000000.0,25700000.0,0.981,2.859,2203500000.0,846400000.0,1357100000.0,2203500000.0,0.0,48100000.0,0.0,0.029,0.11,79400000.0,127500000.0,0.249,127500000.0,79400000.0,42500000.0,0.1,0.1,0.1,1114600000.0,,1114600000.0,5180802000.0,12.0,7.815,-162900000.0,-0.658,1.0,292800000.0,0.571,1577800000.0,36900000.0,3145000000.0,,76000000.0,760800000.0,363900000.0,396900000.0,3186900000.0,1426400000.0,1760500000.0,3468602000.0,-124800000.0,4500000.0,3300000.0,-100000.0,-27500000.0,-80300000.0,98300000.0,109000000.0,-141300000.0,-1500000.0,25700000.0,25700000.0,25700000.0,0.0,0.0,0.05,220700000.0,72100000.0,92900000.0,1.1,3.112,14.817,15.451,443900000.0,0.0,14.06,1.531,1.537,319100000.0,138000000.0,512800000.0,512800000.0,58500000.0,,,,,-25100000.0,124100000.0,1.0,246700000.0,247700000,248600000.0,2.07,2723700000.0,234500000.0,16800000.0,0.0,10.996,-27200000.0
4,IGT1,MRQ,2013-12-31,2013-12-31,2013-12-31,2020-07-20,5700000.0,4347500000.0,,1578300000.0,2769200000.0,,4.374,-24600000.0,480600000.0,480600000.0,231400000.0,79200000.0,1.081,2.935,2192800000.0,836400000.0,1356400000.0,2192800000.0,0.0,51300000.0,0.0,0.021,0.11,111900000.0,163200000.0,0.302,163200000.0,111900000.0,75500000.0,0.31,0.31,0.31,1104900000.0,,1104900000.0,5999624000.0,12.0,8.181,51500000.0,0.204,1.0,309800000.0,0.572,1588000000.0,36400000.0,3011300000.0,,74500000.0,890900000.0,460000000.0,430900000.0,3242600000.0,1460400000.0,1782200000.0,4520024000.0,-232700000.0,3300000.0,-209100000.0,-500000.0,-25900000.0,-229100000.0,-77300000.0,-55200000.0,76100000.0,-2400000.0,79200000.0,79200000.0,79200000.0,0.0,0.0,0.146,206100000.0,103700000.0,96900000.0,0.355,4.091,15.771,16.36,467300000.0,0.0,18.16,1.921,1.95,338000000.0,139500000.0,541200000.0,541200000.0,60300000.0,,,,,-8800000.0,117800000.0,1.0,248900000.0,252600000,255300000.0,2.143,2759500000.0,241300000.0,-3700000.0,3200000.0,10.924,117900000.0
5,IGT1,MRQ,2013-09-30,2013-09-28,2013-09-28,2020-07-20,8200000.0,4612800000.0,,1776000000.0,2836800000.0,,4.82,-30700000.0,713300000.0,713300000.0,275700000.0,63500000.0,1.177,2.678,2192900000.0,826600000.0,1366300000.0,2192900000.0,0.0,56000000.0,0.0,0.018,0.1,130600000.0,186600000.0,0.295,186600000.0,130600000.0,99600000.0,0.25,0.24,0.25,1254100000.0,,1254100000.0,6471084000.0,12.0,8.545,96700000.0,0.372,1.0,356700000.0,0.564,1601700000.0,31000000.0,2982200000.0,,90100000.0,815800000.0,381600000.0,434200000.0,3358700000.0,1508500000.0,1850200000.0,5015184000.0,484000000.0,9300000.0,-94300000.0,494600000.0,-23500000.0,377900000.0,-25000000.0,-9700000.0,127400000.0,3700000.0,63500000.0,63500000.0,63500000.0,0.0,0.0,0.1,233300000.0,123400000.0,110000000.0,0.4,3.999,18.391,18.49,483900000.0,0.0,19.23,2.142,2.157,348600000.0,87700000.0,632400000.0,632400000.0,62700000.0,,,,,9100000.0,135400000.0,1.0,260800000.0,260200000,264000000.0,2.43,3011100000.0,239900000.0,36100000.0,7800000.0,11.572,267500000.0
6,IGT1,MRQ,2013-06-30,2013-06-29,2013-06-29,2020-07-20,-6300000.0,4114400000.0,,1269300000.0,2845100000.0,,4.941,-40700000.0,229300000.0,229300000.0,241800000.0,65700000.0,0.866,2.196,1685200000.0,817300000.0,867900000.0,1685200000.0,0.0,57800000.0,0.0,0.018,0.09,127800000.0,185600000.0,0.321,185600000.0,127800000.0,97300000.0,0.25,0.25,0.25,1287500000.0,,1287500000.0,5944084000.0,11.0,7.887,112000000.0,0.43,1.0,337200000.0,0.582,1610600000.0,30500000.0,2494300000.0,,95400000.0,751900000.0,355700000.0,396200000.0,2826900000.0,1465400000.0,1361500000.0,4351284000.0,-7200000.0,7000000.0,-1000000.0,-123200000.0,-20800000.0,-144500000.0,-11000000.0,19700000.0,152700000.0,-4400000.0,65700000.0,65700000.0,65700000.0,0.0,0.0,0.113,214200000.0,123000000.0,98700000.0,0.36,3.38,14.636,14.92,499200000.0,0.0,16.71,1.859,1.861,334600000.0,50100000.0,579000000.0,579000000.0,59800000.0,,,,,6500000.0,114400000.0,1.0,260400000.0,260600000,263200000.0,2.222,2503800000.0,245000000.0,31600000.0,11400000.0,9.608,-196100000.0
7,IGT1,MRQ,2013-03-31,2013-03-30,2013-03-30,2020-07-20,-600000.0,4199700000.0,,1287600000.0,2912100000.0,,4.714,-18800000.0,236500000.0,236500000.0,258700000.0,78200000.0,2.064,2.38,1829300000.0,0.0,1829300000.0,1829300000.0,0.0,60100000.0,0.0,0.016,0.08,137900000.0,198000000.0,0.33,198000000.0,137900000.0,107600000.0,0.3,0.29,0.3,1242500000.0,,1242500000.0,5937399984.0,12.0,8.058,69200000.0,0.263,1.0,341300000.0,0.569,1629100000.0,30300000.0,3539700000.0,,89400000.0,745700000.0,350900000.0,394800000.0,2957200000.0,623700000.0,2333500000.0,4362599984.0,35800000.0,3700000.0,-69200000.0,55000000.0,-18600000.0,-60100000.0,9700000.0,24700000.0,88000000.0,-1800000.0,78200000.0,78200000.0,78200000.0,0.0,0.0,0.13,212000000.0,129300000.0,86400000.0,0.267,3.511,15.682,16.019,511500000.0,0.0,16.5,1.902,1.896,361700000.0,7900000.0,600000000.0,600000000.0,58100000.0,,,,,-40700000.0,110700000.0,1.0,264399999.0,263600000,265600000.0,2.276,2570600000.0,234700000.0,29400000.0,7600000.0,9.752,663900000.0
8,IGT1,MRQ,2012-12-31,2012-12-29,2012-12-29,2020-07-20,7900000.0,4176500000.0,,1166500000.0,3010000000.0,,4.714,-37600000.0,200700000.0,200700000.0,220800000.0,65300000.0,2.072,2.332,1775500000.0,0.0,1775500000.0,1775500000.0,0.0,57700000.0,0.0,0.018,0.07,129400000.0,187100000.0,0.353,187100000.0,129400000.0,97700000.0,0.25,0.24,0.25,1253400000.0,,1253400000.0,5272365000.0,11.0,7.265,56900000.0,0.214,1.0,309500000.0,0.584,1648500000.0,31700000.0,3539900000.0,,91500000.0,776900000.0,355300000.0,421600000.0,2923100000.0,562900000.0,2360200000.0,3632265000.0,-5600000.0,4600000.0,1500000.0,-75000000.0,-16100000.0,-89300000.0,-9800000.0,17500000.0,94500000.0,-1000000.0,65300000.0,65300000.0,65300000.0,0.0,0.0,0.123,191100000.0,118400000.0,80200000.0,0.28,2.898,13.869,14.521,545700000.0,0.0,13.65,1.625,1.624,323700000.0,-49500000.0,530300000.0,530300000.0,54400000.0,,,,,37400000.0,100200000.0,1.0,266100000.0,265900000,267900000.0,1.994,2528000000.0,208600000.0,32400000.0,10400000.0,9.507,603600000.0
9,IGT1,MRQ,2012-09-30,2012-09-29,2012-09-29,2020-07-20,4500000.0,4285100000.0,,1263300000.0,3021800000.0,,4.463,-37900000.0,206300000.0,206300000.0,261700000.0,88100000.0,2.004,2.577,1846400000.0,0.0,1846400000.0,1846400000.0,0.0,61000000.0,0.0,0.018,0.06,122000000.0,183000000.0,0.29,183000000.0,122000000.0,90700000.0,0.32,0.32,0.32,1197800000.0,,1197800000.0,5224839000.0,11.0,7.448,81600000.0,0.304,1.0,369400000.0,0.585,1663100000.0,31300000.0,3631800000.0,,92900000.0,795300000.0,360300000.0,435000000.0,3087300000.0,630300000.0,2457000000.0,3496339000.0,-35000000.0,12700000.0,500000.0,-140000000.0,-17100000.0,-156600000.0,1400000.0,22600000.0,119500000.0,700000.0,88100000.0,88100000.0,88100000.0,2000000.0,0.0,0.14,261200000.0,108200000.0,87500000.0,0.188,2.919,14.219,15.4,555700000.0,0.0,13.09,1.626,1.758,346600000.0,941000000.0,631100000.0,631100000.0,59700000.0,,,,,-26500000.0,106600000.0,1.0,267100000.0,268400000,270000000.0,2.351,2622000000.0,203200000.0,2600000.0,8100000.0,9.769,633000000.0
10,IGT1,MRQ,2012-06-30,2012-06-30,2012-06-30,2020-07-20,-1700000.0,4266900000.0,,1185000000.0,3081900000.0,,3.798,-47200000.0,241300000.0,241300000.0,230200000.0,46600000.0,2.044,2.838,1969800000.0,0.0,1969800000.0,1969800000.0,0.0,64100000.0,0.0,0.015,0.06,104600000.0,168700000.0,0.317,168700000.0,104600000.0,73800000.0,0.16,0.16,0.16,1111800000.0,,1111800000.0,6034700000.0,13.0,8.636,103100000.0,0.352,1.0,302600000.0,0.568,1699600000.0,30800000.0,3716000000.0,,104000000.0,805500000.0,360100000.0,445400000.0,3155100000.0,579800000.0,2575300000.0,4649400000.0,-29800000.0,8900000.0,-424300000.0,280000000.0,-17800000.0,-162000000.0,-15100000.0,19700000.0,150300000.0,-3000000.0,46600000.0,46600000.0,46600000.0,300000.0,0.0,0.087,207100000.0,95500000.0,100200000.0,0.375,4.182,22.014,21.875,563700000.0,0.0,15.75,2.258,2.239,270400000.0,868800000.0,532800000.0,532800000.0,55100000.0,,,,,16000000.0,104900000.0,1.0,295200000.0,292700000,294300000.0,1.82,2567300000.0,182900000.0,27200000.0,10600000.0,8.771,605200000.0
11,IGT1,MRQ,2012-03-31,2012-03-31,2012-03-31,2020-07-20,10300000.0,4348500000.0,,1241500000.0,3107000000.0,,5.092,-74400000.0,271100000.0,271100000.0,227600000.0,61900000.0,2.161,1.878,1656400000.0,0.0,1656400000.0,1656400000.0,0.0,60600000.0,0.0,0.014,0.06,126300000.0,186900000.0,0.345,186900000.0,126300000.0,96300000.0,0.21,0.21,0.21,1510800000.0,,1510800000.0,6167425000.0,12.0,8.385,37500000.0,0.126,1.0,313600000.0,0.579,1725100000.0,30000000.0,3434200000.0,,90600000.0,789600000.0,348400000.0,441200000.0,2837700000.0,574500000.0,2263200000.0,4995025000.0,-213600000.0,-230200000.0,-40600000.0,0.0,-17900000.0,-60500000.0,-266400000.0,24300000.0,111900000.0,1400000.0,61900000.0,61900000.0,61900000.0,500000.0,0.0,0.114,195600000.0,118000000.0,89100000.0,0.286,3.306,19.861,19.753,582000000.0,0.0,16.79,2.478,2.472,314000000.0,839400000.0,541200000.0,541200000.0,55300000.0,,,,,3500000.0,109300000.0,1.0,297500000.0,296700000,298100000.0,1.824,2623400000.0,180700000.0,34400000.0,3600000.0,8.842,667000000.0
12,IGT1,MRQ,2011-12-31,2011-12-31,2011-12-31,2020-07-20,-2900000.0,4153500000.0,,1407600000.0,2745900000.0,,4.999,-49200000.0,484700000.0,484700000.0,193600000.0,49300000.0,2.92,1.793,1657100000.0,0.0,1657100000.0,1657100000.0,0.0,54600000.0,0.0,0.014,0.06,108100000.0,162700000.0,0.365,162700000.0,108100000.0,78100000.0,0.17,0.16,0.17,1486200000.0,,1486200000.0,6305020000.0,12.0,8.463,15600000.0,0.052,1.0,251900000.0,0.565,1390000000.0,30000000.0,3453900000.0,,96100000.0,781600000.0,338300000.0,443300000.0,2664900000.0,482000000.0,2182900000.0,5118720000.0,24700000.0,17000000.0,2500000.0,0.0,-17800000.0,-13500000.0,-28700000.0,14200000.0,64800000.0,2100000.0,49300000.0,49300000.0,49300000.0,1000000.0,0.0,0.111,152000000.0,99900000.0,100200000.0,0.353,3.444,19.748,19.77,553700000.0,0.0,17.2,2.623,2.621,285900000.0,795200000.0,445500000.0,445500000.0,46900000.0,,,,,-600000.0,89700000.0,1.0,297600000.0,297300000,299000000.0,1.498,2763500000.0,169700000.0,28800000.0,2100000.0,9.295,925600000.0
13,IGT1,MRQ,2011-09-30,2011-10-01,2011-10-01,2020-07-20,-8800000.0,4154400000.0,,1409900000.0,2744500000.0,,4.847,-50000000.0,460000000.0,460000000.0,242000000.0,53400000.0,2.637,1.879,1646300000.0,0.0,1646300000.0,1646300000.0,0.0,58900000.0,0.0,0.017,0.06,121600000.0,180500000.0,0.334,180500000.0,121600000.0,92300000.0,0.18,0.17,0.18,1442400000.0,,1442400000.0,5592205000.0,10.0,7.205,113700000.0,0.382,1.0,297800000.0,0.552,1401800000.0,29300000.0,3404200000.0,,73000000.0,773300000.0,322300000.0,451000000.0,2709600000.0,534700000.0,2174900000.0,4337205000.0,143700000.0,57300000.0,-23200000.0,-200000.0,-17900000.0,-41000000.0,21900000.0,23100000.0,163700000.0,-900000.0,53400000.0,53400000.0,53400000.0,6600000.0,0.0,0.099,182000000.0,115800000.0,103000000.0,0.333,3.007,15.293,15.295,552100000.0,0.0,14.53,2.216,2.214,320100000.0,763800000.0,539800000.0,539800000.0,48600000.0,,,,,36800000.0,99500000.0,1.0,298500000.0,297600000,299500000.0,1.814,2752600000.0,181700000.0,38900000.0,3200000.0,9.249,875200000.0
14,IGT1,MRQ,2011-06-30,2011-06-30,2011-06-30,2020-07-20,19900000.0,4076400000.0,,1309100000.0,2767300000.0,,4.849,-65800000.0,316300000.0,316300000.0,200400000.0,86900000.0,2.481,1.808,1571300000.0,0.0,1571300000.0,1571300000.0,0.0,58100000.0,0.0,0.01,0.06,147300000.0,205400000.0,0.42,205400000.0,147300000.0,116800000.0,0.29,0.29,0.29,1450700000.0,,1450700000.0,6515442000.0,13.0,8.802,119200000.0,0.398,1.0,288600000.0,0.59,1428100000.0,30500000.0,3375600000.0,,91300000.0,778700000.0,318300000.0,460400000.0,2623000000.0,527700000.0,2095300000.0,5272242000.0,10400000.0,-100400000.0,-8400000.0,-4400000.0,-18000000.0,-30700000.0,-140500000.0,25800000.0,185000000.0,-3400000.0,86900000.0,86900000.0,86900000.0,4900000.0,0.0,0.178,147800000.0,140800000.0,106000000.0,0.207,3.634,21.081,21.181,584300000.0,0.0,17.58,2.787,2.781,291100000.0,728200000.0,489000000.0,489000000.0,48500000.0,,,,,31700000.0,82500000.0,1.0,299900000.0,299200000,300700000.0,1.634,2648300000.0,203700000.0,29900000.0,3800000.0,8.851,781400000.0
15,IGT1,MRQ,2011-03-31,2011-03-31,2011-03-31,2020-07-20,20700000.0,3982400000.0,,1285400000.0,2697000000.0,,4.639,-47000000.0,305900000.0,305900000.0,194400000.0,69600000.0,2.441,1.877,1549100000.0,0.0,1549100000.0,1549100000.0,0.0,54100000.0,0.0,0.011,0.06,142300000.0,196400000.0,0.412,196400000.0,142300000.0,106700000.0,0.23,0.23,0.23,1384200000.0,,1384200000.0,6248924000.0,12.0,8.575,114300000.0,0.383,1.0,282600000.0,0.592,1332600000.0,35600000.0,3366400000.0,,106700000.0,788700000.0,309300000.0,479400000.0,2598200000.0,526600000.0,2071600000.0,4849524000.0,137200000.0,7000000.0,10100000.0,-20000000.0,-17900000.0,-26700000.0,1200000.0,23700000.0,161300000.0,1400000.0,69600000.0,69600000.0,69600000.0,-1900000.0,0.0,0.146,154500000.0,128100000.0,78300000.0,0.261,3.503,18.995,19.094,585000000.0,0.0,16.23,2.583,2.58,318300000.0,659200000.0,477000000.0,477000000.0,48700000.0,,,,,36900000.0,89100000.0,1.0,298800000.0,298400000,299900000.0,1.599,2649800000.0,217600000.0,37100000.0,3300000.0,8.88,758800000.0
16,IGT1,MRQ,2010-12-31,2010-12-31,2010-12-31,2020-07-20,10400000.0,3912600000.0,,1175100000.0,2737500000.0,,4.374,-42300000.0,168700000.0,168700000.0,181800000.0,73700000.0,2.254,2.006,1568100000.0,0.0,1568100000.0,1568100000.0,0.0,55100000.0,0.0,0.01,0.06,138800000.0,193900000.0,0.43,193900000.0,138800000.0,103400000.0,0.25,0.25,0.25,1301600000.0,,1301600000.0,6791058000.0,16.0,10.527,60100000.0,0.202,1.0,269400000.0,0.597,1340500000.0,35400000.0,3450200000.0,,113000000.0,829300000.0,325300000.0,504000000.0,2611000000.0,521300000.0,2089700000.0,5275158000.0,10300000.0,18700000.0,3800000.0,-80000000.0,-17900000.0,-92400000.0,-900000.0,17200000.0,102400000.0,1200000.0,73700000.0,73700000.0,73700000.0,-900000.0,0.0,0.163,149200000.0,120200000.0,84800000.0,0.24,4.053,28.3,28.532,584300000.0,0.0,17.69,2.795,2.79,297000000.0,607600000.0,451200000.0,451200000.0,48900000.0,,,,,33700000.0,82200000.0,1.0,298200000.0,297600000,298800000.0,1.516,2572100000.0,222800000.0,29700000.0,1900000.0,8.643,653800000.0
17,IGT1,MRQ,2010-09-30,2010-10-02,2010-10-02,2020-07-20,10700000.0,4007000000.0,,1202400000.0,2804600000.0,,4.153,-62000000.0,158400000.0,158400000.0,207100000.0,19900000.0,2.065,2.246,1674300000.0,0.0,1674300000.0,1674300000.0,0.0,57400000.0,0.0,0.013,0.0,87100000.0,144500000.0,0.305,144500000.0,87100000.0,50300000.0,0.06,0.07,0.06,1234300000.0,,1234300000.0,5914111000.0,14.0,8.83,105200000.0,0.354,1.0,267100000.0,0.563,1353700000.0,36800000.0,3586900000.0,,97600000.0,872400000.0,339700000.0,532700000.0,2772700000.0,582300000.0,2190400000.0,4265811000.0,-6500000.0,40600000.0,700000.0,-172100000.0,-17800000.0,-188900000.0,8300000.0,32900000.0,167200000.0,6900000.0,19900000.0,19900000.0,19900000.0,3200000.0,0.0,0.042,168800000.0,98300000.0,84600000.0,0.0,3.456,22.934,23.081,586700000.0,0.0,14.31,2.225,2.212,290300000.0,551800000.0,474200000.0,474200000.0,50000000.0,,,,,-10200000.0,85000000.0,1.0,298100000.0,297200000,296900000.0,1.596,2653300000.0,221100000.0,30400000.0,1800000.0,8.928,620100000.0
18,IGT1,MRQ,2010-06-30,2010-06-30,2010-06-30,2020-07-20,-1100000.0,4085600000.0,,1145100000.0,2940500000.0,,4.075,-61400000.0,164900000.0,164900000.0,206900000.0,92100000.0,2.136,2.376,1813200000.0,0.0,1813200000.0,1813200000.0,0.0,59200000.0,0.0,0.015,0.06,134700000.0,193900000.0,0.408,193900000.0,134700000.0,92000000.0,0.31,0.31,0.31,1210300000.0,,1210300000.0,6313970000.0,17.0,10.436,85700000.0,0.289,1.0,268000000.0,0.564,1365400000.0,42700000.0,3832500000.0,,114600000.0,901500000.0,342500000.0,559000000.0,2876200000.0,536000000.0,2340200000.0,4680170000.0,-6900000.0,2200000.0,1900000.0,-101200000.0,-17900000.0,-115800000.0,-36100000.0,31200000.0,147100000.0,-2100000.0,92100000.0,92100000.0,92100000.0,4200000.0,0.0,0.194,147900000.0,120100000.0,85500000.0,0.194,3.867,34.038,34.13,574100000.0,0.0,15.7,2.445,2.436,275400000.0,549900000.0,474900000.0,474900000.0,48400000.0,,,,,-28600000.0,81500000.0,1.0,298100000.0,297000000,298900000.0,1.599,2720200000.0,261300000.0,-100000.0,2000000.0,9.159,609100000.0
19,IGT1,MRQ,2010-03-31,2010-03-31,2010-03-31,2020-07-20,13100000.0,4163200000.0,,1173500000.0,2989700000.0,,3.851,-63500000.0,250800000.0,250800000.0,214900000.0,700000.0,2.156,2.654,1884600000.0,0.0,1884600000.0,1884600000.0,0.0,57500000.0,0.0,0.013,0.06,55300000.0,112800000.0,0.232,112800000.0,55300000.0,16300000.0,0.0,0.0,0.0,1139400000.0,,1139400000.0,7172515000.0,19.0,11.61,44500000.0,0.15,1.0,271900000.0,0.559,1378400000.0,39000000.0,3874300000.0,,125100000.0,836400000.0,246600000.0,589800000.0,3024300000.0,544300000.0,2480000000.0,5474115000.0,-1200000.0,4200000.0,10900000.0,-79400000.0,-17800000.0,-82100000.0,-23200000.0,30900000.0,108000000.0,-3900000.0,700000.0,700000.0,700000.0,25000000.0,0.0,0.001,207600000.0,64300000.0,78000000.0,,4.804,51.643,52.714,563000000.0,0.0,18.45,2.797,2.79,294800000.0,475700000.0,486800000.0,486800000.0,51100000.0,,,,,-36300000.0,84700000.0,1.0,296700000.0,295900000,297300000.0,1.645,2784800000.0,269700000.0,15600000.0,2300000.0,9.411,629200000.0
20,IGT1,MRQ,2009-12-31,2009-12-31,2009-12-31,2020-07-20,15200000.0,4273800000.0,,1211200000.0,3062600000.0,,3.848,-53300000.0,257400000.0,257400000.0,219300000.0,73300000.0,2.131,2.764,1955800000.0,12500000.0,1943300000.0,1955800000.0,0.0,62700000.0,0.0,0.013,0.06,156300000.0,219000000.0,0.425,219000000.0,156300000.0,113100000.0,0.25,0.25,0.25,1135600000.0,,1135600000.0,7523390000.0,19.0,11.441,115400000.0,0.391,1.0,295800000.0,0.574,1399500000.0,43200000.0,4004400000.0,,150800000.0,908100000.0,256600000.0,651500000.0,3138400000.0,568300000.0,2570100000.0,5574690000.0,26300000.0,-5500000.0,2400000.0,-62600000.0,-17800000.0,-75300000.0,-66700000.0,-2900000.0,168700000.0,-400000.0,73300000.0,73300000.0,73300000.0,2100000.0,0.0,0.142,152100000.0,143700000.0,99800000.0,0.24,4.909,40.135,40.804,558000000.0,0.0,18.77,2.865,2.847,301100000.0,503100000.0,515100000.0,515100000.0,45400000.0,,,,,33700000.0,87300000.0,1.0,297000000.0,295100000,297400000.0,1.746,2874300000.0,248200000.0,39800000.0,7400000.0,9.74,642900000.0
21,IGT1,MRQ,2009-09-30,2009-10-03,2009-10-03,2020-07-20,6100000.0,4328100000.0,,1233700000.0,3094400000.0,,3.611,-81600000.0,146700000.0,146700000.0,183000000.0,-28600000.0,1.976,3.074,2020000000.0,5300000.0,2014700000.0,2020000000.0,0.0,64500000.0,0.0,0.017,0.06,14800000.0,79300000.0,0.181,79300000.0,14800000.0,-33600000.0,-0.1,-0.1,-0.1,1062000000.0,,1062000000.0,7951522000.0,23.0,12.678,111900000.0,0.38,1.0,254600000.0,0.582,1410700000.0,48400000.0,4166200000.0,,157800000.0,969000000.0,322700000.0,646300000.0,3264500000.0,624500000.0,2640000000.0,5908222000.0,-37300000.0,5900000.0,7900000.0,-139100000.0,-17800000.0,-148800000.0,-82700000.0,-4300000.0,193500000.0,700000.0,-28600000.0,-28600000.0,-28600000.0,17700000.0,0.0,-0.065,223300000.0,31300000.0,90500000.0,-0.6,5.563,46.595,46.372,558800000.0,0.0,19.94,2.927,2.902,334300000.0,437300000.0,437600000.0,437600000.0,38600000.0,,,,,10700000.0,85500000.0,1.0,296300000.0,294100000,294600000.0,1.488,2917400000.0,255000000.0,-5000000.0,9400000.0,9.92,609200000.0
22,IGT1,MRQ,2009-06-30,2009-06-30,2009-06-30,2020-07-20,3100000.0,4457300000.0,,1258600000.0,3198700000.0,,3.352,-41900000.0,260800000.0,260800000.0,221500000.0,60600000.0,2.349,3.519,2304100000.0,2200000.0,2301900000.0,2304100000.0,0.0,64100000.0,0.0,0.026,0.06,142600000.0,206700000.0,0.4,206700000.0,142600000.0,99400000.0,0.2,0.2,0.2,986400000.0,,986400000.0,6672270000.0,14.0,8.82,106400000.0,0.362,1.0,295800000.0,0.572,1383600000.0,43200000.0,4581100000.0,,182200000.0,848000000.0,211200000.0,636800000.0,3470900000.0,535900000.0,2935000000.0,4711170000.0,-7200000.0,4000000.0,100000.0,-15000000.0,-17700000.0,-143100000.0,-20300000.0,-2800000.0,148300000.0,7900000.0,60600000.0,60600000.0,60600000.0,1600000.0,0.0,0.117,168800000.0,127000000.0,63600000.0,0.3,4.776,24.423,24.462,567500000.0,0.0,15.9,2.144,2.13,307700000.0,535400000.0,517300000.0,517300000.0,51300000.0,,,,,41300000.0,94800000.0,1.0,296300000.0,294300000,294600000.0,1.758,3073700000.0,291400000.0,38800000.0,7200000.0,10.444,722700000.0
23,IGT1,MRQ,2009-03-31,2009-03-31,2009-03-31,2020-07-20,-29600000.0,4366700000.0,,1280600000.0,3086100000.0,,3.21,-57900000.0,287900000.0,287900000.0,215700000.0,33600000.0,2.343,3.633,2249000000.0,900000.0,2248100000.0,2249000000.0,0.0,69100000.0,0.0,0.054,0.06,83500000.0,152600000.0,0.321,152600000.0,83500000.0,51300000.0,0.11,0.11,0.11,942600000.0,,942600000.0,4625088000.0,9.0,5.649,-1300000.0,-0.004,1.0,260000000.0,0.547,1390000000.0,32200000.0,4391200000.0,,189300000.0,792000000.0,175600000.0,616400000.0,3424100000.0,546600000.0,2877500000.0,2723588000.0,-69900000.0,-14700000.0,5300000.0,-31100000.0,-42900000.0,-68700000.0,-56300000.0,-6600000.0,56600000.0,-1500000.0,33600000.0,33600000.0,33600000.0,0.0,0.0,0.071,189800000.0,70200000.0,63300000.0,0.545,2.889,11.32,11.525,582700000.0,0.0,9.22,1.155,1.148,314400000.0,486900000.0,475700000.0,475700000.0,52800000.0,,,,,-68500000.0,109300000.0,1.0,295400000.0,293600000,293700000.0,1.62,2976700000.0,240900000.0,17700000.0,3200000.0,10.139,734000000.0
24,IGT1,MRQ,2008-12-31,2008-12-31,2008-12-31,2020-07-20,-32200000.0,4443100000.0,,1366200000.0,3076900000.0,,3.087,-76000000.0,380700000.0,380700000.0,295700000.0,61200000.0,2.201,3.908,2282200000.0,11700000.0,2270500000.0,2282200000.0,0.0,79100000.0,0.0,0.048,0.15,108600000.0,187700000.0,0.312,187700000.0,108600000.0,73100000.0,0.21,0.21,0.21,905300000.0,,905300000.0,5392683000.0,9.0,6.086,73500000.0,0.251,1.0,305900000.0,0.508,1384300000.0,35500000.0,4339500000.0,,207800000.0,775800000.0,173900000.0,601900000.0,3537800000.0,620800000.0,2917000000.0,3503983000.0,-5300000.0,-9200000.0,100000.0,22200000.0,-42900000.0,-20600000.0,-129100000.0,-32300000.0,149500000.0,-5100000.0,61200000.0,61200000.0,61200000.0,0.0,0.0,0.102,205800000.0,100100000.0,81100000.0,0.714,3.871,12.723,13.066,583600000.0,0.0,11.89,1.427,1.421,362100000.0,466400000.0,601600000.0,601600000.0,53500000.0,,,,,7200000.0,114900000.0,1.0,294700000.0,293300000,293400000.0,2.051,3058800000.0,241500000.0,11900000.0,16000000.0,10.429,745400000.0
25,IGT1,MRQ,2008-09-30,2008-09-30,2008-09-30,2020-07-20,1900000.0,4557400000.0,,1470100000.0,3087300000.0,,3.068,-76600000.0,374400000.0,374400000.0,258100000.0,37500000.0,1.996,4.014,2263100000.0,16000000.0,2247100000.0,2263100000.0,0.0,75600000.0,0.0,0.033,0.145,133900000.0,209500000.0,0.348,209500000.0,133900000.0,83600000.0,0.13,0.13,0.13,909000000.0,,909000000.0,6702342000.0,10.0,6.835,49200000.0,0.166,1.0,344400000.0,0.572,1407400000.0,50300000.0,4302000000.0,,218300000.0,732600000.0,161000000.0,571600000.0,3648400000.0,736700000.0,2911700000.0,5100742000.0,-7900000.0,-56500000.0,-305500000.0,359400000.0,-43300000.0,10400000.0,-139200000.0,-5800000.0,125800000.0,-4900000.0,37500000.0,37500000.0,37500000.0,6300000.0,0.0,0.062,184000000.0,160400000.0,105700000.0,1.115,5.611,15.551,16.208,590900000.0,0.0,17.18,2.041,2.117,436800000.0,443500000.0,602500000.0,602500000.0,53000000.0,,,,,17900000.0,112300000.0,1.0,296900000.0,296300000,295500000.0,2.033,3150000000.0,252700000.0,46100000.0,15300000.0,10.631,733400000.0
26,IGT1,MRQ,2008-06-30,2008-06-30,2008-06-30,2020-07-20,24200000.0,4516000000.0,,1441400000.0,3074600000.0,,3.821,-71400000.0,382100000.0,382100000.0,289700000.0,108300000.0,2.176,2.824,1983700000.0,6600000.0,1977100000.0,1983700000.0,0.0,64000000.0,0.0,0.022,0.14,204900000.0,268900000.0,0.397,268900000.0,204900000.0,181700000.0,0.35,0.35,0.35,1181000000.0,,1181000000.0,9073508000.0,12.0,8.605,94300000.0,0.305,1.0,387700000.0,0.572,1350300000.0,23200000.0,4104900000.0,,193400000.0,723400000.0,165300000.0,558100000.0,3335000000.0,662400000.0,2672600000.0,7733808000.0,22300000.0,-9600000.0,-225600000.0,210600000.0,-43900000.0,-58000000.0,-80500000.0,7000000.0,165700000.0,-4900000.0,108300000.0,108300000.0,108300000.0,0.0,0.0,0.16,200700000.0,187000000.0,101000000.0,0.4,6.549,18.726,19.069,592200000.0,0.0,24.98,3.022,3.017,375300000.0,434400000.0,677400000.0,677400000.0,58400000.0,,,,,32900000.0,121800000.0,1.0,309600000.0,309100000,311100000.0,2.192,3165700000.0,256800000.0,73400000.0,15800000.0,10.242,779000000.0
27,IGT1,MRQ,2008-03-31,2008-03-31,2008-03-31,2020-07-20,25200000.0,4364600000.0,,1323700000.0,3040900000.0,,4.386,-87500000.0,353300000.0,353300000.0,262700000.0,68400000.0,2.187,2.186,1693000000.0,900000.0,1692100000.0,1693000000.0,0.0,77100000.0,0.0,0.014,0.14,142900000.0,220000000.0,0.384,220000000.0,142900000.0,117800000.0,0.22,0.22,0.22,1369900000.0,,1369900000.0,14181778000.0,18.0,13.023,-12700000.0,-0.041,1.0,310500000.0,0.542,1347900000.0,25100000.0,3751100000.0,,180700000.0,682900000.0,169100000.0,513800000.0,2994700000.0,605300000.0,2389400000.0,12939578000.0,-33900000.0,-15300000.0,-51500000.0,65900000.0,-44000000.0,-22700000.0,-94800000.0,73200000.0,74800000.0,8800000.0,68400000.0,68400000.0,68400000.0,0.0,0.0,0.119,183900000.0,126600000.0,108200000.0,0.636,9.446,29.335,29.35,582400000.0,0.0,40.21,4.999,4.852,361900000.0,369400000.0,573200000.0,573200000.0,53800000.0,,,,,-70500000.0,111500000.0,1.0,321800000.0,312300000,315900000.0,1.835,3016700000.0,262200000.0,49400000.0,17000000.0,9.66,718400000.0
28,IGT1,MRQ,2007-12-31,2007-12-31,2007-12-31,2020-07-20,24800000.0,4280700000.0,,1306600000.0,2974100000.0,,4.388,-62700000.0,384700000.0,384700000.0,279300000.0,113700000.0,2.146,2.103,1626900000.0,9800000.0,1617100000.0,1626900000.0,0.0,69300000.0,0.0,0.012,0.14,212900000.0,282200000.0,0.437,282200000.0,212900000.0,188100000.0,0.36,0.36,0.36,1379700000.0,,1379700000.0,15014722000.0,17.0,12.955,57500000.0,0.183,1.0,366500000.0,0.568,1354000000.0,24800000.0,3560000000.0,,140100000.0,708700000.0,194300000.0,514400000.0,2901000000.0,608900000.0,2292100000.0,13855522000.0,24600000.0,1200000.0,-126200000.0,118200000.0,-44400000.0,-44900000.0,-51200000.0,15600000.0,120200000.0,500000.0,113700000.0,113700000.0,113700000.0,0.0,0.0,0.176,170800000.0,195700000.0,96600000.0,0.389,10.042,27.661,28.712,564700000.0,0.0,43.93,5.279,5.262,391100000.0,344900000.0,645800000.0,645800000.0,51300000.0,,,,,58000000.0,100300000.0,1.0,315400000.0,314400000,318400000.0,2.054,2926700000.0,268200000.0,74400000.0,51700000.0,9.309,697700000.0
29,IGT1,MRQ,2007-09-30,2007-09-30,2007-09-30,2020-07-20,26000000.0,4167500000.0,,1287000000.0,2880500000.0,,4.516,-84200000.0,349400000.0,349400000.0,287200000.0,122600000.0,1.861,1.869,1508600000.0,5600000.0,1503000000.0,1508600000.0,0.0,66900000.0,0.0,0.012,0.14,216500000.0,283400000.0,0.428,283400000.0,216500000.0,194200000.0,0.38,0.37,0.38,1452700000.0,,1452700000.0,14826018339.0,17.0,12.916,172400000.0,0.536,1.0,375600000.0,0.567,1362100000.0,22300000.0,3273100000.0,,144800000.0,713900000.0,208800000.0,505100000.0,2714800000.0,691500000.0,2023300000.0,14027718339.0,37200000.0,3500000.0,-498100000.0,388300000.0,-42900000.0,-150400000.0,-71900000.0,4100000.0,256600000.0,2900000.0,122600000.0,122600000.0,122600000.0,0.0,0.0,0.185,179200000.0,196400000.0,121100000.0,0.368,9.656,27.603,27.987,567400000.0,0.0,43.1,5.351,5.427,412100000.0,3108400000.0,662800000.0,662800000.0,53700000.0,,,,,24500000.0,105500000.0,1.0,325469103.0,321700000,325300000.0,2.06,2805400000.0,208800000.0,71600000.0,49500000.0,8.721,595500000.0
30,IGT1,MRQ,2007-06-30,2007-06-30,2007-06-30,2020-07-20,14300000.0,4092500000.0,,1236900000.0,2855600000.0,,5.593,-78200000.0,317900000.0,317900000.0,309900000.0,136400000.0,1.958,1.212,1116200000.0,16200000.0,1100000000.0,1116200000.0,0.0,67100000.0,0.0,0.013,0.13,236300000.0,303400000.0,0.429,303400000.0,236300000.0,216400000.0,0.41,0.41,0.41,1850100000.0,,1850100000.0,13871845217.0,16.0,12.334,120200000.0,0.363,1.0,396600000.0,0.561,1373100000.0,19900000.0,2886100000.0,,147300000.0,714400000.0,211400000.0,503000000.0,2242400000.0,631600000.0,1610800000.0,13197945217.0,-111200000.0,-122500000.0,-235700000.0,15900000.0,-43700000.0,-259700000.0,-46800000.0,150800000.0,198400000.0,-3100000.0,136400000.0,136400000.0,136400000.0,0.0,0.0,0.193,180300000.0,216300000.0,125800000.0,0.317,7.134,26.375,26.467,548100000.0,0.0,39.7,5.082,5.057,405500000.0,3030200000.0,706500000.0,706500000.0,51400000.0,,,,,8300000.0,106900000.0,1.0,332441945.0,330800000,334500000.0,2.136,2719400000.0,209600000.0,80000000.0,27200000.0,8.221,605300000.0
31,IGT1,MRQ,2007-03-31,2007-03-31,2007-03-31,2020-07-20,10200000.0,4186600000.0,,1453700000.0,2732900000.0,,5.888,-78100000.0,426100000.0,426100000.0,253200000.0,128200000.0,2.439,1.121,1100000000.0,0.0,1100000000.0,1100000000.0,0.0,66200000.0,0.0,0.013,0.13,223800000.0,290000000.0,0.476,290000000.0,223800000.0,204500000.0,0.38,0.38,0.38,1973800000.0,,1973800000.0,14328282476.0,18.0,13.393,64900000.0,0.194,1.0,356500000.0,0.585,1359000000.0,19300000.0,2905400000.0,,158500000.0,870100000.0,359600000.0,510500000.0,2212800000.0,596100000.0,1616700000.0,13659482476.0,-356600000.0,8000000.0,-111700000.0,-617400000.0,-43700000.0,-767100000.0,265200000.0,325200000.0,143000000.0,2300000.0,128200000.0,128200000.0,128200000.0,0.0,0.0,0.21,154300000.0,202200000.0,118900000.0,0.342,6.92,28.57,28.238,530800000.0,0.0,40.38,5.457,5.407,354800000.0,2936600000.0,609700000.0,609700000.0,47800000.0,,,,,-61400000.0,87200000.0,1.0,338273464.0,335200000,340200000.0,1.819,2827600000.0,208500000.0,76300000.0,22900000.0,8.436,857600000.0
32,IGT1,MRQ,2006-12-31,2006-12-31,2006-12-31,2020-07-20,9600000.0,4852600000.0,,2123300000.0,2729300000.0,,5.893,-103800000.0,797300000.0,797300000.0,290300000.0,121000000.0,1.671,1.477,1466100000.0,366100000.0,1100000000.0,1466100000.0,0.0,65300000.0,0.0,0.011,0.13,205800000.0,271100000.0,0.422,271100000.0,205800000.0,189700000.0,0.36,0.35,0.36,1959300000.0,,1959300000.0,15926887627.0,20.0,15.224,119700000.0,0.36,1.0,352000000.0,0.548,1366300000.0,16100000.0,2884200000.0,,148900000.0,1181200000.0,668000000.0,513200000.0,2893300000.0,1270900000.0,1622400000.0,15491887627.0,397300000.0,-18100000.0,-207300000.0,866100000.0,-43500000.0,620700000.0,-443200000.0,-321800000.0,223500000.0,-3700000.0,121000000.0,121000000.0,121000000.0,0.0,0.0,0.188,166800000.0,185200000.0,111700000.0,0.361,7.907,32.69,32.535,515300000.0,0.0,46.2,6.104,6.053,367600000.0,2852100000.0,642300000.0,642300000.0,49300000.0,,,,,57900000.0,98400000.0,1.0,335322243.0,332500000,343900000.0,1.932,3486300000.0,179100000.0,68700000.0,88100000.0,10.485,852400000.0
33,IGT1,MRQ,2006-09-30,2006-09-30,2006-09-30,2020-07-20,6400000.0,3902700000.0,,1375700000.0,2527000000.0,,6.074,-93800000.0,397400000.0,397400000.0,281600000.0,114800000.0,1.104,0.911,832400000.0,632400000.0,200000000.0,832400000.0,0.0,61500000.0,0.0,0.012,0.13,198700000.0,260200000.0,0.407,260200000.0,198700000.0,185800000.0,0.35,0.32,0.35,2042000000.0,,2042000000.0,14441540964.0,18.0,13.979,147800000.0,0.44,1.0,357100000.0,0.559,1352100000.0,12900000.0,1739000000.0,,162100000.0,735900000.0,332600000.0,403300000.0,1860700000.0,1246600000.0,614100000.0,14085440964.0,-61700000.0,7800000.0,-137900000.0,21200000.0,-42400000.0,-158700000.0,-147100000.0,-55700000.0,241600000.0,2500000.0,114800000.0,114800000.0,114800000.0,0.0,0.0,0.18,182000000.0,175100000.0,115500000.0,0.371,6.898,29.741,29.433,469800000.0,0.0,41.5,5.608,5.565,353100000.0,2774900000.0,638700000.0,638700000.0,58800000.0,,,,,44600000.0,103500000.0,1.0,339408216.0,336200000,352800000.0,1.9,2550600000.0,136600000.0,71000000.0,36100000.0,7.587,129100000.0
34,IGT1,MRQ,2006-06-30,2006-06-30,2006-06-30,2020-07-20,3600000.0,3946200000.0,,1487200000.0,2459000000.0,,6.478,-82200000.0,454200000.0,454200000.0,279900000.0,114100000.0,2.772,0.802,810300000.0,0.0,810300000.0,810300000.0,0.0,60900000.0,0.0,0.013,0.125,187600000.0,248500000.0,0.406,248500000.0,187600000.0,174600000.0,0.34,0.33,0.34,2189400000.0,,2189400000.0,13285371593.0,17.0,12.98,95500000.0,0.283,1.0,332500000.0,0.543,1358000000.0,13000000.0,2407800000.0,,162200000.0,662700000.0,260100000.0,402600000.0,1756800000.0,536500000.0,1220300000.0,12864971593.0,77100000.0,300000.0,-77200000.0,-11200000.0,-42200000.0,-118500000.0,19600000.0,94000000.0,177700000.0,-1700000.0,114100000.0,114100000.0,114100000.0,0.0,0.0,0.186,160900000.0,171600000.0,100200000.0,0.368,5.876,27.72,27.493,427700000.0,0.0,37.94,5.186,5.17,360400000.0,2703500000.0,612400000.0,612400000.0,44200000.0,,,,,-13800000.0,94300000.0,1.0,339087285.0,338000000,346900000.0,1.812,2588200000.0,132600000.0,60500000.0,2700000.0,7.657,950700000.0
35,IGT1,MRQ,2006-03-31,2006-03-31,2006-03-31,2020-07-20,300000.0,3854900000.0,,1415500000.0,2439400000.0,,6.15,-59300000.0,395700000.0,395700000.0,294200000.0,124000000.0,2.525,0.863,816100000.0,8500000.0,807600000.0,816100000.0,0.0,57100000.0,0.0,0.014,0.125,209300000.0,266400000.0,0.413,266400000.0,209300000.0,198000000.0,0.37,0.35,0.37,2068800000.0,,2068800000.0,12152439826.0,16.0,11.927,-13500000.0,-0.04,1.0,350200000.0,0.543,1364600000.0,11300000.0,2350200000.0,,140300000.0,726500000.0,325500000.0,401000000.0,1786100000.0,560500000.0,1225600000.0,11875539826.0,-132200000.0,-59400000.0,-55200000.0,7400000.0,-42000000.0,-70000000.0,-109200000.0,2900000.0,45800000.0,1200000.0,124000000.0,124000000.0,124000000.0,0.0,0.0,0.192,157500000.0,192700000.0,93200000.0,0.338,5.74,25.555,25.708,410800000.0,0.0,35.22,4.852,4.84,400700000.0,2631900000.0,644400000.0,644400000.0,44400000.0,,,,,-64200000.0,93100000.0,1.0,337181710.0,336400000,361900000.0,1.916,2490300000.0,112700000.0,74000000.0,11200000.0,7.403,855000000.0
36,IGT1,MRQ,2005-12-31,2005-12-31,2005-12-31,2020-07-20,-900000.0,3803800000.0,,1484800000.0,2319000000.0,,5.963,-75200000.0,528100000.0,528100000.0,284200000.0,120600000.0,1.267,0.892,805000000.0,605000000.0,200000000.0,805000000.0,0.0,55900000.0,0.0,0.016,0.125,202100000.0,258000000.0,0.419,258000000.0,202100000.0,188500000.0,0.36,0.34,0.36,2010000000.0,,2010000000.0,10762553473.0,15.0,11.086,83800000.0,0.249,1.0,332000000.0,0.539,1366100000.0,13600000.0,1542600000.0,,137800000.0,745900000.0,330600000.0,415300000.0,1793800000.0,1172000000.0,621800000.0,10371353473.0,122500000.0,300000.0,13900000.0,-12600000.0,-42300000.0,-39700000.0,2700000.0,68700000.0,159000000.0,500000.0,120600000.0,120600000.0,120600000.0,0.0,0.0,0.196,146200000.0,185800000.0,96600000.0,0.347,5.16,23.864,24.236,404100000.0,0.0,30.78,4.405,4.407,346000000.0,2550000000.0,616200000.0,616200000.0,41200000.0,,,,,50400000.0,84600000.0,1.0,336951055.0,337100000,362700000.0,1.828,2437700000.0,94400000.0,67900000.0,55100000.0,7.231,312800000.0
37,IGT1,MRQ,2005-09-30,2005-09-30,2005-09-30,2020-07-20,-800000.0,3864400000.0,,1437200000.0,2427200000.0,,5.598,-72400000.0,419800000.0,419800000.0,311800000.0,105400000.0,1.18,1.028,811000000.0,611000000.0,200000000.0,811000000.0,0.0,71900000.0,0.0,0.018,0.125,178700000.0,250600000.0,0.412,250600000.0,178700000.0,163800000.0,0.31,0.29,0.31,1905700000.0,,1905700000.0,9572256850.0,13.0,9.956,91700000.0,0.269,1.0,295800000.0,0.487,1377200000.0,14900000.0,1660800000.0,,142300000.0,937400000.0,418700000.0,518700000.0,1958700000.0,1217600000.0,741100000.0,9208850850.0,-14000000.0,-85400000.0,-218200000.0,8900000.0,-41200000.0,-250500000.0,72800000.0,245700000.0,164100000.0,-400000.0,105400000.0,105400000.0,105400000.0,0.0,0.0,0.173,135400000.0,160400000.0,96700000.0,0.403,4.832,21.097,21.26,385200000.0,0.0,27.0,3.87,3.9,327800000.0,2471100000.0,607600000.0,607600000.0,34600000.0,,,,,-21200000.0,82200000.0,1.0,341068550.0,340400000,365100000.0,1.785,2487200000.0,93200000.0,58400000.0,14500000.0,7.307,219600000.0
38,IGT1,MRQ,2005-06-30,2005-06-30,2005-06-30,2020-07-20,91000.0,3992385000.0,,1666198000.0,2326187000.0,,6.002,-61100000.0,436210000.0,436210000.0,271400000.0,114700000.0,1.402,0.936,799616000.0,599616000.0,200000000.0,799616000.0,0.0,50000000.0,0.0,0.017,0.12,193900000.0,243900000.0,0.421,243900000.0,193900000.0,180000000.0,0.33,0.32,0.33,2061783000.0,,2061783000.0,10116016784.0,15.0,12.084,158000000.0,0.46,1.0,308200000.0,0.532,1295184000.0,13900000.0,1871792000.0,,180213000.0,1149736000.0,625972000.0,523764000.0,1930602000.0,1188815000.0,741787000.0,9677184784.0,16900000.0,100000.0,-91300000.0,0.0,-100000.0,-91400000.0,-108900000.0,-60100000.0,219100000.0,-1900000.0,114700000.0,114700000.0,114700000.0,0.0,0.0,0.198,140800000.0,167400000.0,86161000.0,0.364,4.694,25.114,25.36,354695000.0,0.0,28.15,4.043,4.04,309694000.0,2408263000.0,579600000.0,579600000.0,35800000.0,,,,,13400000.0,86300000.0,1.0,343772106.0,343500000,369300000.0,1.687,2697201000.0,86033000.0,65300000.0,28009000.0,7.852,477383000.0
39,IGT1,MRQ,2005-03-31,2005-03-31,2005-03-31,2020-07-20,3440000.0,3897256000.0,,1571857000.0,2325399000.0,,6.001,-60700000.0,358165000.0,358165000.0,277300000.0,93900000.0,1.447,0.881,796997000.0,596997000.0,200000000.0,796997000.0,0.0,57800000.0,0.0,0.018,0.12,160500000.0,218300000.0,0.396,218300000.0,160500000.0,146100000.0,0.27,0.26,0.27,2071396000.0,,2071396000.0,9149761903.0,13.0,10.643,128700000.0,0.373,1.0,273800000.0,0.497,1289066000.0,14400000.0,1960534000.0,,164618000.0,993713000.0,523404000.0,470309000.0,1825860000.0,1086488000.0,739372000.0,9198833903.0,-58900000.0,-200000.0,-70000000.0,-31800000.0,-83000000.0,-184800000.0,-59800000.0,-26500000.0,189400000.0,-3700000.0,93900000.0,93900000.0,93900000.0,0.0,0.0,0.17,127600000.0,146200000.0,79117000.0,0.444,4.441,22.342,22.593,346808000.0,0.0,26.66,3.781,3.783,488323000.0,2334806000.0,551100000.0,551100000.0,36400000.0,,,,,-18100000.0,75900000.0,1.0,345042532.0,345200000,372400000.0,1.596,2608190000.0,62551000.0,52200000.0,4902000.0,7.556,485369000.0
40,IGT1,MRQ,2004-12-31,2004-12-31,2004-12-31,2020-07-20,5352000.0,4009408000.0,,1662589000.0,2346819000.0,,6.01,-44400000.0,876108000.0,876108000.0,328200000.0,122400000.0,2.817,0.929,827036000.0,32634000.0,794402000.0,827036000.0,0.0,42500000.0,0.0,0.014,0.12,206200000.0,248700000.0,0.388,248700000.0,206200000.0,191300000.0,0.35,0.33,0.35,2078827000.0,,2078827000.0,11935005402.0,16.0,13.412,109400000.0,0.316,1.0,313000000.0,0.488,1295335000.0,14900000.0,2074848000.0,,171627000.0,527237000.0,52419000.0,474818000.0,1930581000.0,590153000.0,1340428000.0,11908105402.0,37900000.0,-3600000.0,10300000.0,32300000.0,-41500000.0,1100000.0,-119900000.0,-58600000.0,153800000.0,2900000.0,122400000.0,122400000.0,122400000.0,0.0,0.0,0.191,123300000.0,189700000.0,73063000.0,0.343,5.728,27.389,27.504,338350000.0,0.0,34.38,4.729,4.723,543638000.0,2282237000.0,641200000.0,641200000.0,31700000.0,,,,,54800000.0,74300000.0,1.0,346367231.0,345900000,374100000.0,1.854,2714073000.0,55971000.0,68900000.0,29819000.0,7.846,1072436000.0
41,IGT1,MRQ,2004-09-30,2004-09-30,2004-09-30,2020-07-20,1000000.0,3873000000.0,,1509700000.0,2363300000.0,,5.706,-69592000.0,449700000.0,449700000.0,300900000.0,54332000.0,2.696,0.959,791900000.0,100000.0,791800000.0,791900000.0,0.0,34114000.0,0.0,0.013,0.12,92122000.0,126236000.0,0.203,126236000.0,92122000.0,78446000.0,0.16,0.15,0.16,1976600000.0,,1976600000.0,12348992821.0,15.0,12.962,183075000.0,0.528,1.0,320768000.0,0.516,1293800000.0,13676000.0,2361400000.0,,165600000.0,977900000.0,422400000.0,555500000.0,1896400000.0,560000000.0,1336400000.0,12389611821.0,-158016000.0,1099000.0,-99746000.0,-363395000.0,-34873000.0,-618214000.0,210644000.0,274303000.0,252667000.0,-3113000.0,54332000.0,54332000.0,54332000.0,24000.0,0.0,0.087,125805000.0,194963000.0,85700000.0,0.75,6.268,25.352,25.496,329100000.0,0.0,35.95,4.986,5.018,359700000.0,2201400000.0,621668000.0,621668000.0,33564000.0,,,,,4217000.0,91143000.0,1.0,344634543.0,346437000,373888000.0,1.794,2579200000.0,85000000.0,24114000.0,7500000.0,7.445,949700000.0
42,IGT1,MRQ,2004-06-30,2004-06-30,2004-06-30,2020-07-20,1394000.0,4304203000.0,,1968344000.0,2335859000.0,,5.982,-48054000.0,1187568000.0,1187568000.0,280630000.0,141102000.0,2.24,1.065,1146949000.0,366259000.0,780690000.0,1146949000.0,0.0,40759000.0,0.0,0.012,0.12,225708000.0,266467000.0,0.431,266467000.0,225708000.0,203059000.0,0.4,0.38,0.4,2084287000.0,,2084287000.0,13609997928.0,15.0,12.877,174746000.0,0.502,1.0,338257000.0,0.547,1320772000.0,22649000.0,2063917000.0,,165440000.0,527640000.0,54162000.0,473478000.0,2219916000.0,878895000.0,1341021000.0,13468291928.0,-36241000.0,-33826000.0,-14749000.0,-8269000.0,0.0,-23018000.0,-237568000.0,-154243000.0,222800000.0,1545000.0,141102000.0,141102000.0,141102000.0,0.0,0.0,0.228,127175000.0,211082000.0,71970000.0,0.3,6.462,24.818,24.586,291559000.0,0.0,38.6,5.587,5.579,520195000.0,2188654000.0,618887000.0,618887000.0,32843000.0,,,,,15647000.0,72938000.0,1.0,348919480.0,348426000,378482000.0,1.776,2983431000.0,86490000.0,61957000.0,8272000.0,8.563,1089449000.0
43,IGT1,MRQ,2004-03-31,2004-03-31,2004-03-31,2020-07-20,1522000.0,4165610000.0,,1806540000.0,2359070000.0,,5.718,-55387000.0,1011878000.0,1011878000.0,296975000.0,116942000.0,3.82,1.1,1153584000.0,103000.0,1153481000.0,1153584000.0,0.0,39740000.0,0.0,0.009,0.12,208756000.0,248496000.0,0.391,248496000.0,208756000.0,184577000.0,0.34,0.32,0.34,1983614000.0,,1983614000.0,15747706183.0,18.0,15.501,-41611000.0,-0.12,1.0,339109000.0,0.533,1319418000.0,24179000.0,2515028000.0,,150005000.0,524415000.0,53583000.0,470832000.0,2181996000.0,472870000.0,1709126000.0,15592479183.0,-27550000.0,47480000.0,25303000.0,-417484000.0,-34844000.0,-427025000.0,385919000.0,393279000.0,13776000.0,-220000.0,116942000.0,116942000.0,116942000.0,742000.0,0.0,0.184,133097000.0,206012000.0,73583000.0,0.353,7.861,30.86,30.585,285902000.0,0.0,44.96,6.625,6.627,562728000.0,2082451000.0,636084000.0,636084000.0,31185000.0,,,,,-54065000.0,79513000.0,1.0,346807811.0,346906000,377649000.0,1.834,2846192000.0,84628000.0,67635000.0,0.0,8.205,1333670000.0
44,IGT1,MRQ,2003-12-31,2003-12-31,2003-12-31,2020-07-20,450000.0,4344709000.0,,2166659000.0,2178050000.0,,5.366,-37867000.0,1399965000.0,1399965000.0,286995000.0,176324000.0,2.331,1.344,1555192000.0,410820000.0,1144372000.0,1555192000.0,0.0,35187000.0,0.0,0.008,0.12,276315000.0,311502000.0,0.512,311502000.0,276315000.0,246319000.0,0.51,0.48,0.51,1853353000.0,,1853353000.0,12601279478.0,15.0,12.994,96490000.0,0.279,1.0,321066000.0,0.528,1317239000.0,29996000.0,2253126000.0,,169703000.0,386413000.0,46190000.0,340223000.0,2491356000.0,929571000.0,1561785000.0,12359931478.0,88407000.0,33347000.0,11692000.0,4048000.0,-69183000.0,-53443000.0,5805000.0,9661000.0,134357000.0,1688000.0,176324000.0,176324000.0,176324000.0,-59666000.0,0.0,0.29,118823000.0,202243000.0,79228000.0,0.235,6.669,25.997,25.87,271860000.0,0.0,35.7,5.502,5.489,588730000.0,2000354000.0,608061000.0,608061000.0,31707000.0,,,,,75801000.0,67706000.0,1.0,346216568.0,345408000,375141000.0,1.76,3027470000.0,90446000.0,69995000.0,81335000.0,8.765,1237088000.0
45,IGT1,MRQ,2003-09-30,2003-09-30,2003-09-30,2020-07-20,-3745000.0,4185231000.0,,2078228000.0,2107003000.0,,4.906,-35142000.0,1311558000.0,1311558000.0,248976000.0,108314000.0,2.199,1.48,1552906000.0,406147000.0,1146759000.0,1552906000.0,0.0,31837000.0,0.0,0.006,0.1,198625000.0,230462000.0,0.421,230462000.0,198625000.0,168925000.0,0.32,0.28,0.32,1687478000.0,,1687478000.0,10132414139.0,14.0,11.716,138113000.0,0.402,1.0,298482000.0,0.545,1198611000.0,29700000.0,2282887000.0,,147066000.0,378969000.0,45515000.0,333454000.0,2497753000.0,945081000.0,1552672000.0,9713525139.0,-488882000.0,12993000.0,10384000.0,-5476000.0,-25800000.0,5197000.0,-666665000.0,-662898000.0,173255000.0,-669000.0,108314000.0,108314000.0,108314000.0,-6662000.0,0.0,0.198,116251000.0,182231000.0,65259000.0,0.313,5.756,24.862,24.693,261620000.0,0.0,28.15,4.564,4.55,567853000.0,1858658000.0,547458000.0,547458000.0,27291000.0,,,,,-18517000.0,72693000.0,1.0,345063060.0,343973000,413866000.0,1.592,2986620000.0,124661000.0,60611000.0,31928000.0,8.683,1133147000.0
46,IGT1,MRQ,2003-06-30,2003-06-28,2003-06-28,2020-07-20,-3297000.0,4035563000.0,,1884817000.0,2150746000.0,,4.647,-32516000.0,1139260000.0,1139260000.0,282878000.0,103685000.0,2.135,1.537,1558149000.0,406434000.0,1151715000.0,1558149000.0,0.0,33091000.0,0.0,0.003,0.075,192388000.0,225479000.0,0.401,225479000.0,192388000.0,161222000.0,0.3,0.3,0.3,1590843000.0,,1590843000.0,9269736695.0,14.0,11.762,84368000.0,0.246,1.0,279043000.0,0.497,1224074000.0,31166000.0,2347578000.0,,144891000.0,619567000.0,131026000.0,488541000.0,2444720000.0,882800000.0,1561920000.0,8671590695.0,182372000.0,82016000.0,21043000.0,581000.0,0.0,1020000.0,64424000.0,16300000.0,116884000.0,44000.0,103685000.0,103685000.0,103685000.0,-3804000.0,0.0,0.185,105480000.0,173563000.0,75494000.0,0.25,5.451,25.118,25.639,292508000.0,0.0,25.383,4.346,4.355,376082000.0,1784873000.0,561921000.0,561921000.0,23678000.0,,,,,974000.0,67968000.0,1.0,341636588.0,342367000,349755000.0,1.641,2811489000.0,115603000.0,57537000.0,580000.0,8.212,1002017000.0
47,IGT1,MRQ,2003-03-31,2003-03-29,2003-03-29,2020-07-20,-6250000.0,3918211000.0,,1792450000.0,2125761000.0,,4.311,-30417000.0,958317000.0,958317000.0,259145000.0,87114000.0,3.633,1.655,1556463000.0,8231000.0,1548232000.0,1556463000.0,0.0,32085000.0,0.0,0.0,0.0,170269000.0,202354000.0,0.382,202354000.0,170269000.0,140983000.0,0.25,0.25,0.25,1475588000.0,,1475588000.0,7546945298.0,12.0,9.877,42738000.0,0.125,1.0,269943000.0,0.51,1228101000.0,29286000.0,2794940000.0,,152080000.0,614602000.0,129446000.0,485156000.0,2442623000.0,493316000.0,1949307000.0,7008304298.0,521482000.0,60491000.0,-127635000.0,562882000.0,0.0,427877000.0,21831000.0,-2437000.0,73155000.0,-1381000.0,87114000.0,87114000.0,87114000.0,1906000.0,0.0,0.165,109891000.0,160052000.0,62195000.0,0.0,4.749,21.619,22.418,291265000.0,0.0,20.625,3.595,3.621,373475000.0,1706984000.0,529088000.0,529088000.0,23150000.0,,,,,872000.0,71291000.0,1.0,339796572.0,342257000,349012000.0,1.546,2690110000.0,108129000.0,53869000.0,17306000.0,7.86,1299134000.0
48,IGT1,MRQ,2002-12-31,2002-12-28,2002-12-28,2020-07-20,-5545000.0,3377979000.0,,1254783000.0,2123196000.0,,4.351,-30525000.0,440951000.0,440951000.0,242301000.0,91587000.0,2.569,1.235,979592000.0,8197000.0,971395000.0,979592000.0,0.0,36987000.0,0.0,0.0,0.0,169518000.0,206505000.0,0.422,206505000.0,169518000.0,142870000.0,0.26,0.26,0.26,1511611000.0,,1511611000.0,7061126329.0,12.0,9.375,14881000.0,0.043,1.0,247331000.0,0.505,1236602000.0,26648000.0,2191624000.0,,151235000.0,606184000.0,127710000.0,478474000.0,1866368000.0,488394000.0,1377974000.0,6504926329.0,13228000.0,0.0,-15992000.0,713000.0,0.0,-13394000.0,-17090000.0,13435000.0,45406000.0,-1694000.0,91587000.0,91587000.0,91587000.0,-6840000.0,0.0,0.187,97098000.0,150233000.0,80643000.0,0.0,4.303,20.919,21.307,294105000.0,0.0,18.707,3.394,3.391,333589000.0,1619870000.0,489632000.0,489632000.0,20781000.0,,,,,971000.0,60569000.0,1.0,347717564.0,347418000,353922000.0,1.409,2141377000.0,93254000.0,51283000.0,41904000.0,6.164,766389000.0
49,IGT1,MRQ,2002-09-30,2002-09-28,2002-09-28,2020-07-20,-5452000.0,3315818000.0,,1263902000.0,2051916000.0,,4.132,-51077000.0,416707000.0,416707000.0,193137000.0,62847000.0,2.462,1.314,972001000.0,2863000.0,969138000.0,972001000.0,0.0,32822000.0,0.0,0.0,0.0,120957000.0,153779000.0,0.371,153779000.0,120957000.0,93364000.0,0.18,0.18,0.18,1433144000.0,,1433144000.0,6723986533.0,12.0,9.994,139593000.0,0.403,1.0,221678000.0,0.534,1217225000.0,27593000.0,2140591000.0,,139468000.0,383227000.0,53425000.0,329802000.0,1882674000.0,513296000.0,1369378000.0,6030115533.0,-107306000.0,-600000.0,5468000.0,-266207000.0,0.0,-260931000.0,-36040000.0,14243000.0,190670000.0,-1005000.0,62847000.0,62847000.0,62847000.0,-20455000.0,0.0,0.152,84990000.0,136688000.0,75978000.0,0.0,4.208,22.238,21.747,255906000.0,0.0,17.398,3.489,3.406,499268000.0,1528284000.0,414815000.0,414815000.0,21500000.0,,,,,47555000.0,51293000.0,1.0,346608164.0,346813000,351959000.0,1.196,2098593000.0,86427000.0,30517000.0,45237000.0,6.051,750606000.0
50,IGT1,MRQ,2002-06-30,2002-06-29,2002-06-29,2020-07-20,-6102000.0,3400361000.0,,1316985000.0,2083376000.0,,3.802,-31492000.0,525447000.0,525447000.0,270105000.0,82628000.0,3.071,1.498,1219318000.0,2656000.0,1216662000.0,1219318000.0,0.0,39320000.0,0.0,0.0,0.0,162162000.0,201482000.0,0.39,201482000.0,162162000.0,131088000.0,0.23,0.23,0.23,1361026000.0,,1361026000.0,5707701511.0,11.0,8.758,121758000.0,0.34,1.0,246084000.0,0.477,1249336000.0,31074000.0,2416072000.0,,153867000.0,598871000.0,122592000.0,476279000.0,2039335000.0,428824000.0,1610511000.0,5108659511.0,-125391000.0,0.0,-199192000.0,-48009000.0,0.0,-252146000.0,-27819000.0,3673000.0,153250000.0,1324000.0,82628000.0,82628000.0,82628000.0,2730000.0,0.0,0.16,100173000.0,145911000.0,81834000.0,0.0,3.754,19.366,17.83,282268000.0,0.0,14.175,3.174,3.152,303306000.0,1465437000.0,516189000.0,516189000.0,18390000.0,,,,,1196000.0,64701000.0,1.0,360399260.0,357960000,363329000.0,1.442,2151025000.0,64057000.0,48460000.0,0.0,6.009,888161000.0
51,IGT1,MRQ,2002-03-31,2002-03-30,2002-03-30,2020-07-20,-9867000.0,3553329000.0,,1348312000.0,2205017000.0,,4.083,-13809000.0,665083000.0,665083000.0,257285000.0,73900000.0,3.171,1.423,1264125000.0,4315000.0,1259810000.0,1264125000.0,0.0,40770000.0,0.0,0.0,0.0,150644000.0,191414000.0,0.386,191414000.0,150644000.0,118642000.0,0.207,0.203,0.207,1458239000.0,,1458239000.0,6159846114.0,13.0,10.57,140635000.0,0.394,1.0,238730000.0,0.481,1322129000.0,32002000.0,2405083000.0,,156851000.0,597655000.0,122827000.0,474828000.0,2075416000.0,425159000.0,1650257000.0,5577687114.0,242336000.0,123620000.0,53090000.0,-90106000.0,0.0,-41305000.0,130415000.0,6604000.0,154444000.0,-1218000.0,73900000.0,73900000.0,73900000.0,1273000.0,0.0,0.149,101272000.0,137458000.0,71261000.0,0.0,3.825,23.448,20.636,345555000.0,0.0,15.58,3.946,3.937,307599000.0,1382790000.0,496015000.0,496015000.0,22618000.0,,,,,1194000.0,60371000.0,1.0,358003024.0,357172000,363956000.0,1.389,2231200000.0,54878000.0,44742000.0,0.0,6.247,923153000.0
52,IGT1,MRQ,2001-12-31,2001-12-29,2001-12-29,2020-07-20,-4967000.0,1900036000.0,,958936000.0,941100000.0,,1.22,-19787000.0,407068000.0,407068000.0,165091000.0,51790000.0,3.341,4.344,989227000.0,4180000.0,985047000.0,989227000.0,0.0,18577000.0,0.0,0.0,0.0,107558000.0,126135000.0,0.418,126135000.0,107558000.0,82206000.0,0.177,0.175,0.177,355561000.0,,355561000.0,5725974180.0,13.0,11.101,70948000.0,0.243,1.0,136402000.0,0.452,178770000.0,25352000.0,2016424000.0,,135740000.0,481751000.0,92288000.0,389463000.0,1544475000.0,287001000.0,1257474000.0,5100443180.0,42834000.0,0.0,-35874000.0,-8397000.0,0.0,-34845000.0,-15357000.0,4430000.0,90735000.0,2301000.0,51790000.0,51790000.0,51790000.0,0.0,0.0,0.172,72477000.0,63925000.0,81872000.0,0.0,14.345,23.447,23.973,207234000.0,0.0,17.5,4.146,4.146,244105000.0,1308909000.0,301493000.0,301493000.0,15413000.0,,,,,31000.0,45307000.0,1.0,291453896.0,291456000,297760000.0,1.034,1721266000.0,145317000.0,30416000.0,0.0,5.906,671935000.0
53,IGT1,MRQ,2001-09-30,2001-09-29,2001-09-29,2020-07-20,-9893000.0,1923439000.0,,967674000.0,955765000.0,,0.989,-76440000.0,364234000.0,364234000.0,156401000.0,55471000.0,2.609,5.496,989765000.0,5023000.0,984742000.0,989765000.0,0.0,19042000.0,0.0,0.0,0.0,113655000.0,132697000.0,0.448,132697000.0,113655000.0,87942000.0,0.18,0.182,0.18,296113000.0,,296113000.0,3905028230.0,9.0,7.735,131680000.0,0.44,1.0,139500000.0,0.471,179634000.0,25713000.0,1998437000.0,,155890000.0,504282000.0,105348000.0,398934000.0,1627326000.0,370899000.0,1256427000.0,3183780230.0,87776000.0,0.0,-55830000.0,-13511000.0,0.0,-68945000.0,-51927000.0,24513000.0,208120000.0,528000.0,55471000.0,55471000.0,55471000.0,0.0,0.0,0.187,74392000.0,65108000.0,125164000.0,0.0,10.752,14.882,14.757,205347000.0,0.0,10.625,2.655,2.617,249410000.0,1257119000.0,295901000.0,295901000.0,17936000.0,,,,,58000.0,45632000.0,1.0,299649904.0,299340000,307720000.0,0.989,1743805000.0,163781000.0,32471000.0,7246000.0,5.825,596775000.0
54,IGT1,MRQ,2001-06-30,2001-06-30,2001-06-30,2020-07-20,-10951000.0,1872544000.0,,931698000.0,940846000.0,,1.092,-8401000.0,276458000.0,276458000.0,182623000.0,56718000.0,3.296,4.772,997706000.0,5334000.0,992372000.0,997706000.0,0.0,16632000.0,0.0,0.0,0.0,115872000.0,132504000.0,0.414,132504000.0,115872000.0,90029000.0,0.19,0.182,0.19,324395000.0,,324395000.0,5424583280.0,12.0,11.026,44358000.0,0.149,1.0,137511000.0,0.43,172774000.0,25843000.0,2138342000.0,,177825000.0,526898000.0,117239000.0,409659000.0,1548149000.0,282676000.0,1265473000.0,4642660280.0,61685000.0,-340000.0,17254000.0,0.0,0.0,28755000.0,-17204000.0,-8463000.0,52759000.0,-2625000.0,56718000.0,56718000.0,56718000.0,0.0,0.0,0.177,72721000.0,64790000.0,63371000.0,0.0,14.312,22.059,21.941,189742000.0,0.0,15.688,3.912,3.929,260623000.0,1201648000.0,320134000.0,320134000.0,15026000.0,,,,,71000.0,47943000.0,1.0,295946472.0,297188000,308928000.0,1.077,1699770000.0,165626000.0,33311000.0,0.0,5.72,649022000.0
55,IGT1,MRQ,2001-03-31,2001-03-31,2001-03-31,2020-07-20,-8457000.0,1791565000.0,,875438000.0,916127000.0,,0.795,-7282000.0,214773000.0,214773000.0,176004000.0,53556000.0,3.007,6.668,996696000.0,4618000.0,992078000.0,996696000.0,0.0,14101000.0,0.0,0.0,0.0,110388000.0,124489000.0,0.398,124489000.0,110388000.0,85009000.0,0.182,0.175,0.182,233645000.0,,233645000.0,4465424409.0,11.0,9.79,22847000.0,0.078,1.0,136741000.0,0.437,174026000.0,25379000.0,2108321000.0,,186236000.0,459680000.0,133446000.0,326234000.0,1557920000.0,291141000.0,1266779000.0,3692936409.0,-4529000.0,-31257000.0,8426000.0,4549000.0,0.0,264000.0,-38485000.0,54000.0,30129000.0,3563000.0,53556000.0,53556000.0,53556000.0,0.0,0.0,0.171,71354000.0,65387000.0,71339000.0,0.0,15.806,19.297,19.218,179538000.0,0.0,12.588,3.349,3.357,248152000.0,1144927000.0,312745000.0,312745000.0,15478000.0,,,,,1008000.0,47247000.0,1.0,293381244.0,294048000,305656000.0,1.064,1617539000.0,157564000.0,31453000.0,0.0,5.501,584297000.0
56,IGT1,MRQ,2000-12-31,2000-12-30,2000-12-30,2020-07-20,-7017000.0,1660153000.0,,836152000.0,824001000.0,,0.567,-4232000.0,219302000.0,219302000.0,149258000.0,48191000.0,3.552,9.066,991790000.0,0.0,991790000.0,991790000.0,0.0,13573000.0,0.0,0.0,0.0,101599000.0,115172000.0,0.426,115172000.0,101599000.0,76494000.0,0.165,0.16,0.165,164923000.0,,164923000.0,4241838408.0,12.0,10.331,-33984000.0,-0.117,1.0,121171000.0,0.448,143153000.0,25105000.0,2054068000.0,,167168000.0,436896000.0,119323000.0,317573000.0,1495230000.0,235420000.0,1259810000.0,3490617408.0,-25605000.0,0.0,11069000.0,-4549000.0,0.0,13737000.0,-9060000.0,-4828000.0,-29752000.0,-530000.0,48191000.0,48191000.0,48191000.0,0.0,0.0,0.178,63805000.0,57366000.0,71637000.0,0.0,21.165,21.47,21.622,172853000.0,0.0,12.0,3.55,3.552,242756000.0,1091375000.0,270429000.0,270429000.0,14086000.0,,,,,132000.0,39598000.0,1.0,290884784.0,291044000,302384000.0,0.929,1517000000.0,127741000.0,28303000.0,0.0,5.212,600732000.0
57,IGT1,MRQ,2000-09-30,2000-09-30,2000-09-30,2020-07-20,-9813000.0,1623716000.0,,814226000.0,809490000.0,,0.333,5538000.0,244907000.0,244907000.0,159160000.0,52000000.0,3.144,15.811,996128000.0,4621000.0,991507000.0,996128000.0,0.0,12933000.0,0.0,0.0,0.0,106889000.0,119822000.0,0.423,119822000.0,106889000.0,81251000.0,0.177,0.167,0.177,96585000.0,,96585000.0,3235479759.0,9.0,8.058,49012000.0,0.169,1.0,124278000.0,0.438,143738000.0,25638000.0,1972206000.0,,146989000.0,502947000.0,125732000.0,377215000.0,1527131000.0,258993000.0,1268138000.0,2436950759.0,40886000.0,0.0,3542000.0,-6596000.0,0.0,-10283000.0,2860000.0,-4013000.0,43474000.0,4835000.0,52000000.0,52000000.0,52000000.0,0.0,0.0,0.183,65433000.0,58845000.0,76387000.0,0.0,25.231,15.543,16.418,166909000.0,0.0,8.406,2.713,2.866,219948000.0,1043184000.0,283438000.0,283438000.0,15624000.0,,,,,258000.0,43130000.0,1.0,289897488.0,289940000,303496000.0,0.978,1479978000.0,126756000.0,29251000.0,0.0,5.104,555233000.0
58,IGT1,MRQ,2000-06-30,2000-07-01,2000-07-01,2020-07-20,-6813000.0,1539433000.0,,730430000.0,809003000.0,,0.149,-7430000.0,204021000.0,204021000.0,131742000.0,37627000.0,3.159,34.744,1002550000.0,11319000.0,991231000.0,1002550000.0,0.0,12238000.0,0.0,0.0,0.0,84410000.0,96648000.0,0.409,96648000.0,84410000.0,58792000.0,0.13,0.128,0.13,43068000.0,,43068000.0,2711848891.0,13.0,10.173,-10056000.0,-0.035,1.0,104288000.0,0.442,153409000.0,25618000.0,1953326000.0,,134763000.0,414519000.0,106610000.0,307909000.0,1496365000.0,231227000.0,1265138000.0,1912053891.0,10913000.0,0.0,5170000.0,9566000.0,0.0,11103000.0,4757000.0,12187000.0,-2626000.0,-2321000.0,37627000.0,37627000.0,37627000.0,0.0,0.0,0.159,59761000.0,44527000.0,71209000.0,0.0,44.396,29.732,27.604,164989000.0,0.0,6.625,2.491,2.493,190040000.0,991414000.0,236030000.0,236030000.0,12874000.0,,,,,319000.0,38218000.0,1.0,288611908.0,288848000,294872000.0,0.817,1386024000.0,124979000.0,21165000.0,0.0,4.798,499203000.0
59,IGT1,MRQ,2000-03-31,2000-04-01,2000-04-01,2020-07-20,-11463000.0,1487101000.0,,690523000.0,796578000.0,,-0.02,-2850000.0,193108000.0,193108000.0,108144000.0,24760000.0,3.036,-244.867,992903000.0,1942000.0,990961000.0,992903000.0,0.0,14633000.0,0.0,0.0,0.0,64308000.0,78941000.0,0.408,78941000.0,64308000.0,38687000.0,0.083,0.083,0.083,-6098000.0,,-6098000.0,2156002549.0,11.0,8.278,51336000.0,0.171,1.0,85140000.0,0.44,156351000.0,25621000.0,1903099000.0,,119380000.0,407939000.0,112981000.0,294958000.0,1493199000.0,227446000.0,1265753000.0,1627173549.0,-270071000.0,0.0,-288158000.0,565000.0,0.0,-313544000.0,-11396000.0,-8793000.0,54186000.0,683000.0,24760000.0,24760000.0,24760000.0,0.0,0.0,0.128,55746000.0,29394000.0,44022000.0,0.0,-266.837,26.697,27.109,167145000.0,0.0,5.422,2.059,2.065,183295000.0,953442000.0,193284000.0,193284000.0,13318000.0,,,,,319000.0,35740000.0,1.0,300112424.0,300988000,304192000.0,0.642,1330750000.0,116673000.0,13927000.0,0.0,4.421,463077000.0
60,IGT1,MRQ,1999-12-31,2000-01-01,2000-01-01,2020-07-20,-10159000.0,1754357000.0,,947162000.0,807195000.0,,0.746,-2215000.0,463179000.0,463179000.0,101511000.0,42404000.0,4.166,5.804,992008000.0,1312000.0,990696000.0,992008000.0,0.0,14583000.0,0.0,0.0,0.0,91549000.0,106132000.0,0.572,106132000.0,91549000.0,66256000.0,0.122,0.122,0.122,257825000.0,,257825000.0,2313887437.0,12.0,8.83,31591000.0,0.091,1.0,84140000.0,0.453,158038000.0,25293000.0,1897774000.0,,115073000.0,401234000.0,101012000.0,300222000.0,1496532000.0,227374000.0,1269158000.0,1746516437.0,36836000.0,-55000.0,-25740000.0,-1935000.0,0.0,-19344000.0,22199000.0,-17198000.0,33806000.0,175000.0,42404000.0,42404000.0,42404000.0,0.0,0.0,0.228,55370000.0,28770000.0,52105000.0,0.0,6.774,24.943,25.647,177108000.0,0.0,5.078,2.135,2.145,204041000.0,928453000.0,185651000.0,185651000.0,13388000.0,,,,,320000.0,32968000.0,1.0,343929052.0,345604000,348720000.0,0.537,1596319000.0,123140000.0,23852000.0,0.0,4.619,719788000.0
61,IGT1,MRQ,1999-09-30,1999-10-02,1999-10-02,2020-07-20,-8977000.0,1765060000.0,,975240000.0,789820000.0,,0.677,-3298000.0,426343000.0,426343000.0,123312000.0,-40482000.0,4.141,6.287,993714000.0,3278000.0,990436000.0,993714000.0,0.0,16048000.0,0.0,0.0,0.0,-31185000.0,-15137000.0,-0.099,-15137000.0,-31185000.0,-57696000.0,-0.095,-0.092,-0.095,242218000.0,,242218000.0,1995243339.0,12.0,8.587,98361000.0,0.275,1.0,29358000.0,0.192,152036000.0,26511000.0,1944908000.0,,116612000.0,417335000.0,121235000.0,296100000.0,1522842000.0,235487000.0,1287355000.0,1633183339.0,-203453000.0,-221144000.0,-59953000.0,942000.0,0.0,-223077000.0,-86426000.0,138016000.0,101659000.0,4391000.0,-40482000.0,-40482000.0,-40482000.0,0.0,0.0,-0.265,150753000.0,-121395000.0,55705000.0,0.0,6.743,26.317,29.234,182116000.0,0.0,4.531,1.912,2.111,193479000.0,886392000.0,152670000.0,152670000.0,13183000.0,,,,,84000.0,32946000.0,1.0,360426668.0,357548000,360104000.0,0.427,1613024000.0,113451000.0,-17214000.0,0.0,4.511,739753000.0
62,IGT1,MRQ,1999-06-30,1999-07-03,1999-07-03,2020-07-20,-3945000.0,2008838000.0,,1113166000.0,895672000.0,,0.911,-6043000.0,629796000.0,629796000.0,140098000.0,34267000.0,5.084,4.783,991856000.0,1674000.0,990182000.0,991856000.0,0.0,16266000.0,0.0,0.0,0.0,74238000.0,90504000.0,0.35,90504000.0,74238000.0,53170000.0,0.09,0.09,0.09,347378000.0,,347378000.0,2272073649.0,8.0,6.708,53021000.0,0.139,1.0,118761000.0,0.459,137831000.0,21068000.0,2014123000.0,,115385000.0,512844000.0,116947000.0,395897000.0,1661460000.0,218944000.0,1442516000.0,2044712649.0,436636000.0,-3945000.0,-159472000.0,559804000.0,-16000.0,388350000.0,-7393000.0,2595000.0,59064000.0,-3385000.0,34267000.0,34267000.0,34267000.0,0.0,0.0,0.132,55427000.0,63334000.0,53326000.0,0.0,5.886,14.177,13.723,177211000.0,0.0,4.734,2.297,2.029,203971000.0,926771000.0,258859000.0,258859000.0,11167000.0,,,,,211000.0,34552000.0,1.0,431886044.0,381512000,383804000.0,0.679,1871007000.0,153154000.0,18903000.0,0.0,4.904,894222000.0
63,IGT1,MRQ,1999-03-31,1999-04-03,1999-04-03,2020-07-20,-7256000.0,1532941000.0,,664705000.0,868236000.0,,1.118,-2789000.0,193160000.0,193160000.0,119648000.0,33831000.0,3.102,2.267,420521000.0,42536000.0,377985000.0,420521000.0,0.0,17056000.0,0.0,0.0,0.0,63495000.0,80551000.0,0.365,80551000.0,63495000.0,50873000.0,0.08,0.08,0.08,469151000.0,,469151000.0,1781455605.0,6.0,5.218,77811000.0,0.185,1.0,101223000.0,0.458,135678000.0,12622000.0,1410340000.0,,134784000.0,516876000.0,119793000.0,397083000.0,1063790000.0,214284000.0,849506000.0,1612826605.0,10797000.0,0.0,-112393000.0,66505000.0,-3192000.0,-70574000.0,2251000.0,5040000.0,80600000.0,-1480000.0,33831000.0,33831000.0,33831000.0,0.0,0.0,0.153,50794000.0,50429000.0,52061000.0,0.0,3.438,10.368,10.519,173144000.0,0.0,3.734,1.888,1.834,169559000.0,892623000.0,220871000.0,220871000.0,10408000.0,,,,,326000.0,31972000.0,1.0,431886044.0,419684000,422608000.0,0.526,1397263000.0,147803000.0,17042000.0,0.0,3.329,450421000.0
64,IGT1,MRQ,1998-12-31,1999-01-02,1999-01-02,2020-07-20,-7241000.0,1564059000.0,,672621000.0,891438000.0,,1.267,-2633000.0,182363000.0,182363000.0,125387000.0,34444000.0,2.996,1.858,350992000.0,34525000.0,316467000.0,350992000.0,0.0,12078000.0,0.0,0.0,0.0,64357000.0,76435000.0,0.345,76435000.0,64357000.0,51795000.0,0.08,0.08,0.08,547256000.0,,547256000.0,2802467521.0,10.0,8.407,17483000.0,0.04,1.0,96319000.0,0.434,133158000.0,12562000.0,1375012000.0,,139478000.0,522744000.0,118854000.0,403890000.0,1016803000.0,224518000.0,792285000.0,2625059521.0,6950000.0,0.0,-25908000.0,-4459000.0,-3266000.0,-13480000.0,2531000.0,5164000.0,20116000.0,-2217000.0,34444000.0,34444000.0,34444000.0,0.0,0.0,0.155,47925000.0,48394000.0,56648000.0,0.0,4.797,16.697,17.218,172851000.0,0.0,6.078,3.218,3.22,178701000.0,858814000.0,221706000.0,221706000.0,10704000.0,,,,,384000.0,29742000.0,1.0,431886044.0,432068000,436676000.0,0.513,1430901000.0,164644000.0,17351000.0,0.0,3.312,448103000.0
65,IGT1,MRQ,1998-09-30,1998-09-30,1998-09-30,2020-07-20,-7220000.0,1543628000.0,,670543000.0,873085000.0,,1.217,24442000.0,175413000.0,175413000.0,139936000.0,41688000.0,3.344,1.852,352821000.0,30311000.0,322510000.0,352821000.0,0.0,15224000.0,0.0,0.0,0.0,75997000.0,91221000.0,0.483,91221000.0,75997000.0,64135000.0,0.095,0.093,0.095,541276000.0,,541276000.0,2183655519.0,8.0,6.822,24013000.0,0.054,1.0,48922000.0,0.259,131552000.0,11862000.0,1388944000.0,,133154000.0,530769000.0,123592000.0,407177000.0,1002352000.0,200540000.0,801812000.0,2103439519.0,-8154000.0,-974000.0,-99332000.0,86962000.0,-3366000.0,4165000.0,-15733000.0,-14989000.0,-429000.0,3843000.0,41688000.0,41688000.0,41688000.0,0.0,0.0,0.221,51451000.0,-2529000.0,57277000.0,0.0,3.886,13.798,13.73,168753000.0,0.0,4.641,2.772,2.765,189521000.0,827542000.0,188858000.0,188858000.0,11218000.0,,,,,399000.0,33190000.0,1.0,453265940.0,444924000,449764000.0,0.424,1412076000.0,148225000.0,22447000.0,0.0,3.174,470003000.0
66,IGT1,MRQ,1998-06-30,1998-06-30,1998-06-30,2020-07-20,120000.0,1476194000.0,,636208000.0,839986000.0,,1.322,-8925000.0,183567000.0,183567000.0,116028000.0,45595000.0,3.721,1.462,263783000.0,19341000.0,244442000.0,263783000.0,0.0,11847000.0,0.0,0.0,0.0,81342000.0,93189000.0,0.418,93189000.0,81342000.0,70147000.0,0.1,0.1,0.1,599577000.0,,599577000.0,2885009761.0,11.0,9.31,28909000.0,0.064,1.0,106954000.0,0.48,125683000.0,11195000.0,1259738000.0,,156861000.0,510767000.0,121795000.0,388972000.0,876617000.0,170989000.0,705628000.0,2747924761.0,-9905000.0,-1006000.0,999000.0,-58310000.0,-3401000.0,-33327000.0,-3097000.0,-17378000.0,37834000.0,-11315000.0,45595000.0,45595000.0,45595000.0,0.0,0.0,0.204,46744000.0,60210000.0,54920000.0,0.0,4.583,18.061,18.261,171634000.0,0.0,6.063,3.45,3.452,145625000.0,779919000.0,222982000.0,222982000.0,11366000.0,,,,,370000.0,29021000.0,1.0,453265940.0,453540000,460616000.0,0.492,1350511000.0,127945000.0,24552000.0,0.0,2.978,465219000.0
67,IGT1,MRQ,1998-03-31,1998-03-31,1998-03-31,2020-07-20,34000.0,1475282000.0,,624839000.0,850443000.0,,1.232,-4286000.0,193472000.0,193472000.0,92692000.0,35492000.0,3.545,1.629,330557000.0,29154000.0,301403000.0,330557000.0,0.0,8716000.0,0.0,0.0,0.0,63806000.0,72522000.0,0.398,72522000.0,63806000.0,54604000.0,0.077,0.077,0.077,561069000.0,,561069000.0,2810754125.0,11.0,9.788,28891000.0,0.063,1.0,89398000.0,0.491,133290000.0,9202000.0,1302828000.0,,150490000.0,493977000.0,114175000.0,379802000.0,914213000.0,176249000.0,737964000.0,2832912125.0,45121000.0,-180552000.0,-17117000.0,204475000.0,-3372000.0,212341000.0,-199810000.0,-14972000.0,33177000.0,-587000.0,35492000.0,35492000.0,35492000.0,0.0,0.0,0.195,36175000.0,53223000.0,58361000.0,0.0,5.049,20.089,20.492,188640000.0,0.0,6.25,3.842,3.861,141326000.0,743973000.0,182090000.0,182090000.0,8208000.0,,,,,555000.0,22750000.0,1.0,453265940.0,455480000,464516000.0,0.4,1341992000.0,127114000.0,19112000.0,0.0,2.946,448590000.0
68,IGT1,MRQ,1997-12-31,1997-12-31,1997-12-31,2020-07-20,189000.0,1223772000.0,,552745000.0,671027000.0,,1.194,-3607000.0,148351000.0,148351000.0,89211000.0,29665000.0,3.265,1.252,126193000.0,25484000.0,100709000.0,126193000.0,0.0,8707000.0,0.0,0.0,0.0,54428000.0,63135000.0,0.383,63135000.0,54428000.0,45639000.0,0.065,0.065,0.065,543371000.0,,543371000.0,,,,32937000.0,0.072,1.0,75800000.0,0.459,0.0,8789000.0,1032337000.0,,108013000.0,476232000.0,115537000.0,360695000.0,680401000.0,169277000.0,511124000.0,,-3420000.0,-654000.0,754000.0,-38946000.0,-3455000.0,-19132000.0,-21421000.0,-17160000.0,36544000.0,589000.0,29665000.0,29665000.0,29665000.0,0.0,0.0,0.18,33014000.0,42786000.0,45999000.0,0.0,,,22.149,173767000.0,0.0,6.313,,3.992,156340000.0,711233000.0,165011000.0,165011000.0,7276000.0,,,,,649000.0,20986000.0,1.0,,455084000,462876000.0,0.363,1223772000.0,119960000.0,15974000.0,17191000.0,2.689,383468000.0
69,IGT1,MRQ,1997-09-30,1997-09-30,1997-09-30,2020-07-20,822000.0,1215052000.0,,571546000.0,643506000.0,,1.128,-6943000.0,151771000.0,151771000.0,125020000.0,41391000.0,3.473,1.337,166127000.0,25414000.0,140713000.0,166127000.0,0.0,8849000.0,0.0,0.0,0.0,72201000.0,81050000.0,0.358,81050000.0,72201000.0,63679000.0,0.09,0.09,0.09,519847000.0,,519847000.0,,,,26053000.0,0.057,1.0,101347000.0,0.448,1273000.0,8522000.0,1063547000.0,,92444000.0,470961000.0,124718000.0,346243000.0,695205000.0,164588000.0,530617000.0,,-2210000.0,-37000.0,-89709000.0,48219000.0,-3472000.0,-11664000.0,-22877000.0,-15897000.0,32996000.0,-665000.0,41391000.0,41391000.0,41391000.0,0.0,0.0,0.183,41608000.0,59739000.0,49649000.0,0.0,,,20.395,178476000.0,0.0,5.813,,3.772,173783000.0,688597000.0,226367000.0,226367000.0,8252000.0,,,,,648000.0,26870000.0,1.0,,460924000,464528000.0,0.491,1213779000.0,116301000.0,22288000.0,0.0,2.633,406958000.0
70,IGT1,MRQ,1997-06-30,1997-06-30,1997-06-30,2020-07-20,,,,,,,,-10706000.0,,,87931000.0,34472000.0,,,,,,,,9274000.0,,0.0,0.0,61168000.0,70442000.0,0.43,70442000.0,61168000.0,53036000.0,0.072,0.072,0.072,,,,,,,24103000.0,0.051,1.0,75918000.0,0.463,,8132000.0,,,,,,,,,,,62505000.0,0.0,-28004000.0,2847000.0,-3566000.0,3322000.0,23451000.0,34157000.0,34809000.0,923000.0,34472000.0,34472000.0,34472000.0,0.0,0.0,0.21,34019000.0,41899000.0,,0.0,,,,,0.0,4.438,,,,,163849000.0,163849000.0,8139000.0,,,,,651000.0,21619000.0,1.0,,476968000,480760000.0,0.344,,,18564000.0,,,
71,IGT1,MRQ,1997-03-31,1997-03-31,1997-03-31,2020-07-20,,,,,,,,-6729000.0,,,86287000.0,27714000.0,,,,,,,,8677000.0,,0.0,0.0,50180000.0,58857000.0,0.358,58857000.0,50180000.0,43304000.0,0.058,0.055,0.058,,,,,,,22359000.0,0.046,1.0,78084000.0,0.475,,6876000.0,,,,,,,,,,,-67449000.0,-3342000.0,-64082000.0,-1635000.0,-3703000.0,-52509000.0,-44450000.0,-34379000.0,29088000.0,422000.0,27714000.0,27714000.0,27714000.0,0.0,0.0,0.169,38061000.0,40023000.0,,0.0,,,,,0.0,4.063,,,,,164371000.0,164371000.0,7289000.0,,,,,807000.0,26074000.0,1.0,,490840000,494804000.0,0.335,,,15590000.0,,,
72,IGT1,MRQ,1996-12-31,1996-12-31,1996-12-31,2020-07-20,,,,,,,,-2131000.0,,,102489000.0,33668000.0,,,,,,,,8224000.0,,0.0,0.0,59498000.0,67722000.0,0.358,67722000.0,59498000.0,52606000.0,0.068,0.068,0.068,,,,,,,19058000.0,0.038,1.0,86892000.0,0.459,,6892000.0,,,,,,,,,,,-10975000.0,0.0,-40008000.0,2329000.0,-3785000.0,-18351000.0,-12696000.0,-10565000.0,21189000.0,-1117000.0,33668000.0,33668000.0,33668000.0,0.0,0.0,0.178,37118000.0,49774000.0,,0.0,,,,,0.0,4.563,,,,,189381000.0,189381000.0,7395000.0,,,,,530000.0,23816000.0,1.0,,502568000,508140000.0,0.377,,,18938000.0,,,
0,IGT1,MRT,2014-12-31,2014-12-31,2014-12-31,2020-07-20,-30700000.0,3808600000.0,4039250000.0,1092700000.0,2715900000.0,0.487,4.819,-88300000.0,201600000.0,201600000.0,804200000.0,203600000.0,2.511,2.192,1810200000.0,0.0,1810200000.0,1810200000.0,0.0,176000000.0,0.0,0.019,0.33,401900000.0,577900000.0,0.294,577900000.0,401900000.0,297500000.0,0.82,0.81,0.82,1193300000.0,1167725000.0,1193300000.0,5891150000.0,15.0,10.194,137700000.0,0.556,1.0,1163300000.0,0.591,1524700000.0,104400000.0,3457300000.0,3462800000.0,72000000.0,633900000.0,301300000.0,332600000.0,2615300000.0,435200000.0,2180100000.0,4267650000.0,-279000000.0,29400000.0,-700000.0,-400100000.0,-136400000.0,-590300000.0,93000000.0,150100000.0,226000000.0,-7700000.0,203600000.0,203600000.0,203600000.0,0.0,0.0,0.103,794900000.0,368400000.0,66300000.0,0.402,3.576,20.961,21.037,405200000.0,0.0,17.25,2.169,2.171,280500000.0,234100000.0,1967500000.0,1967500000.0,221900000.0,0.05,0.174,0.116,0.204,6200000.0,445900000.0,1.0,247400000.0,247600000,249900000.0,7.946,2283900000.0,235200000.0,93900000.0,900000.0,9.224,657500000.0
1,IGT1,MRT,2014-09-30,2014-09-30,2014-09-30,2020-07-20,-15200000.0,3989500000.0,4173975000.0,1221100000.0,2768400000.0,0.493,4.817,-88300000.0,255100000.0,255100000.0,843500000.0,247900000.0,2.241,2.331,1878600000.0,0.0,1878600000.0,1878600000.0,0.0,189000000.0,0.0,0.026,0.44,440800000.0,629800000.0,0.306,629800000.0,440800000.0,321300000.0,1.0,0.99,1.0,1197600000.0,1145625000.0,1197600000.0,5922364000.0,13.0,9.404,110900000.0,0.446,1.0,1214600000.0,0.59,1542500000.0,119500000.0,3525700000.0,3351300000.0,71400000.0,665400000.0,313200000.0,352200000.0,2791900000.0,544800000.0,2247100000.0,4170264000.0,-458200000.0,26700000.0,-202900000.0,-325600000.0,-107700000.0,-685500000.0,35000000.0,88800000.0,199200000.0,-6900000.0,247900000.0,247900000.0,247900000.0,0.0,0.0,0.12,806000000.0,408600000.0,77700000.0,0.44,3.482,16.822,16.87,412700000.0,0.0,16.87,2.026,2.038,329300000.0,226600000.0,2058100000.0,2058100000.0,224800000.0,0.059,0.216,0.132,0.214,-17100000.0,455200000.0,1.0,247200000.0,248600000,250500000.0,8.279,2447000000.0,240300000.0,73400000.0,900000.0,9.843,676300000.0
2,IGT1,MRT,2014-06-30,2014-06-30,2014-06-30,2020-07-20,4500000.0,4057400000.0,4329800000.0,1212600000.0,2844800000.0,0.497,4.718,-99800000.0,235600000.0,235600000.0,909800000.0,240500000.0,2.325,2.482,1987700000.0,0.0,1987700000.0,1987700000.0,0.0,201200000.0,0.0,0.027,0.43,442600000.0,643800000.0,0.299,643800000.0,442600000.0,311700000.0,0.95,0.94,0.95,1165400000.0,1159750000.0,1165400000.0,5777470000.0,13.0,8.974,89000000.0,0.36,1.0,1244200000.0,0.578,1564800000.0,130900000.0,3723200000.0,3215425000.0,89500000.0,696700000.0,332100000.0,364600000.0,2892000000.0,521500000.0,2370500000.0,3929770000.0,6300000.0,24500000.0,-298600000.0,269000000.0,-104000000.0,-182000000.0,-2600000.0,62800000.0,188800000.0,2100000.0,240500000.0,240500000.0,240500000.0,0.0,0.0,0.112,835400000.0,408800000.0,83200000.0,0.453,3.372,16.34,16.747,435600000.0,0.0,15.91,1.824,1.824,295500000.0,183000000.0,2154000000.0,2154000000.0,234900000.0,0.056,0.207,0.138,0.205,-16300000.0,480600000.0,1.0,247000000.0,247000000,247900000.0,8.721,2492600000.0,235300000.0,71200000.0,-300000.0,10.091,691100000.0
3,IGT1,MRT,2014-03-31,2014-03-31,2014-03-31,2020-07-20,6200000.0,4301500000.0,4344050000.0,1399200000.0,2902300000.0,0.521,4.5,-117600000.0,355800000.0,355800000.0,968900000.0,234100000.0,0.981,2.859,2203500000.0,846400000.0,1357100000.0,2203500000.0,0.0,213200000.0,0.0,0.029,0.41,449700000.0,662900000.0,0.293,662900000.0,449700000.0,314900000.0,0.91,0.9,0.91,1114600000.0,1190275000.0,1114600000.0,5180802000.0,12.0,7.815,97300000.0,0.393,1.0,1296500000.0,0.572,1577800000.0,134800000.0,3145000000.0,2908200000.0,76000000.0,760800000.0,363900000.0,396900000.0,3186900000.0,1426400000.0,1760500000.0,3468602000.0,119300000.0,24100000.0,-301100000.0,370800000.0,-97700000.0,-76000000.0,-15000000.0,63800000.0,214900000.0,-4600000.0,234100000.0,234100000.0,234100000.0,0.0,0.0,0.103,874300000.0,422200000.0,92900000.0,0.451,3.112,14.817,15.451,443900000.0,0.0,14.06,1.531,1.537,319100000.0,138000000.0,2265400000.0,2265400000.0,241300000.0,0.054,0.197,0.155,0.199,-18300000.0,491700000.0,1.0,246700000.0,247700000,248600000.0,9.146,2723700000.0,234500000.0,80800000.0,0.0,10.996,-27200000.0
4,IGT1,MRT,2013-12-31,2013-12-31,2013-12-31,2020-07-20,5700000.0,4347500000.0,4318600000.0,1578300000.0,2769200000.0,0.545,4.374,-114800000.0,480600000.0,480600000.0,1007600000.0,286600000.0,1.081,2.935,2192800000.0,836400000.0,1356400000.0,2192800000.0,0.0,225200000.0,0.0,0.021,0.38,508200000.0,733400000.0,0.312,733400000.0,508200000.0,380000000.0,1.11,1.09,1.11,1104900000.0,1222250000.0,1104900000.0,5999624000.0,12.0,8.181,329400000.0,1.304,1.0,1345000000.0,0.572,1588000000.0,128200000.0,3011300000.0,3006875000.0,74500000.0,890900000.0,460000000.0,430900000.0,3242600000.0,1460400000.0,1782200000.0,4520024000.0,279900000.0,23300000.0,-373600000.0,425900000.0,-88800000.0,-55800000.0,-103600000.0,-20500000.0,444200000.0,-4900000.0,286600000.0,286600000.0,286600000.0,0.0,0.0,0.122,865600000.0,479400000.0,96900000.0,0.342,4.091,15.771,16.36,467300000.0,0.0,18.16,1.921,1.95,338000000.0,139500000.0,2352600000.0,2352600000.0,240900000.0,0.066,0.234,0.169,0.216,-33900000.0,478300000.0,1.0,248900000.0,252600000,255300000.0,9.314,2759500000.0,241300000.0,93400000.0,3200000.0,10.924,117900000.0
5,IGT1,MRT,2013-09-30,2013-09-28,2013-09-28,2020-07-20,8200000.0,4612800000.0,4275850000.0,1776000000.0,2836800000.0,0.548,4.776,-127800000.0,713300000.0,713300000.0,997200000.0,272700000.0,1.177,2.678,2192900000.0,826600000.0,1366300000.0,2192900000.0,0.0,231600000.0,0.0,0.018,0.34,525700000.0,757300000.0,0.323,757300000.0,525700000.0,402300000.0,1.04,1.03,1.04,1254100000.0,1259375000.0,1254100000.0,6471084000.0,12.0,8.545,334800000.0,1.275,1.0,1344400000.0,0.574,1601700000.0,123400000.0,2982200000.0,3139025000.0,90100000.0,815800000.0,381600000.0,434200000.0,3358700000.0,1508500000.0,1850200000.0,5015184000.0,507000000.0,24600000.0,-163000000.0,351400000.0,-79000000.0,84000000.0,-36100000.0,52200000.0,462600000.0,-3500000.0,272700000.0,272700000.0,272700000.0,0.0,0.0,0.116,850300000.0,494100000.0,110000000.0,0.327,3.999,18.391,18.49,483900000.0,0.0,19.23,2.142,2.157,348600000.0,87700000.0,2341600000.0,2341600000.0,235000000.0,0.064,0.217,0.167,0.225,12300000.0,460400000.0,1.0,260800000.0,262600000,265200000.0,8.917,3011100000.0,239900000.0,129600000.0,7800000.0,11.466,267500000.0
6,IGT1,MRT,2013-06-30,2013-06-29,2013-06-29,2020-07-20,-6300000.0,4114400000.0,4193925000.0,1269300000.0,2845100000.0,0.558,4.941,-135000000.0,229300000.0,229300000.0,983000000.0,297300000.0,0.866,2.196,1685200000.0,817300000.0,867900000.0,1685200000.0,0.0,236600000.0,0.0,0.018,0.3,517100000.0,753700000.0,0.322,753700000.0,517100000.0,393300000.0,1.12,1.1,1.12,1287500000.0,1245300000.0,1287500000.0,5944084000.0,11.0,7.887,319700000.0,1.227,1.0,1357400000.0,0.58,1610600000.0,123800000.0,2494300000.0,3301425000.0,95400000.0,751900000.0,355700000.0,396200000.0,2826900000.0,1465400000.0,1361500000.0,4351284000.0,-12000000.0,28000000.0,-68200000.0,-283200000.0,-72600000.0,-450500000.0,-9700000.0,84500000.0,454700000.0,-6500000.0,297300000.0,297300000.0,297300000.0,2000000.0,0.0,0.127,878500000.0,478900000.0,98700000.0,0.268,3.38,14.636,14.92,499200000.0,0.0,16.71,1.859,1.861,334600000.0,50100000.0,2340400000.0,2340400000.0,232000000.0,0.071,0.239,0.157,0.221,-23300000.0,431900000.0,1.0,260400000.0,260600000,263200000.0,8.981,2503800000.0,245000000.0,96000000.0,11400000.0,9.608,-196100000.0
7,IGT1,MRT,2013-03-31,2013-03-30,2013-03-30,2020-07-20,-600000.0,4199700000.0,4232050000.0,1287600000.0,2912100000.0,0.542,4.714,-141500000.0,236500000.0,236500000.0,971400000.0,278200000.0,2.064,2.38,1829300000.0,0.0,1829300000.0,1829300000.0,0.0,242900000.0,0.0,0.016,0.27,493900000.0,736800000.0,0.321,736800000.0,493900000.0,369800000.0,1.03,1.01,1.03,1242500000.0,1201375000.0,1242500000.0,5937399984.0,12.0,8.058,310800000.0,1.179,1.0,1322800000.0,0.577,1629100000.0,124100000.0,3539700000.0,3606850000.0,89400000.0,745700000.0,350900000.0,394800000.0,2957200000.0,623700000.0,2333500000.0,4362599984.0,-34600000.0,29900000.0,-491500000.0,120000000.0,-69600000.0,-468000000.0,-13800000.0,84500000.0,452300000.0,-5100000.0,278200000.0,278200000.0,278200000.0,2300000.0,0.0,0.121,871400000.0,451400000.0,86400000.0,0.262,3.511,15.682,16.019,511500000.0,0.0,16.5,1.902,1.896,361700000.0,7900000.0,2294200000.0,2294200000.0,227300000.0,0.066,0.232,0.137,0.215,-13800000.0,422400000.0,1.0,264399999.0,263600000,265600000.0,8.703,2570600000.0,234700000.0,91600000.0,7600000.0,9.752,663900000.0
8,IGT1,MRT,2012-12-31,2012-12-29,2012-12-29,2020-07-20,7900000.0,4176500000.0,4269250000.0,1166500000.0,3010000000.0,0.524,4.714,-197100000.0,200700000.0,200700000.0,940300000.0,261900000.0,2.072,2.332,1775500000.0,0.0,1775500000.0,1775500000.0,0.0,243400000.0,0.0,0.018,0.25,482300000.0,725700000.0,0.325,725700000.0,482300000.0,358500000.0,0.94,0.93,0.94,1253400000.0,1268450000.0,1253400000.0,5272365000.0,11.0,7.265,279100000.0,1.05,1.0,1295100000.0,0.579,1648500000.0,123800000.0,3539900000.0,3580475000.0,91500000.0,776900000.0,355300000.0,421600000.0,2923100000.0,562900000.0,2360200000.0,3632265000.0,-284000000.0,-204000000.0,-462900000.0,65000000.0,-68900000.0,-468400000.0,-289900000.0,84100000.0,476200000.0,-1900000.0,261900000.0,261900000.0,261900000.0,2800000.0,0.0,0.117,855000000.0,440100000.0,80200000.0,0.266,2.898,13.869,14.521,545700000.0,0.0,13.65,1.625,1.624,323700000.0,-49500000.0,2235400000.0,2235400000.0,224500000.0,0.061,0.206,0.135,0.216,30400000.0,421000000.0,1.0,266100000.0,265900000,267900000.0,8.407,2528000000.0,208600000.0,96600000.0,10400000.0,9.507,603600000.0
9,IGT1,MRT,2012-09-30,2012-09-29,2012-09-29,2020-07-20,4500000.0,4285100000.0,4263500000.0,1263300000.0,3021800000.0,0.504,4.148,-208700000.0,206300000.0,206300000.0,913100000.0,245900000.0,2.004,2.577,1846400000.0,0.0,1846400000.0,1846400000.0,0.0,240300000.0,0.0,0.018,0.24,461200000.0,701500000.0,0.326,701500000.0,461200000.0,339000000.0,0.85,0.85,0.85,1197800000.0,1326650000.0,1197800000.0,5224839000.0,11.0,7.448,237800000.0,0.823,1.0,1237600000.0,0.575,1663100000.0,122200000.0,3631800000.0,3558975000.0,92900000.0,795300000.0,360300000.0,435000000.0,3087300000.0,630300000.0,2457000000.0,3496339000.0,-253700000.0,-191600000.0,-461900000.0,140000000.0,-70600000.0,-392600000.0,-308800000.0,80800000.0,446500000.0,1200000.0,245900000.0,245900000.0,245900000.0,3800000.0,0.0,0.114,815900000.0,421700000.0,87500000.0,0.282,2.919,14.219,15.4,555700000.0,0.0,13.09,1.626,1.758,346600000.0,941000000.0,2150700000.0,2150700000.0,217000000.0,0.058,0.185,0.13,0.214,-7600000.0,410400000.0,1.0,267100000.0,288800000,290400000.0,7.447,2622000000.0,203200000.0,93100000.0,8100000.0,9.079,633000000.0
10,IGT1,MRT,2012-06-30,2012-06-30,2012-06-30,2020-07-20,-1700000.0,4266900000.0,4230825000.0,1185000000.0,3081900000.0,0.487,3.798,-220800000.0,241300000.0,241300000.0,893400000.0,211200000.0,2.044,2.838,1969800000.0,0.0,1969800000.0,1969800000.0,0.0,238200000.0,0.0,0.015,0.24,460600000.0,698800000.0,0.339,698800000.0,460600000.0,340500000.0,0.72,0.7,0.72,1111800000.0,1387800000.0,1111800000.0,6034700000.0,13.0,8.636,269900000.0,0.922,1.0,1165900000.0,0.566,1699600000.0,120100000.0,3716000000.0,3502075000.0,104000000.0,805500000.0,360100000.0,445400000.0,3155100000.0,579800000.0,2575300000.0,4649400000.0,-75000000.0,-147000000.0,-485600000.0,279800000.0,-71400000.0,-277000000.0,-288300000.0,81300000.0,490700000.0,-400000.0,211200000.0,211200000.0,211200000.0,8400000.0,0.0,0.103,736700000.0,429200000.0,100200000.0,0.333,4.182,22.014,21.875,563700000.0,0.0,15.75,2.258,2.239,270400000.0,868800000.0,2059300000.0,2059300000.0,205900000.0,0.05,0.152,0.132,0.224,55700000.0,403400000.0,1.0,295200000.0,292700000,294300000.0,7.036,2567300000.0,182900000.0,129300000.0,10600000.0,8.771,605200000.0
11,IGT1,MRT,2012-03-31,2012-03-31,2012-03-31,2020-07-20,10300000.0,4348500000.0,4183200000.0,1241500000.0,3107000000.0,0.482,5.092,-239400000.0,271100000.0,271100000.0,863600000.0,251500000.0,2.161,1.878,1656400000.0,0.0,1656400000.0,1656400000.0,0.0,232200000.0,0.0,0.014,0.24,503300000.0,735500000.0,0.365,735500000.0,503300000.0,383500000.0,0.85,0.83,0.85,1510800000.0,1472525000.0,1510800000.0,6167425000.0,12.0,8.385,286000000.0,0.964,1.0,1151900000.0,0.572,1725100000.0,119800000.0,3434200000.0,3416975000.0,90600000.0,789600000.0,348400000.0,441200000.0,2837700000.0,574500000.0,2263200000.0,4995025000.0,-34800000.0,-256300000.0,-69700000.0,-4600000.0,-71600000.0,-145700000.0,-413700000.0,87400000.0,525400000.0,-800000.0,251500000.0,251500000.0,251500000.0,13000000.0,0.0,0.125,677400000.0,474500000.0,89100000.0,0.282,3.306,19.861,19.753,582000000.0,0.0,16.79,2.478,2.472,314000000.0,839400000.0,2015500000.0,2015500000.0,199300000.0,0.06,0.171,0.147,0.25,71400000.0,381000000.0,1.0,297500000.0,296700000,298100000.0,6.793,2623400000.0,180700000.0,132000000.0,3600000.0,8.842,667000000.0
12,IGT1,MRT,2011-12-31,2011-12-31,2011-12-31,2020-07-20,-2900000.0,4153500000.0,4091675000.0,1407600000.0,2745900000.0,0.477,4.999,-212000000.0,484700000.0,484700000.0,830400000.0,259200000.0,2.92,1.793,1657100000.0,0.0,1657100000.0,1657100000.0,0.0,225700000.0,0.0,0.014,0.24,519300000.0,745000000.0,0.382,745000000.0,519300000.0,393900000.0,0.87,0.85,0.87,1486200000.0,1440875000.0,1486200000.0,6305020000.0,12.0,8.463,362800000.0,1.22,1.0,1120900000.0,0.574,1390000000.0,125400000.0,3453900000.0,3400025000.0,96100000.0,781600000.0,338300000.0,443300000.0,2664900000.0,482000000.0,2182900000.0,5118720000.0,316000000.0,-19100000.0,-19000000.0,-24600000.0,-71600000.0,-111900000.0,-146100000.0,86800000.0,574800000.0,-800000.0,259200000.0,259200000.0,259200000.0,10600000.0,0.0,0.133,636300000.0,484600000.0,100200000.0,0.276,3.444,19.748,19.77,553700000.0,0.0,17.2,2.623,2.621,285900000.0,795200000.0,1951300000.0,1951300000.0,192700000.0,0.063,0.18,0.153,0.266,104800000.0,360800000.0,1.0,297600000.0,297300000,299000000.0,6.563,2763500000.0,169700000.0,134700000.0,2100000.0,9.295,925600000.0
13,IGT1,MRT,2011-09-30,2011-10-01,2011-10-01,2020-07-20,-8800000.0,4154400000.0,4031450000.0,1409900000.0,2744500000.0,0.485,4.837,-205100000.0,460000000.0,460000000.0,818600000.0,283600000.0,2.637,1.879,1646300000.0,0.0,1646300000.0,1646300000.0,0.0,226200000.0,0.0,0.017,0.24,550000000.0,776200000.0,0.397,776200000.0,550000000.0,419200000.0,0.95,0.94,0.95,1442400000.0,1394725000.0,1442400000.0,5592205000.0,10.0,7.205,407300000.0,1.366,1.0,1138400000.0,0.582,1401800000.0,130800000.0,3404200000.0,3399100000.0,73000000.0,773300000.0,322300000.0,451000000.0,2709600000.0,534700000.0,2174900000.0,4337205000.0,301600000.0,-17400000.0,-17700000.0,-104600000.0,-71700000.0,-190800000.0,-118300000.0,89800000.0,612400000.0,-1700000.0,283600000.0,283600000.0,283600000.0,8700000.0,0.0,0.145,633500000.0,504900000.0,103000000.0,0.253,3.007,15.293,15.295,552100000.0,0.0,14.53,2.216,2.214,320100000.0,763800000.0,1957000000.0,1957000000.0,194700000.0,0.07,0.203,0.162,0.281,139100000.0,353300000.0,1.0,298500000.0,298200000,299800000.0,6.563,2752600000.0,181700000.0,135600000.0,3200000.0,9.231,875200000.0
14,IGT1,MRT,2011-06-30,2011-06-30,2011-06-30,2020-07-20,19900000.0,4076400000.0,3994600000.0,1309100000.0,2767300000.0,0.473,4.849,-217100000.0,316300000.0,316300000.0,783700000.0,250100000.0,2.481,1.808,1571300000.0,0.0,1571300000.0,1571300000.0,0.0,224700000.0,0.0,0.01,0.18,515500000.0,740200000.0,0.391,740200000.0,515500000.0,377200000.0,0.83,0.84,0.83,1450700000.0,1342700000.0,1450700000.0,6515442000.0,13.0,8.802,398800000.0,1.333,1.0,1107700000.0,0.586,1428100000.0,138300000.0,3375600000.0,3444775000.0,91300000.0,778700000.0,318300000.0,460400000.0,2623000000.0,527700000.0,2095300000.0,5272242000.0,151400000.0,-34100000.0,6200000.0,-276500000.0,-71600000.0,-338700000.0,-131900000.0,99600000.0,615900000.0,6100000.0,250100000.0,250100000.0,250100000.0,5300000.0,0.0,0.132,620300000.0,487400000.0,106000000.0,0.217,3.634,21.081,21.181,584300000.0,0.0,17.58,2.787,2.781,291100000.0,728200000.0,1891400000.0,1891400000.0,196100000.0,0.063,0.186,0.15,0.273,92100000.0,338800000.0,1.0,299900000.0,299200000,300700000.0,6.322,2648300000.0,203700000.0,127100000.0,3800000.0,8.851,781400000.0
15,IGT1,MRT,2011-03-31,2011-03-31,2011-03-31,2020-07-20,20700000.0,3982400000.0,3996900000.0,1285400000.0,2697000000.0,0.47,4.639,-212700000.0,305900000.0,305900000.0,790200000.0,255300000.0,2.441,1.877,1549100000.0,0.0,1549100000.0,1549100000.0,0.0,225800000.0,0.0,0.011,0.18,502900000.0,728700000.0,0.388,728700000.0,502900000.0,352400000.0,0.85,0.86,0.85,1384200000.0,1282600000.0,1384200000.0,6248924000.0,12.0,8.575,365300000.0,1.224,1.0,1087100000.0,0.579,1332600000.0,150500000.0,3366400000.0,3559000000.0,106700000.0,788700000.0,309300000.0,479400000.0,2598200000.0,526600000.0,2071600000.0,4849524000.0,134100000.0,68500000.0,16500000.0,-373300000.0,-71500000.0,-423800000.0,-27500000.0,105000000.0,578000000.0,7400000.0,255300000.0,255300000.0,255300000.0,4600000.0,0.0,0.136,620400000.0,466700000.0,78300000.0,0.212,3.503,18.995,19.094,585000000.0,0.0,16.23,2.583,2.58,318300000.0,659200000.0,1877300000.0,1877300000.0,196000000.0,0.064,0.199,0.141,0.268,31800000.0,337800000.0,1.0,298800000.0,298400000,299900000.0,6.291,2649800000.0,217600000.0,97100000.0,3300000.0,8.88,758800000.0
16,IGT1,MRT,2010-12-31,2010-12-31,2010-12-31,2020-07-20,10400000.0,3912600000.0,4042100000.0,1175100000.0,2737500000.0,0.467,4.374,-229200000.0,168700000.0,168700000.0,810700000.0,186400000.0,2.254,2.006,1568100000.0,0.0,1568100000.0,1568100000.0,0.0,229200000.0,0.0,0.01,0.18,415900000.0,645100000.0,0.342,645100000.0,415900000.0,262000000.0,0.62,0.63,0.62,1301600000.0,1221400000.0,1301600000.0,6791058000.0,16.0,10.527,295500000.0,0.993,1.0,1076400000.0,0.57,1340500000.0,153900000.0,3450200000.0,3685975000.0,113000000.0,829300000.0,325300000.0,504000000.0,2611000000.0,521300000.0,2089700000.0,5275158000.0,-4300000.0,65700000.0,17300000.0,-432700000.0,-71400000.0,-479200000.0,-51900000.0,112200000.0,524700000.0,2100000.0,186400000.0,186400000.0,186400000.0,31500000.0,0.0,0.099,673500000.0,402900000.0,84800000.0,0.29,4.053,28.3,28.532,584300000.0,0.0,17.69,2.795,2.79,297000000.0,607600000.0,1887100000.0,1887100000.0,198400000.0,0.046,0.153,0.113,0.22,-41400000.0,333400000.0,1.0,298200000.0,297600000,298800000.0,6.341,2572100000.0,222800000.0,75600000.0,1900000.0,8.643,653800000.0
17,IGT1,MRT,2010-09-30,2010-10-02,2010-10-02,2020-07-20,10700000.0,4007000000.0,4132400000.0,1202400000.0,2804600000.0,0.464,4.166,-240200000.0,158400000.0,158400000.0,829900000.0,186000000.0,2.065,2.246,1674300000.0,0.0,1674300000.0,1674300000.0,0.0,236800000.0,0.0,0.013,0.18,433000000.0,669800000.0,0.349,669800000.0,433000000.0,271300000.0,0.62,0.62,0.62,1234300000.0,1179900000.0,1234300000.0,5914111000.0,14.0,8.83,350800000.0,1.184,1.0,1087300000.0,0.567,1353700000.0,161700000.0,3586900000.0,3824525000.0,97600000.0,872400000.0,339700000.0,532700000.0,2772700000.0,582300000.0,2190400000.0,4265811000.0,11700000.0,41500000.0,15900000.0,-415300000.0,-71300000.0,-462100000.0,-117700000.0,92100000.0,591000000.0,500000.0,186000000.0,186000000.0,186000000.0,33600000.0,0.0,0.097,662500000.0,424800000.0,84600000.0,0.29,3.456,22.934,23.081,586700000.0,0.0,14.31,2.225,2.212,290300000.0,551800000.0,1917200000.0,1917200000.0,189400000.0,0.045,0.158,0.113,0.226,-41400000.0,330400000.0,1.0,298100000.0,296300000,297800000.0,6.47,2653300000.0,221100000.0,85300000.0,1800000.0,8.955,620100000.0
18,IGT1,MRT,2010-06-30,2010-06-30,2010-06-30,2020-07-20,-1100000.0,4085600000.0,4212675000.0,1145100000.0,2940500000.0,0.454,4.075,-259800000.0,164900000.0,164900000.0,824100000.0,137500000.0,2.136,2.376,1813200000.0,0.0,1813200000.0,1813200000.0,0.0,243900000.0,0.0,0.015,0.24,361100000.0,605000000.0,0.316,605000000.0,361100000.0,187800000.0,0.46,0.46,0.46,1210300000.0,1136825000.0,1210300000.0,6313970000.0,17.0,10.436,357500000.0,1.204,1.0,1090300000.0,0.57,1365400000.0,173300000.0,3832500000.0,3969350000.0,114600000.0,901500000.0,342500000.0,559000000.0,2876200000.0,536000000.0,2340200000.0,4680170000.0,-19100000.0,6800000.0,23100000.0,-382300000.0,-71300000.0,-422000000.0,-208700000.0,54900000.0,617300000.0,-5700000.0,137500000.0,137500000.0,137500000.0,49000000.0,0.0,0.072,730900000.0,359400000.0,85500000.0,0.522,3.867,34.038,34.13,574100000.0,0.0,15.7,2.445,2.436,275400000.0,549900000.0,1914400000.0,1914400000.0,183500000.0,0.033,0.121,0.091,0.189,-20500000.0,339000000.0,1.0,298100000.0,297000000,298900000.0,6.446,2720200000.0,261300000.0,50300000.0,2000000.0,9.159,609100000.0
19,IGT1,MRT,2010-03-31,2010-03-31,2010-03-31,2020-07-20,13100000.0,4163200000.0,4305600000.0,1173500000.0,2989700000.0,0.454,3.851,-240300000.0,250800000.0,250800000.0,838700000.0,106000000.0,2.156,2.654,1884600000.0,0.0,1884600000.0,1884600000.0,0.0,248800000.0,0.0,0.013,0.24,369000000.0,617800000.0,0.316,617800000.0,369000000.0,195200000.0,0.35,0.35,0.35,1139400000.0,1080850000.0,1139400000.0,7172515000.0,19.0,11.61,378200000.0,1.278,1.0,1118100000.0,0.571,1378400000.0,173800000.0,3874300000.0,4156500000.0,125100000.0,836400000.0,246600000.0,589800000.0,3024300000.0,544300000.0,2480000000.0,5474115000.0,-19400000.0,8600000.0,21300000.0,-296100000.0,-71100000.0,-449300000.0,-192900000.0,20900000.0,618500000.0,4300000.0,106000000.0,106000000.0,106000000.0,46400000.0,0.0,0.054,751800000.0,366300000.0,78000000.0,0.686,4.804,51.643,52.714,563000000.0,0.0,18.45,2.797,2.79,294800000.0,475700000.0,1956800000.0,1956800000.0,186400000.0,0.025,0.098,0.089,0.189,49400000.0,352300000.0,1.0,296700000.0,295900000,297300000.0,6.613,2784800000.0,269700000.0,89200000.0,2300000.0,9.411,629200000.0
20,IGT1,MRT,2009-12-31,2009-12-31,2009-12-31,2020-07-20,15200000.0,4273800000.0,4356475000.0,1211200000.0,3062600000.0,0.447,3.848,-234700000.0,257400000.0,257400000.0,839500000.0,138900000.0,2.131,2.764,1955800000.0,12500000.0,1943300000.0,1955800000.0,0.0,260400000.0,0.0,0.013,0.24,397200000.0,657600000.0,0.338,657600000.0,397200000.0,230200000.0,0.46,0.46,0.46,1135600000.0,1031650000.0,1135600000.0,7523390000.0,19.0,11.441,332400000.0,1.126,1.0,1106200000.0,0.569,1399500000.0,167000000.0,4004400000.0,4285725000.0,150800000.0,908100000.0,256600000.0,651500000.0,3138400000.0,568300000.0,2570100000.0,5574690000.0,-88100000.0,-10300000.0,15700000.0,-247800000.0,-96200000.0,-435900000.0,-226000000.0,-16600000.0,567100000.0,6700000.0,138900000.0,138900000.0,138900000.0,21400000.0,0.0,0.071,734000000.0,372200000.0,99800000.0,0.522,4.909,40.135,40.804,558000000.0,0.0,18.77,2.865,2.847,301100000.0,503100000.0,1945700000.0,1945700000.0,188100000.0,0.032,0.135,0.093,0.204,17200000.0,376900000.0,1.0,297000000.0,295100000,297400000.0,6.593,2874300000.0,248200000.0,91300000.0,7400000.0,9.74,642900000.0
21,IGT1,MRT,2009-09-30,2009-10-03,2009-10-03,2020-07-20,6100000.0,4328100000.0,4398800000.0,1233700000.0,3094400000.0,0.459,3.615,-257400000.0,146700000.0,146700000.0,905200000.0,126800000.0,1.976,3.074,2020000000.0,5300000.0,2014700000.0,2020000000.0,0.0,276800000.0,0.0,0.017,0.33,350400000.0,627200000.0,0.311,627200000.0,350400000.0,191200000.0,0.43,0.43,0.43,1062000000.0,974075000.0,1062000000.0,7951522000.0,23.0,12.678,290500000.0,0.989,1.0,1113600000.0,0.552,1410700000.0,159200000.0,4166200000.0,4369500000.0,157800000.0,969000000.0,322700000.0,646300000.0,3264500000.0,624500000.0,2640000000.0,5908222000.0,-119700000.0,-14000000.0,13400000.0,-163000000.0,-121300000.0,-381200000.0,-288400000.0,-46000000.0,547900000.0,2000000.0,126800000.0,126800000.0,126800000.0,21900000.0,0.0,0.063,781200000.0,332400000.0,90500000.0,0.767,5.563,46.595,46.372,558800000.0,0.0,19.94,2.927,2.902,334300000.0,437300000.0,2018800000.0,2018800000.0,193800000.0,0.029,0.13,0.08,0.174,-9300000.0,400700000.0,1.0,296300000.0,293800000,294000000.0,6.871,2917400000.0,255000000.0,64400000.0,9400000.0,9.93,609200000.0
22,IGT1,MRT,2009-06-30,2009-06-30,2009-06-30,2020-07-20,3100000.0,4457300000.0,4456125000.0,1258600000.0,3198700000.0,0.493,3.352,-252400000.0,260800000.0,260800000.0,991000000.0,192900000.0,2.349,3.519,2304100000.0,2200000.0,2301900000.0,2304100000.0,0.0,287900000.0,0.0,0.026,0.415,468600000.0,756500000.0,0.344,756500000.0,468600000.0,307400000.0,0.65,0.65,0.65,986400000.0,935825000.0,986400000.0,6672270000.0,14.0,8.82,227800000.0,0.774,1.0,1206100000.0,0.549,1383600000.0,161200000.0,4581100000.0,4403450000.0,182200000.0,848000000.0,211200000.0,636800000.0,3470900000.0,535900000.0,2935000000.0,4711170000.0,-90300000.0,-76400000.0,-300000000.0,335500000.0,-146800000.0,-222000000.0,-344900000.0,-47500000.0,480200000.0,-3600000.0,192900000.0,192900000.0,192900000.0,7900000.0,0.0,0.088,748400000.0,457700000.0,63600000.0,0.638,4.776,24.423,24.462,567500000.0,0.0,15.9,2.144,2.13,307700000.0,535400000.0,2197100000.0,2197100000.0,210600000.0,0.043,0.206,0.106,0.213,-2100000.0,431300000.0,1.0,296300000.0,294300000,294600000.0,7.466,3073700000.0,291400000.0,114500000.0,7200000.0,10.444,722700000.0
23,IGT1,MRT,2009-03-31,2009-03-31,2009-03-31,2020-07-20,-29600000.0,4366700000.0,4470800000.0,1280600000.0,3086100000.0,0.527,3.21,-281900000.0,287900000.0,287900000.0,1059200000.0,240600000.0,2.343,3.633,2249000000.0,900000.0,2248100000.0,2249000000.0,0.0,287800000.0,0.0,0.054,0.495,530900000.0,818700000.0,0.347,818700000.0,530900000.0,389700000.0,0.8,0.8,0.8,942600000.0,984475000.0,942600000.0,4625088000.0,9.0,5.649,215700000.0,0.735,1.0,1298000000.0,0.551,1390000000.0,141200000.0,4391200000.0,4284400000.0,189300000.0,792000000.0,175600000.0,616400000.0,3424100000.0,546600000.0,2877500000.0,2723588000.0,-60800000.0,-90000000.0,-525700000.0,561100000.0,-173000000.0,-136900000.0,-405100000.0,-37700000.0,497600000.0,-16400000.0,240600000.0,240600000.0,240600000.0,6300000.0,0.0,0.102,780300000.0,517700000.0,63300000.0,0.619,2.889,11.32,11.525,582700000.0,0.0,9.22,1.155,1.148,314400000.0,486900000.0,2357200000.0,2357200000.0,217700000.0,0.054,0.244,0.124,0.225,-10500000.0,458300000.0,1.0,295400000.0,293600000,293700000.0,8.029,2976700000.0,240900000.0,149100000.0,3200000.0,10.139,734000000.0
24,IGT1,MRT,2008-12-31,2008-12-31,2008-12-31,2020-07-20,-32200000.0,4443100000.0,4470275000.0,1366200000.0,3076900000.0,0.549,3.087,-311500000.0,380700000.0,380700000.0,1106200000.0,275400000.0,2.201,3.908,2282200000.0,11700000.0,2270500000.0,2282200000.0,0.0,295800000.0,0.0,0.048,0.575,590300000.0,886100000.0,0.361,886100000.0,590300000.0,456200000.0,0.91,0.91,0.91,905300000.0,1091300000.0,905300000.0,5392683000.0,9.0,6.086,204300000.0,0.697,1.0,1348500000.0,0.549,1384300000.0,134100000.0,4339500000.0,4124375000.0,207800000.0,775800000.0,173900000.0,601900000.0,3537800000.0,620800000.0,2917000000.0,3503983000.0,-24800000.0,-90600000.0,-582500000.0,658100000.0,-174100000.0,-90900000.0,-443600000.0,42100000.0,515800000.0,-6100000.0,275400000.0,275400000.0,275400000.0,6300000.0,0.0,0.112,774400000.0,574100000.0,81100000.0,0.632,3.871,12.723,13.066,583600000.0,0.0,11.89,1.427,1.421,362100000.0,466400000.0,2454700000.0,2454700000.0,218700000.0,0.062,0.252,0.143,0.24,-12500000.0,460500000.0,1.0,294700000.0,293300000,293400000.0,8.369,3058800000.0,241500000.0,180800000.0,16000000.0,10.429,745400000.0
25,IGT1,MRT,2008-09-30,2008-09-30,2008-09-30,2020-07-20,1900000.0,4557400000.0,4429675000.0,1470100000.0,3087300000.0,0.564,2.951,-298200000.0,374400000.0,374400000.0,1089800000.0,328000000.0,1.996,4.014,2263100000.0,16000000.0,2247100000.0,2263100000.0,0.0,286000000.0,0.0,0.033,0.565,694600000.0,980600000.0,0.392,980600000.0,694600000.0,571300000.0,1.06,1.05,1.06,909000000.0,1209900000.0,909000000.0,6702342000.0,10.0,6.835,188300000.0,0.611,1.0,1409200000.0,0.564,1407400000.0,123300000.0,4302000000.0,3929500000.0,218300000.0,732600000.0,161000000.0,571600000.0,3648400000.0,736700000.0,2911700000.0,5100742000.0,5100000.0,-80200000.0,-708800000.0,754100000.0,-175600000.0,-115200000.0,-365700000.0,90000000.0,486500000.0,-500000.0,328000000.0,328000000.0,328000000.0,6300000.0,0.0,0.131,739400000.0,669800000.0,105700000.0,0.533,5.611,15.551,16.208,590900000.0,0.0,17.18,2.041,2.117,436800000.0,443500000.0,2499000000.0,2499000000.0,216500000.0,0.074,0.271,0.177,0.278,38300000.0,445900000.0,1.0,296900000.0,308000000,310200000.0,8.114,3150000000.0,252700000.0,243300000.0,15300000.0,10.227,733400000.0
26,IGT1,MRT,2008-06-30,2008-06-30,2008-06-30,2020-07-20,24200000.0,4516000000.0,4332200000.0,1441400000.0,3074600000.0,0.591,3.821,-305800000.0,382100000.0,382100000.0,1118900000.0,413000000.0,2.176,2.824,1983700000.0,6600000.0,1977100000.0,1983700000.0,0.0,277300000.0,0.0,0.022,0.56,777200000.0,1054500000.0,0.412,1054500000.0,777200000.0,681800000.0,1.31,1.3,1.31,1181000000.0,1345825000.0,1181000000.0,9073508000.0,12.0,8.605,311500000.0,1.008,1.0,1440300000.0,0.563,1350300000.0,95400000.0,4104900000.0,3672275000.0,193400000.0,723400000.0,165300000.0,558100000.0,3335000000.0,662400000.0,2672600000.0,7733808000.0,50200000.0,-20200000.0,-901400000.0,783000000.0,-175200000.0,-276000000.0,-298400000.0,99900000.0,617300000.0,7300000.0,413000000.0,413000000.0,413000000.0,0.0,0.0,0.161,734600000.0,705700000.0,101000000.0,0.427,6.549,18.726,19.069,592200000.0,0.0,24.98,3.022,3.017,375300000.0,434400000.0,2559200000.0,2559200000.0,217200000.0,0.095,0.307,0.212,0.304,44900000.0,439100000.0,1.0,309600000.0,309100000,311100000.0,8.28,3165700000.0,256800000.0,268800000.0,15800000.0,10.242,779000000.0
27,IGT1,MRT,2008-03-31,2008-03-31,2008-03-31,2020-07-20,25200000.0,4364600000.0,4226325000.0,1323700000.0,3040900000.0,0.612,4.386,-312600000.0,353300000.0,353300000.0,1139100000.0,441100000.0,2.187,2.186,1693000000.0,900000.0,1692100000.0,1693000000.0,0.0,280400000.0,0.0,0.014,0.55,808600000.0,1089000000.0,0.421,1089000000.0,808600000.0,716500000.0,1.37,1.36,1.37,1369900000.0,1513100000.0,1369900000.0,14181778000.0,18.0,13.023,337400000.0,1.08,1.0,1449200000.0,0.56,1347900000.0,92100000.0,3751100000.0,3367575000.0,180700000.0,682900000.0,169100000.0,513800000.0,2994700000.0,605300000.0,2389400000.0,12939578000.0,-83300000.0,-133100000.0,-911500000.0,588300000.0,-175000000.0,-477700000.0,-264700000.0,243700000.0,650000000.0,9100000.0,441100000.0,441100000.0,441100000.0,0.0,0.0,0.17,714200000.0,735000000.0,108200000.0,0.401,9.446,29.335,29.35,582400000.0,0.0,40.21,4.999,4.852,361900000.0,369400000.0,2588300000.0,2588300000.0,210200000.0,0.104,0.292,0.24,0.312,20300000.0,424200000.0,1.0,321800000.0,312300000,315900000.0,8.288,3016700000.0,262200000.0,275400000.0,17000000.0,9.66,718400000.0
28,IGT1,MRT,2007-12-31,2007-12-31,2007-12-31,2020-07-20,24800000.0,4280700000.0,4181825000.0,1306600000.0,2974100000.0,0.628,4.388,-303200000.0,384700000.0,384700000.0,1129600000.0,500900000.0,2.146,2.103,1626900000.0,9800000.0,1617100000.0,1626900000.0,0.0,269500000.0,0.0,0.012,0.54,889500000.0,1159000000.0,0.442,1159000000.0,889500000.0,803200000.0,1.53,1.52,1.53,1379700000.0,1664075000.0,1379700000.0,15014722000.0,17.0,12.955,415000000.0,1.32,1.0,1495200000.0,0.57,1354000000.0,86300000.0,3560000000.0,3156150000.0,140100000.0,708700000.0,194300000.0,514400000.0,2901000000.0,608900000.0,2292100000.0,13855522000.0,-406000000.0,-109800000.0,-971700000.0,-95000000.0,-174700000.0,-1222100000.0,95300000.0,495700000.0,718200000.0,2600000.0,500900000.0,500900000.0,500900000.0,0.0,0.0,0.191,684600000.0,810600000.0,96600000.0,0.353,10.042,27.661,28.712,564700000.0,0.0,43.93,5.279,5.262,391100000.0,344900000.0,2624800000.0,2624800000.0,204200000.0,0.12,0.301,0.282,0.339,29400000.0,399900000.0,1.0,315400000.0,314400000,318400000.0,8.349,2926700000.0,268200000.0,302300000.0,51700000.0,9.309,697700000.0
29,IGT1,MRT,2007-09-30,2007-09-30,2007-09-30,2020-07-20,26000000.0,4167500000.0,4324800000.0,1287000000.0,2880500000.0,0.606,4.401,-344300000.0,349400000.0,349400000.0,1140600000.0,508200000.0,1.861,1.869,1508600000.0,5600000.0,1503000000.0,1508600000.0,0.0,265500000.0,0.0,0.012,0.53,882400000.0,1147900000.0,0.438,1147900000.0,882400000.0,804800000.0,1.54,1.51,1.54,1452700000.0,1808975000.0,1452700000.0,14826018339.0,17.0,12.916,477200000.0,1.446,1.0,1480800000.0,0.565,1362100000.0,77600000.0,3273100000.0,2987200000.0,144800000.0,713900000.0,208800000.0,505100000.0,2714800000.0,691500000.0,2023300000.0,14027718339.0,-33300000.0,-129100000.0,-1052800000.0,652900000.0,-173800000.0,-556500000.0,-296700000.0,158300000.0,821500000.0,-1600000.0,508200000.0,508200000.0,508200000.0,0.0,0.0,0.194,680500000.0,800300000.0,121100000.0,0.344,9.656,27.603,27.987,567400000.0,0.0,43.1,5.351,5.427,412100000.0,3108400000.0,2621400000.0,2621400000.0,202200000.0,0.118,0.281,0.295,0.337,29300000.0,397900000.0,1.0,325469103.0,330100000,336100000.0,7.941,2805400000.0,208800000.0,296600000.0,49500000.0,8.499,595500000.0
30,IGT1,MRT,2007-06-30,2007-06-30,2007-06-30,2020-07-20,14300000.0,4092500000.0,4258600000.0,1236900000.0,2855600000.0,0.61,5.593,-353900000.0,317900000.0,317900000.0,1135000000.0,500400000.0,1.958,1.212,1116200000.0,16200000.0,1100000000.0,1116200000.0,0.0,260100000.0,0.0,0.013,0.52,864600000.0,1124700000.0,0.433,1124700000.0,864600000.0,796400000.0,1.5,1.46,1.5,1850100000.0,1956300000.0,1850100000.0,13871845217.0,16.0,12.334,452600000.0,1.368,1.0,1462200000.0,0.563,1373100000.0,68200000.0,2886100000.0,2603675000.0,147300000.0,714400000.0,211400000.0,503000000.0,2242400000.0,631600000.0,1610800000.0,13197945217.0,-132200000.0,-124800000.0,-692600000.0,285800000.0,-173300000.0,-564800000.0,-371900000.0,98500000.0,806500000.0,-2000000.0,500400000.0,500400000.0,500400000.0,0.0,0.0,0.193,683400000.0,778800000.0,125800000.0,0.347,7.134,26.375,26.467,548100000.0,0.0,39.7,5.082,5.057,405500000.0,3030200000.0,2597200000.0,2597200000.0,207300000.0,0.118,0.256,0.332,0.333,49400000.0,396000000.0,1.0,332441945.0,330800000,334500000.0,7.851,2719400000.0,209600000.0,296000000.0,27200000.0,8.221,605300000.0
31,IGT1,MRT,2007-03-31,2007-03-31,2007-03-31,2020-07-20,10200000.0,4186600000.0,4222025000.0,1453700000.0,2732900000.0,0.593,5.888,-357900000.0,426100000.0,426100000.0,1105000000.0,478100000.0,2.439,1.121,1100000000.0,0.0,1100000000.0,1100000000.0,0.0,253900000.0,0.0,0.013,0.515,815900000.0,1069800000.0,0.427,1069800000.0,815900000.0,754600000.0,1.43,1.38,1.43,1973800000.0,2041125000.0,1973800000.0,14328282476.0,18.0,13.393,427900000.0,1.277,1.0,1398100000.0,0.559,1359000000.0,61300000.0,2905400000.0,2484100000.0,158500000.0,870100000.0,359600000.0,510500000.0,2212800000.0,596100000.0,1616700000.0,13659482476.0,56100000.0,-2000000.0,-534100000.0,258700000.0,-171800000.0,-423600000.0,-305500000.0,41700000.0,785800000.0,-600000.0,478100000.0,478100000.0,478100000.0,0.0,0.0,0.191,664000000.0,734100000.0,118900000.0,0.36,6.92,28.57,28.238,530800000.0,0.0,40.38,5.457,5.407,354800000.0,2936600000.0,2503100000.0,2503100000.0,200100000.0,0.113,0.234,0.328,0.326,27300000.0,383400000.0,1.0,338273464.0,335200000,340200000.0,7.467,2827600000.0,208500000.0,276500000.0,22900000.0,8.436,857600000.0
32,IGT1,MRT,2006-12-31,2006-12-31,2006-12-31,2020-07-20,9600000.0,4852600000.0,4139100000.0,2123300000.0,2729300000.0,0.613,5.893,-339100000.0,797300000.0,797300000.0,1146000000.0,473900000.0,1.671,1.477,1466100000.0,366100000.0,1100000000.0,1466100000.0,0.0,244800000.0,0.0,0.011,0.51,801400000.0,1046200000.0,0.412,1046200000.0,801400000.0,748100000.0,1.42,1.35,1.42,1959300000.0,2064875000.0,1959300000.0,15926887627.0,20.0,15.224,349500000.0,1.051,1.0,1391800000.0,0.548,1366300000.0,53300000.0,2884200000.0,2345300000.0,148900000.0,1181200000.0,668000000.0,513200000.0,2893300000.0,1270900000.0,1622400000.0,15491887627.0,280500000.0,-69400000.0,-477600000.0,883500000.0,-170100000.0,273500000.0,-679900000.0,-280600000.0,688600000.0,-1700000.0,473900000.0,473900000.0,473900000.0,0.0,0.0,0.187,667200000.0,724600000.0,111700000.0,0.359,7.907,32.69,32.535,515300000.0,0.0,46.2,6.104,6.053,367600000.0,2852100000.0,2537800000.0,2537800000.0,196700000.0,0.114,0.23,0.342,0.316,24500000.0,389300000.0,1.0,335322243.0,332500000,343900000.0,7.632,3486300000.0,179100000.0,274200000.0,88100000.0,10.485,852400000.0
33,IGT1,MRT,2006-09-30,2006-09-30,2006-09-30,2020-07-20,6400000.0,3902700000.0,3876900000.0,1375700000.0,2527000000.0,0.648,6.063,-310500000.0,397400000.0,397400000.0,1140000000.0,473600000.0,1.104,0.911,832400000.0,632400000.0,200000000.0,832400000.0,0.0,235400000.0,0.0,0.012,0.505,797700000.0,1033100000.0,0.411,1033100000.0,797700000.0,746900000.0,1.41,1.34,1.41,2042000000.0,2077550000.0,2042000000.0,14441540964.0,18.0,13.979,313600000.0,0.931,1.0,1371700000.0,0.546,1352100000.0,50800000.0,1739000000.0,2009900000.0,162100000.0,735900000.0,332600000.0,403300000.0,1860700000.0,1246600000.0,614100000.0,14085440964.0,5700000.0,-51000000.0,-256400000.0,4800000.0,-168900000.0,-386900000.0,-234000000.0,109900000.0,624100000.0,2500000.0,473600000.0,473600000.0,473600000.0,0.0,0.0,0.189,646600000.0,725100000.0,115500000.0,0.358,6.898,29.741,29.433,469800000.0,0.0,41.5,5.608,5.565,353100000.0,2774900000.0,2511700000.0,2511700000.0,188500000.0,0.122,0.228,0.397,0.318,17000000.0,375500000.0,1.0,339408216.0,336800000,355800000.0,7.458,2550600000.0,136600000.0,273300000.0,36100000.0,7.573,129100000.0
34,IGT1,MRT,2006-06-30,2006-06-30,2006-06-30,2020-07-20,3600000.0,3946200000.0,3867325000.0,1487200000.0,2459000000.0,0.641,6.478,-289100000.0,454200000.0,454200000.0,1170100000.0,464100000.0,2.772,0.802,810300000.0,0.0,810300000.0,810300000.0,0.0,245800000.0,0.0,0.013,0.5,777700000.0,1023500000.0,0.413,1023500000.0,777700000.0,724900000.0,1.38,1.31,1.38,2189400000.0,2043475000.0,2189400000.0,13285371593.0,17.0,12.98,257500000.0,0.762,1.0,1310500000.0,0.528,1358000000.0,52800000.0,2407800000.0,1990350000.0,162200000.0,662700000.0,260100000.0,402600000.0,1756800000.0,536500000.0,1220300000.0,12864971593.0,53400000.0,-144200000.0,-336700000.0,-7500000.0,-167700000.0,-478700000.0,-14100000.0,411300000.0,546600000.0,-400000.0,464100000.0,464100000.0,464100000.0,0.0,0.0,0.187,600000000.0,710500000.0,100200000.0,0.362,5.876,27.72,27.493,427700000.0,0.0,37.94,5.186,5.17,360400000.0,2703500000.0,2480600000.0,2480600000.0,164400000.0,0.12,0.227,0.391,0.314,-48800000.0,354200000.0,1.0,339087285.0,338000000,346900000.0,7.339,2588200000.0,132600000.0,260800000.0,2700000.0,7.657,950700000.0
35,IGT1,MRT,2006-03-31,2006-03-31,2006-03-31,2020-07-20,300000.0,3854900000.0,3878871250.0,1415500000.0,2439400000.0,0.631,6.15,-268000000.0,395700000.0,395700000.0,1161600000.0,464700000.0,2.525,0.863,816100000.0,8500000.0,807600000.0,816100000.0,0.0,234900000.0,0.0,0.014,0.495,784000000.0,1018900000.0,0.416,1018900000.0,784000000.0,730300000.0,1.37,1.3,1.37,2068800000.0,2011570750.0,2068800000.0,12152439826.0,16.0,11.927,320000000.0,0.951,1.0,1286200000.0,0.525,1364600000.0,53700000.0,2350200000.0,1856348000.0,140300000.0,726500000.0,325500000.0,401000000.0,1786100000.0,560500000.0,1225600000.0,11875539826.0,-6800000.0,-144400000.0,-350800000.0,3700000.0,-125600000.0,-451600000.0,-142600000.0,257200000.0,588000000.0,-600000.0,464700000.0,464700000.0,464700000.0,0.0,0.0,0.19,579900000.0,706300000.0,93200000.0,0.361,5.74,25.555,25.708,410800000.0,0.0,35.22,4.852,4.84,400700000.0,2631900000.0,2447800000.0,2447800000.0,156000000.0,0.12,0.231,0.422,0.32,-21600000.0,346200000.0,1.0,337181710.0,336400000,361900000.0,7.276,2490300000.0,112700000.0,265600000.0,11200000.0,7.403,855000000.0
36,IGT1,MRT,2005-12-31,2005-12-31,2005-12-31,2020-07-20,-900000.0,3803800000.0,3889460250.0,1484800000.0,2319000000.0,0.605,5.963,-269400000.0,528100000.0,528100000.0,1144700000.0,434600000.0,1.267,0.892,805000000.0,605000000.0,200000000.0,805000000.0,0.0,235600000.0,0.0,0.016,0.49,735200000.0,970800000.0,0.412,970800000.0,735200000.0,678400000.0,1.27,1.21,1.27,2010000000.0,2012219750.0,2010000000.0,10762553473.0,15.0,11.086,462200000.0,1.371,1.0,1209800000.0,0.514,1366100000.0,56800000.0,1542600000.0,1758931500.0,137800000.0,745900000.0,330600000.0,415300000.0,1793800000.0,1172000000.0,621800000.0,10371353473.0,66500000.0,-85200000.0,-365600000.0,-35500000.0,-166600000.0,-566400000.0,-93200000.0,227800000.0,731600000.0,-5500000.0,434600000.0,434600000.0,434600000.0,0.0,0.0,0.185,550000000.0,659800000.0,96600000.0,0.386,5.16,23.864,24.236,404100000.0,0.0,30.78,4.405,4.407,346000000.0,2550000000.0,2354500000.0,2354500000.0,148000000.0,0.112,0.216,0.418,0.312,24500000.0,329000000.0,1.0,336951055.0,337100000,362700000.0,6.985,2437700000.0,94400000.0,243800000.0,55100000.0,7.231,312800000.0
37,IGT1,MRT,2005-09-30,2005-09-30,2005-09-30,2020-07-20,-800000.0,3864400000.0,3940862250.0,1437200000.0,2427200000.0,0.604,5.545,-238600000.0,419800000.0,419800000.0,1188700000.0,436500000.0,1.18,1.028,811000000.0,611000000.0,200000000.0,811000000.0,0.0,222200000.0,0.0,0.018,0.485,739300000.0,961500000.0,0.404,961500000.0,739300000.0,681200000.0,1.27,1.2,1.27,1905700000.0,2029426500.0,1905700000.0,9572256850.0,13.0,9.956,487800000.0,1.419,1.0,1190700000.0,0.5,1377200000.0,58100000.0,1660800000.0,1891993500.0,142300000.0,937400000.0,418700000.0,518700000.0,1958700000.0,1217600000.0,741100000.0,9208850850.0,-18100000.0,-89100000.0,-369200000.0,9400000.0,-165800000.0,-525600000.0,-215800000.0,100500000.0,726400000.0,-3100000.0,436500000.0,436500000.0,436500000.0,0.0,0.0,0.183,527000000.0,663700000.0,96700000.0,0.382,4.832,21.097,21.26,385200000.0,0.0,27.0,3.87,3.9,327800000.0,2471100000.0,2379400000.0,2379400000.0,138400000.0,0.111,0.215,0.391,0.311,28900000.0,318700000.0,1.0,341068550.0,343700000,370200000.0,6.923,2487200000.0,93200000.0,244700000.0,14500000.0,7.237,219600000.0
38,IGT1,MRT,2005-06-30,2005-06-30,2005-06-30,2020-07-20,91000.0,3992385000.0,3943012250.0,1666198000.0,2326187000.0,0.607,6.002,-235792000.0,436210000.0,436210000.0,1177800000.0,385332000.0,1.402,0.936,799616000.0,599616000.0,200000000.0,799616000.0,0.0,184414000.0,0.0,0.017,0.48,652722000.0,837136000.0,0.35,837136000.0,652722000.0,595846000.0,1.11,1.06,1.11,2061783000.0,2047151500.0,2061783000.0,10116016784.0,15.0,12.084,579175000.0,1.686,1.0,1215768000.0,0.508,1295184000.0,56876000.0,1871792000.0,2067143500.0,180213000.0,1149736000.0,625972000.0,523764000.0,1930602000.0,1188815000.0,741787000.0,9677184784.0,-162116000.0,-2601000.0,-250746000.0,-362895000.0,-159473000.0,-893314000.0,-77956000.0,129103000.0,814967000.0,-5813000.0,385332000.0,385332000.0,385332000.0,24000.0,0.0,0.161,517505000.0,698263000.0,86161000.0,0.432,4.694,25.114,25.36,354695000.0,0.0,28.15,4.043,4.04,309694000.0,2408263000.0,2393568000.0,2393568000.0,137464000.0,0.098,0.188,0.316,0.273,54317000.0,327643000.0,1.0,343772106.0,343500000,369300000.0,6.968,2697201000.0,86033000.0,210514000.0,28009000.0,7.852,477383000.0
39,IGT1,MRT,2005-03-31,2005-03-31,2005-03-31,2020-07-20,3440000.0,3897256000.0,4020966750.0,1571857000.0,2325399000.0,0.605,6.001,-222746000.0,358165000.0,358165000.0,1187030000.0,411734000.0,1.447,0.881,796997000.0,596997000.0,200000000.0,796997000.0,0.0,175173000.0,0.0,0.018,0.48,684530000.0,859703000.0,0.353,859703000.0,684530000.0,618905000.0,1.18,1.12,1.18,2071396000.0,2052777500.0,2071396000.0,9149761903.0,13.0,10.643,595921000.0,1.726,1.0,1245825000.0,0.512,1289066000.0,65625000.0,1960534000.0,2115174750.0,164618000.0,993713000.0,523404000.0,470309000.0,1825860000.0,1086488000.0,739372000.0,9198833903.0,-215257000.0,-36527000.0,-174195000.0,-371164000.0,-159373000.0,-824932000.0,-206624000.0,34960000.0,818667000.0,-2368000.0,411734000.0,411734000.0,411734000.0,24000.0,0.0,0.169,503880000.0,741945000.0,79117000.0,0.407,4.441,22.342,22.593,346808000.0,0.0,26.66,3.781,3.783,488323000.0,2334806000.0,2432855000.0,2432855000.0,134507000.0,0.102,0.201,0.324,0.281,56564000.0,314281000.0,1.0,345042532.0,345200000,372400000.0,7.048,2608190000.0,62551000.0,207171000.0,4902000.0,7.556,485369000.0
40,IGT1,MRT,2004-12-31,2004-12-31,2004-12-31,2020-07-20,5352000.0,4009408000.0,4088055250.0,1662589000.0,2346819000.0,0.616,6.01,-217433000.0,876108000.0,876108000.0,1206705000.0,434776000.0,2.817,0.929,827036000.0,32634000.0,794402000.0,827036000.0,0.0,157113000.0,0.0,0.014,0.48,732786000.0,889899000.0,0.353,889899000.0,732786000.0,657382000.0,1.25,1.18,1.25,2078827000.0,2030832000.0,2078827000.0,11935005402.0,16.0,13.412,425610000.0,1.23,1.0,1311134000.0,0.521,1295335000.0,75404000.0,2074848000.0,2253798250.0,171627000.0,527237000.0,52419000.0,474818000.0,1930581000.0,590153000.0,1340428000.0,11908105402.0,-183907000.0,11153000.0,-78892000.0,-756848000.0,-111217000.0,-1067157000.0,239095000.0,454739000.0,643043000.0,1112000.0,434776000.0,434776000.0,434776000.0,766000.0,0.0,0.173,509377000.0,801757000.0,73063000.0,0.384,5.728,27.389,27.504,338350000.0,0.0,34.38,4.729,4.723,543638000.0,2282237000.0,2517839000.0,2517839000.0,129292000.0,0.106,0.214,0.325,0.291,20599000.0,317894000.0,1.0,346367231.0,345900000,374100000.0,7.279,2714073000.0,55971000.0,222606000.0,29819000.0,7.846,1072436000.0
41,IGT1,MRT,2004-09-30,2004-09-30,2004-09-30,2020-07-20,1000000.0,3873000000.0,4171880500.0,1509700000.0,2363300000.0,0.596,5.7,-210900000.0,449700000.0,449700000.0,1165500000.0,488700000.0,2.696,0.959,791900000.0,100000.0,791800000.0,791900000.0,0.0,149800000.0,0.0,0.013,0.48,802900000.0,952700000.0,0.383,952700000.0,802900000.0,712400000.0,1.41,1.32,1.41,1976600000.0,1974463500.0,1976600000.0,12348992821.0,15.0,12.962,412700000.0,1.19,1.0,1319200000.0,0.531,1293800000.0,90500000.0,2361400000.0,2298367750.0,165600000.0,977900000.0,422400000.0,555500000.0,1896400000.0,560000000.0,1336400000.0,12389611821.0,-133400000.0,48100000.0,-77500000.0,-785100000.0,-138900000.0,-1121700000.0,364800000.0,523000000.0,623600000.0,-100000.0,488700000.0,488700000.0,488700000.0,-58900000.0,0.0,0.197,504900000.0,814300000.0,85700000.0,0.34,6.268,25.352,25.496,329100000.0,0.0,35.95,4.986,5.018,359700000.0,2201400000.0,2484700000.0,2484700000.0,129300000.0,0.117,0.248,0.349,0.323,41600000.0,311300000.0,1.0,344634543.0,346800000,376300000.0,7.165,2579200000.0,85000000.0,223700000.0,7500000.0,7.437,949700000.0
42,IGT1,MRT,2004-06-30,2004-06-30,2004-06-30,2020-07-20,1394000.0,4304203000.0,4249938250.0,1968344000.0,2335859000.0,0.567,5.982,-176450000.0,1187568000.0,1187568000.0,1113576000.0,542682000.0,2.24,1.065,1146949000.0,366259000.0,780690000.0,1146949000.0,0.0,147523000.0,0.0,0.012,0.46,909404000.0,1056927000.0,0.438,1056927000.0,909404000.0,802880000.0,1.57,1.46,1.57,2084287000.0,1902183000.0,2084287000.0,13609997928.0,15.0,12.877,367738000.0,1.055,1.0,1296914000.0,0.538,1320772000.0,106524000.0,2063917000.0,2278739500.0,165440000.0,527640000.0,54162000.0,473478000.0,2219916000.0,878895000.0,1341021000.0,13468291928.0,-464266000.0,59994000.0,32630000.0,-427181000.0,-129827000.0,-498289000.0,-512509000.0,-414201000.0,544188000.0,2344000.0,542682000.0,542682000.0,542682000.0,-65586000.0,0.0,0.225,495346000.0,801568000.0,71970000.0,0.293,6.462,24.818,24.586,291559000.0,0.0,38.6,5.587,5.579,520195000.0,2188654000.0,2410490000.0,2410490000.0,123026000.0,0.128,0.285,0.399,0.377,18866000.0,292850000.0,1.0,348919480.0,348426000,378482000.0,6.918,2983431000.0,86490000.0,260198000.0,8272000.0,8.563,1089449000.0
43,IGT1,MRT,2004-03-31,2004-03-31,2004-03-31,2020-07-20,1522000.0,4165610000.0,4182778250.0,1806540000.0,2359070000.0,0.563,5.718,-160912000.0,1011878000.0,1011878000.0,1115824000.0,505265000.0,3.82,1.1,1153584000.0,103000.0,1153481000.0,1153584000.0,0.0,139855000.0,0.0,0.009,0.415,876084000.0,1015939000.0,0.432,1015939000.0,876084000.0,761043000.0,1.47,1.38,1.47,1983614000.0,1778822000.0,1983614000.0,15747706183.0,18.0,15.501,277360000.0,0.8,1.0,1237700000.0,0.526,1319418000.0,115041000.0,2515028000.0,2349654750.0,150005000.0,524415000.0,53583000.0,470832000.0,2181996000.0,472870000.0,1709126000.0,15592479183.0,-245653000.0,175836000.0,68422000.0,-418331000.0,-129827000.0,-474251000.0,-210517000.0,-243658000.0,438272000.0,843000.0,505265000.0,505265000.0,505265000.0,-69390000.0,0.0,0.215,473651000.0,764049000.0,73583000.0,0.282,7.861,30.86,30.585,285902000.0,0.0,44.96,6.625,6.627,562728000.0,2082451000.0,2353524000.0,2353524000.0,113861000.0,0.121,0.284,0.373,0.372,4193000.0,287880000.0,1.0,346807811.0,346906000,377649000.0,6.784,2846192000.0,84628000.0,255778000.0,0.0,8.205,1333670000.0
44,IGT1,MRT,2003-12-31,2003-12-31,2003-12-31,2020-07-20,450000.0,4344709000.0,4120928500.0,2166659000.0,2178050000.0,0.545,5.366,-135942000.0,1399965000.0,1399965000.0,1077994000.0,475437000.0,2.331,1.344,1555192000.0,410820000.0,1144372000.0,1555192000.0,0.0,132200000.0,0.0,0.008,0.295,837597000.0,969797000.0,0.432,969797000.0,837597000.0,717449000.0,1.38,1.31,1.38,1853353000.0,1651815500.0,1853353000.0,12601279478.0,15.0,12.994,361709000.0,1.047,1.0,1168534000.0,0.52,1317239000.0,120148000.0,2253126000.0,2419632750.0,169703000.0,386413000.0,46190000.0,340223000.0,2491356000.0,929571000.0,1561785000.0,12359931478.0,303379000.0,188847000.0,-84516000.0,562035000.0,-94983000.0,380651000.0,-574605000.0,-639374000.0,497651000.0,-318000.0,475437000.0,475437000.0,475437000.0,-68226000.0,0.0,0.212,450445000.0,718089000.0,79228000.0,0.214,6.669,25.997,25.87,271860000.0,0.0,35.7,5.502,5.489,588730000.0,2000354000.0,2246528000.0,2246528000.0,105826000.0,0.115,0.288,0.346,0.373,59130000.0,279658000.0,1.0,346216568.0,345408000,375141000.0,6.504,3027470000.0,90446000.0,242012000.0,81335000.0,8.765,1237088000.0
45,IGT1,MRT,2003-09-30,2003-09-30,2003-09-30,2020-07-20,-3745000.0,4185231000.0,3879246000.0,2078228000.0,2107003000.0,0.549,4.905,-128600000.0,1311558000.0,1311558000.0,1033300000.0,390700000.0,2.199,1.48,1552906000.0,406147000.0,1146759000.0,1552906000.0,0.0,134000000.0,0.0,0.006,0.175,730800000.0,864800000.0,0.406,864800000.0,730800000.0,614000000.0,1.14,1.08,1.14,1687478000.0,1566380000.0,1687478000.0,10132414139.0,14.0,11.716,280100000.0,0.814,1.0,1094800000.0,0.514,1198611000.0,116800000.0,2282887000.0,2404257250.0,147066000.0,378969000.0,45515000.0,333454000.0,2497753000.0,945081000.0,1552672000.0,9713525139.0,228200000.0,155500000.0,-112200000.0,558700000.0,-25800000.0,420700000.0,-597500000.0,-635600000.0,408700000.0,-3700000.0,390700000.0,390700000.0,390700000.0,-15400000.0,0.0,0.184,428900000.0,665900000.0,65259000.0,0.154,5.756,24.862,24.693,261620000.0,0.0,28.15,4.564,4.55,567853000.0,1858658000.0,2128100000.0,2128100000.0,94900000.0,0.101,0.249,0.304,0.343,-15700000.0,272700000.0,1.0,345063060.0,344000000,366700000.0,6.186,2986620000.0,124661000.0,223300000.0,31928000.0,8.682,1133147000.0
46,IGT1,MRT,2003-06-30,2003-06-28,2003-06-28,2020-07-20,-3297000.0,4035563000.0,3661892750.0,1884817000.0,2150746000.0,0.545,4.647,-144535000.0,1139260000.0,1139260000.0,977461000.0,345233000.0,2.135,1.537,1558149000.0,406434000.0,1151715000.0,1558149000.0,0.0,134985000.0,0.0,0.003,0.075,653132000.0,788117000.0,0.395,788117000.0,653132000.0,538439000.0,0.99,0.99,0.99,1590843000.0,1502796500.0,1590843000.0,9269736695.0,14.0,11.762,281580000.0,0.822,1.0,1017995000.0,0.51,1224074000.0,114693000.0,2347578000.0,2368683250.0,144891000.0,619567000.0,131026000.0,488541000.0,2444720000.0,882800000.0,1561920000.0,8671590695.0,609776000.0,141907000.0,-117116000.0,297969000.0,0.0,154572000.0,33125000.0,41541000.0,426115000.0,-4036000.0,345233000.0,345233000.0,345233000.0,-29193000.0,0.0,0.173,397459000.0,620536000.0,75494000.0,0.076,5.451,25.118,25.639,292508000.0,0.0,25.383,4.346,4.355,376082000.0,1784873000.0,1995456000.0,1995456000.0,89109000.0,0.094,0.23,0.276,0.327,50372000.0,251121000.0,1.0,341636588.0,342367000,349755000.0,5.828,2811489000.0,115603000.0,193206000.0,580000.0,8.212,1002017000.0
47,IGT1,MRT,2003-03-31,2003-03-29,2003-03-29,2020-07-20,-6250000.0,3918211000.0,3503092250.0,1792450000.0,2125761000.0,0.557,4.311,-143511000.0,958317000.0,958317000.0,964688000.0,324176000.0,3.633,1.655,1556463000.0,8231000.0,1548232000.0,1556463000.0,0.0,141214000.0,0.0,0.0,0.0,622906000.0,764120000.0,0.392,764120000.0,622906000.0,508305000.0,0.92,0.92,0.92,1475588000.0,1445342250.0,1475588000.0,7546945298.0,12.0,9.877,318970000.0,0.932,1.0,985036000.0,0.505,1228101000.0,114601000.0,2794940000.0,2385806750.0,152080000.0,614602000.0,129446000.0,485156000.0,2442623000.0,493316000.0,1949307000.0,7008304298.0,302013000.0,59891000.0,-337351000.0,249379000.0,0.0,-98594000.0,-59118000.0,28914000.0,462481000.0,-2756000.0,324176000.0,324176000.0,324176000.0,-22659000.0,0.0,0.166,392152000.0,592884000.0,62195000.0,0.0,4.749,21.619,22.418,291265000.0,0.0,20.625,3.595,3.621,373475000.0,1706984000.0,1949724000.0,1949724000.0,83821000.0,0.093,0.224,0.261,0.319,50594000.0,247854000.0,1.0,339796572.0,342257000,349012000.0,5.697,2690110000.0,108129000.0,184129000.0,17306000.0,7.86,1299134000.0
48,IGT1,MRT,2002-12-31,2002-12-28,2002-12-28,2020-07-20,-5545000.0,3377979000.0,3411871750.0,1254783000.0,2123196000.0,0.562,4.351,-126903000.0,440951000.0,440951000.0,962828000.0,310962000.0,2.569,1.235,979592000.0,8197000.0,971395000.0,979592000.0,0.0,149899000.0,0.0,0.0,0.0,603281000.0,753180000.0,0.393,753180000.0,603281000.0,485964000.0,0.878,0.873,0.878,1511611000.0,1441005000.0,1511611000.0,7061126329.0,12.0,9.375,416867000.0,1.2,1.0,953823000.0,0.498,1236602000.0,117317000.0,2191624000.0,2288342500.0,151235000.0,606184000.0,127710000.0,478474000.0,1866368000.0,488394000.0,1377974000.0,6504926329.0,22867000.0,123020000.0,-156626000.0,-403609000.0,0.0,-567776000.0,49466000.0,37955000.0,543770000.0,-2593000.0,310962000.0,310962000.0,310962000.0,-23292000.0,0.0,0.162,383533000.0,570290000.0,80643000.0,0.0,4.303,20.919,21.307,294105000.0,0.0,18.707,3.394,3.391,333589000.0,1619870000.0,1916651000.0,1916651000.0,83289000.0,0.091,0.216,0.264,0.315,50916000.0,236934000.0,1.0,347717564.0,347418000,353922000.0,5.517,2141377000.0,93254000.0,175002000.0,41904000.0,6.164,766389000.0
49,IGT1,MRT,2002-09-30,2002-09-28,2002-09-28,2020-07-20,-5452000.0,3315818000.0,3042386000.0,1263902000.0,2051916000.0,0.568,4.235,-116165000.0,416707000.0,416707000.0,885619000.0,271165000.0,2.462,1.314,972001000.0,2863000.0,969138000.0,972001000.0,0.0,131489000.0,0.0,0.0,0.0,541322000.0,672811000.0,0.389,672811000.0,541322000.0,425301000.0,0.8,0.79,0.8,1433144000.0,1151992500.0,1433144000.0,6723986533.0,12.0,9.994,472934000.0,1.398,1.0,842893000.0,0.488,1217225000.0,116021000.0,2140591000.0,2244542500.0,139468000.0,383227000.0,53425000.0,329802000.0,1882674000.0,513296000.0,1369378000.0,6030115533.0,52473000.0,123020000.0,-176508000.0,-412719000.0,0.0,-589227000.0,51199000.0,28950000.0,589099000.0,1402000.0,271165000.0,271165000.0,271165000.0,-16452000.0,0.0,0.157,358913000.0,483980000.0,75978000.0,0.0,4.208,22.238,21.747,255906000.0,0.0,17.398,3.489,3.406,499268000.0,1528284000.0,1728512000.0,1728512000.0,77921000.0,0.089,0.235,0.241,0.313,49976000.0,221673000.0,1.0,346608164.0,338371000,344195000.0,5.108,2098593000.0,86427000.0,154136000.0,45237000.0,6.202,750606000.0
50,IGT1,MRT,2002-06-30,2002-06-29,2002-06-29,2020-07-20,-6102000.0,3400361000.0,2694291250.0,1316985000.0,2083376000.0,0.597,3.802,-141528000.0,525447000.0,525447000.0,848882000.0,263789000.0,3.071,1.498,1219318000.0,2656000.0,1216662000.0,1219318000.0,0.0,117709000.0,0.0,0.0,0.0,534019000.0,651728000.0,0.405,651728000.0,534019000.0,419878000.0,0.795,0.79,0.795,1361026000.0,867734750.0,1361026000.0,5707701511.0,11.0,8.758,465021000.0,1.299,1.0,760716000.0,0.473,1249336000.0,114141000.0,2416072000.0,2209004000.0,153867000.0,598871000.0,122592000.0,476279000.0,2039335000.0,428824000.0,1610511000.0,5108659511.0,247555000.0,123620000.0,-237806000.0,-160023000.0,0.0,-397241000.0,35312000.0,39220000.0,606549000.0,2935000.0,263789000.0,263789000.0,263789000.0,4003000.0,0.0,0.164,348314000.0,412402000.0,81834000.0,0.0,3.754,19.366,17.83,282268000.0,0.0,14.175,3.174,3.152,303306000.0,1465437000.0,1609598000.0,1609598000.0,74357000.0,0.098,0.304,0.242,0.332,2479000.0,216011000.0,1.0,360399260.0,357960000,363329000.0,4.497,2151025000.0,64057000.0,156089000.0,0.0,6.009,888161000.0
51,IGT1,MRT,2002-03-31,2002-03-30,2002-03-30,2020-07-20,-9867000.0,3553329000.0,2312337000.0,1348312000.0,2205017000.0,0.611,4.083,-118437000.0,665083000.0,665083000.0,761400000.0,237879000.0,3.171,1.423,1264125000.0,4315000.0,1259810000.0,1264125000.0,0.0,95021000.0,0.0,0.0,0.0,487729000.0,582750000.0,0.412,582750000.0,487729000.0,378819000.0,0.755,0.743,0.755,1458239000.0,608577000.0,1458239000.0,6159846114.0,13.0,10.57,387621000.0,1.085,1.0,652143000.0,0.461,1322129000.0,108910000.0,2405083000.0,2139571500.0,156851000.0,597655000.0,122827000.0,474828000.0,2075416000.0,425159000.0,1650257000.0,5577687114.0,434631000.0,123280000.0,-21360000.0,-112014000.0,0.0,-116340000.0,45927000.0,27084000.0,506058000.0,-1014000.0,237879000.0,237879000.0,237879000.0,1273000.0,0.0,0.168,320862000.0,331281000.0,71261000.0,0.0,3.825,23.448,20.636,345555000.0,0.0,15.58,3.946,3.937,307599000.0,1382790000.0,1413543000.0,1413543000.0,70993000.0,0.103,0.391,0.228,0.345,1354000.0,199253000.0,1.0,358003024.0,357172000,363956000.0,3.958,2231200000.0,54878000.0,140940000.0,0.0,6.247,923153000.0
52,IGT1,MRT,2001-12-31,2001-12-29,2001-12-29,2020-07-20,-4967000.0,1900036000.0,1871896000.0,958936000.0,941100000.0,0.657,1.22,-111910000.0,407068000.0,407068000.0,680119000.0,217535000.0,3.341,4.344,989227000.0,4180000.0,985047000.0,989227000.0,0.0,68352000.0,0.0,0.0,0.0,447473000.0,515825000.0,0.419,515825000.0,447473000.0,345186000.0,0.73,0.715,0.73,355561000.0,302428500.0,355561000.0,5725974180.0,13.0,11.101,269833000.0,0.926,1.0,550154000.0,0.447,178770000.0,102287000.0,2016424000.0,2065381000.0,135740000.0,481751000.0,92288000.0,389463000.0,1544475000.0,287001000.0,1257474000.0,5100443180.0,187766000.0,-31597000.0,-66024000.0,-17359000.0,0.0,-74771000.0,-122973000.0,20534000.0,381743000.0,3767000.0,217535000.0,217535000.0,217535000.0,0.0,0.0,0.177,290944000.0,259210000.0,81872000.0,0.0,14.345,23.447,23.973,207234000.0,0.0,17.5,4.146,4.146,244105000.0,1308909000.0,1230273000.0,1230273000.0,63853000.0,0.116,0.719,0.217,0.364,1168000.0,186129000.0,1.0,291453896.0,291456000,297760000.0,4.221,1721266000.0,145317000.0,127651000.0,0.0,5.906,671935000.0
53,IGT1,MRT,2001-09-30,2001-09-29,2001-09-29,2020-07-20,-9893000.0,1923439000.0,1811925250.0,967674000.0,955765000.0,0.662,1.002,-96355000.0,364234000.0,364234000.0,664288000.0,213935000.0,2.609,5.496,989765000.0,5023000.0,984742000.0,989765000.0,0.0,63348000.0,0.0,0.0,0.0,441511000.0,504859000.0,0.421,504859000.0,441511000.0,339472000.0,0.72,0.7,0.72,296113000.0,254769000.0,296113000.0,3905028230.0,9.0,7.735,164901000.0,0.558,1.0,534921000.0,0.446,179634000.0,102039000.0,1998437000.0,2074792000.0,155890000.0,504282000.0,105348000.0,398934000.0,1627326000.0,370899000.0,1256427000.0,3183780230.0,119327000.0,-31597000.0,-19081000.0,-13511000.0,0.0,-26189000.0,-116676000.0,11276000.0,261256000.0,936000.0,213935000.0,213935000.0,213935000.0,0.0,0.0,0.178,282272000.0,252649000.0,125164000.0,0.0,10.752,14.882,14.757,205347000.0,0.0,10.625,2.655,2.617,249410000.0,1257119000.0,1199209000.0,1199209000.0,62526000.0,0.118,0.84,0.213,0.368,1269000.0,180421000.0,1.0,299649904.0,295404000,306100000.0,4.06,1743805000.0,163781000.0,125537000.0,7246000.0,5.903,596775000.0
54,IGT1,MRT,2001-06-30,2001-06-30,2001-06-30,2020-07-20,-10951000.0,1872544000.0,1736994500.0,931698000.0,940846000.0,0.683,1.092,-14377000.0,276458000.0,276458000.0,667045000.0,210465000.0,3.296,4.772,997706000.0,5334000.0,992372000.0,997706000.0,0.0,57239000.0,0.0,0.0,0.0,434748000.0,491987000.0,0.415,491987000.0,434748000.0,332783000.0,0.715,0.685,0.715,324395000.0,204887000.0,324395000.0,5424583280.0,12.0,11.026,82233000.0,0.277,1.0,519701000.0,0.438,172774000.0,101965000.0,2138342000.0,2068234250.0,177825000.0,526898000.0,117239000.0,409659000.0,1548149000.0,282676000.0,1265473000.0,4642660280.0,72437000.0,-31597000.0,40291000.0,-6596000.0,0.0,32473000.0,-61889000.0,-17250000.0,96610000.0,5243000.0,210465000.0,210465000.0,210465000.0,0.0,0.0,0.177,273313000.0,246388000.0,63371000.0,0.0,14.312,22.059,21.941,189742000.0,0.0,15.688,3.912,3.929,260623000.0,1201648000.0,1186746000.0,1186746000.0,60214000.0,0.121,1.027,0.21,0.366,1469000.0,177918000.0,1.0,295946472.0,297188000,308928000.0,3.993,1699770000.0,165626000.0,122318000.0,0.0,5.72,649022000.0
55,IGT1,MRT,2001-03-31,2001-03-31,2001-03-31,2020-07-20,-8457000.0,1791565000.0,1653716750.0,875438000.0,916127000.0,0.667,0.795,-13406000.0,214773000.0,214773000.0,616164000.0,191374000.0,3.007,6.668,996696000.0,4618000.0,992078000.0,996696000.0,0.0,52845000.0,0.0,0.0,0.0,403286000.0,456131000.0,0.414,456131000.0,403286000.0,301546000.0,0.655,0.63,0.655,233645000.0,134555250.0,233645000.0,4465424409.0,11.0,9.79,27819000.0,0.095,1.0,486478000.0,0.441,174026000.0,101740000.0,2108321000.0,2021980250.0,186236000.0,459680000.0,133446000.0,326234000.0,1557920000.0,291141000.0,1266779000.0,3692936409.0,21665000.0,-31257000.0,28207000.0,2970000.0,0.0,14821000.0,-39928000.0,3400000.0,41225000.0,5547000.0,191374000.0,191374000.0,191374000.0,0.0,0.0,0.174,260353000.0,226125000.0,71339000.0,0.0,15.806,19.297,19.218,179538000.0,0.0,12.588,3.349,3.357,248152000.0,1144927000.0,1102642000.0,1102642000.0,58062000.0,0.116,1.422,0.199,0.366,1717000.0,168193000.0,1.0,293381244.0,294048000,305656000.0,3.75,1617539000.0,157564000.0,110172000.0,0.0,5.501,584297000.0
56,IGT1,MRT,2000-12-31,2000-12-30,2000-12-30,2020-07-20,-7017000.0,1660153000.0,1577600750.0,836152000.0,824001000.0,0.623,0.567,-8974000.0,219302000.0,219302000.0,548304000.0,162578000.0,3.552,9.066,991790000.0,0.0,991790000.0,991790000.0,0.0,53377000.0,0.0,0.0,0.0,357206000.0,410583000.0,0.418,410583000.0,357206000.0,255224000.0,0.555,0.537,0.555,164923000.0,74619500.0,164923000.0,4241838408.0,12.0,10.331,56308000.0,0.193,1.0,434877000.0,0.442,143153000.0,101982000.0,2054068000.0,1970674750.0,167168000.0,436896000.0,119323000.0,317573000.0,1495230000.0,235420000.0,1259810000.0,3490617408.0,-243877000.0,0.0,-268377000.0,-1014000.0,0.0,-298987000.0,-12839000.0,-5447000.0,65282000.0,2667000.0,162578000.0,162578000.0,162578000.0,0.0,0.0,0.165,244745000.0,190132000.0,71637000.0,0.0,21.165,21.47,21.622,172853000.0,0.0,12.0,3.55,3.552,242756000.0,1091375000.0,983181000.0,983181000.0,55902000.0,0.103,2.179,0.181,0.363,1028000.0,156686000.0,1.0,290884784.0,291044000,302384000.0,3.378,1517000000.0,127741000.0,92646000.0,0.0,5.212,600732000.0
57,IGT1,MRT,2000-09-30,2000-09-30,2000-09-30,2020-07-20,-9813000.0,1623716000.0,1601151750.0,814226000.0,809490000.0,0.561,0.315,-6957000.0,244907000.0,244907000.0,500556000.0,156792000.0,3.144,15.811,996128000.0,4621000.0,991507000.0,996128000.0,0.0,54387000.0,0.0,0.0,0.0,347157000.0,401544000.0,0.447,401544000.0,347157000.0,244987000.0,0.512,0.5,0.512,96585000.0,97845000.0,96585000.0,3235479759.0,9.0,8.058,121883000.0,0.398,1.0,397848000.0,0.443,143738000.0,102170000.0,1972206000.0,1931601250.0,146989000.0,502947000.0,125732000.0,377215000.0,1527131000.0,258993000.0,1268138000.0,2436950759.0,-181436000.0,-55000.0,-305186000.0,1600000.0,0.0,-332068000.0,18420000.0,-17817000.0,128840000.0,3372000.0,156792000.0,156792000.0,156792000.0,0.0,0.0,0.175,236311000.0,161537000.0,76387000.0,0.0,25.231,15.543,16.418,166909000.0,0.0,8.406,2.713,2.866,219948000.0,1043184000.0,898404000.0,898404000.0,55204000.0,0.098,1.602,0.18,0.386,1216000.0,150057000.0,1.0,289897488.0,306344000,312916000.0,2.933,1479978000.0,126756000.0,88195000.0,0.0,4.831,555233000.0
58,IGT1,MRT,2000-06-30,2000-07-01,2000-07-01,2020-07-20,-6813000.0,1539433000.0,1636487750.0,730430000.0,809003000.0,0.469,0.149,-15793000.0,204021000.0,204021000.0,464709000.0,64309000.0,3.159,34.744,1002550000.0,11319000.0,991231000.0,1002550000.0,0.0,57502000.0,0.0,0.0,0.0,209082000.0,266584000.0,0.347,266584000.0,209082000.0,106039000.0,0.24,0.24,0.24,43068000.0,134253250.0,43068000.0,2711848891.0,13.0,10.173,171232000.0,0.593,1.0,302926000.0,0.395,153409000.0,103043000.0,1953326000.0,1924776750.0,134763000.0,414519000.0,106610000.0,307909000.0,1496365000.0,231227000.0,1265138000.0,1912053891.0,-425775000.0,-221199000.0,-368681000.0,9138000.0,0.0,-544862000.0,-70866000.0,124212000.0,187025000.0,2928000.0,64309000.0,64309000.0,64309000.0,0.0,0.0,0.084,321630000.0,-18704000.0,71209000.0,0.0,44.396,29.732,27.604,164989000.0,0.0,6.625,2.491,2.493,190040000.0,991414000.0,767635000.0,767635000.0,52763000.0,0.039,0.479,0.109,0.272,1042000.0,139872000.0,1.0,288611908.0,288848000,294872000.0,2.658,1386024000.0,124979000.0,41730000.0,0.0,4.798,499203000.0
59,IGT1,MRT,2000-03-31,2000-04-01,2000-04-01,2020-07-20,-11463000.0,1487101000.0,1753839000.0,690523000.0,796578000.0,0.451,-0.02,-14406000.0,193108000.0,193108000.0,473065000.0,60949000.0,3.036,-244.867,992903000.0,1942000.0,990961000.0,992903000.0,0.0,61530000.0,0.0,0.0,0.0,198910000.0,260440000.0,0.329,260440000.0,198910000.0,100417000.0,0.2,0.203,0.2,-6098000.0,210330750.0,-6098000.0,2156002549.0,11.0,8.278,234309000.0,0.778,1.0,317399000.0,0.402,156351000.0,98493000.0,1903099000.0,1939976000.0,119380000.0,407939000.0,112981000.0,294958000.0,1493199000.0,227446000.0,1265753000.0,1627173549.0,-52000.0,-225144000.0,-533323000.0,559376000.0,-16000.0,-167615000.0,-83016000.0,114620000.0,248715000.0,1864000.0,60949000.0,60949000.0,60949000.0,0.0,0.0,0.077,317296000.0,103000.0,44022000.0,0.0,-266.837,26.697,27.109,167145000.0,0.0,5.422,2.059,2.065,183295000.0,953442000.0,790464000.0,790464000.0,51056000.0,0.035,0.29,0.103,0.252,934000.0,136206000.0,1.0,300112424.0,300988000,304192000.0,2.626,1330750000.0,116673000.0,39468000.0,0.0,4.421,463077000.0
60,IGT1,MRT,1999-12-31,2000-01-01,2000-01-01,2020-07-20,-10159000.0,1754357000.0,1765299000.0,947162000.0,807195000.0,0.463,0.746,-14345000.0,463179000.0,463179000.0,484569000.0,70020000.0,4.166,5.804,992008000.0,1312000.0,990696000.0,992008000.0,0.0,63953000.0,0.0,0.0,0.0,198097000.0,262050000.0,0.32,262050000.0,198097000.0,112603000.0,0.198,0.2,0.198,257825000.0,329143000.0,257825000.0,2313887437.0,12.0,8.83,260784000.0,0.755,1.0,333482000.0,0.408,158038000.0,85494000.0,1897774000.0,1816786250.0,115073000.0,401234000.0,101012000.0,300222000.0,1496532000.0,227374000.0,1269158000.0,1746516437.0,280816000.0,-225144000.0,-357558000.0,625316000.0,-3208000.0,75355000.0,-69369000.0,128453000.0,275129000.0,-299000.0,70020000.0,70020000.0,70020000.0,0.0,0.0,0.086,312344000.0,21138000.0,52105000.0,0.0,6.774,24.943,25.647,177108000.0,0.0,5.078,2.135,2.145,204041000.0,928453000.0,818051000.0,818051000.0,48146000.0,0.04,0.213,0.109,0.242,941000.0,132438000.0,1.0,343929052.0,345604000,348720000.0,2.367,1596319000.0,123140000.0,42583000.0,0.0,4.619,719788000.0
61,IGT1,MRT,1999-09-30,1999-10-02,1999-10-02,2020-07-20,-8977000.0,1765060000.0,1717724500.0,975240000.0,789820000.0,0.497,0.609,-14763000.0,426343000.0,426343000.0,508445000.0,62058000.0,4.141,6.287,993714000.0,3278000.0,990436000.0,993714000.0,0.0,61448000.0,0.0,0.0,0.0,170903000.0,232351000.0,0.272,232351000.0,170903000.0,98139000.0,0.155,0.155,0.155,242218000.0,401500750.0,242218000.0,1995243339.0,12.0,8.587,246676000.0,0.62,1.0,345661000.0,0.405,152036000.0,72764000.0,1944908000.0,1686095750.0,116612000.0,417335000.0,121235000.0,296100000.0,1522842000.0,235487000.0,1287355000.0,1633183339.0,250930000.0,-225089000.0,-357726000.0,622792000.0,-6474000.0,81219000.0,-89037000.0,150815000.0,261439000.0,-2691000.0,62058000.0,62058000.0,62058000.0,0.0,0.0,0.073,304899000.0,40762000.0,55705000.0,0.0,6.743,26.317,29.234,182116000.0,0.0,4.531,1.912,2.111,193479000.0,886392000.0,854106000.0,854106000.0,45462000.0,0.036,0.155,0.101,0.2,1005000.0,129211000.0,1.0,360426668.0,397844000,400952000.0,2.147,1613024000.0,113451000.0,36081000.0,0.0,4.054,739753000.0
62,IGT1,MRT,1999-06-30,1999-07-03,1999-07-03,2020-07-20,-3945000.0,2008838000.0,1662366500.0,1113166000.0,895672000.0,0.536,0.911,12977000.0,629796000.0,629796000.0,525069000.0,144230000.0,5.084,4.783,991856000.0,1674000.0,990182000.0,991856000.0,0.0,60624000.0,0.0,0.0,0.0,278087000.0,338711000.0,0.38,338711000.0,278087000.0,219973000.0,0.345,0.343,0.345,347378000.0,476265250.0,347378000.0,2272073649.0,8.0,6.708,172328000.0,0.452,1.0,365225000.0,0.41,137831000.0,58114000.0,2014123000.0,1547104750.0,115385000.0,512844000.0,116947000.0,395897000.0,1661460000.0,218944000.0,1442516000.0,2044712649.0,446229000.0,-4919000.0,-397105000.0,708812000.0,-9840000.0,308461000.0,-18344000.0,-2190000.0,159351000.0,-3239000.0,144230000.0,144230000.0,144230000.0,0.0,0.0,0.162,205597000.0,159628000.0,53326000.0,0.0,5.886,14.177,13.723,177211000.0,0.0,4.734,2.297,2.029,203971000.0,926771000.0,890294000.0,890294000.0,43497000.0,0.087,0.303,0.18,0.312,1320000.0,129456000.0,1.0,431886044.0,381512000,383804000.0,2.334,1871007000.0,153154000.0,75743000.0,0.0,4.904,894222000.0
63,IGT1,MRT,1999-03-31,1999-04-03,1999-04-03,2020-07-20,-7256000.0,1532941000.0,1529205500.0,664705000.0,868236000.0,0.559,1.118,10095000.0,193160000.0,193160000.0,500999000.0,155558000.0,3.102,2.267,420521000.0,42536000.0,377985000.0,420521000.0,0.0,56205000.0,0.0,0.0,0.0,285191000.0,341396000.0,0.4,341396000.0,285191000.0,236950000.0,0.355,0.353,0.355,469151000.0,539315000.0,469151000.0,1781455605.0,6.0,5.218,148216000.0,0.353,1.0,353418000.0,0.414,135678000.0,48241000.0,1410340000.0,1358508500.0,134784000.0,516876000.0,119793000.0,397083000.0,1063790000.0,214284000.0,849506000.0,1612826605.0,-312000.0,-1980000.0,-236634000.0,90698000.0,-13225000.0,-113216000.0,-14048000.0,-22163000.0,138121000.0,-11169000.0,155558000.0,155558000.0,155558000.0,0.0,0.0,0.182,196914000.0,156504000.0,52061000.0,0.0,3.438,10.368,10.519,173144000.0,0.0,3.734,1.888,1.834,169559000.0,892623000.0,854417000.0,854417000.0,43696000.0,0.102,0.288,0.21,0.334,1479000.0,123925000.0,1.0,431886044.0,419684000,422608000.0,2.036,1397263000.0,147803000.0,81392000.0,0.0,3.329,450421000.0
64,IGT1,MRT,1998-12-31,1999-01-02,1999-01-02,2020-07-20,-7241000.0,1564059000.0,1514790750.0,672621000.0,891438000.0,0.538,1.267,8598000.0,182363000.0,182363000.0,474043000.0,157219000.0,2.996,1.858,350992000.0,34525000.0,316467000.0,350992000.0,0.0,47865000.0,0.0,0.0,0.0,285502000.0,333367000.0,0.409,333367000.0,285502000.0,240681000.0,0.353,0.35,0.353,547256000.0,562294500.0,547256000.0,2802467521.0,10.0,8.407,99296000.0,0.23,1.0,341593000.0,0.419,133158000.0,44821000.0,1375012000.0,1331630500.0,139478000.0,522744000.0,118854000.0,403890000.0,1016803000.0,224518000.0,792285000.0,2625059521.0,34012000.0,-182532000.0,-141358000.0,228668000.0,-13405000.0,169699000.0,-216109000.0,-42175000.0,90698000.0,-10276000.0,157219000.0,157219000.0,157219000.0,0.0,0.0,0.193,182295000.0,159298000.0,56648000.0,0.0,4.797,16.697,17.218,172851000.0,0.0,6.078,3.218,3.22,178701000.0,858814000.0,815636000.0,815636000.0,41496000.0,0.104,0.28,0.214,0.35,1708000.0,114703000.0,1.0,431886044.0,432068000,436676000.0,1.888,1430901000.0,164644000.0,83462000.0,0.0,3.312,448103000.0
65,IGT1,MRT,1998-09-30,1998-09-30,1998-09-30,2020-07-20,-7220000.0,1543628000.0,1429719000.0,670543000.0,873085000.0,0.531,1.197,7624000.0,175413000.0,175413000.0,437865000.0,152446000.0,3.344,1.852,352821000.0,30311000.0,322510000.0,352821000.0,0.0,44494000.0,0.0,0.0,0.0,275581000.0,320075000.0,0.422,320075000.0,275581000.0,234532000.0,0.338,0.333,0.338,541276000.0,561323250.0,541276000.0,2183655519.0,8.0,6.822,114750000.0,0.254,1.0,321077000.0,0.423,131552000.0,41049000.0,1388944000.0,1245961750.0,133154000.0,530769000.0,123592000.0,407177000.0,1002352000.0,200540000.0,801812000.0,2103439519.0,23642000.0,-183186000.0,-114696000.0,194181000.0,-13594000.0,164047000.0,-240061000.0,-64499000.0,107126000.0,-7470000.0,152446000.0,152446000.0,152446000.0,0.0,0.0,0.201,167381000.0,153696000.0,57277000.0,0.0,3.886,13.798,13.73,168753000.0,0.0,4.641,2.772,2.765,189521000.0,827542000.0,758942000.0,758942000.0,38066000.0,0.107,0.272,0.221,0.363,1973000.0,105945000.0,1.0,453265940.0,452256000,458812000.0,1.678,1412076000.0,148225000.0,82086000.0,0.0,3.122,470003000.0
66,IGT1,MRT,1998-06-30,1998-06-30,1998-06-30,2020-07-20,120000.0,1476194000.0,1347575000.0,636208000.0,839986000.0,0.591,1.322,-23761000.0,183567000.0,183567000.0,422951000.0,152143000.0,3.721,1.462,263783000.0,19341000.0,244442000.0,263783000.0,0.0,38119000.0,0.0,0.0,0.0,271777000.0,309896000.0,0.389,309896000.0,271777000.0,234069000.0,0.332,0.332,0.332,599577000.0,555966000.0,599577000.0,2885009761.0,11.0,9.31,116790000.0,0.258,1.0,373499000.0,0.469,125683000.0,37708000.0,1259738000.0,1164612500.0,156861000.0,510767000.0,121795000.0,388972000.0,876617000.0,170989000.0,705628000.0,2747924761.0,29586000.0,-182249000.0,-105073000.0,155438000.0,-13700000.0,148218000.0,-247205000.0,-65407000.0,140551000.0,-11978000.0,152143000.0,152143000.0,152143000.0,0.0,0.0,0.191,157541000.0,215958000.0,54920000.0,0.0,4.583,18.061,18.261,171634000.0,0.0,6.063,3.45,3.452,145625000.0,779919000.0,796450000.0,796450000.0,35102000.0,0.113,0.274,0.233,0.341,2222000.0,99627000.0,1.0,453265940.0,453540000,460616000.0,1.756,1350511000.0,127945000.0,81926000.0,0.0,2.978,465219000.0
67,IGT1,MRT,1998-03-31,1998-03-31,1998-03-31,2020-07-20,34000.0,1475282000.0,,624839000.0,850443000.0,,1.232,-25542000.0,193472000.0,193472000.0,394854000.0,141020000.0,3.545,1.629,330557000.0,29154000.0,301403000.0,330557000.0,0.0,35546000.0,0.0,0.0,0.0,251603000.0,287149000.0,0.389,287149000.0,251603000.0,216958000.0,0.305,0.305,0.305,561069000.0,,561069000.0,2810754125.0,11.0,9.788,111984000.0,0.246,1.0,342463000.0,0.464,133290000.0,34645000.0,1302828000.0,,150490000.0,493977000.0,114175000.0,379802000.0,914213000.0,176249000.0,737964000.0,2832912125.0,101996000.0,-181243000.0,-134076000.0,216595000.0,-13865000.0,184867000.0,-220657000.0,-13872000.0,137526000.0,260000.0,141020000.0,141020000.0,141020000.0,0.0,0.0,0.191,144816000.0,197647000.0,58361000.0,0.0,5.049,20.089,20.492,188640000.0,0.0,6.25,3.842,3.861,141326000.0,743973000.0,737317000.0,737317000.0,31875000.0,,,,0.341,2503000.0,92225000.0,1.0,453265940.0,455480000,464516000.0,1.619,1341992000.0,127114000.0,75938000.0,0.0,2.946,448590000.0
68,IGT1,MRT,1997-12-31,1997-12-31,1997-12-31,2020-07-20,189000.0,1223772000.0,,552745000.0,671027000.0,,1.194,-27985000.0,148351000.0,148351000.0,388449000.0,133242000.0,3.265,1.252,126193000.0,25484000.0,100709000.0,126193000.0,0.0,35507000.0,0.0,0.0,0.0,237977000.0,273484000.0,0.38,273484000.0,237977000.0,205658000.0,0.285,0.282,0.285,543371000.0,,543371000.0,,,,105452000.0,0.232,1.0,331149000.0,0.46,0.0,32319000.0,1032337000.0,,108013000.0,476232000.0,115537000.0,360695000.0,680401000.0,169277000.0,511124000.0,,-10574000.0,-4033000.0,-181041000.0,10485000.0,-14196000.0,-79983000.0,-65297000.0,-33279000.0,133437000.0,1269000.0,133242000.0,133242000.0,133242000.0,0.0,0.0,0.185,146702000.0,184447000.0,45999000.0,0.0,,,22.149,173767000.0,0.0,6.313,,3.992,156340000.0,711233000.0,719598000.0,719598000.0,30956000.0,,,,0.331,2755000.0,95549000.0,1.0,,455084000,462876000.0,1.581,1223772000.0,119960000.0,72416000.0,17191000.0,2.689,383468000.0
69,IGT1,MRT,1997-09-30,1997-09-30,1997-09-30,2020-07-20,822000.0,1215052000.0,,571546000.0,643506000.0,,1.077,-26509000.0,151771000.0,151771000.0,401725000.0,137247000.0,3.473,1.337,166127000.0,25414000.0,140713000.0,166127000.0,0.0,35024000.0,0.0,0.0,0.0,243047000.0,278071000.0,0.374,278071000.0,243047000.0,212625000.0,0.285,0.282,0.285,519847000.0,,519847000.0,,,,91573000.0,0.19,1.0,342245000.0,0.46,1273000.0,30422000.0,1063547000.0,,92444000.0,470961000.0,124718000.0,346243000.0,695205000.0,164588000.0,530617000.0,,-18129000.0,-3379000.0,-221803000.0,51760000.0,-14526000.0,-79202000.0,-56572000.0,-26684000.0,118082000.0,-437000.0,137247000.0,137247000.0,137247000.0,0.0,0.0,0.184,150808000.0,191437000.0,49649000.0,0.0,,,20.395,178476000.0,0.0,5.813,,3.772,173783000.0,688597000.0,743970000.0,743970000.0,31074000.0,,,,0.327,2636000.0,98380000.0,1.0,,482860000,487316000.0,1.541,1213779000.0,116301000.0,75378000.0,0.0,2.514,406958000.0
70,IGT1,MRT,1997-06-30,1997-06-30,1997-06-30,2020-07-20,,,,,,,,,,,,,,,,,,,,,,0.0,0.0,,,,,,,,,,,,,,,,,,1.0,,,,,,,,,,,,,,,,,,,,,,,,,,,,,,,,,,,,,,,,4.438,,,,,,,,,,,,,,1.0,,476968000,,,,,,,,
71,IGT1,MRT,1997-03-31,1997-03-31,1997-03-31,2020-07-20,,,,,,,,,,,,,,,,,,,,,,0.0,0.0,,,,,,,,,,,,,,,,,,1.0,,,,,,,,,,,,,,,,,,,,,,,,,,,,,,,,,,,,,,,,4.063,,,,,,,,,,,,,,1.0,,490840000,,,,,,,,
72,IGT1,MRT,1996-12-31,1996-12-31,1996-12-31,2020-07-20,,,,,,,,,,,,,,,,,,,,,,0.0,0.0,,,,,,,,,,,,,,,,,,1.0,,,,,,,,,,,,,,,,,,,,,,,,,,,,,,,,,,,,,,,,4.563,,,,,,,,,,,,,,1.0,,502568000,,,,,,,,
73,IGT1,MRT,1996-09-30,1996-09-30,1996-09-30,2020-07-20,,,,,,,,-67463000.0,,,405256000.0,118017000.0,,,,,,,,30502000.0,,0.0,0.0,207938000.0,238440000.0,0.325,238440000.0,207938000.0,184403000.0,0.233,0.233,0.233,,,,,,,-12202000.0,-0.024,1.0,328196000.0,0.447,,23535000.0,,,,,,,,,,,-71713000.0,0.0,-40976000.0,-311000.0,-15277000.0,32376000.0,-159800000.0,-92337000.0,55261000.0,450000.0,118017000.0,118017000.0,118017000.0,0.0,0.0,0.161,158363000.0,169833000.0,,0.0,,,21.996,,0.0,5.125,,3.537,,,733452000.0,733452000.0,25701000.0,,,,0.284,1236000.0,108469000.0,1.0,,506220000,509648000.0,1.449,,,66386000.0,,,
