None,ticker,dimension,calendardate,datekey,reportperiod,lastupdated,accoci,assets,assetsavg,assetsc,assetsnc,assetturnover,bvps,capex,cashneq,cashnequsd,cor,consolinc,currentratio,de,debt,debtc,debtnc,debtusd,deferredrev,depamor,deposits,divyield,dps,ebit,ebitda,ebitdamargin,ebitdausd,ebitusd,ebt,eps,epsdil,epsusd,equity,equityavg,equityusd,ev,evebit,evebitda,fcf,fcfps,fxusd,gp,grossmargin,intangibles,intexp,invcap,invcapavg,inventory,investments,investmentsc,investmentsnc,liabilities,liabilitiesc,liabilitiesnc,marketcap,ncf,ncfbus,ncfcommon,ncfdebt,ncfdiv,ncff,ncfi,ncfinv,ncfo,ncfx,netinc,netinccmn,netinccmnusd,netincdis,netincnci,netmargin,opex,opinc,payables,payoutratio,pb,pe,pe1,ppnenet,prefdivis,price,ps,ps1,receivables,retearn,revenue,revenueusd,rnd,roa,roe,roic,ros,sbcomp,sgna,sharefactor,sharesbas,shareswa,shareswadil,sps,tangibles,taxassets,taxexp,taxliabilities,tbvps,workingcapital
0,VSTNQ,MRY,2009-12-31,2009-12-31,2009-12-31,2020-12-01,142000000.0,5019000000.0,4783500000.0,2705000000.0,2314000000.0,1.398,-5.923,-151000000.0,1095000000.0,1095000000.0,6088000000.0,184000000.0,1.625,-7.091,3050000000.0,225000000.0,2825000000.0,3050000000.0,0.0,352000000.0,0.0,0.0,0.0,325000000.0,677000000.0,0.101,677000000.0,325000000.0,208000000.0,0.98,0.98,0.98,-772000000.0,-936750000.0,-772000000.0,2517910024.0,8.0,3.719,-10000000.0,-0.077,1.0,597000000.0,0.089,0.0,117000000.0,5309000000.0,4934500000.0,319000000.0,294000000.0,0.0,294000000.0,5474000000.0,1665000000.0,3809000000.0,3910024.0,-218000000.0,28000000.0,0.0,-64000000.0,0.0,-259000000.0,-123000000.0,0.0,141000000.0,23000000.0,128000000.0,128000000.0,128000000.0,0.0,56000000.0,0.019,464000000.0,133000000.0,977000000.0,0.0,-0.005,0.031,0.031,1936000000.0,0.0,0.03,0.001,0.001,1055000000.0,-4576000000.0,6685000000.0,6685000000.0,0.0,0.027,-0.137,0.066,0.049,0.0,331000000.0,1.0,130334131.0,130334131.0,,51.291,5019000000.0,0.0,80000000.0,159000000.0,38.509,1040000000.0
1,VSTNQ,MRY,2008-12-31,2008-12-31,2008-12-31,2020-12-01,157000000.0,5248000000.0,6358250000.0,2762000000.0,2486000000.0,1.501,-6.794,-294000000.0,1180000000.0,1180000000.0,9085000000.0,-647000000.0,0.647,-6.619,2762000000.0,2697000000.0,65000000.0,2762000000.0,0.0,416000000.0,0.0,0.0,0.0,-350000000.0,66000000.0,0.007,66000000.0,-350000000.0,-565000000.0,-5.26,-5.26,-5.26,-887000000.0,-440000000.0,-887000000.0,1501696709.0,-4.0,22.753,-410000000.0,-3.14,1.0,459000000.0,0.048,0.0,215000000.0,2559000000.0,4832500000.0,354000000.0,220000000.0,0.0,220000000.0,5871000000.0,4271000000.0,1600000000.0,45696709.0,-578000000.0,86000000.0,0.0,-137000000.0,0.0,-193000000.0,-208000000.0,0.0,-116000000.0,-61000000.0,-681000000.0,-681000000.0,-681000000.0,0.0,34000000.0,-0.071,975000000.0,-516000000.0,1058000000.0,0.0,-0.052,-0.067,-0.067,2162000000.0,0.0,0.35,0.005,0.005,989000000.0,-4704000000.0,9544000000.0,9544000000.0,0.0,-0.107,1.548,-0.072,-0.037,0.0,553000000.0,1.0,130562025.0,130562025.0,,73.099,5248000000.0,0.0,116000000.0,139000000.0,40.195,-1509000000.0
2,VSTNQ,MRY,2007-12-31,2007-12-31,2007-12-31,2020-12-01,275000000.0,7205000000.0,7121500000.0,4072000000.0,3133000000.0,1.583,-0.693,-376000000.0,1758000000.0,1758000000.0,10702000000.0,-329000000.0,1.611,-81.056,2840000000.0,95000000.0,2745000000.0,2840000000.0,0.0,472000000.0,0.0,0.0,0.0,-127000000.0,345000000.0,0.031,345000000.0,-127000000.0,-352000000.0,-2.87,-2.87,-2.87,-90000000.0,-115000000.0,-90000000.0,1860750263.0,-15.0,5.393,-83000000.0,-0.64,1.0,573000000.0,0.051,0.0,225000000.0,5759000000.0,5777250000.0,495000000.0,218000000.0,0.0,218000000.0,7295000000.0,2528000000.0,4767000000.0,569750263.0,701000000.0,199000000.0,0.0,582000000.0,0.0,547000000.0,-177000000.0,0.0,293000000.0,38000000.0,-372000000.0,-372000000.0,-372000000.0,24000000.0,43000000.0,-0.033,883000000.0,-310000000.0,1766000000.0,0.0,-6.331,-1.532,-1.53,2793000000.0,0.0,4.39,0.051,0.051,1150000000.0,-4016000000.0,11275000000.0,11275000000.0,0.0,-0.052,3.235,-0.022,-0.011,0.0,636000000.0,1.0,129783659.0,129783659.0,,86.875,7205000000.0,0.0,20000000.0,147000000.0,55.515,1544000000.0
3,VSTNQ,MRY,2006-12-31,2006-12-31,2006-12-31,2020-12-01,-216000000.0,6938000000.0,6843500000.0,3565000000.0,3373000000.0,1.645,-1.461,-373000000.0,1057000000.0,1057000000.0,10503000000.0,-163000000.0,1.388,-37.904,2228000000.0,100000000.0,2128000000.0,2228000000.0,0.0,430000000.0,0.0,0.0,0.0,52000000.0,482000000.0,0.043,482000000.0,52000000.0,-138000000.0,-1.27,-1.27,-1.27,-188000000.0,-62000000.0,-188000000.0,2426014226.0,47.0,5.033,-92000000.0,-0.715,1.0,753000000.0,0.067,0.0,190000000.0,5541000000.0,5514250000.0,520000000.0,224000000.0,0.0,224000000.0,7126000000.0,2568000000.0,4558000000.0,1091014226.0,192000000.0,42000000.0,0.0,214000000.0,0.0,214000000.0,-337000000.0,0.0,281000000.0,34000000.0,-163000000.0,-163000000.0,-163000000.0,22000000.0,0.0,-0.014,828000000.0,-75000000.0,1825000000.0,0.0,-5.803,-6.693,-6.677,3034000000.0,0.0,8.48,0.097,0.097,1233000000.0,-3606000000.0,11256000000.0,11256000000.0,0.0,-0.024,2.629,0.009,0.005,0.0,713000000.0,1.0,128657338.0,128657338.0,,87.488,6938000000.0,0.0,25000000.0,170000000.0,53.926,997000000.0
4,VSTNQ,MRY,2005-12-31,2005-12-31,2005-12-31,2020-12-01,-234000000.0,6736000000.0,8657000000.0,3345000000.0,3391000000.0,1.935,-0.373,-585000000.0,865000000.0,865000000.0,16206000000.0,-270000000.0,1.13,-141.333,1994000000.0,485000000.0,1509000000.0,1994000000.0,0.0,595000000.0,0.0,0.0,0.0,-50000000.0,545000000.0,0.033,545000000.0,-50000000.0,-206000000.0,-2.14,-2.14,-2.14,-48000000.0,-647000000.0,-48000000.0,1862933484.0,-37.0,3.418,-168000000.0,-1.305,1.0,544000000.0,0.032,0.0,156000000.0,4906000000.0,6089250000.0,537000000.0,226000000.0,0.0,226000000.0,6784000000.0,2959000000.0,3825000000.0,805933484.0,113000000.0,278000000.0,0.0,-51000000.0,0.0,-51000000.0,-231000000.0,0.0,417000000.0,-22000000.0,-270000000.0,-270000000.0,-270000000.0,8000000.0,0.0,-0.016,2475000000.0,-1931000000.0,1803000000.0,0.0,-16.79,-2.985,-2.925,2973000000.0,0.0,6.26,0.048,0.048,1711000000.0,-3440000000.0,16750000000.0,16750000000.0,0.0,-0.031,0.417,-0.008,-0.003,0.0,945000000.0,1.0,128743368.0,128743368.0,,130.104,6736000000.0,0.0,64000000.0,175000000.0,52.321,386000000.0
5,VSTNQ,MRY,2004-12-31,2004-12-31,2004-12-31,2020-12-01,5000000.0,10292000000.0,10859250000.0,4430000000.0,5862000000.0,1.718,2.47,-827000000.0,752000000.0,752000000.0,17769000000.0,-1536000000.0,1.13,31.163,2021000000.0,508000000.0,1513000000.0,2021000000.0,0.0,685000000.0,0.0,0.0,0.0,-470000000.0,215000000.0,0.012,215000000.0,-470000000.0,-574000000.0,-12.26,-12.26,-12.26,320000000.0,1048500000.0,320000000.0,2551563760.0,-5.0,11.868,-409000000.0,-3.157,1.0,888000000.0,0.048,0.0,104000000.0,7639000000.0,8145000000.0,889000000.0,227000000.0,0.0,227000000.0,9972000000.0,3922000000.0,6050000000.0,1265563760.0,-201000000.0,0.0,0.0,165000000.0,-30000000.0,135000000.0,-782000000.0,0.0,418000000.0,28000000.0,-1536000000.0,-1536000000.0,-1536000000.0,0.0,0.0,-0.082,1376000000.0,-488000000.0,2493000000.0,0.0,3.955,-0.824,-0.797,5303000000.0,0.0,9.77,0.068,0.068,2540000000.0,-3170000000.0,18657000000.0,18657000000.0,0.0,-0.141,-1.465,-0.058,-0.025,0.0,980000000.0,1.0,129535697.0,129535697.0,,144.03,10292000000.0,0.0,962000000.0,287000000.0,79.453,508000000.0
6,VSTNQ,MRY,2003-12-31,2003-12-31,2003-12-31,2020-12-01,-54000000.0,11024000000.0,11428500000.0,4474000000.0,6550000000.0,1.545,13.86,-872000000.0,953000000.0,953000000.0,17108000000.0,-1229000000.0,1.232,5.084,1818000000.0,351000000.0,1467000000.0,1818000000.0,0.0,677000000.0,0.0,0.0,0.0,-1129000000.0,-452000000.0,-0.026,-452000000.0,-1129000000.0,-1223000000.0,-9.77,-9.77,-9.77,1812000000.0,2602750000.0,1812000000.0,2249958044.0,-2.0,-4.978,-509000000.0,-3.893,1.0,552000000.0,0.031,0.0,94000000.0,8257000000.0,8687000000.0,852000000.0,218000000.0,3000000.0,215000000.0,9212000000.0,3632000000.0,5580000000.0,1360958044.0,-251000000.0,-4000000.0,-5000000.0,163000000.0,-30000000.0,128000000.0,-781000000.0,70000000.0,363000000.0,39000000.0,-1229000000.0,-1229000000.0,-1229000000.0,0.0,0.0,-0.07,1724000000.0,-1172000000.0,2320000000.0,0.0,0.751,-1.107,-1.066,5365000000.0,0.0,10.41,0.077,0.077,2360000000.0,-1604000000.0,17660000000.0,17660000000.0,0.0,-0.108,-0.472,-0.13,-0.064,0.0,988000000.0,1.0,130735643.0,130735643.0,,135.082,11024000000.0,863000000.0,6000000.0,34000000.0,84.323,842000000.0
7,VSTNQ,MRY,2002-12-31,2002-12-31,2002-12-31,2020-12-01,-144000000.0,11169000000.0,11196500000.0,4710000000.0,6459000000.0,1.643,22.676,-725000000.0,1204000000.0,1204000000.0,17626000000.0,-379000000.0,1.357,2.786,1691000000.0,393000000.0,1298000000.0,1691000000.0,0.0,0.0,0.0,0.0,0.0,-373000000.0,-373000000.0,-0.02,-373000000.0,-373000000.0,-453000000.0,-2.97,-2.97,-2.97,2950000000.0,3007750000.0,2950000000.0,1917468139.0,-5.0,-5.141,378000000.0,2.906,1.0,769000000.0,0.042,0.0,80000000.0,8185000000.0,8454500000.0,878000000.0,265000000.0,74000000.0,191000000.0,8219000000.0,3471000000.0,4748000000.0,905468139.0,180000000.0,0.0,-24000000.0,-283000000.0,-31000000.0,-338000000.0,-609000000.0,80000000.0,1103000000.0,24000000.0,-379000000.0,-379000000.0,-379000000.0,0.0,0.0,-0.021,893000000.0,-124000000.0,2038000000.0,0.0,0.307,-2.389,-2.343,5448000000.0,0.0,6.96,0.049,0.049,2219000000.0,-302000000.0,18395000000.0,18395000000.0,0.0,-0.034,-0.126,-0.044,-0.02,0.0,893000000.0,1.0,130095997.0,130095997.0,,141.396,11169000000.0,786000000.0,-74000000.0,18000000.0,85.852,1239000000.0
8,VSTNQ,MRY,2001-12-31,2001-12-31,2001-12-31,2020-12-01,-231000000.0,11162000000.0,11306500000.0,4837000000.0,6325000000.0,1.578,25.122,-756000000.0,1024000000.0,1024000000.0,17111000000.0,-122000000.0,1.375,2.392,1922000000.0,629000000.0,1293000000.0,1922000000.0,0.0,0.0,0.0,0.0,0.0,-120000000.0,-120000000.0,-0.007,-120000000.0,-120000000.0,-196000000.0,-0.94,-0.94,-0.94,3291000000.0,3384000000.0,3291000000.0,3067705302.0,-26.0,-25.564,-316000000.0,-2.412,1.0,732000000.0,0.041,363000000.0,76000000.0,8178000000.0,8531750000.0,942000000.0,315000000.0,157000000.0,158000000.0,7871000000.0,3519000000.0,4352000000.0,1960705302.0,-388000000.0,-7000000.0,-25000000.0,-19000000.0,-31000000.0,-75000000.0,-747000000.0,-86000000.0,440000000.0,-6000000.0,-122000000.0,-122000000.0,-122000000.0,0.0,0.0,-0.007,855000000.0,-123000000.0,1915000000.0,0.0,0.596,-16.071,-16.0,5329000000.0,0.0,15.04,0.11,0.11,2394000000.0,105000000.0,17843000000.0,17843000000.0,0.0,-0.011,-0.036,-0.014,-0.007,0.0,855000000.0,1.0,130366044.0,131000000.0,131000000.0,136.206,10799000000.0,489000000.0,-74000000.0,43000000.0,82.435,1318000000.0
9,VSTNQ,MRY,2000-12-31,2000-12-31,2000-12-31,2020-12-01,-179000000.0,11405000000.0,11529250000.0,5085000000.0,6320000000.0,1.688,26.962,-793000000.0,1412000000.0,1412000000.0,18129000000.0,270000000.0,1.337,2.254,2019000000.0,622000000.0,1397000000.0,2019000000.0,0.0,0.0,0.0,0.0,0.0,471000000.0,471000000.0,0.024,471000000.0,471000000.0,413000000.0,2.08,2.08,2.08,3505000000.0,3057000000.0,3505000000.0,2321726338.0,5.0,4.929,-1319000000.0,-10.146,1.0,1338000000.0,0.069,0.0,58000000.0,8210000000.0,8319000000.0,1028000000.0,207000000.0,65000000.0,142000000.0,7900000000.0,3802000000.0,4098000000.0,1505726338.0,-437000000.0,-28000000.0,0.0,940000000.0,-16000000.0,924000000.0,-842000000.0,-65000000.0,-526000000.0,7000000.0,270000000.0,270000000.0,270000000.0,0.0,0.0,0.014,897000000.0,441000000.0,2029000000.0,0.0,0.43,5.577,5.529,5497000000.0,0.0,11.5,0.077,0.077,2190000000.0,254000000.0,19467000000.0,19467000000.0,0.0,0.023,0.088,0.057,0.024,0.0,897000000.0,1.0,130932725.0,130000000.0,130000000.0,149.746,11405000000.0,292000000.0,143000000.0,83000000.0,87.731,1283000000.0
10,VSTNQ,MRY,1999-12-31,1999-12-31,1999-12-31,2020-12-01,-67000000.0,12449000000.0,10911000000.0,5196000000.0,7253000000.0,1.775,11.531,-876000000.0,1849000000.0,1849000000.0,17503000000.0,735000000.0,0.949,7.305,2319000000.0,961000000.0,1358000000.0,2319000000.0,0.0,0.0,0.0,,0.0,1221000000.0,1221000000.0,0.063,1221000000.0,1221000000.0,1157000000.0,5.65,5.65,5.65,1499000000.0,1577000000.0,1499000000.0,,,,1606000000.0,12.354,1.0,1863000000.0,0.096,0.0,64000000.0,7444000000.0,7118000000.0,751000000.0,205000000.0,0.0,205000000.0,10950000000.0,5475000000.0,5475000000.0,,1307000000.0,-579000000.0,0.0,948000000.0,0.0,290000000.0,-1453000000.0,0.0,2482000000.0,-12000000.0,735000000.0,735000000.0,735000000.0,0.0,0.0,0.038,674000000.0,1189000000.0,3150000000.0,0.0,,,,5789000000.0,0.0,,,,2191000000.0,0.0,19366000000.0,19366000000.0,0.0,0.067,0.466,0.172,0.063,0.0,674000000.0,1.0,130798000.0,130000000.0,130000000.0,148.969,12449000000.0,472000000.0,422000000.0,306000000.0,95.762,-279000000.0
11,VSTNQ,MRY,1998-12-31,1998-12-31,1998-12-31,2020-12-01,-25000000.0,9373000000.0,,3191000000.0,6182000000.0,,12.731,-861000000.0,542000000.0,542000000.0,15969000000.0,703000000.0,1.009,4.663,1125000000.0,309000000.0,816000000.0,1125000000.0,0.0,0.0,0.0,,0.0,1163000000.0,1163000000.0,0.065,1163000000.0,1163000000.0,1119000000.0,5.41,5.41,5.41,1655000000.0,,1655000000.0,,,,515000000.0,3.962,1.0,1793000000.0,0.101,0.0,44000000.0,6792000000.0,,606000000.0,214000000.0,0.0,214000000.0,7718000000.0,3164000000.0,4554000000.0,,198000000.0,-108000000.0,0.0,-19000000.0,0.0,-234000000.0,-940000000.0,0.0,1376000000.0,-4000000.0,703000000.0,703000000.0,703000000.0,0.0,0.0,0.04,659000000.0,1134000000.0,1863000000.0,0.0,,,,5391000000.0,0.0,,,,1761000000.0,,17762000000.0,17762000000.0,0.0,,,,0.065,0.0,659000000.0,1.0,,130000000.0,130000000.0,136.631,9373000000.0,495000000.0,416000000.0,184000000.0,72.1,27000000.0
12,VSTNQ,MRY,1997-12-31,1997-12-31,1997-12-31,2020-12-01,,,,,,,,-917000000.0,,,15794000000.0,511000000.0,,,,,,,,0.0,,,0.0,881000000.0,881000000.0,0.051,881000000.0,881000000.0,816000000.0,,,,,,,,,,494000000.0,,1.0,1426000000.0,0.083,,65000000.0,,,,,,,,,,,207000000.0,0.0,0.0,-11000000.0,0.0,-251000000.0,-943000000.0,0.0,1411000000.0,-10000000.0,511000000.0,511000000.0,511000000.0,0.0,0.0,0.03,575000000.0,851000000.0,,,,,,,0.0,,,,,,17220000000.0,17220000000.0,0.0,,,,0.051,0.0,575000000.0,1.0,,,,,,,305000000.0,,,
0,VSTNQ,MRQ,2010-06-30,2010-06-30,2010-06-30,2020-12-01,-215000000.0,4974000000.0,,2828000000.0,2146000000.0,,-8.418,-41000000.0,1160000000.0,1160000000.0,1841000000.0,-177000000.0,1.644,-5.236,3312000000.0,207000000.0,3105000000.0,3312000000.0,0.0,67000000.0,0.0,0.0,0.0,-22000000.0,45000000.0,0.023,45000000.0,-22000000.0,-151000000.0,-1.55,-1.55,-1.55,-1097000000.0,,-1097000000.0,2017554022.0,4.0,2.346,92000000.0,0.706,1.0,104000000.0,0.053,0.0,129000000.0,5406000000.0,,351000000.0,357000000.0,0.0,357000000.0,5744000000.0,1720000000.0,4024000000.0,62554022.0,15000000.0,22000000.0,0.0,0.0,0.0,-64000000.0,-19000000.0,0.0,133000000.0,-35000000.0,-201000000.0,-201000000.0,-201000000.0,0.0,24000000.0,-0.103,140000000.0,-36000000.0,997000000.0,0.0,-0.057,0.232,0.232,1721000000.0,0.0,0.48,0.008,0.008,1032000000.0,-4544000000.0,1945000000.0,1945000000.0,0.0,,,,,0.0,88000000.0,1.0,130320880.0,130320880.0,,14.925,4974000000.0,0.0,50000000.0,173000000.0,38.167,1108000000.0
1,VSTNQ,MRQ,2010-03-31,2010-03-31,2010-03-31,2020-12-01,-51000000.0,5098000000.0,,2842000000.0,2256000000.0,,-5.617,-25000000.0,1099000000.0,1099000000.0,1486000000.0,248000000.0,1.642,-7.522,3054000000.0,216000000.0,2838000000.0,3054000000.0,0.0,73000000.0,0.0,0.0,0.0,264000000.0,337000000.0,0.177,337000000.0,264000000.0,258000000.0,1.79,1.79,1.79,-732000000.0,,-732000000.0,2111389497.0,4.0,2.441,15000000.0,0.115,1.0,418000000.0,0.22,0.0,6000000.0,5322000000.0,,353000000.0,320000000.0,0.0,320000000.0,5506000000.0,1731000000.0,3775000000.0,156389497.0,2000000.0,1000000.0,0.0,-9000000.0,0.0,-11000000.0,-24000000.0,0.0,40000000.0,-3000000.0,233000000.0,233000000.0,233000000.0,0.0,15000000.0,0.122,172000000.0,246000000.0,1037000000.0,0.0,-0.214,0.436,0.436,1849000000.0,0.0,1.2,0.022,0.022,1072000000.0,-4343000000.0,1904000000.0,1904000000.0,0.0,,,,,0.0,113000000.0,1.0,130324581.0,130324581.0,,14.61,5098000000.0,0.0,25000000.0,171000000.0,39.118,1111000000.0
2,VSTNQ,MRQ,2009-12-31,2009-12-31,2009-12-31,2020-12-01,142000000.0,5019000000.0,,2705000000.0,2314000000.0,,-5.923,-64000000.0,1095000000.0,1095000000.0,1675000000.0,297000000.0,1.625,-7.091,3050000000.0,225000000.0,2825000000.0,3050000000.0,0.0,97000000.0,0.0,0.0,0.0,300000000.0,397000000.0,0.195,397000000.0,300000000.0,293000000.0,2.12,2.12,2.12,-772000000.0,,-772000000.0,2517910024.0,8.0,3.719,228000000.0,1.749,1.0,356000000.0,0.175,0.0,7000000.0,5309000000.0,,319000000.0,294000000.0,0.0,294000000.0,5474000000.0,1665000000.0,3809000000.0,3910024.0,250000000.0,34000000.0,0.0,23000000.0,0.0,-14000000.0,-30000000.0,0.0,292000000.0,2000000.0,276000000.0,276000000.0,276000000.0,0.0,21000000.0,0.136,128000000.0,228000000.0,977000000.0,0.0,-0.005,0.031,0.031,1936000000.0,0.0,0.03,0.001,0.001,1055000000.0,-4576000000.0,2031000000.0,2031000000.0,0.0,,,,,0.0,31000000.0,1.0,130334131.0,130334131.0,,15.583,5019000000.0,0.0,17000000.0,159000000.0,38.509,1040000000.0
3,VSTNQ,MRQ,2009-09-30,2009-09-30,2009-09-30,2020-12-01,201000000.0,4907000000.0,,2524000000.0,2383000000.0,,-7.601,-29000000.0,814000000.0,814000000.0,1617000000.0,-23000000.0,1.673,-5.657,3328000000.0,136000000.0,3192000000.0,3328000000.0,0.0,93000000.0,0.0,0.0,0.0,-12000000.0,81000000.0,0.047,81000000.0,-12000000.0,-20000000.0,-0.29,-0.29,-0.29,-991000000.0,,-991000000.0,2621468089.0,-9.0,41.611,55000000.0,0.422,1.0,116000000.0,0.067,0.0,8000000.0,5912000000.0,,360000000.0,266000000.0,0.0,266000000.0,5606000000.0,1509000000.0,4097000000.0,23468089.0,65000000.0,1000000.0,0.0,53000000.0,0.0,-10000000.0,-28000000.0,0.0,84000000.0,19000000.0,-38000000.0,-38000000.0,-38000000.0,0.0,15000000.0,-0.022,141000000.0,-25000000.0,952000000.0,0.0,-0.024,-0.048,-0.047,2039000000.0,0.0,0.18,0.004,0.004,1126000000.0,-4852000000.0,1733000000.0,1733000000.0,0.0,,,,,0.0,95000000.0,1.0,130378272.0,130378272.0,,13.292,4907000000.0,0.0,18000000.0,149000000.0,37.637,1015000000.0
4,VSTNQ,MRQ,2009-06-30,2009-06-30,2009-06-30,2020-12-01,165000000.0,4647000000.0,,2277000000.0,2370000000.0,,-7.583,-33000000.0,742000000.0,742000000.0,1489000000.0,-99000000.0,1.783,-5.429,3340000000.0,136000000.0,3204000000.0,3340000000.0,0.0,84000000.0,0.0,0.0,0.0,-34000000.0,50000000.0,0.032,50000000.0,-34000000.0,-81000000.0,-0.87,-0.87,-0.87,-989000000.0,,-989000000.0,1967562988.0,-5.0,-78.703,7000000.0,0.054,1.0,80000000.0,0.051,0.0,47000000.0,5968000000.0,,329000000.0,237000000.0,0.0,237000000.0,5369000000.0,1277000000.0,4092000000.0,19562988.0,43000000.0,2000000.0,0.0,-5000000.0,0.0,5000000.0,-31000000.0,0.0,40000000.0,29000000.0,-112000000.0,-112000000.0,-112000000.0,0.0,13000000.0,-0.071,122000000.0,-42000000.0,780000000.0,0.0,-0.02,-0.03,-0.03,2053000000.0,0.0,0.15,0.003,0.003,998000000.0,-4814000000.0,1569000000.0,1569000000.0,0.0,,,,,0.0,97000000.0,1.0,130419920.0,130419920.0,,12.03,4647000000.0,0.0,31000000.0,136000000.0,35.631,1000000000.0
5,VSTNQ,MRQ,2009-03-31,2009-03-31,2009-03-31,2020-12-01,47000000.0,4561000000.0,,2247000000.0,2314000000.0,,-7.626,-25000000.0,767000000.0,767000000.0,1307000000.0,9000000.0,0.567,-5.338,2715000000.0,2655000000.0,60000000.0,2715000000.0,0.0,78000000.0,0.0,0.0,0.0,71000000.0,149000000.0,0.11,149000000.0,71000000.0,16000000.0,0.02,0.02,0.02,-995000000.0,,-995000000.0,1598962772.0,-6.0,16.484,-300000000.0,-2.299,1.0,45000000.0,0.033,0.0,55000000.0,2549000000.0,,328000000.0,226000000.0,0.0,226000000.0,5311000000.0,3960000000.0,1351000000.0,16962772.0,-576000000.0,-9000000.0,0.0,-77000000.0,0.0,-240000000.0,-34000000.0,0.0,-275000000.0,-27000000.0,2000000.0,2000000.0,2000000.0,0.0,7000000.0,0.001,135000000.0,-90000000.0,813000000.0,0.0,-0.017,-0.03,-0.029,2008000000.0,0.0,0.13,0.002,0.002,887000000.0,-4702000000.0,1352000000.0,1352000000.0,0.0,,,,,0.0,108000000.0,1.0,130482861.0,130482861.0,,10.362,4561000000.0,0.0,14000000.0,138000000.0,34.955,-1713000000.0
6,VSTNQ,MRQ,2008-12-31,2008-12-31,2008-12-31,2020-12-01,157000000.0,5248000000.0,,2762000000.0,2486000000.0,,-6.794,-64000000.0,1180000000.0,1180000000.0,1663000000.0,-350000000.0,0.647,-6.619,2762000000.0,2697000000.0,65000000.0,2762000000.0,0.0,89000000.0,0.0,0.0,0.0,-306000000.0,-217000000.0,-0.131,-217000000.0,-306000000.0,-361000000.0,-2.67,-2.67,-2.67,-887000000.0,,-887000000.0,1501696709.0,-4.0,22.753,-27000000.0,-0.207,1.0,-10000000.0,-0.006,0.0,55000000.0,2559000000.0,,354000000.0,220000000.0,0.0,220000000.0,5871000000.0,4271000000.0,1600000000.0,45696709.0,47000000.0,21000000.0,0.0,69000000.0,0.0,75000000.0,-48000000.0,0.0,37000000.0,-17000000.0,-346000000.0,-346000000.0,-346000000.0,0.0,-4000000.0,-0.209,427000000.0,-437000000.0,1058000000.0,0.0,-0.052,-0.067,-0.067,2162000000.0,0.0,0.35,0.005,0.005,989000000.0,-4704000000.0,1653000000.0,1653000000.0,0.0,,,,,0.0,111000000.0,1.0,130562025.0,130562025.0,,12.661,5248000000.0,0.0,-15000000.0,139000000.0,40.195,-1509000000.0
7,VSTNQ,MRQ,2008-09-30,2008-09-30,2008-09-30,2020-12-01,169000000.0,5941000000.0,,3133000000.0,2808000000.0,,-4.059,-76000000.0,1133000000.0,1133000000.0,2077000000.0,-181000000.0,1.553,-12.209,2589000000.0,97000000.0,2492000000.0,2589000000.0,0.0,102000000.0,0.0,0.0,0.0,-109000000.0,-7000000.0,-0.003,-7000000.0,-109000000.0,-157000000.0,-1.45,-1.45,-1.45,-530000000.0,,-530000000.0,1461903898.0,-21.0,3.817,-236000000.0,-1.808,1.0,43000000.0,0.02,0.0,48000000.0,5379000000.0,,429000000.0,226000000.0,0.0,226000000.0,6471000000.0,2018000000.0,4453000000.0,302903898.0,-373000000.0,6000000.0,0.0,-24000000.0,0.0,-86000000.0,-69000000.0,0.0,-160000000.0,-58000000.0,-188000000.0,-188000000.0,-188000000.0,0.0,7000000.0,-0.089,160000000.0,-117000000.0,1331000000.0,0.0,-0.572,-0.801,-0.797,2486000000.0,0.0,2.32,0.028,0.028,1020000000.0,-4358000000.0,2120000000.0,2120000000.0,0.0,,,,,0.0,138000000.0,1.0,130562025.0,130562025.0,,16.237,5941000000.0,0.0,31000000.0,148000000.0,45.503,1115000000.0
8,VSTNQ,MRQ,2008-06-30,2008-06-30,2008-06-30,2020-12-01,304000000.0,7016000000.0,,3935000000.0,3081000000.0,,-1.582,-80000000.0,1506000000.0,1506000000.0,2678000000.0,-23000000.0,1.503,-34.894,2665000000.0,121000000.0,2544000000.0,2665000000.0,0.0,110000000.0,0.0,0.0,0.0,62000000.0,172000000.0,0.059,172000000.0,62000000.0,7000000.0,-0.32,-0.32,-0.32,-207000000.0,,-207000000.0,1575079276.0,175.0,3.358,53000000.0,0.405,1.0,231000000.0,0.079,0.0,55000000.0,5557000000.0,,466000000.0,252000000.0,0.0,252000000.0,7223000000.0,2618000000.0,4605000000.0,344079276.0,-107000000.0,7000000.0,0.0,-170000000.0,0.0,-170000000.0,-69000000.0,0.0,133000000.0,-1000000.0,-42000000.0,-42000000.0,-42000000.0,0.0,19000000.0,-0.014,196000000.0,35000000.0,1795000000.0,0.0,-1.662,-1.151,-1.143,2721000000.0,0.0,2.63,0.031,0.031,1217000000.0,-4170000000.0,2909000000.0,2909000000.0,0.0,,,,,0.0,156000000.0,1.0,130828622.0,130828622.0,,22.235,7016000000.0,0.0,49000000.0,158000000.0,53.627,1317000000.0
9,VSTNQ,MRQ,2008-03-31,2008-03-31,2008-03-31,2020-12-01,333000000.0,7228000000.0,,4084000000.0,3144000000.0,,-1.049,-74000000.0,1613000000.0,1613000000.0,2667000000.0,-93000000.0,1.556,-54.147,2844000000.0,103000000.0,2741000000.0,2844000000.0,0.0,115000000.0,0.0,0.0,0.0,3000000.0,118000000.0,0.041,118000000.0,3000000.0,-54000000.0,-0.81,-0.81,-0.81,-136000000.0,,-136000000.0,1569484143.0,-42.0,3.658,-200000000.0,-1.543,1.0,195000000.0,0.068,0.0,57000000.0,5835000000.0,,484000000.0,240000000.0,0.0,240000000.0,7364000000.0,2624000000.0,4740000000.0,487484143.0,-145000000.0,52000000.0,0.0,-12000000.0,0.0,-12000000.0,-22000000.0,0.0,-126000000.0,15000000.0,-105000000.0,-105000000.0,-105000000.0,0.0,12000000.0,-0.037,234000000.0,-39000000.0,1851000000.0,0.0,-3.584,-1.505,-1.504,2778000000.0,0.0,3.76,0.043,0.043,1215000000.0,-4128000000.0,2862000000.0,2862000000.0,0.0,,,,,0.0,148000000.0,1.0,129650038.0,129650038.0,,22.075,7228000000.0,0.0,51000000.0,160000000.0,55.75,1460000000.0
10,VSTNQ,MRQ,2007-12-31,2007-12-31,2007-12-31,2020-12-01,275000000.0,7205000000.0,,4072000000.0,3133000000.0,,-0.693,-144000000.0,1758000000.0,1758000000.0,2665000000.0,0.0,1.611,-81.056,2840000000.0,95000000.0,2745000000.0,2840000000.0,0.0,126000000.0,0.0,0.0,0.0,-26000000.0,100000000.0,0.035,100000000.0,-26000000.0,-88000000.0,-0.33,-0.33,-0.33,-90000000.0,,-90000000.0,1860750263.0,-15.0,5.393,187000000.0,1.441,1.0,202000000.0,0.07,0.0,62000000.0,5759000000.0,,495000000.0,218000000.0,0.0,218000000.0,7295000000.0,2528000000.0,4767000000.0,569750263.0,336000000.0,40000000.0,0.0,113000000.0,0.0,95000000.0,-98000000.0,0.0,331000000.0,8000000.0,-43000000.0,-43000000.0,-43000000.0,0.0,43000000.0,-0.015,284000000.0,-82000000.0,1766000000.0,0.0,-6.331,-1.532,-1.53,2793000000.0,0.0,4.39,0.051,0.051,1150000000.0,-4016000000.0,2867000000.0,2867000000.0,0.0,,,,,0.0,191000000.0,1.0,129783659.0,129783659.0,,22.091,7205000000.0,0.0,-45000000.0,147000000.0,55.515,1544000000.0
11,VSTNQ,MRQ,2007-09-30,2007-09-30,2007-09-30,2020-12-01,160000000.0,7119000000.0,,3959000000.0,3160000000.0,,-1.249,-88000000.0,1422000000.0,1422000000.0,2447000000.0,-109000000.0,1.563,-44.944,2713000000.0,109000000.0,2604000000.0,2713000000.0,0.0,109000000.0,0.0,0.0,0.0,-30000000.0,79000000.0,0.031,79000000.0,-30000000.0,-89000000.0,-0.84,-0.84,-0.84,-162000000.0,,-162000000.0,1900025344.0,-15.0,5.706,-141000000.0,-1.087,1.0,99000000.0,0.039,0.0,59000000.0,5877000000.0,,535000000.0,233000000.0,0.0,233000000.0,7281000000.0,2533000000.0,4748000000.0,668025344.0,-51000000.0,69000000.0,0.0,25000000.0,0.0,8000000.0,-24000000.0,0.0,-53000000.0,18000000.0,-109000000.0,-109000000.0,-109000000.0,0.0,0.0,-0.043,172000000.0,-73000000.0,1781000000.0,0.0,-4.124,-1.815,-1.807,2798000000.0,0.0,5.15,0.06,0.06,1289000000.0,-3973000000.0,2546000000.0,2546000000.0,0.0,,,,,0.0,131000000.0,1.0,129713659.0,129713659.0,,19.628,7119000000.0,0.0,20000000.0,193000000.0,54.882,1426000000.0
12,VSTNQ,MRQ,2007-06-30,2007-06-30,2007-06-30,2020-12-01,113000000.0,7326000000.0,,4178000000.0,3148000000.0,,-0.787,-80000000.0,1473000000.0,1473000000.0,2819000000.0,-67000000.0,1.572,-72.824,2705000000.0,100000000.0,2605000000.0,2705000000.0,0.0,116000000.0,0.0,0.0,0.0,16000000.0,132000000.0,0.044,132000000.0,16000000.0,-39000000.0,-0.52,-0.52,-0.52,-102000000.0,,-102000000.0,2407076702.0,-11.0,10.029,66000000.0,0.509,1.0,155000000.0,0.052,0.0,55000000.0,5901000000.0,,523000000.0,215000000.0,0.0,215000000.0,7428000000.0,2657000000.0,4771000000.0,1050076702.0,601000000.0,83000000.0,0.0,443000000.0,0.0,443000000.0,2000000.0,0.0,146000000.0,10000000.0,-67000000.0,-67000000.0,-67000000.0,7000000.0,0.0,-0.023,193000000.0,-38000000.0,1876000000.0,0.0,-10.295,-2.408,-2.389,2790000000.0,0.0,8.1,0.093,0.093,1347000000.0,-3863000000.0,2974000000.0,2974000000.0,0.0,,,,,0.0,145000000.0,1.0,129639099.0,129639099.0,,22.941,7326000000.0,0.0,28000000.0,218000000.0,56.511,1521000000.0
13,VSTNQ,MRQ,2007-03-31,2007-03-31,2007-03-31,2020-12-01,46000000.0,6836000000.0,,3554000000.0,3282000000.0,,-0.822,-64000000.0,872000000.0,872000000.0,2771000000.0,-153000000.0,1.356,-65.491,2229000000.0,104000000.0,2125000000.0,2229000000.0,0.0,121000000.0,0.0,0.0,0.0,-87000000.0,34000000.0,0.012,34000000.0,-87000000.0,-136000000.0,-1.19,-1.19,-1.19,-106000000.0,,-106000000.0,2272779013.0,-20.0,6.805,-195000000.0,-1.511,1.0,117000000.0,0.041,0.0,49000000.0,5572000000.0,,518000000.0,234000000.0,0.0,234000000.0,6942000000.0,2621000000.0,4321000000.0,1101779013.0,-185000000.0,7000000.0,0.0,1000000.0,0.0,1000000.0,-57000000.0,0.0,-131000000.0,2000000.0,-153000000.0,-153000000.0,-153000000.0,17000000.0,0.0,-0.053,234000000.0,-117000000.0,1890000000.0,0.0,-10.394,-3.454,-3.444,2826000000.0,0.0,8.54,0.098,0.098,1302000000.0,-3794000000.0,2888000000.0,2888000000.0,0.0,,,,,0.0,169000000.0,1.0,129013936.0,129013936.0,,22.385,6836000000.0,0.0,17000000.0,193000000.0,52.987,933000000.0
14,VSTNQ,MRQ,2006-12-31,2006-12-31,2006-12-31,2020-12-01,-216000000.0,6938000000.0,,3565000000.0,3373000000.0,,-1.461,-108000000.0,1057000000.0,1057000000.0,2668000000.0,-39000000.0,1.388,-37.904,2228000000.0,100000000.0,2128000000.0,2228000000.0,0.0,115000000.0,0.0,0.0,0.0,-27000000.0,88000000.0,0.031,88000000.0,-27000000.0,-71000000.0,-0.3,-0.3,-0.3,-188000000.0,,-188000000.0,2426014226.0,47.0,5.033,131000000.0,1.018,1.0,140000000.0,0.05,0.0,44000000.0,5541000000.0,,520000000.0,224000000.0,0.0,224000000.0,7126000000.0,2568000000.0,4558000000.0,1091014226.0,317000000.0,24000000.0,0.0,154000000.0,0.0,154000000.0,-84000000.0,6000000.0,239000000.0,8000000.0,-39000000.0,-39000000.0,-39000000.0,9000000.0,0.0,-0.014,234000000.0,-94000000.0,1825000000.0,0.0,-5.803,-6.693,-6.677,3034000000.0,0.0,8.48,0.097,0.097,1233000000.0,-3606000000.0,2808000000.0,2808000000.0,0.0,,,,,0.0,176000000.0,1.0,128657338.0,128657338.0,,21.825,6938000000.0,0.0,-32000000.0,170000000.0,53.926,997000000.0
15,VSTNQ,MRQ,2006-09-30,2006-09-30,2006-09-30,2020-12-01,-168000000.0,6721000000.0,,3303000000.0,3418000000.0,,-0.796,-82000000.0,740000000.0,740000000.0,2528000000.0,-177000000.0,1.331,-66.892,2075000000.0,143000000.0,1932000000.0,2075000000.0,0.0,107000000.0,0.0,0.0,0.0,-121000000.0,-14000000.0,-0.005,-14000000.0,-121000000.0,-167000000.0,-1.38,-1.38,-1.38,-102000000.0,,-102000000.0,2248871715.0,2.0,1.172,-116000000.0,-0.906,1.0,52000000.0,0.02,0.0,46000000.0,5574000000.0,,543000000.0,218000000.0,0.0,218000000.0,6823000000.0,2482000000.0,4341000000.0,1043871715.0,-96000000.0,7000000.0,0.0,17000000.0,0.0,17000000.0,-81000000.0,-6000000.0,-34000000.0,2000000.0,-177000000.0,-177000000.0,-177000000.0,6000000.0,0.0,-0.069,190000000.0,-138000000.0,1681000000.0,0.0,-10.234,0.86,0.843,2997000000.0,0.0,8.15,0.094,0.094,1495000000.0,-3564000000.0,2580000000.0,2580000000.0,0.0,,,,,0.0,176000000.0,1.0,128082419.0,128082419.0,,20.143,6721000000.0,0.0,10000000.0,204000000.0,52.474,821000000.0
16,VSTNQ,MRQ,2006-06-30,2006-06-30,2006-06-30,2020-12-01,-181000000.0,6897000000.0,,3468000000.0,3429000000.0,,0.445,-105000000.0,836000000.0,836000000.0,2644000000.0,50000000.0,1.364,120.0,2041000000.0,131000000.0,1910000000.0,2041000000.0,0.0,106000000.0,0.0,0.0,0.0,120000000.0,226000000.0,0.076,226000000.0,120000000.0,67000000.0,0.39,0.39,0.39,57000000.0,,57000000.0,2124754733.0,1.0,1.114,3000000.0,0.023,1.0,313000000.0,0.106,0.0,53000000.0,5559000000.0,,570000000.0,210000000.0,0.0,210000000.0,6840000000.0,2543000000.0,4297000000.0,922754733.0,-45000000.0,11000000.0,0.0,-72000000.0,0.0,-72000000.0,-94000000.0,0.0,108000000.0,13000000.0,50000000.0,50000000.0,50000000.0,2000000.0,0.0,0.017,228000000.0,85000000.0,1710000000.0,0.0,16.189,0.779,0.766,3029000000.0,0.0,7.21,0.073,0.073,1824000000.0,-3387000000.0,2957000000.0,2957000000.0,0.0,,,,,0.0,194000000.0,1.0,127982626.0,127982626.0,,23.105,6897000000.0,0.0,17000000.0,212000000.0,53.89,925000000.0
17,VSTNQ,MRQ,2006-03-31,2006-03-31,2006-03-31,2020-12-01,-202000000.0,6818000000.0,,3418000000.0,3400000000.0,,-0.117,-78000000.0,881000000.0,881000000.0,2717000000.0,3000000.0,1.296,-455.533,2083000000.0,234000000.0,1849000000.0,2083000000.0,0.0,102000000.0,0.0,0.0,0.0,80000000.0,182000000.0,0.061,182000000.0,80000000.0,33000000.0,0.02,0.02,0.02,-15000000.0,,-15000000.0,1717828368.0,13.0,2.611,-110000000.0,-0.859,1.0,244000000.0,0.082,0.0,47000000.0,5383000000.0,,544000000.0,234000000.0,0.0,234000000.0,6833000000.0,2637000000.0,4196000000.0,588828368.0,16000000.0,0.0,0.0,115000000.0,0.0,115000000.0,-78000000.0,0.0,-32000000.0,11000000.0,3000000.0,3000000.0,3000000.0,0.0,0.0,0.001,177000000.0,67000000.0,1764000000.0,0.0,-39.255,-5.662,-5.542,2994000000.0,0.0,4.6,0.04,0.04,1764000000.0,-3437000000.0,2961000000.0,2961000000.0,0.0,,,,,0.0,168000000.0,1.0,128006167.0,128006167.0,,23.132,6818000000.0,0.0,30000000.0,191000000.0,53.263,781000000.0
18,VSTNQ,MRQ,2005-12-31,2005-12-31,2005-12-31,2020-12-01,-234000000.0,6736000000.0,,3345000000.0,3391000000.0,,-0.373,-224000000.0,865000000.0,865000000.0,2585000000.0,1338000000.0,1.13,-141.333,1994000000.0,485000000.0,1509000000.0,1994000000.0,0.0,122000000.0,0.0,0.0,0.0,1403000000.0,1525000000.0,0.578,1525000000.0,1403000000.0,1361000000.0,10.64,10.64,10.64,-48000000.0,,-48000000.0,1862933484.0,-37.0,3.418,-182000000.0,-1.414,1.0,54000000.0,0.02,0.0,42000000.0,4906000000.0,,537000000.0,226000000.0,0.0,226000000.0,6784000000.0,2959000000.0,3825000000.0,805933484.0,-33000000.0,-33000000.0,0.0,85000000.0,0.0,85000000.0,-161000000.0,20000000.0,42000000.0,1000000.0,1338000000.0,1338000000.0,1338000000.0,8000000.0,0.0,0.507,518000000.0,-464000000.0,1803000000.0,0.0,-16.79,-2.985,-2.925,2973000000.0,0.0,6.26,0.048,0.048,1711000000.0,-3440000000.0,2639000000.0,2639000000.0,0.0,,,,,0.0,182000000.0,1.0,128743368.0,128743368.0,,20.498,6736000000.0,0.0,23000000.0,175000000.0,52.321,386000000.0
19,VSTNQ,MRQ,2005-09-30,2005-09-30,2005-09-30,2020-12-01,-147000000.0,8823000000.0,,4395000000.0,4428000000.0,,-11.113,-119000000.0,898000000.0,898000000.0,4021000000.0,-207000000.0,1.101,-7.17,1955000000.0,433000000.0,1522000000.0,1955000000.0,0.0,117000000.0,0.0,0.0,0.0,-142000000.0,-25000000.0,-0.006,-25000000.0,-142000000.0,-186000000.0,-1.64,-1.64,-1.64,-1430000000.0,,-1430000000.0,2527474214.0,-2.0,-2.7,-249000000.0,-1.935,1.0,100000000.0,0.024,0.0,44000000.0,5889000000.0,,575000000.0,242000000.0,0.0,242000000.0,10253000000.0,3991000000.0,6262000000.0,1258474214.0,75000000.0,311000000.0,0.0,19000000.0,0.0,19000000.0,188000000.0,-4000000.0,-130000000.0,-2000000.0,-207000000.0,-207000000.0,-207000000.0,0.0,0.0,-0.05,250000000.0,-150000000.0,2333000000.0,0.0,-0.88,-0.721,-0.704,3254000000.0,0.0,9.78,0.067,0.067,2323000000.0,-4778000000.0,4121000000.0,4121000000.0,0.0,,,,,0.0,239000000.0,1.0,128678345.0,128678345.0,,32.026,8823000000.0,171000000.0,21000000.0,296000000.0,68.566,404000000.0
20,VSTNQ,MRQ,2005-06-30,2005-06-30,2005-06-30,2020-12-01,-144000000.0,8783000000.0,,4372000000.0,4411000000.0,,-9.52,-115000000.0,823000000.0,823000000.0,4760000000.0,-1238000000.0,1.149,-8.17,1921000000.0,380000000.0,1541000000.0,1921000000.0,0.0,180000000.0,0.0,0.0,0.0,-1204000000.0,-1024000000.0,-0.205,-1024000000.0,-1204000000.0,-1240000000.0,-9.85,-9.85,-9.85,-1225000000.0,,-1225000000.0,2044930420.0,-1.0,-1.726,212000000.0,1.648,1.0,243000000.0,0.049,0.0,36000000.0,6076000000.0,,593000000.0,225000000.0,0.0,225000000.0,10008000000.0,3805000000.0,6203000000.0,775930420.0,14000000.0,-10000000.0,0.0,-158000000.0,0.0,-158000000.0,-141000000.0,-16000000.0,327000000.0,-14000000.0,-1238000000.0,-1238000000.0,-1238000000.0,0.0,0.0,-0.247,1450000000.0,-1207000000.0,2479000000.0,0.0,-0.633,-0.261,-0.254,3267000000.0,0.0,6.03,0.041,0.041,2383000000.0,-4571000000.0,5003000000.0,5003000000.0,0.0,,,,,0.0,274000000.0,1.0,128678345.0,128678345.0,,38.88,8783000000.0,164000000.0,-2000000.0,307000000.0,68.255,567000000.0
21,VSTNQ,MRQ,2005-03-31,2005-03-31,2005-03-31,2020-12-01,-41000000.0,10286000000.0,,4557000000.0,5729000000.0,,0.894,-127000000.0,809000000.0,809000000.0,4840000000.0,-163000000.0,1.132,88.443,2035000000.0,522000000.0,1513000000.0,2035000000.0,0.0,176000000.0,0.0,0.0,0.0,-107000000.0,69000000.0,0.014,69000000.0,-107000000.0,-141000000.0,-1.3,-1.3,-1.3,115000000.0,,115000000.0,2003753350.0,-3.0,31.309,51000000.0,0.396,1.0,147000000.0,0.029,0.0,34000000.0,7486000000.0,,939000000.0,232000000.0,0.0,232000000.0,10171000000.0,4026000000.0,6145000000.0,734753350.0,57000000.0,10000000.0,0.0,3000000.0,0.0,3000000.0,-117000000.0,0.0,178000000.0,-7000000.0,-163000000.0,-163000000.0,-163000000.0,0.0,0.0,-0.033,257000000.0,-110000000.0,2581000000.0,0.0,6.389,-0.427,-0.416,5173000000.0,0.0,5.71,0.039,0.039,2524000000.0,-3333000000.0,4987000000.0,4987000000.0,0.0,,,,,0.0,250000000.0,1.0,128678345.0,128678345.0,,38.756,10286000000.0,164000000.0,22000000.0,317000000.0,79.936,531000000.0
22,VSTNQ,MRQ,2004-12-31,2004-12-31,2004-12-31,2020-12-01,5000000.0,10292000000.0,,4430000000.0,5862000000.0,,2.47,-258000000.0,752000000.0,752000000.0,4166000000.0,-138000000.0,1.13,31.163,2021000000.0,508000000.0,1513000000.0,2021000000.0,0.0,171000000.0,0.0,0.0,0.0,-127000000.0,44000000.0,0.009,44000000.0,-127000000.0,-159000000.0,-1.1,-1.1,-1.1,320000000.0,,320000000.0,2551563760.0,-5.0,11.868,-63000000.0,-0.486,1.0,513000000.0,0.11,0.0,32000000.0,7639000000.0,,889000000.0,227000000.0,0.0,227000000.0,9972000000.0,3922000000.0,6050000000.0,1265563760.0,23000000.0,0.0,11000000.0,27000000.0,-6000000.0,32000000.0,-234000000.0,-3000000.0,195000000.0,30000000.0,-138000000.0,-138000000.0,-138000000.0,0.0,0.0,-0.029,648000000.0,-135000000.0,2493000000.0,0.0,3.955,-0.824,-0.797,5303000000.0,0.0,9.77,0.068,0.068,2540000000.0,-3170000000.0,4679000000.0,4679000000.0,0.0,,,,,0.0,252000000.0,1.0,129535697.0,129535697.0,,36.121,10292000000.0,0.0,-21000000.0,287000000.0,79.453,508000000.0
23,VSTNQ,MRQ,2004-09-30,2004-09-30,2004-09-30,2020-12-01,-62000000.0,10052000000.0,,4536000000.0,5516000000.0,,2.755,-203000000.0,729000000.0,729000000.0,4366000000.0,-1439000000.0,1.165,27.157,2015000000.0,535000000.0,1480000000.0,2015000000.0,0.0,179000000.0,0.0,0.0,0.0,-453000000.0,-274000000.0,-0.066,-274000000.0,-453000000.0,-476000000.0,-11.48,-11.48,-11.48,357000000.0,,357000000.0,1956276509.0,-2.0,8.892,-328000000.0,-2.531,1.0,-230000000.0,-0.056,0.0,23000000.0,7445000000.0,,891000000.0,218000000.0,5000000.0,213000000.0,9695000000.0,3893000000.0,5802000000.0,1035276509.0,-280000000.0,0.0,0.0,42000000.0,-8000000.0,34000000.0,-195000000.0,0.0,-125000000.0,6000000.0,-1439000000.0,-1439000000.0,-1439000000.0,0.0,0.0,-0.348,225000000.0,-455000000.0,2363000000.0,0.0,2.9,-0.455,-0.44,5049000000.0,0.0,7.99,0.056,0.056,2671000000.0,-2978000000.0,4136000000.0,4136000000.0,0.0,,,,,0.0,225000000.0,1.0,129571528.0,129571528.0,,31.921,10052000000.0,41000000.0,963000000.0,193000000.0,77.579,643000000.0
24,VSTNQ,MRQ,2004-06-30,2004-06-30,2004-06-30,2020-12-01,-85000000.0,11471000000.0,,4911000000.0,6560000000.0,,13.644,-170000000.0,1009000000.0,1009000000.0,4582000000.0,20000000.0,1.3,5.495,1930000000.0,244000000.0,1686000000.0,1930000000.0,0.0,169000000.0,0.0,0.0,0.0,56000000.0,225000000.0,0.046,225000000.0,56000000.0,26000000.0,0.16,0.16,0.16,1766000000.0,,1766000000.0,2544501595.0,-3.0,10.344,75000000.0,0.579,1.0,288000000.0,0.059,0.0,30000000.0,8615000000.0,,834000000.0,209000000.0,1000000.0,208000000.0,9705000000.0,3777000000.0,5928000000.0,1510501595.0,-178000000.0,0.0,0.0,-251000000.0,-8000000.0,-259000000.0,-160000000.0,0.0,245000000.0,-4000000.0,20000000.0,20000000.0,20000000.0,0.0,0.0,0.004,238000000.0,50000000.0,2449000000.0,0.0,0.855,-1.501,-1.459,5359000000.0,0.0,11.67,0.083,0.083,2659000000.0,-1546000000.0,4870000000.0,4870000000.0,0.0,,,,,0.0,238000000.0,1.0,129434584.0,129434584.0,,37.625,11471000000.0,918000000.0,6000000.0,52000000.0,88.624,1134000000.0
25,VSTNQ,MRQ,2004-03-31,2004-03-31,2004-03-31,2020-12-01,-80000000.0,11622000000.0,,5025000000.0,6597000000.0,,13.421,-196000000.0,1187000000.0,1187000000.0,4655000000.0,21000000.0,1.331,5.637,2221000000.0,276000000.0,1945000000.0,2221000000.0,0.0,166000000.0,0.0,0.0,0.0,54000000.0,220000000.0,0.044,220000000.0,54000000.0,35000000.0,0.17,0.16,0.17,1751000000.0,,1751000000.0,2113596072.0,-2.0,-9.11,-93000000.0,-0.713,1.0,317000000.0,0.064,0.0,19000000.0,8881000000.0,,828000000.0,226000000.0,1000000.0,225000000.0,9871000000.0,3775000000.0,6096000000.0,1248596072.0,234000000.0,0.0,-11000000.0,347000000.0,-8000000.0,328000000.0,-193000000.0,3000000.0,103000000.0,-4000000.0,21000000.0,21000000.0,21000000.0,0.0,0.0,0.004,265000000.0,52000000.0,2457000000.0,0.0,0.713,-1.042,-1.004,5379000000.0,0.0,9.57,0.07,0.07,2660000000.0,-1563000000.0,4972000000.0,4972000000.0,0.0,,,,,0.0,265000000.0,1.0,130469809.0,130469809.0,,38.108,11622000000.0,879000000.0,14000000.0,39000000.0,89.078,1250000000.0
26,VSTNQ,MRQ,2003-12-31,2003-12-31,2003-12-31,2020-12-01,-54000000.0,11024000000.0,,4474000000.0,6550000000.0,,13.86,-234000000.0,953000000.0,953000000.0,4127000000.0,-879000000.0,1.232,5.084,1818000000.0,351000000.0,1467000000.0,1818000000.0,0.0,677000000.0,0.0,0.0,0.0,-628000000.0,49000000.0,0.011,49000000.0,-628000000.0,-664000000.0,-6.99,-6.99,-6.99,1812000000.0,,1812000000.0,2249958044.0,-2.0,-4.978,100000000.0,0.765,1.0,332000000.0,0.074,0.0,36000000.0,8257000000.0,,852000000.0,218000000.0,3000000.0,215000000.0,9212000000.0,3632000000.0,5580000000.0,1360958044.0,14000000.0,-4000000.0,0.0,-96000000.0,-6000000.0,-102000000.0,-230000000.0,0.0,334000000.0,12000000.0,-879000000.0,-879000000.0,-879000000.0,0.0,0.0,-0.197,981000000.0,-649000000.0,2320000000.0,0.0,0.751,-1.107,-1.066,5365000000.0,0.0,10.41,0.077,0.077,2360000000.0,-1604000000.0,4459000000.0,4459000000.0,0.0,,,,,0.0,245000000.0,1.0,130735643.0,130735643.0,,34.107,11024000000.0,863000000.0,215000000.0,34000000.0,84.323,842000000.0
27,VSTNQ,MRQ,2003-09-30,2003-09-30,2003-09-30,2020-12-01,-7000000.0,11639000000.0,,4700000000.0,6939000000.0,,20.943,-235000000.0,939000000.0,939000000.0,3879000000.0,-168000000.0,1.319,3.251,1828000000.0,400000000.0,1428000000.0,1828000000.0,0.0,0.0,0.0,0.0,0.0,-248000000.0,-248000000.0,-0.064,-248000000.0,-248000000.0,-267000000.0,-1.34,-1.34,-1.34,2738000000.0,,2738000000.0,1714839773.0,-3.0,-2.877,-95000000.0,-0.727,1.0,5000000.0,0.001,0.0,19000000.0,8964000000.0,,860000000.0,201000000.0,4000000.0,197000000.0,8901000000.0,3564000000.0,5337000000.0,862839773.0,91000000.0,0.0,0.0,182000000.0,-8000000.0,174000000.0,-231000000.0,0.0,140000000.0,8000000.0,-168000000.0,-168000000.0,-168000000.0,0.0,0.0,-0.043,262000000.0,-257000000.0,2120000000.0,0.0,0.315,-2.054,-1.97,5634000000.0,0.0,6.6,0.049,0.049,2540000000.0,-651000000.0,3884000000.0,3884000000.0,0.0,,,,,0.0,262000000.0,1.0,130733299.0,130733299.0,,29.709,11639000000.0,1088000000.0,-99000000.0,16000000.0,89.029,1136000000.0
28,VSTNQ,MRQ,2003-06-30,2003-06-30,2003-06-30,2020-12-01,-38000000.0,11602000000.0,,4833000000.0,6769000000.0,,22.049,-222000000.0,848000000.0,848000000.0,4632000000.0,-172000000.0,1.372,3.026,1700000000.0,320000000.0,1380000000.0,1700000000.0,0.0,0.0,0.0,0.0,0.0,-253000000.0,-253000000.0,-0.055,-253000000.0,-253000000.0,-273000000.0,-1.37,-1.37,-1.37,2882000000.0,,2882000000.0,1643971874.0,-4.0,-3.971,-198000000.0,-1.515,1.0,-19000000.0,-0.004,0.0,20000000.0,8931000000.0,,852000000.0,191000000.0,3000000.0,188000000.0,8720000000.0,3523000000.0,5197000000.0,897971874.0,-48000000.0,0.0,0.0,86000000.0,-8000000.0,78000000.0,-167000000.0,48000000.0,24000000.0,17000000.0,-172000000.0,-172000000.0,-172000000.0,0.0,0.0,-0.037,240000000.0,-259000000.0,2136000000.0,0.0,0.312,-2.954,-2.851,5565000000.0,0.0,6.87,0.049,0.049,2756000000.0,-475000000.0,4613000000.0,4613000000.0,0.0,,,,,0.0,240000000.0,1.0,130709152.0,130709152.0,,35.292,11602000000.0,988000000.0,-101000000.0,39000000.0,88.762,1310000000.0
29,VSTNQ,MRQ,2003-03-31,2003-03-31,2003-03-31,2020-12-01,-112000000.0,11449000000.0,,4957000000.0,6492000000.0,,23.089,-181000000.0,896000000.0,896000000.0,4481000000.0,-19000000.0,1.377,2.843,1642000000.0,347000000.0,1295000000.0,1642000000.0,0.0,0.0,0.0,0.0,0.0,-14000000.0,-14000000.0,-0.003,-14000000.0,-14000000.0,-33000000.0,-0.15,-0.15,-0.15,2979000000.0,,2979000000.0,1208404395.0,-38.0,-37.763,-316000000.0,-2.449,1.0,223000000.0,0.047,0.0,19000000.0,8596000000.0,,889000000.0,252000000.0,51000000.0,201000000.0,8470000000.0,3599000000.0,4871000000.0,766404395.0,-308000000.0,0.0,-5000000.0,-9000000.0,-8000000.0,-22000000.0,-153000000.0,22000000.0,-135000000.0,2000000.0,-19000000.0,-19000000.0,-19000000.0,0.0,0.0,-0.004,244000000.0,-21000000.0,2226000000.0,0.0,0.257,-12.773,-12.375,5450000000.0,0.0,5.94,0.041,0.041,2751000000.0,-301000000.0,4704000000.0,4704000000.0,0.0,,,,,0.0,244000000.0,1.0,129024309.0,129024309.0,,36.458,11449000000.0,806000000.0,-14000000.0,28000000.0,88.735,1358000000.0
30,VSTNQ,MRQ,2002-12-31,2002-12-31,2002-12-31,2020-12-01,-144000000.0,11169000000.0,,4710000000.0,6459000000.0,,22.676,-264000000.0,1204000000.0,1204000000.0,4362000000.0,-61000000.0,1.357,2.786,1691000000.0,393000000.0,1298000000.0,1691000000.0,0.0,0.0,0.0,0.0,0.0,-81000000.0,-81000000.0,-0.018,-81000000.0,-81000000.0,-100000000.0,-0.49,-0.49,-0.49,2950000000.0,,2950000000.0,1917468139.0,-5.0,-5.141,426000000.0,3.275,1.0,181000000.0,0.04,0.0,19000000.0,8185000000.0,,878000000.0,265000000.0,74000000.0,191000000.0,8219000000.0,3471000000.0,4748000000.0,905468139.0,396000000.0,0.0,-9000000.0,-143000000.0,-7000000.0,-159000000.0,-145000000.0,117000000.0,690000000.0,10000000.0,-61000000.0,-61000000.0,-61000000.0,0.0,0.0,-0.013,268000000.0,-87000000.0,2038000000.0,0.0,0.307,-2.389,-2.343,5448000000.0,0.0,6.96,0.049,0.049,2219000000.0,-302000000.0,4543000000.0,4543000000.0,0.0,,,,,0.0,268000000.0,1.0,130095997.0,130095997.0,,34.92,11169000000.0,786000000.0,-39000000.0,18000000.0,85.852,1239000000.0
31,VSTNQ,MRQ,2002-09-30,2002-09-30,2002-09-30,2020-12-01,-133000000.0,11169000000.0,,4938000000.0,6231000000.0,,23.218,-162000000.0,808000000.0,808000000.0,4212000000.0,-52000000.0,1.366,2.68,1820000000.0,508000000.0,1312000000.0,1820000000.0,0.0,0.0,0.0,0.0,0.0,-66000000.0,-66000000.0,-0.015,-66000000.0,-66000000.0,-85000000.0,-0.4,-0.4,-0.4,3035000000.0,,3035000000.0,2170881458.0,-7.0,-7.094,-202000000.0,-1.545,1.0,132000000.0,0.03,0.0,19000000.0,8566000000.0,,976000000.0,370000000.0,193000000.0,177000000.0,8134000000.0,3615000000.0,4519000000.0,1237881458.0,-68000000.0,0.0,-4000000.0,-18000000.0,-8000000.0,-30000000.0,-4000000.0,150000000.0,-40000000.0,6000000.0,-52000000.0,-52000000.0,-52000000.0,0.0,0.0,-0.012,207000000.0,-75000000.0,1989000000.0,0.0,0.408,-3.684,-3.628,5314000000.0,0.0,9.47,0.067,0.067,2640000000.0,-237000000.0,4344000000.0,4344000000.0,0.0,,,,,0.0,207000000.0,1.0,130716099.0,130716099.0,,33.232,11169000000.0,696000000.0,-33000000.0,24000000.0,85.445,1323000000.0
32,VSTNQ,MRQ,2002-06-30,2002-06-30,2002-06-30,2020-12-01,-114000000.0,11412000000.0,,5212000000.0,6200000000.0,,23.809,-159000000.0,876000000.0,876000000.0,4696000000.0,72000000.0,1.396,2.659,1809000000.0,504000000.0,1305000000.0,1809000000.0,0.0,0.0,0.0,0.0,0.0,129000000.0,129000000.0,0.026,129000000.0,129000000.0,110000000.0,0.56,0.56,0.56,3119000000.0,,3119000000.0,2958225072.0,-8.0,-7.952,236000000.0,1.802,1.0,343000000.0,0.068,0.0,19000000.0,8612000000.0,,987000000.0,507000000.0,343000000.0,164000000.0,8293000000.0,3733000000.0,4560000000.0,1857225072.0,61000000.0,0.0,0.0,-117000000.0,-8000000.0,-125000000.0,-221000000.0,-88000000.0,395000000.0,12000000.0,72000000.0,72000000.0,72000000.0,0.0,0.0,0.014,216000000.0,127000000.0,2174000000.0,0.0,0.595,-4.9,-4.814,5375000000.0,0.0,14.2,0.105,0.105,2689000000.0,-177000000.0,5039000000.0,5039000000.0,0.0,,,,,0.0,216000000.0,1.0,130790498.0,131000000.0,131000000.0,38.466,11412000000.0,652000000.0,38000000.0,43000000.0,87.115,1479000000.0
33,VSTNQ,MRQ,2002-03-31,2002-03-31,2002-03-31,2020-12-01,-240000000.0,11036000000.0,,5003000000.0,6033000000.0,,22.344,-140000000.0,815000000.0,815000000.0,4356000000.0,-338000000.0,1.359,2.77,1916000000.0,631000000.0,1285000000.0,1916000000.0,0.0,0.0,0.0,0.0,0.0,-355000000.0,-355000000.0,-0.079,-355000000.0,-355000000.0,-378000000.0,-2.63,-2.63,-2.63,2927000000.0,,2927000000.0,3056496082.0,-6.0,-5.639,-82000000.0,-0.626,1.0,113000000.0,0.025,0.0,23000000.0,8455000000.0,,999000000.0,415000000.0,257000000.0,158000000.0,8109000000.0,3682000000.0,4427000000.0,2158496082.0,-209000000.0,0.0,-11000000.0,-5000000.0,-8000000.0,-24000000.0,-239000000.0,-99000000.0,58000000.0,-4000000.0,-338000000.0,-338000000.0,-338000000.0,0.0,0.0,-0.076,202000000.0,-89000000.0,2004000000.0,0.0,0.737,-4.396,-4.332,5233000000.0,0.0,16.55,0.123,0.123,2617000000.0,-241000000.0,4469000000.0,4469000000.0,0.0,,,,,0.0,202000000.0,1.0,130422724.0,131000000.0,131000000.0,34.115,11036000000.0,654000000.0,-40000000.0,40000000.0,84.244,1321000000.0
34,VSTNQ,MRQ,2001-12-31,2001-12-31,2001-12-31,2020-12-01,-231000000.0,11162000000.0,,4837000000.0,6325000000.0,,25.122,-240000000.0,1024000000.0,1024000000.0,4304000000.0,-18000000.0,1.375,2.392,1922000000.0,629000000.0,1293000000.0,1922000000.0,0.0,0.0,0.0,0.0,0.0,-14000000.0,-14000000.0,-0.003,-14000000.0,-14000000.0,-31000000.0,-0.14,-0.14,-0.14,3291000000.0,,3291000000.0,3067705302.0,-26.0,-25.564,138000000.0,1.053,1.0,189000000.0,0.042,363000000.0,17000000.0,8178000000.0,,942000000.0,315000000.0,157000000.0,158000000.0,7871000000.0,3519000000.0,4352000000.0,1960705302.0,143000000.0,-7000000.0,0.0,8000000.0,-7000000.0,-1000000.0,-235000000.0,-56000000.0,378000000.0,1000000.0,-18000000.0,-18000000.0,-18000000.0,0.0,0.0,-0.004,207000000.0,-18000000.0,1915000000.0,0.0,0.596,-16.071,-16.0,5329000000.0,0.0,15.04,0.11,0.11,2394000000.0,105000000.0,4493000000.0,4493000000.0,0.0,,,,,0.0,207000000.0,1.0,130366044.0,131000000.0,131000000.0,34.298,10799000000.0,489000000.0,-13000000.0,43000000.0,82.435,1318000000.0
35,VSTNQ,MRQ,2001-09-30,2001-09-30,2001-09-30,2020-12-01,-201000000.0,11220000000.0,,4823000000.0,6397000000.0,,25.677,-176000000.0,881000000.0,881000000.0,3655000000.0,-95000000.0,1.398,2.361,1988000000.0,616000000.0,1372000000.0,1988000000.0,0.0,0.0,0.0,0.0,0.0,-132000000.0,-132000000.0,-0.035,-132000000.0,-132000000.0,-152000000.0,-0.74,-0.74,-0.74,3338000000.0,,3338000000.0,2441889181.0,-10.0,-9.576,-296000000.0,-2.277,1.0,67000000.0,0.018,0.0,20000000.0,8876000000.0,,1022000000.0,248000000.0,97000000.0,151000000.0,7882000000.0,3451000000.0,4431000000.0,1665889181.0,-314000000.0,0.0,-5000000.0,24000000.0,-8000000.0,13000000.0,-204000000.0,-27000000.0,-120000000.0,-3000000.0,-95000000.0,-95000000.0,-95000000.0,0.0,0.0,-0.026,198000000.0,-131000000.0,1869000000.0,0.0,0.499,-8.722,-8.615,5451000000.0,0.0,12.75,0.093,0.093,2464000000.0,126000000.0,3722000000.0,3722000000.0,0.0,,,,,0.0,198000000.0,1.0,130657975.0,130000000.0,130000000.0,28.631,11220000000.0,443000000.0,-57000000.0,41000000.0,86.308,1372000000.0
36,VSTNQ,MRQ,2001-06-30,2001-06-30,2001-06-30,2020-12-01,-246000000.0,11420000000.0,,5236000000.0,6184000000.0,,25.947,-168000000.0,1195000000.0,1195000000.0,4704000000.0,-40000000.0,1.385,2.36,1971000000.0,581000000.0,1390000000.0,1971000000.0,0.0,0.0,0.0,0.0,0.0,-41000000.0,-41000000.0,-0.008,-41000000.0,-41000000.0,-63000000.0,-0.31,-0.31,-0.31,3399000000.0,,3399000000.0,3471470885.0,-120.0,-119.706,201000000.0,1.534,1.0,201000000.0,0.041,0.0,22000000.0,8416000000.0,,908000000.0,215000000.0,68000000.0,147000000.0,8021000000.0,3780000000.0,4241000000.0,2406470885.0,255000000.0,0.0,-20000000.0,-34000000.0,-8000000.0,-62000000.0,-54000000.0,82000000.0,369000000.0,2000000.0,-40000000.0,-40000000.0,-40000000.0,0.0,0.0,-0.008,243000000.0,-42000000.0,2079000000.0,0.0,0.708,-50.135,-49.676,5394000000.0,0.0,18.38,0.13,0.13,2738000000.0,229000000.0,4905000000.0,4905000000.0,0.0,,,,,0.0,243000000.0,1.0,130928775.0,131000000.0,131000000.0,37.443,11420000000.0,319000000.0,-23000000.0,125000000.0,87.176,1456000000.0
37,VSTNQ,MRQ,2001-03-31,2001-03-31,2001-03-31,2020-12-01,-199000000.0,11424000000.0,,5152000000.0,6272000000.0,,26.779,-172000000.0,940000000.0,940000000.0,4448000000.0,31000000.0,1.344,2.257,2005000000.0,640000000.0,1365000000.0,2005000000.0,0.0,0.0,0.0,0.0,0.0,67000000.0,67000000.0,0.014,67000000.0,67000000.0,50000000.0,0.24,0.24,0.24,3508000000.0,,3508000000.0,2576529736.0,9.0,9.137,-359000000.0,-2.74,1.0,275000000.0,0.058,0.0,17000000.0,8657000000.0,,940000000.0,299000000.0,150000000.0,149000000.0,7916000000.0,3832000000.0,4084000000.0,1969529736.0,-472000000.0,0.0,0.0,-17000000.0,-8000000.0,-25000000.0,-254000000.0,-85000000.0,-187000000.0,-6000000.0,31000000.0,31000000.0,31000000.0,0.0,0.0,0.007,207000000.0,68000000.0,2138000000.0,0.0,0.561,12.789,12.639,5416000000.0,0.0,15.04,0.104,0.104,2776000000.0,277000000.0,4723000000.0,4723000000.0,0.0,,,,,0.0,207000000.0,1.0,130952775.0,131000000.0,131000000.0,36.053,11424000000.0,289000000.0,19000000.0,146000000.0,87.206,1320000000.0
38,VSTNQ,MRQ,2000-12-31,2000-12-31,2000-12-31,2020-12-01,-179000000.0,11405000000.0,,5085000000.0,6320000000.0,,26.962,-290000000.0,1412000000.0,1412000000.0,4357000000.0,-87000000.0,1.337,2.254,2019000000.0,622000000.0,1397000000.0,2019000000.0,0.0,0.0,0.0,0.0,0.0,-149000000.0,-149000000.0,-0.033,-149000000.0,-149000000.0,-153000000.0,-0.67,-0.67,-0.67,3505000000.0,,3505000000.0,2321726338.0,5.0,4.929,106000000.0,0.815,1.0,172000000.0,0.038,0.0,4000000.0,8210000000.0,,1028000000.0,207000000.0,65000000.0,142000000.0,7900000000.0,3802000000.0,4098000000.0,1505726338.0,222000000.0,2000000.0,0.0,12000000.0,-8000000.0,5000000.0,-169000000.0,61000000.0,396000000.0,-10000000.0,-87000000.0,-87000000.0,-87000000.0,0.0,0.0,-0.019,345000000.0,-173000000.0,2029000000.0,0.0,0.43,5.577,5.529,5497000000.0,0.0,11.5,0.077,0.077,2190000000.0,254000000.0,4529000000.0,4529000000.0,0.0,,,,,0.0,345000000.0,1.0,130932725.0,130000000.0,130000000.0,34.838,11405000000.0,292000000.0,-66000000.0,83000000.0,87.731,1283000000.0
39,VSTNQ,MRQ,2000-09-30,2000-09-30,2000-09-30,2020-12-01,-210000000.0,11227000000.0,,4814000000.0,6413000000.0,,27.244,-219000000.0,1190000000.0,1190000000.0,4128000000.0,48000000.0,1.245,2.146,2006000000.0,642000000.0,1364000000.0,2006000000.0,0.0,0.0,0.0,0.0,0.0,94000000.0,94000000.0,0.021,94000000.0,94000000.0,75000000.0,0.37,0.37,0.37,3569000000.0,,3569000000.0,3093319750.0,4.0,3.966,478000000.0,3.649,1.0,276000000.0,0.063,0.0,19000000.0,8175000000.0,,838000000.0,338000000.0,126000000.0,212000000.0,7658000000.0,3868000000.0,3790000000.0,1978319750.0,225000000.0,-30000000.0,0.0,13000000.0,-8000000.0,-102000000.0,-376000000.0,-126000000.0,697000000.0,6000000.0,48000000.0,48000000.0,48000000.0,0.0,0.0,0.011,183000000.0,93000000.0,1879000000.0,0.0,0.554,4.377,4.346,5638000000.0,0.0,15.125,0.1,0.1,2462000000.0,349000000.0,4404000000.0,4404000000.0,0.0,,,,,0.0,183000000.0,1.0,130798000.0,131000000.0,131000000.0,33.618,11227000000.0,73000000.0,27000000.0,62000000.0,85.702,946000000.0
40,VSTNQ,MRQ,2000-06-30,2000-06-30,2000-06-30,2020-12-01,-125000000.0,11695000000.0,,5228000000.0,6467000000.0,,27.8,-169000000.0,965000000.0,965000000.0,4849000000.0,162000000.0,1.177,2.236,2080000000.0,906000000.0,1174000000.0,2080000000.0,0.0,0.0,0.0,0.0,0.0,270000000.0,270000000.0,0.051,270000000.0,270000000.0,258000000.0,1.25,1.25,1.25,3614000000.0,,3614000000.0,3094925750.0,3.0,3.221,-942000000.0,-7.246,1.0,460000000.0,0.087,0.0,12000000.0,8370000000.0,,781000000.0,216000000.0,0.0,216000000.0,8081000000.0,4440000000.0,3641000000.0,1585925750.0,22000000.0,0.0,0.0,819000000.0,0.0,963000000.0,-172000000.0,0.0,-773000000.0,4000000.0,162000000.0,162000000.0,162000000.0,0.0,0.0,0.031,192000000.0,268000000.0,2270000000.0,0.0,0.439,2.837,2.82,5796000000.0,0.0,12.125,0.079,0.079,3369000000.0,309000000.0,5309000000.0,5309000000.0,0.0,,,,,0.0,192000000.0,1.0,130798000.0,130000000.0,130000000.0,40.838,11695000000.0,72000000.0,96000000.0,72000000.0,89.962,788000000.0
41,VSTNQ,MRQ,2000-03-31,2000-03-31,2000-03-31,2020-12-01,-104000000.0,11790000000.0,,4672000000.0,7118000000.0,,11.846,-115000000.0,943000000.0,943000000.0,4795000000.0,147000000.0,0.978,6.656,2452000000.0,1026000000.0,1426000000.0,2452000000.0,0.0,0.0,0.0,,0.0,256000000.0,256000000.0,0.049,256000000.0,256000000.0,233000000.0,1.13,1.13,1.13,1540000000.0,,1540000000.0,,,,-961000000.0,-7.392,1.0,430000000.0,0.082,0.0,23000000.0,8521000000.0,,743000000.0,209000000.0,0.0,209000000.0,10250000000.0,4778000000.0,5472000000.0,,-906000000.0,0.0,0.0,96000000.0,0.0,58000000.0,-125000000.0,0.0,-846000000.0,7000000.0,147000000.0,147000000.0,147000000.0,0.0,0.0,0.028,177000000.0,253000000.0,2730000000.0,0.0,,,,5730000000.0,0.0,,,,2604000000.0,,5225000000.0,5225000000.0,0.0,,,,,0.0,177000000.0,1.0,130798000.0,130000000.0,130000000.0,40.192,11790000000.0,295000000.0,86000000.0,13000000.0,90.692,-106000000.0
42,VSTNQ,MRQ,1999-12-31,1999-12-31,1999-12-31,2020-12-01,-67000000.0,12449000000.0,,5196000000.0,7253000000.0,,11.531,-373000000.0,1849000000.0,1849000000.0,4586000000.0,95000000.0,0.949,7.305,2319000000.0,961000000.0,1358000000.0,2319000000.0,0.0,0.0,0.0,,0.0,160000000.0,160000000.0,0.032,160000000.0,160000000.0,145000000.0,0.73,0.73,0.73,1499000000.0,,1499000000.0,,,,327000000.0,2.515,1.0,345000000.0,0.07,0.0,15000000.0,7444000000.0,,751000000.0,205000000.0,0.0,205000000.0,10950000000.0,5475000000.0,5475000000.0,,-133000000.0,-45000000.0,0.0,-71000000.0,0.0,-441000000.0,-388000000.0,0.0,700000000.0,-4000000.0,95000000.0,95000000.0,95000000.0,0.0,0.0,0.019,195000000.0,150000000.0,3150000000.0,0.0,,,,5789000000.0,0.0,,,,2191000000.0,0.0,4931000000.0,4931000000.0,0.0,,,,,0.0,195000000.0,1.0,130798000.0,130000000.0,130000000.0,37.931,12449000000.0,472000000.0,50000000.0,306000000.0,95.762,-279000000.0
43,VSTNQ,MRQ,1999-09-30,1999-09-30,1999-09-30,2020-12-01,,,,,,,,-119000000.0,,,4146000000.0,155000000.0,,,,,,,,0.0,,,0.0,275000000.0,275000000.0,0.06,275000000.0,275000000.0,251000000.0,1.19,1.19,1.19,,,,,,,429000000.0,3.3,1.0,454000000.0,0.099,,24000000.0,,,,,,,,,,,418000000.0,-26000000.0,0.0,67000000.0,0.0,6000000.0,-138000000.0,0.0,548000000.0,2000000.0,155000000.0,155000000.0,155000000.0,0.0,0.0,0.034,174000000.0,280000000.0,,0.0,,,,,0.0,,,,,,4600000000.0,4600000000.0,0.0,,,,,0.0,174000000.0,1.0,,130000000.0,130000000.0,35.385,,,96000000.0,,,
44,VSTNQ,MRQ,1999-06-30,1999-06-30,1999-06-30,2020-12-01,,,,,,,,-188000000.0,,,4430000000.0,280000000.0,,,,,,,,0.0,,,0.0,468000000.0,468000000.0,0.092,468000000.0,468000000.0,444000000.0,2.15,2.15,2.15,,,,,,,614000000.0,4.723,1.0,633000000.0,0.125,,24000000.0,,,,,,,,,,,1007000000.0,-423000000.0,0.0,984000000.0,0.0,825000000.0,-620000000.0,0.0,802000000.0,0.0,280000000.0,280000000.0,280000000.0,0.0,0.0,0.055,172000000.0,461000000.0,,0.0,,,,,0.0,,,,,,5063000000.0,5063000000.0,0.0,,,,,0.0,172000000.0,1.0,,130000000.0,130000000.0,38.946,,,164000000.0,,,
45,VSTNQ,MRQ,1999-03-31,1999-03-31,1999-03-31,2020-12-01,,,,,,,,-196000000.0,,,4341000000.0,205000000.0,,,,,,,,0.0,,,0.0,318000000.0,318000000.0,0.067,318000000.0,318000000.0,317000000.0,1.58,1.58,1.58,,,,,,,236000000.0,,1.0,431000000.0,0.09,,1000000.0,,,,,,,,,,,15000000.0,-85000000.0,0.0,-32000000.0,0.0,-100000000.0,-307000000.0,0.0,432000000.0,-10000000.0,205000000.0,205000000.0,205000000.0,0.0,0.0,0.043,133000000.0,298000000.0,,0.0,,,,,0.0,,,,,,4772000000.0,4772000000.0,0.0,,,,,0.0,133000000.0,1.0,,,,,,,112000000.0,,,
46,VSTNQ,MRQ,1998-12-31,1998-12-31,1998-12-31,2020-12-01,-25000000.0,9373000000.0,,3191000000.0,6182000000.0,,12.731,,542000000.0,542000000.0,,,1.009,4.663,1125000000.0,309000000.0,816000000.0,1125000000.0,0.0,,0.0,,0.0,,,,,,,,,,1655000000.0,,1655000000.0,,,,,,1.0,,,0.0,,6792000000.0,,606000000.0,214000000.0,0.0,214000000.0,7718000000.0,3164000000.0,4554000000.0,,,,,,,,,,,,,,,,,,,,1863000000.0,,,,,5391000000.0,,,,,1761000000.0,,,,,,,,,,,1.0,,130000000.0,,,9373000000.0,495000000.0,,184000000.0,72.1,27000000.0
0,VSTNQ,MRT,2010-06-30,2010-06-30,2010-06-30,2020-12-01,-215000000.0,4974000000.0,4999500000.0,2828000000.0,2146000000.0,1.523,-8.418,-159000000.0,1160000000.0,1160000000.0,6619000000.0,345000000.0,1.644,-5.236,3312000000.0,207000000.0,3105000000.0,3312000000.0,0.0,330000000.0,0.0,0.0,0.0,530000000.0,860000000.0,0.113,860000000.0,530000000.0,380000000.0,2.07,2.07,2.07,-1097000000.0,-898000000.0,-1097000000.0,2017554022.0,4.0,2.346,390000000.0,2.993,1.0,994000000.0,0.131,0.0,150000000.0,5406000000.0,5487250000.0,351000000.0,357000000.0,0.0,357000000.0,5744000000.0,1720000000.0,4024000000.0,62554022.0,332000000.0,58000000.0,0.0,67000000.0,0.0,-99000000.0,-101000000.0,0.0,549000000.0,-17000000.0,270000000.0,270000000.0,270000000.0,0.0,75000000.0,0.035,581000000.0,413000000.0,997000000.0,0.0,-0.057,0.232,0.232,1721000000.0,0.0,0.48,0.008,0.008,1032000000.0,-4544000000.0,7613000000.0,7613000000.0,0.0,0.054,-0.301,0.097,0.07,0.0,327000000.0,1.0,130320880.0,130320880.0,,58.417,4974000000.0,0.0,110000000.0,173000000.0,38.167,1108000000.0
1,VSTNQ,MRT,2010-03-31,2010-03-31,2010-03-31,2020-12-01,-51000000.0,5098000000.0,4917750000.0,2842000000.0,2256000000.0,1.472,-5.617,-151000000.0,1099000000.0,1099000000.0,6267000000.0,423000000.0,1.642,-7.522,3054000000.0,216000000.0,2838000000.0,3054000000.0,0.0,347000000.0,0.0,0.0,0.0,518000000.0,865000000.0,0.12,865000000.0,518000000.0,450000000.0,2.75,2.75,2.75,-732000000.0,-871000000.0,-732000000.0,2111389497.0,4.0,2.441,305000000.0,2.34,1.0,970000000.0,0.134,0.0,68000000.0,5322000000.0,5627750000.0,353000000.0,320000000.0,0.0,320000000.0,5506000000.0,1731000000.0,3775000000.0,156389497.0,360000000.0,38000000.0,0.0,62000000.0,0.0,-30000000.0,-113000000.0,0.0,456000000.0,47000000.0,359000000.0,359000000.0,359000000.0,0.0,64000000.0,0.05,563000000.0,407000000.0,1037000000.0,0.0,-0.214,0.436,0.436,1849000000.0,0.0,1.2,0.022,0.022,1072000000.0,-4343000000.0,7237000000.0,7237000000.0,0.0,0.073,-0.412,0.092,0.072,0.0,336000000.0,1.0,130324581.0,130324581.0,,55.531,5098000000.0,0.0,91000000.0,171000000.0,39.118,1111000000.0
2,VSTNQ,MRT,2009-12-31,2009-12-31,2009-12-31,2020-12-01,142000000.0,5019000000.0,4783500000.0,2705000000.0,2314000000.0,1.398,-5.923,-151000000.0,1095000000.0,1095000000.0,6088000000.0,184000000.0,1.625,-7.091,3050000000.0,225000000.0,2825000000.0,3050000000.0,0.0,352000000.0,0.0,0.0,0.0,325000000.0,677000000.0,0.101,677000000.0,325000000.0,208000000.0,0.98,0.98,0.98,-772000000.0,-936750000.0,-772000000.0,2517910024.0,8.0,3.719,-10000000.0,-0.077,1.0,597000000.0,0.089,0.0,117000000.0,5309000000.0,4934500000.0,319000000.0,294000000.0,0.0,294000000.0,5474000000.0,1665000000.0,3809000000.0,3910024.0,-218000000.0,28000000.0,0.0,-64000000.0,0.0,-259000000.0,-123000000.0,0.0,141000000.0,23000000.0,128000000.0,128000000.0,128000000.0,0.0,56000000.0,0.019,464000000.0,133000000.0,977000000.0,0.0,-0.005,0.031,0.031,1936000000.0,0.0,0.03,0.001,0.001,1055000000.0,-4576000000.0,6685000000.0,6685000000.0,0.0,0.027,-0.137,0.066,0.049,0.0,331000000.0,1.0,130334131.0,130334131.0,,51.291,5019000000.0,0.0,80000000.0,159000000.0,38.509,1040000000.0
3,VSTNQ,MRT,2009-09-30,2009-09-30,2009-09-30,2020-12-01,201000000.0,4907000000.0,4840750000.0,2524000000.0,2383000000.0,1.303,-7.601,-151000000.0,814000000.0,814000000.0,6076000000.0,-463000000.0,1.673,-5.657,3328000000.0,136000000.0,3192000000.0,3328000000.0,0.0,344000000.0,0.0,0.0,0.0,-281000000.0,63000000.0,0.01,63000000.0,-281000000.0,-446000000.0,-3.81,-3.81,-3.81,-991000000.0,-965500000.0,-991000000.0,2621468089.0,-9.0,41.611,-265000000.0,-2.033,1.0,231000000.0,0.037,0.0,165000000.0,5912000000.0,4247000000.0,360000000.0,266000000.0,0.0,266000000.0,5606000000.0,1509000000.0,4097000000.0,23468089.0,-421000000.0,15000000.0,0.0,40000000.0,0.0,-170000000.0,-141000000.0,0.0,-114000000.0,4000000.0,-494000000.0,-494000000.0,-494000000.0,0.0,31000000.0,-0.078,825000000.0,-594000000.0,952000000.0,0.0,-0.024,-0.048,-0.047,2039000000.0,0.0,0.18,0.004,0.004,1126000000.0,-4852000000.0,6307000000.0,6307000000.0,0.0,-0.102,0.512,-0.066,-0.045,0.0,411000000.0,1.0,130378272.0,130378272.0,,48.375,4907000000.0,0.0,48000000.0,149000000.0,37.637,1015000000.0
4,VSTNQ,MRT,2009-06-30,2009-06-30,2009-06-30,2020-12-01,165000000.0,4647000000.0,5099250000.0,2277000000.0,2370000000.0,1.313,-7.583,-198000000.0,742000000.0,742000000.0,6536000000.0,-621000000.0,1.783,-5.429,3340000000.0,136000000.0,3204000000.0,3340000000.0,0.0,353000000.0,0.0,0.0,0.0,-378000000.0,-25000000.0,-0.004,-25000000.0,-378000000.0,-583000000.0,-4.97,-4.97,-4.97,-989000000.0,-850250000.0,-989000000.0,1967562988.0,-5.0,-78.703,-556000000.0,-4.263,1.0,158000000.0,0.024,0.0,205000000.0,5968000000.0,4113750000.0,329000000.0,237000000.0,0.0,237000000.0,5369000000.0,1277000000.0,4092000000.0,19562988.0,-859000000.0,20000000.0,0.0,-37000000.0,0.0,-246000000.0,-182000000.0,0.0,-358000000.0,-73000000.0,-644000000.0,-644000000.0,-644000000.0,0.0,23000000.0,-0.096,844000000.0,-686000000.0,780000000.0,0.0,-0.02,-0.03,-0.03,2053000000.0,0.0,0.15,0.003,0.003,998000000.0,-4814000000.0,6694000000.0,6694000000.0,0.0,-0.126,0.757,-0.092,-0.056,0.0,454000000.0,1.0,130419920.0,130419920.0,,51.327,4647000000.0,0.0,61000000.0,136000000.0,35.631,1000000000.0
5,VSTNQ,MRT,2009-03-31,2009-03-31,2009-03-31,2020-12-01,47000000.0,4561000000.0,5691500000.0,2247000000.0,2314000000.0,1.412,-7.626,-245000000.0,767000000.0,767000000.0,7725000000.0,-545000000.0,0.567,-5.338,2715000000.0,2655000000.0,60000000.0,2715000000.0,0.0,379000000.0,0.0,0.0,0.0,-282000000.0,97000000.0,0.012,97000000.0,-282000000.0,-495000000.0,-4.42,-4.42,-4.42,-995000000.0,-654750000.0,-995000000.0,1598962772.0,-6.0,16.484,-510000000.0,-3.909,1.0,309000000.0,0.038,0.0,213000000.0,2549000000.0,4011000000.0,328000000.0,226000000.0,0.0,226000000.0,5311000000.0,3960000000.0,1351000000.0,16962772.0,-1009000000.0,25000000.0,0.0,-202000000.0,0.0,-421000000.0,-220000000.0,0.0,-265000000.0,-103000000.0,-574000000.0,-574000000.0,-574000000.0,0.0,29000000.0,-0.071,918000000.0,-609000000.0,813000000.0,0.0,-0.017,-0.03,-0.029,2008000000.0,0.0,0.13,0.002,0.002,887000000.0,-4702000000.0,8034000000.0,8034000000.0,0.0,-0.101,0.877,-0.07,-0.035,0.0,513000000.0,1.0,130482861.0,130482861.0,,61.571,4561000000.0,0.0,79000000.0,138000000.0,34.955,-1713000000.0
6,VSTNQ,MRT,2008-12-31,2008-12-31,2008-12-31,2020-12-01,157000000.0,5248000000.0,6358250000.0,2762000000.0,2486000000.0,1.501,-6.794,-294000000.0,1180000000.0,1180000000.0,9085000000.0,-647000000.0,0.647,-6.619,2762000000.0,2697000000.0,65000000.0,2762000000.0,0.0,416000000.0,0.0,0.0,0.0,-350000000.0,66000000.0,0.007,66000000.0,-350000000.0,-565000000.0,-5.26,-5.26,-5.26,-887000000.0,-440000000.0,-887000000.0,1501696709.0,-4.0,22.753,-410000000.0,-3.14,1.0,459000000.0,0.048,0.0,215000000.0,2559000000.0,4832500000.0,354000000.0,220000000.0,0.0,220000000.0,5871000000.0,4271000000.0,1600000000.0,45696709.0,-578000000.0,86000000.0,0.0,-137000000.0,0.0,-193000000.0,-208000000.0,0.0,-116000000.0,-61000000.0,-681000000.0,-681000000.0,-681000000.0,0.0,34000000.0,-0.071,975000000.0,-516000000.0,1058000000.0,0.0,-0.052,-0.067,-0.067,2162000000.0,0.0,0.35,0.005,0.005,989000000.0,-4704000000.0,9544000000.0,9544000000.0,0.0,-0.107,1.548,-0.072,-0.037,0.0,553000000.0,1.0,130562025.0,130562025.0,,73.099,5248000000.0,0.0,116000000.0,139000000.0,40.195,-1509000000.0
7,VSTNQ,MRT,2008-09-30,2008-09-30,2008-09-30,2020-12-01,169000000.0,5941000000.0,6847500000.0,3133000000.0,2808000000.0,1.571,-4.059,-374000000.0,1133000000.0,1133000000.0,10087000000.0,-297000000.0,1.553,-12.209,2589000000.0,97000000.0,2492000000.0,2589000000.0,0.0,453000000.0,0.0,0.0,0.0,-70000000.0,383000000.0,0.036,383000000.0,-70000000.0,-292000000.0,-2.91,-2.91,-2.91,-530000000.0,-240750000.0,-530000000.0,1461903898.0,-21.0,3.817,-196000000.0,-1.501,1.0,671000000.0,0.062,0.0,222000000.0,5379000000.0,5632500000.0,429000000.0,226000000.0,0.0,226000000.0,6471000000.0,2018000000.0,4453000000.0,302903898.0,-289000000.0,105000000.0,0.0,-93000000.0,0.0,-173000000.0,-258000000.0,0.0,178000000.0,-36000000.0,-378000000.0,-378000000.0,-378000000.0,0.0,81000000.0,-0.035,874000000.0,-203000000.0,1331000000.0,0.0,-0.572,-0.801,-0.797,2486000000.0,0.0,2.32,0.028,0.028,1020000000.0,-4358000000.0,10758000000.0,10758000000.0,0.0,-0.055,1.57,-0.012,-0.007,0.0,633000000.0,1.0,130562025.0,130562025.0,,82.398,5941000000.0,0.0,86000000.0,148000000.0,45.503,1115000000.0
8,VSTNQ,MRT,2008-06-30,2008-06-30,2008-06-30,2020-12-01,304000000.0,7016000000.0,7142000000.0,3935000000.0,3081000000.0,1.566,-1.582,-386000000.0,1506000000.0,1506000000.0,10457000000.0,-225000000.0,1.503,-34.894,2665000000.0,121000000.0,2544000000.0,2665000000.0,0.0,460000000.0,0.0,0.0,0.0,9000000.0,469000000.0,0.042,469000000.0,9000000.0,-224000000.0,-2.3,-2.3,-2.3,-207000000.0,-148750000.0,-207000000.0,1575079276.0,175.0,3.358,-101000000.0,-0.772,1.0,727000000.0,0.065,0.0,233000000.0,5557000000.0,5757000000.0,466000000.0,252000000.0,0.0,252000000.0,7223000000.0,2618000000.0,4605000000.0,344079276.0,33000000.0,168000000.0,0.0,-44000000.0,0.0,-79000000.0,-213000000.0,0.0,285000000.0,40000000.0,-299000000.0,-299000000.0,-299000000.0,0.0,74000000.0,-0.027,886000000.0,-159000000.0,1795000000.0,0.0,-1.662,-1.151,-1.143,2721000000.0,0.0,2.63,0.031,0.031,1217000000.0,-4170000000.0,11184000000.0,11184000000.0,0.0,-0.042,2.01,0.002,0.001,0.0,626000000.0,1.0,130828622.0,130828622.0,,85.486,7016000000.0,0.0,75000000.0,158000000.0,53.627,1317000000.0
9,VSTNQ,MRT,2008-03-31,2008-03-31,2008-03-31,2020-12-01,333000000.0,7228000000.0,7219500000.0,4084000000.0,3144000000.0,1.558,-1.049,-386000000.0,1613000000.0,1613000000.0,10598000000.0,-269000000.0,1.556,-54.147,2844000000.0,103000000.0,2741000000.0,2844000000.0,0.0,466000000.0,0.0,0.0,0.0,-37000000.0,429000000.0,0.038,429000000.0,-37000000.0,-270000000.0,-2.5,-2.5,-2.5,-136000000.0,-122500000.0,-136000000.0,1569484143.0,-42.0,3.658,-88000000.0,-0.679,1.0,651000000.0,0.058,0.0,233000000.0,5835000000.0,5843000000.0,484000000.0,240000000.0,0.0,240000000.0,7364000000.0,2624000000.0,4740000000.0,487484143.0,741000000.0,244000000.0,0.0,569000000.0,0.0,534000000.0,-142000000.0,0.0,298000000.0,51000000.0,-324000000.0,-324000000.0,-324000000.0,7000000.0,55000000.0,-0.029,883000000.0,-232000000.0,1851000000.0,0.0,-3.584,-1.505,-1.504,2778000000.0,0.0,3.76,0.043,0.043,1215000000.0,-4128000000.0,11249000000.0,11249000000.0,0.0,-0.045,2.645,-0.006,-0.003,0.0,615000000.0,1.0,129650038.0,129650038.0,,86.764,7228000000.0,0.0,54000000.0,160000000.0,55.75,1460000000.0
10,VSTNQ,MRT,2007-12-31,2007-12-31,2007-12-31,2020-12-01,275000000.0,7205000000.0,7121500000.0,4072000000.0,3133000000.0,1.583,-0.693,-376000000.0,1758000000.0,1758000000.0,10702000000.0,-329000000.0,1.611,-81.056,2840000000.0,95000000.0,2745000000.0,2840000000.0,0.0,472000000.0,0.0,0.0,0.0,-127000000.0,345000000.0,0.031,345000000.0,-127000000.0,-352000000.0,-2.87,-2.87,-2.87,-90000000.0,-115000000.0,-90000000.0,1860750263.0,-15.0,5.393,-83000000.0,-0.64,1.0,573000000.0,0.051,0.0,225000000.0,5759000000.0,5777250000.0,495000000.0,218000000.0,0.0,218000000.0,7295000000.0,2528000000.0,4767000000.0,569750263.0,701000000.0,199000000.0,0.0,582000000.0,0.0,547000000.0,-177000000.0,0.0,293000000.0,38000000.0,-372000000.0,-372000000.0,-372000000.0,24000000.0,43000000.0,-0.033,883000000.0,-310000000.0,1766000000.0,0.0,-6.331,-1.532,-1.53,2793000000.0,0.0,4.39,0.051,0.051,1150000000.0,-4016000000.0,11275000000.0,11275000000.0,0.0,-0.052,3.235,-0.022,-0.011,0.0,636000000.0,1.0,129783659.0,129783659.0,,86.875,7205000000.0,0.0,20000000.0,147000000.0,55.515,1544000000.0
11,VSTNQ,MRT,2007-09-30,2007-09-30,2007-09-30,2020-12-01,160000000.0,7119000000.0,7054750000.0,3959000000.0,3160000000.0,1.59,-1.249,-340000000.0,1422000000.0,1422000000.0,10705000000.0,-368000000.0,1.563,-44.944,2713000000.0,109000000.0,2604000000.0,2713000000.0,0.0,461000000.0,0.0,0.0,0.0,-128000000.0,333000000.0,0.03,333000000.0,-128000000.0,-335000000.0,-2.85,-2.85,-2.85,-162000000.0,-139500000.0,-162000000.0,1900025344.0,-15.0,5.706,-139000000.0,-1.072,1.0,511000000.0,0.046,0.0,207000000.0,5877000000.0,5722750000.0,535000000.0,233000000.0,0.0,233000000.0,7281000000.0,2533000000.0,4748000000.0,668025344.0,682000000.0,183000000.0,0.0,623000000.0,0.0,606000000.0,-163000000.0,6000000.0,201000000.0,38000000.0,-368000000.0,-368000000.0,-368000000.0,33000000.0,0.0,-0.033,833000000.0,-322000000.0,1781000000.0,0.0,-4.124,-1.815,-1.807,2798000000.0,0.0,5.15,0.06,0.06,1289000000.0,-3973000000.0,11216000000.0,11216000000.0,0.0,-0.052,2.638,-0.022,-0.011,0.0,621000000.0,1.0,129713659.0,129713659.0,,86.467,7119000000.0,0.0,33000000.0,193000000.0,54.882,1426000000.0
12,VSTNQ,MRT,2007-06-30,2007-06-30,2007-06-30,2020-12-01,113000000.0,7326000000.0,6955250000.0,4178000000.0,3148000000.0,1.617,-0.787,-334000000.0,1473000000.0,1473000000.0,10786000000.0,-436000000.0,1.572,-72.824,2705000000.0,100000000.0,2605000000.0,2705000000.0,0.0,459000000.0,0.0,0.0,0.0,-219000000.0,240000000.0,0.021,240000000.0,-219000000.0,-413000000.0,-3.39,-3.39,-3.39,-102000000.0,-124500000.0,-102000000.0,2407076702.0,-11.0,10.029,-114000000.0,-0.879,1.0,464000000.0,0.041,0.0,194000000.0,5901000000.0,5647000000.0,523000000.0,215000000.0,0.0,215000000.0,7428000000.0,2657000000.0,4771000000.0,1050076702.0,637000000.0,121000000.0,0.0,615000000.0,0.0,615000000.0,-220000000.0,0.0,220000000.0,22000000.0,-436000000.0,-436000000.0,-436000000.0,39000000.0,0.0,-0.039,851000000.0,-387000000.0,1876000000.0,0.0,-10.295,-2.408,-2.389,2790000000.0,0.0,8.1,0.093,0.093,1347000000.0,-3863000000.0,11250000000.0,11250000000.0,0.0,-0.063,3.502,-0.039,-0.019,0.0,666000000.0,1.0,129639099.0,129639099.0,,86.779,7326000000.0,0.0,23000000.0,218000000.0,56.511,1521000000.0
13,VSTNQ,MRT,2007-03-31,2007-03-31,2007-03-31,2020-12-01,46000000.0,6836000000.0,6848000000.0,3554000000.0,3282000000.0,1.64,-0.822,-359000000.0,872000000.0,872000000.0,10611000000.0,-319000000.0,1.356,-65.491,2229000000.0,104000000.0,2125000000.0,2229000000.0,0.0,449000000.0,0.0,0.0,0.0,-115000000.0,334000000.0,0.03,334000000.0,-115000000.0,-307000000.0,-2.48,-2.48,-2.48,-106000000.0,-84750000.0,-106000000.0,2272779013.0,-20.0,6.805,-177000000.0,-1.372,1.0,622000000.0,0.055,0.0,192000000.0,5572000000.0,5561500000.0,518000000.0,234000000.0,0.0,234000000.0,6942000000.0,2621000000.0,4321000000.0,1101779013.0,-9000000.0,49000000.0,0.0,100000000.0,0.0,100000000.0,-316000000.0,0.0,182000000.0,25000000.0,-319000000.0,-319000000.0,-319000000.0,34000000.0,0.0,-0.028,886000000.0,-264000000.0,1890000000.0,0.0,-10.394,-3.454,-3.444,2826000000.0,0.0,8.54,0.098,0.098,1302000000.0,-3794000000.0,11233000000.0,11233000000.0,0.0,-0.047,3.764,-0.021,-0.01,0.0,715000000.0,1.0,129013936.0,129013936.0,,87.068,6836000000.0,0.0,12000000.0,193000000.0,52.987,933000000.0
14,VSTNQ,MRT,2006-12-31,2006-12-31,2006-12-31,2020-12-01,-216000000.0,6938000000.0,6843500000.0,3565000000.0,3373000000.0,1.645,-1.461,-373000000.0,1057000000.0,1057000000.0,10503000000.0,-163000000.0,1.388,-37.904,2228000000.0,100000000.0,2128000000.0,2228000000.0,0.0,430000000.0,0.0,0.0,0.0,52000000.0,482000000.0,0.043,482000000.0,52000000.0,-138000000.0,-1.27,-1.27,-1.27,-188000000.0,-62000000.0,-188000000.0,2426014226.0,47.0,5.033,-92000000.0,-0.715,1.0,753000000.0,0.067,0.0,190000000.0,5541000000.0,5514250000.0,520000000.0,224000000.0,0.0,224000000.0,7126000000.0,2568000000.0,4558000000.0,1091014226.0,192000000.0,42000000.0,0.0,214000000.0,0.0,214000000.0,-337000000.0,0.0,281000000.0,34000000.0,-163000000.0,-163000000.0,-163000000.0,22000000.0,0.0,-0.014,828000000.0,-75000000.0,1825000000.0,0.0,-5.803,-6.693,-6.677,3034000000.0,0.0,8.48,0.097,0.097,1233000000.0,-3606000000.0,11256000000.0,11256000000.0,0.0,-0.024,2.629,0.009,0.005,0.0,713000000.0,1.0,128657338.0,128657338.0,,87.488,6938000000.0,0.0,25000000.0,170000000.0,53.926,997000000.0
15,VSTNQ,MRT,2006-09-30,2006-09-30,2006-09-30,2020-12-01,-168000000.0,6721000000.0,6793000000.0,3303000000.0,3418000000.0,1.639,-0.796,-489000000.0,740000000.0,740000000.0,10474000000.0,1214000000.0,1.331,-66.892,2075000000.0,143000000.0,1932000000.0,2075000000.0,0.0,437000000.0,0.0,0.0,0.0,1482000000.0,1919000000.0,0.172,1919000000.0,1482000000.0,1294000000.0,9.67,9.67,9.67,-102000000.0,-27000000.0,-102000000.0,2248871715.0,2.0,1.172,-405000000.0,-3.162,1.0,663000000.0,0.06,0.0,188000000.0,5574000000.0,5355500000.0,543000000.0,218000000.0,0.0,218000000.0,6823000000.0,2482000000.0,4341000000.0,1043871715.0,-158000000.0,-15000000.0,0.0,145000000.0,0.0,145000000.0,-414000000.0,14000000.0,84000000.0,27000000.0,1214000000.0,1214000000.0,1214000000.0,16000000.0,0.0,0.109,1113000000.0,-450000000.0,1681000000.0,0.0,-10.234,0.86,0.843,2997000000.0,0.0,8.15,0.094,0.094,1495000000.0,-3564000000.0,11137000000.0,11137000000.0,0.0,0.179,-44.963,0.277,0.133,0.0,720000000.0,1.0,128082419.0,128082419.0,,86.952,6721000000.0,0.0,80000000.0,204000000.0,52.474,821000000.0
16,VSTNQ,MRT,2006-06-30,2006-06-30,2006-06-30,2020-12-01,-181000000.0,6897000000.0,7318500000.0,3468000000.0,3429000000.0,1.732,0.445,-526000000.0,836000000.0,836000000.0,11967000000.0,1184000000.0,1.364,120.0,2041000000.0,131000000.0,1910000000.0,2041000000.0,0.0,447000000.0,0.0,0.0,0.0,1461000000.0,1908000000.0,0.15,1908000000.0,1461000000.0,1275000000.0,9.41,9.41,9.41,57000000.0,-359000000.0,57000000.0,2124754733.0,1.0,1.114,-538000000.0,-4.204,1.0,711000000.0,0.056,0.0,186000000.0,5559000000.0,5434250000.0,570000000.0,210000000.0,0.0,210000000.0,6840000000.0,2543000000.0,4297000000.0,922754733.0,13000000.0,289000000.0,0.0,147000000.0,0.0,147000000.0,-145000000.0,16000000.0,-12000000.0,23000000.0,1184000000.0,1184000000.0,1184000000.0,10000000.0,0.0,0.093,1173000000.0,-462000000.0,1710000000.0,0.0,16.189,0.779,0.766,3029000000.0,0.0,7.21,0.073,0.073,1824000000.0,-3387000000.0,12678000000.0,12678000000.0,0.0,0.162,-3.298,0.269,0.115,0.0,783000000.0,1.0,127982626.0,127982626.0,,99.06,6897000000.0,0.0,91000000.0,212000000.0,53.89,925000000.0
17,VSTNQ,MRT,2006-03-31,2006-03-31,2006-03-31,2020-12-01,-202000000.0,6818000000.0,7790000000.0,3418000000.0,3400000000.0,1.89,-0.117,-536000000.0,881000000.0,881000000.0,14083000000.0,-104000000.0,1.296,-455.533,2083000000.0,234000000.0,1849000000.0,2083000000.0,0.0,521000000.0,0.0,0.0,0.0,137000000.0,658000000.0,0.045,658000000.0,137000000.0,-32000000.0,-0.83,-0.83,-0.83,-15000000.0,-679500000.0,-15000000.0,1717828368.0,13.0,2.611,-329000000.0,-2.57,1.0,641000000.0,0.044,0.0,169000000.0,5383000000.0,5563500000.0,544000000.0,234000000.0,0.0,234000000.0,6833000000.0,2637000000.0,4196000000.0,588828368.0,72000000.0,268000000.0,0.0,61000000.0,0.0,61000000.0,-192000000.0,0.0,207000000.0,-4000000.0,-104000000.0,-104000000.0,-104000000.0,8000000.0,0.0,-0.007,2395000000.0,-1754000000.0,1764000000.0,0.0,-39.255,-5.662,-5.542,2994000000.0,0.0,4.6,0.04,0.04,1764000000.0,-3437000000.0,14724000000.0,14724000000.0,0.0,-0.013,0.153,0.025,0.009,0.0,863000000.0,1.0,128006167.0,128006167.0,,115.026,6818000000.0,0.0,72000000.0,191000000.0,53.263,781000000.0
18,VSTNQ,MRT,2005-12-31,2005-12-31,2005-12-31,2020-12-01,-234000000.0,6736000000.0,8657000000.0,3345000000.0,3391000000.0,1.935,-0.373,-585000000.0,865000000.0,865000000.0,16206000000.0,-270000000.0,1.13,-141.333,1994000000.0,485000000.0,1509000000.0,1994000000.0,0.0,595000000.0,0.0,0.0,0.0,-50000000.0,545000000.0,0.033,545000000.0,-50000000.0,-206000000.0,-2.14,-2.14,-2.14,-48000000.0,-647000000.0,-48000000.0,1862933484.0,-37.0,3.418,-168000000.0,-1.305,1.0,544000000.0,0.032,0.0,156000000.0,4906000000.0,6089250000.0,537000000.0,226000000.0,0.0,226000000.0,6784000000.0,2959000000.0,3825000000.0,805933484.0,113000000.0,278000000.0,0.0,-51000000.0,0.0,-51000000.0,-231000000.0,0.0,417000000.0,-22000000.0,-270000000.0,-270000000.0,-270000000.0,8000000.0,0.0,-0.016,2475000000.0,-1931000000.0,1803000000.0,0.0,-16.79,-2.985,-2.925,2973000000.0,0.0,6.26,0.048,0.048,1711000000.0,-3440000000.0,16750000000.0,16750000000.0,0.0,-0.031,0.417,-0.008,-0.003,0.0,945000000.0,1.0,128743368.0,128743368.0,,130.104,6736000000.0,0.0,64000000.0,175000000.0,52.321,386000000.0
19,VSTNQ,MRT,2005-09-30,2005-09-30,2005-09-30,2020-12-01,-147000000.0,8823000000.0,9546000000.0,4395000000.0,4428000000.0,1.968,-11.113,-619000000.0,898000000.0,898000000.0,17787000000.0,-1746000000.0,1.101,-7.17,1955000000.0,433000000.0,1522000000.0,1955000000.0,0.0,644000000.0,0.0,0.0,0.0,-1580000000.0,-936000000.0,-0.05,-936000000.0,-1580000000.0,-1726000000.0,-13.89,-13.89,-13.89,-1430000000.0,-555000000.0,-1430000000.0,2527474214.0,-2.0,-2.7,-49000000.0,-0.381,1.0,1003000000.0,0.053,0.0,146000000.0,5889000000.0,6772500000.0,575000000.0,242000000.0,0.0,242000000.0,10253000000.0,3991000000.0,6262000000.0,1258474214.0,169000000.0,311000000.0,11000000.0,-109000000.0,-6000000.0,-104000000.0,-304000000.0,-23000000.0,570000000.0,7000000.0,-1746000000.0,-1746000000.0,-1746000000.0,0.0,0.0,-0.093,2605000000.0,-1602000000.0,2333000000.0,0.0,-0.88,-0.721,-0.704,3254000000.0,0.0,9.78,0.067,0.067,2323000000.0,-4778000000.0,18790000000.0,18790000000.0,0.0,-0.183,3.146,-0.233,-0.084,0.0,1015000000.0,1.0,128678345.0,128678345.0,,146.023,8823000000.0,171000000.0,20000000.0,296000000.0,68.566,404000000.0
20,VSTNQ,MRT,2005-06-30,2005-06-30,2005-06-30,2020-12-01,-144000000.0,8783000000.0,9853250000.0,4372000000.0,4411000000.0,1.909,-9.52,-703000000.0,823000000.0,823000000.0,18132000000.0,-2978000000.0,1.149,-8.17,1921000000.0,380000000.0,1541000000.0,1921000000.0,0.0,706000000.0,0.0,0.0,0.0,-1891000000.0,-1185000000.0,-0.063,-1185000000.0,-1891000000.0,-2016000000.0,-23.73,-23.73,-23.73,-1225000000.0,-108250000.0,-1225000000.0,2044930420.0,-1.0,-1.726,-128000000.0,-0.995,1.0,673000000.0,0.036,0.0,125000000.0,6076000000.0,7161500000.0,593000000.0,225000000.0,0.0,225000000.0,10008000000.0,3805000000.0,6203000000.0,775930420.0,-186000000.0,0.0,11000000.0,-86000000.0,-14000000.0,-89000000.0,-687000000.0,-19000000.0,575000000.0,15000000.0,-2978000000.0,-2978000000.0,-2978000000.0,0.0,0.0,-0.158,2580000000.0,-1907000000.0,2479000000.0,0.0,-0.633,-0.261,-0.254,3267000000.0,0.0,6.03,0.041,0.041,2383000000.0,-4571000000.0,18805000000.0,18805000000.0,0.0,-0.302,27.51,-0.264,-0.101,0.0,1001000000.0,1.0,128678345.0,128678345.0,,146.14,8783000000.0,164000000.0,962000000.0,307000000.0,68.255,567000000.0
21,VSTNQ,MRT,2005-03-31,2005-03-31,2005-03-31,2020-12-01,-41000000.0,10286000000.0,10525250000.0,4557000000.0,5729000000.0,1.774,0.894,-758000000.0,809000000.0,809000000.0,17954000000.0,-1720000000.0,1.132,88.443,2035000000.0,522000000.0,1513000000.0,2035000000.0,0.0,695000000.0,0.0,0.0,0.0,-631000000.0,64000000.0,0.003,64000000.0,-631000000.0,-750000000.0,-13.72,-13.72,-13.72,115000000.0,639500000.0,115000000.0,2003753350.0,-3.0,31.309,-265000000.0,-2.059,1.0,718000000.0,0.038,0.0,119000000.0,7486000000.0,7796250000.0,939000000.0,232000000.0,0.0,232000000.0,10171000000.0,4026000000.0,6145000000.0,734753350.0,-378000000.0,10000000.0,11000000.0,-179000000.0,-22000000.0,-190000000.0,-706000000.0,-3000000.0,493000000.0,25000000.0,-1720000000.0,-1720000000.0,-1720000000.0,0.0,0.0,-0.092,1368000000.0,-650000000.0,2581000000.0,0.0,6.389,-0.427,-0.416,5173000000.0,0.0,5.71,0.039,0.039,2524000000.0,-3333000000.0,18672000000.0,18672000000.0,0.0,-0.163,-2.69,-0.081,-0.034,0.0,965000000.0,1.0,128678345.0,128678345.0,,145.106,10286000000.0,164000000.0,970000000.0,317000000.0,79.936,531000000.0
22,VSTNQ,MRT,2004-12-31,2004-12-31,2004-12-31,2020-12-01,5000000.0,10292000000.0,10859250000.0,4430000000.0,5862000000.0,1.718,2.47,-827000000.0,752000000.0,752000000.0,17769000000.0,-1536000000.0,1.13,31.163,2021000000.0,508000000.0,1513000000.0,2021000000.0,0.0,685000000.0,0.0,0.0,0.0,-470000000.0,215000000.0,0.012,215000000.0,-470000000.0,-574000000.0,-12.26,-12.26,-12.26,320000000.0,1048500000.0,320000000.0,2551563760.0,-5.0,11.868,-409000000.0,-3.157,1.0,888000000.0,0.048,0.0,104000000.0,7639000000.0,8145000000.0,889000000.0,227000000.0,0.0,227000000.0,9972000000.0,3922000000.0,6050000000.0,1265563760.0,-201000000.0,0.0,0.0,165000000.0,-30000000.0,135000000.0,-782000000.0,0.0,418000000.0,28000000.0,-1536000000.0,-1536000000.0,-1536000000.0,0.0,0.0,-0.082,1376000000.0,-488000000.0,2493000000.0,0.0,3.955,-0.824,-0.797,5303000000.0,0.0,9.77,0.068,0.068,2540000000.0,-3170000000.0,18657000000.0,18657000000.0,0.0,-0.141,-1.465,-0.058,-0.025,0.0,980000000.0,1.0,129535697.0,129535697.0,,144.03,10292000000.0,0.0,962000000.0,287000000.0,79.453,508000000.0
23,VSTNQ,MRT,2004-09-30,2004-09-30,2004-09-30,2020-12-01,-62000000.0,10052000000.0,11042250000.0,4536000000.0,5516000000.0,1.67,2.755,-803000000.0,729000000.0,729000000.0,17730000000.0,-2277000000.0,1.165,27.157,2015000000.0,535000000.0,1480000000.0,2015000000.0,0.0,1191000000.0,0.0,0.0,0.0,-971000000.0,220000000.0,0.012,220000000.0,-971000000.0,-1079000000.0,-18.14,-18.15,-18.14,357000000.0,1421500000.0,357000000.0,1956276509.0,-2.0,8.892,-246000000.0,-1.899,1.0,707000000.0,0.038,0.0,108000000.0,7445000000.0,8299500000.0,891000000.0,218000000.0,5000000.0,213000000.0,9695000000.0,3893000000.0,5802000000.0,1035276509.0,-210000000.0,-4000000.0,-11000000.0,42000000.0,-30000000.0,1000000.0,-778000000.0,3000000.0,557000000.0,10000000.0,-2277000000.0,-2277000000.0,-2277000000.0,0.0,0.0,-0.124,1709000000.0,-1002000000.0,2363000000.0,0.0,2.9,-0.455,-0.44,5049000000.0,0.0,7.99,0.056,0.056,2671000000.0,-2978000000.0,18437000000.0,18437000000.0,0.0,-0.206,-1.602,-0.117,-0.053,0.0,973000000.0,1.0,129571528.0,129571528.0,,142.292,10052000000.0,41000000.0,1198000000.0,193000000.0,77.579,643000000.0
24,VSTNQ,MRT,2004-06-30,2004-06-30,2004-06-30,2020-12-01,-85000000.0,11471000000.0,11439000000.0,4911000000.0,6560000000.0,1.59,13.644,-835000000.0,1009000000.0,1009000000.0,17243000000.0,-1006000000.0,1.3,5.495,1930000000.0,244000000.0,1686000000.0,1930000000.0,0.0,1012000000.0,0.0,0.0,0.0,-766000000.0,246000000.0,0.014,246000000.0,-766000000.0,-870000000.0,-8.0,-8.01,-8.0,1766000000.0,2016750000.0,1766000000.0,2544501595.0,-3.0,10.344,-13000000.0,-0.1,1.0,942000000.0,0.052,0.0,104000000.0,8615000000.0,8679250000.0,834000000.0,209000000.0,1000000.0,208000000.0,9705000000.0,3777000000.0,5928000000.0,1510501595.0,161000000.0,-4000000.0,-11000000.0,182000000.0,-30000000.0,141000000.0,-814000000.0,3000000.0,822000000.0,12000000.0,-1006000000.0,-1006000000.0,-1006000000.0,0.0,0.0,-0.055,1746000000.0,-804000000.0,2449000000.0,0.0,0.855,-1.501,-1.459,5359000000.0,0.0,11.67,0.083,0.083,2659000000.0,-1546000000.0,18185000000.0,18185000000.0,0.0,-0.088,-0.499,-0.088,-0.042,0.0,1010000000.0,1.0,129434584.0,129434584.0,,140.496,11471000000.0,918000000.0,136000000.0,52000000.0,88.624,1134000000.0
25,VSTNQ,MRT,2004-03-31,2004-03-31,2004-03-31,2020-12-01,-80000000.0,11622000000.0,11471750000.0,5025000000.0,6597000000.0,1.563,13.421,-887000000.0,1187000000.0,1187000000.0,17293000000.0,-1198000000.0,1.331,5.637,2221000000.0,276000000.0,1945000000.0,2221000000.0,0.0,843000000.0,0.0,0.0,0.0,-1075000000.0,-232000000.0,-0.013,-232000000.0,-1075000000.0,-1169000000.0,-9.53,-9.54,-9.53,1751000000.0,2295750000.0,1751000000.0,2113596072.0,-2.0,-9.11,-286000000.0,-2.192,1.0,635000000.0,0.035,0.0,94000000.0,8881000000.0,8758250000.0,828000000.0,226000000.0,1000000.0,225000000.0,9871000000.0,3775000000.0,6096000000.0,1248596072.0,291000000.0,-4000000.0,-11000000.0,519000000.0,-30000000.0,478000000.0,-821000000.0,51000000.0,601000000.0,33000000.0,-1198000000.0,-1198000000.0,-1198000000.0,0.0,0.0,-0.067,1748000000.0,-1113000000.0,2457000000.0,0.0,0.713,-1.042,-1.004,5379000000.0,0.0,9.57,0.07,0.07,2660000000.0,-1563000000.0,17928000000.0,17928000000.0,0.0,-0.104,-0.522,-0.123,-0.06,0.0,1012000000.0,1.0,130469809.0,130469809.0,,137.411,11622000000.0,879000000.0,29000000.0,39000000.0,89.078,1250000000.0
26,VSTNQ,MRT,2003-12-31,2003-12-31,2003-12-31,2020-12-01,-54000000.0,11024000000.0,11428500000.0,4474000000.0,6550000000.0,1.545,13.86,-872000000.0,953000000.0,953000000.0,17108000000.0,-1229000000.0,1.232,5.084,1818000000.0,351000000.0,1467000000.0,1818000000.0,0.0,677000000.0,0.0,0.0,0.0,-1129000000.0,-452000000.0,-0.026,-452000000.0,-1129000000.0,-1223000000.0,-9.77,-9.77,-9.77,1812000000.0,2602750000.0,1812000000.0,2249958044.0,-2.0,-4.978,-509000000.0,-3.893,1.0,552000000.0,0.031,0.0,94000000.0,8257000000.0,8687000000.0,852000000.0,218000000.0,3000000.0,215000000.0,9212000000.0,3632000000.0,5580000000.0,1360958044.0,-251000000.0,-4000000.0,-5000000.0,163000000.0,-30000000.0,128000000.0,-781000000.0,70000000.0,363000000.0,39000000.0,-1229000000.0,-1229000000.0,-1229000000.0,0.0,0.0,-0.07,1724000000.0,-1172000000.0,2320000000.0,0.0,0.751,-1.107,-1.066,5365000000.0,0.0,10.41,0.077,0.077,2360000000.0,-1604000000.0,17660000000.0,17660000000.0,0.0,-0.108,-0.472,-0.13,-0.064,0.0,988000000.0,1.0,130735643.0,130735643.0,,135.082,11024000000.0,863000000.0,6000000.0,34000000.0,84.323,842000000.0
27,VSTNQ,MRT,2003-09-30,2003-09-30,2003-09-30,2020-12-01,-7000000.0,11639000000.0,11464750000.0,4700000000.0,6939000000.0,1.548,20.943,-902000000.0,939000000.0,939000000.0,17354000000.0,-420000000.0,1.319,3.251,1828000000.0,400000000.0,1428000000.0,1828000000.0,0.0,0.0,0.0,0.0,0.0,-596000000.0,-596000000.0,-0.034,-596000000.0,-596000000.0,-673000000.0,-3.35,-3.35,-3.35,2738000000.0,2887250000.0,2738000000.0,1714839773.0,-3.0,-2.877,-183000000.0,-1.4,1.0,390000000.0,0.022,0.0,77000000.0,8964000000.0,8669000000.0,860000000.0,201000000.0,4000000.0,197000000.0,8901000000.0,3564000000.0,5337000000.0,862839773.0,131000000.0,0.0,-14000000.0,116000000.0,-31000000.0,71000000.0,-696000000.0,187000000.0,719000000.0,37000000.0,-420000000.0,-420000000.0,-420000000.0,0.0,0.0,-0.024,1014000000.0,-624000000.0,2120000000.0,0.0,0.315,-2.054,-1.97,5634000000.0,0.0,6.6,0.049,0.049,2540000000.0,-651000000.0,17744000000.0,17744000000.0,0.0,-0.037,-0.145,-0.069,-0.034,0.0,1014000000.0,1.0,130733299.0,130733299.0,,135.727,11639000000.0,1088000000.0,-253000000.0,16000000.0,89.029,1136000000.0
28,VSTNQ,MRT,2003-06-30,2003-06-30,2003-06-30,2020-12-01,-38000000.0,11602000000.0,11347250000.0,4833000000.0,6769000000.0,1.604,22.049,-829000000.0,848000000.0,848000000.0,17687000000.0,-304000000.0,1.372,3.026,1700000000.0,320000000.0,1380000000.0,1700000000.0,0.0,0.0,0.0,0.0,0.0,-414000000.0,-414000000.0,-0.023,-414000000.0,-414000000.0,-491000000.0,-2.41,-2.41,-2.41,2882000000.0,2961500000.0,2882000000.0,1643971874.0,-4.0,-3.971,-290000000.0,-2.219,1.0,517000000.0,0.028,0.0,77000000.0,8931000000.0,8569500000.0,852000000.0,191000000.0,3000000.0,188000000.0,8720000000.0,3523000000.0,5197000000.0,897971874.0,-28000000.0,0.0,-18000000.0,-84000000.0,-31000000.0,-133000000.0,-469000000.0,337000000.0,539000000.0,35000000.0,-304000000.0,-304000000.0,-304000000.0,0.0,0.0,-0.017,959000000.0,-442000000.0,2136000000.0,0.0,0.312,-2.954,-2.851,5565000000.0,0.0,6.87,0.049,0.049,2756000000.0,-475000000.0,18204000000.0,18204000000.0,0.0,-0.027,-0.103,-0.048,-0.023,0.0,959000000.0,1.0,130709152.0,130709152.0,,139.271,11602000000.0,988000000.0,-187000000.0,39000000.0,88.762,1310000000.0
29,VSTNQ,MRT,2003-03-31,2003-03-31,2003-03-31,2020-12-01,-112000000.0,11449000000.0,11299750000.0,4957000000.0,6492000000.0,1.649,23.089,-766000000.0,896000000.0,896000000.0,17751000000.0,-60000000.0,1.377,2.843,1642000000.0,347000000.0,1295000000.0,1642000000.0,0.0,0.0,0.0,0.0,0.0,-32000000.0,-32000000.0,-0.002,-32000000.0,-32000000.0,-108000000.0,-0.48,-0.48,-0.48,2979000000.0,3020750000.0,2979000000.0,1208404395.0,-38.0,-37.763,144000000.0,1.116,1.0,879000000.0,0.047,0.0,76000000.0,8596000000.0,8489750000.0,889000000.0,252000000.0,51000000.0,201000000.0,8470000000.0,3599000000.0,4871000000.0,766404395.0,81000000.0,0.0,-18000000.0,-287000000.0,-31000000.0,-336000000.0,-523000000.0,201000000.0,910000000.0,30000000.0,-60000000.0,-60000000.0,-60000000.0,0.0,0.0,-0.003,935000000.0,-56000000.0,2226000000.0,0.0,0.257,-12.773,-12.375,5450000000.0,0.0,5.94,0.041,0.041,2751000000.0,-301000000.0,18630000000.0,18630000000.0,0.0,-0.005,-0.02,-0.004,-0.002,0.0,935000000.0,1.0,129024309.0,129024309.0,,144.391,11449000000.0,806000000.0,-48000000.0,28000000.0,88.735,1358000000.0
30,VSTNQ,MRT,2002-12-31,2002-12-31,2002-12-31,2020-12-01,-144000000.0,11169000000.0,11196500000.0,4710000000.0,6459000000.0,1.643,22.676,-725000000.0,1204000000.0,1204000000.0,17626000000.0,-379000000.0,1.357,2.786,1691000000.0,393000000.0,1298000000.0,1691000000.0,0.0,0.0,0.0,0.0,0.0,-373000000.0,-373000000.0,-0.02,-373000000.0,-373000000.0,-453000000.0,-2.97,-2.97,-2.97,2950000000.0,3007750000.0,2950000000.0,1917468139.0,-5.0,-5.141,378000000.0,2.906,1.0,769000000.0,0.042,0.0,80000000.0,8185000000.0,8454500000.0,878000000.0,265000000.0,74000000.0,191000000.0,8219000000.0,3471000000.0,4748000000.0,905468139.0,180000000.0,0.0,-24000000.0,-283000000.0,-31000000.0,-338000000.0,-609000000.0,80000000.0,1103000000.0,24000000.0,-379000000.0,-379000000.0,-379000000.0,0.0,0.0,-0.021,893000000.0,-124000000.0,2038000000.0,0.0,0.307,-2.389,-2.343,5448000000.0,0.0,6.96,0.049,0.049,2219000000.0,-302000000.0,18395000000.0,18395000000.0,0.0,-0.034,-0.126,-0.044,-0.02,0.0,893000000.0,1.0,130095997.0,130095997.0,,141.396,11169000000.0,786000000.0,-74000000.0,18000000.0,85.852,1239000000.0
31,VSTNQ,MRT,2002-09-30,2002-09-30,2002-09-30,2020-12-01,-133000000.0,11169000000.0,11194750000.0,4938000000.0,6231000000.0,1.639,23.218,-701000000.0,808000000.0,808000000.0,17568000000.0,-336000000.0,1.366,2.68,1820000000.0,508000000.0,1312000000.0,1820000000.0,0.0,0.0,0.0,0.0,0.0,-306000000.0,-306000000.0,-0.017,-306000000.0,-306000000.0,-384000000.0,-2.61,-2.61,-2.61,3035000000.0,3093000000.0,3035000000.0,2170881458.0,-7.0,-7.094,90000000.0,0.689,1.0,777000000.0,0.042,0.0,78000000.0,8566000000.0,8452750000.0,976000000.0,370000000.0,193000000.0,177000000.0,8134000000.0,3615000000.0,4519000000.0,1237881458.0,-73000000.0,-7000000.0,-15000000.0,-132000000.0,-31000000.0,-180000000.0,-699000000.0,-93000000.0,791000000.0,15000000.0,-336000000.0,-336000000.0,-336000000.0,0.0,0.0,-0.018,832000000.0,-55000000.0,1989000000.0,0.0,0.408,-3.684,-3.628,5314000000.0,0.0,9.47,0.067,0.067,2640000000.0,-237000000.0,18345000000.0,18345000000.0,0.0,-0.03,-0.109,-0.036,-0.017,0.0,832000000.0,1.0,130716099.0,130716099.0,,140.342,11169000000.0,696000000.0,-48000000.0,24000000.0,85.445,1323000000.0
32,VSTNQ,MRT,2002-06-30,2002-06-30,2002-06-30,2020-12-01,-114000000.0,11412000000.0,11207500000.0,5212000000.0,6200000000.0,1.581,23.809,-715000000.0,876000000.0,876000000.0,17011000000.0,-379000000.0,1.396,2.659,1809000000.0,504000000.0,1305000000.0,1809000000.0,0.0,0.0,0.0,0.0,0.0,-372000000.0,-372000000.0,-0.021,-372000000.0,-372000000.0,-451000000.0,-2.95,-2.95,-2.95,3119000000.0,3168750000.0,3119000000.0,2958225072.0,-8.0,-7.952,-4000000.0,-0.031,1.0,712000000.0,0.04,0.0,79000000.0,8612000000.0,8530250000.0,987000000.0,507000000.0,343000000.0,164000000.0,8293000000.0,3733000000.0,4560000000.0,1857225072.0,-319000000.0,-7000000.0,-16000000.0,-90000000.0,-31000000.0,-137000000.0,-899000000.0,-270000000.0,711000000.0,6000000.0,-379000000.0,-379000000.0,-379000000.0,0.0,0.0,-0.021,823000000.0,-111000000.0,2174000000.0,0.0,0.595,-4.9,-4.814,5375000000.0,0.0,14.2,0.105,0.105,2689000000.0,-177000000.0,17723000000.0,17723000000.0,0.0,-0.034,-0.12,-0.044,-0.021,0.0,823000000.0,1.0,130790498.0,131000000.0,131000000.0,135.29,11412000000.0,652000000.0,-72000000.0,43000000.0,87.115,1479000000.0
33,VSTNQ,MRT,2002-03-31,2002-03-31,2002-03-31,2020-12-01,-240000000.0,11036000000.0,11209500000.0,5003000000.0,6033000000.0,1.569,22.344,-724000000.0,815000000.0,815000000.0,17019000000.0,-491000000.0,1.359,2.77,1916000000.0,631000000.0,1285000000.0,1916000000.0,0.0,0.0,0.0,0.0,0.0,-542000000.0,-542000000.0,-0.031,-542000000.0,-542000000.0,-624000000.0,-3.82,-3.82,-3.82,2927000000.0,3238750000.0,2927000000.0,3056496082.0,-6.0,-5.639,-39000000.0,-0.298,1.0,570000000.0,0.032,0.0,82000000.0,8455000000.0,8481250000.0,999000000.0,415000000.0,257000000.0,158000000.0,8109000000.0,3682000000.0,4427000000.0,2158496082.0,-125000000.0,-7000000.0,-36000000.0,-7000000.0,-31000000.0,-74000000.0,-732000000.0,-100000000.0,685000000.0,-4000000.0,-491000000.0,-491000000.0,-491000000.0,0.0,0.0,-0.028,850000000.0,-280000000.0,2004000000.0,0.0,0.737,-4.396,-4.332,5233000000.0,0.0,16.55,0.123,0.123,2617000000.0,-241000000.0,17589000000.0,17589000000.0,0.0,-0.044,-0.152,-0.064,-0.031,0.0,850000000.0,1.0,130422724.0,131000000.0,131000000.0,134.267,11036000000.0,654000000.0,-133000000.0,40000000.0,84.244,1321000000.0
34,VSTNQ,MRT,2001-12-31,2001-12-31,2001-12-31,2020-12-01,-231000000.0,11162000000.0,11306500000.0,4837000000.0,6325000000.0,1.578,25.122,-756000000.0,1024000000.0,1024000000.0,17111000000.0,-122000000.0,1.375,2.392,1922000000.0,629000000.0,1293000000.0,1922000000.0,0.0,0.0,0.0,0.0,0.0,-120000000.0,-120000000.0,-0.007,-120000000.0,-120000000.0,-196000000.0,-0.94,-0.94,-0.94,3291000000.0,3384000000.0,3291000000.0,3067705302.0,-26.0,-25.564,-316000000.0,-2.412,1.0,732000000.0,0.041,363000000.0,76000000.0,8178000000.0,8531750000.0,942000000.0,315000000.0,157000000.0,158000000.0,7871000000.0,3519000000.0,4352000000.0,1960705302.0,-388000000.0,-7000000.0,-25000000.0,-19000000.0,-31000000.0,-75000000.0,-747000000.0,-86000000.0,440000000.0,-6000000.0,-122000000.0,-122000000.0,-122000000.0,0.0,0.0,-0.007,855000000.0,-123000000.0,1915000000.0,0.0,0.596,-16.071,-16.0,5329000000.0,0.0,15.04,0.11,0.11,2394000000.0,105000000.0,17843000000.0,17843000000.0,0.0,-0.011,-0.036,-0.014,-0.007,0.0,855000000.0,1.0,130366044.0,131000000.0,131000000.0,136.206,10799000000.0,489000000.0,-74000000.0,43000000.0,82.435,1318000000.0
35,VSTNQ,MRT,2001-09-30,2001-09-30,2001-09-30,2020-12-01,-201000000.0,11220000000.0,11367250000.0,4823000000.0,6397000000.0,1.573,25.677,-806000000.0,881000000.0,881000000.0,17164000000.0,-191000000.0,1.398,2.361,1988000000.0,616000000.0,1372000000.0,1988000000.0,0.0,0.0,0.0,0.0,0.0,-255000000.0,-255000000.0,-0.014,-255000000.0,-255000000.0,-318000000.0,-1.48,-1.48,-1.48,3338000000.0,3437500000.0,3338000000.0,2441889181.0,-10.0,-9.576,-348000000.0,-2.677,1.0,715000000.0,0.04,0.0,63000000.0,8876000000.0,8539750000.0,1022000000.0,248000000.0,97000000.0,151000000.0,7882000000.0,3451000000.0,4431000000.0,1665889181.0,-309000000.0,2000000.0,-25000000.0,-15000000.0,-32000000.0,-69000000.0,-681000000.0,31000000.0,458000000.0,-17000000.0,-191000000.0,-191000000.0,-191000000.0,0.0,0.0,-0.011,993000000.0,-278000000.0,1869000000.0,0.0,0.499,-8.722,-8.615,5451000000.0,0.0,12.75,0.093,0.093,2464000000.0,126000000.0,17879000000.0,17879000000.0,0.0,-0.017,-0.056,-0.03,-0.014,0.0,993000000.0,1.0,130657975.0,130000000.0,130000000.0,137.531,11220000000.0,443000000.0,-127000000.0,41000000.0,86.308,1372000000.0
36,VSTNQ,MRT,2001-06-30,2001-06-30,2001-06-30,2020-12-01,-246000000.0,11420000000.0,11369000000.0,5236000000.0,6184000000.0,1.633,25.947,-849000000.0,1195000000.0,1195000000.0,17637000000.0,-48000000.0,1.385,2.36,1971000000.0,581000000.0,1390000000.0,1971000000.0,0.0,0.0,0.0,0.0,0.0,-29000000.0,-29000000.0,-0.002,-29000000.0,-29000000.0,-91000000.0,-0.37,-0.37,-0.37,3399000000.0,3495250000.0,3399000000.0,3471470885.0,-120.0,-119.706,426000000.0,3.252,1.0,924000000.0,0.05,0.0,62000000.0,8416000000.0,8364500000.0,908000000.0,215000000.0,68000000.0,147000000.0,8021000000.0,3780000000.0,4241000000.0,2406470885.0,230000000.0,-28000000.0,-20000000.0,-26000000.0,-32000000.0,-184000000.0,-853000000.0,-68000000.0,1275000000.0,-8000000.0,-48000000.0,-48000000.0,-48000000.0,0.0,0.0,-0.003,978000000.0,-54000000.0,2079000000.0,0.0,0.708,-50.135,-49.676,5394000000.0,0.0,18.38,0.13,0.13,2738000000.0,229000000.0,18561000000.0,18561000000.0,0.0,-0.004,-0.014,-0.003,-0.002,0.0,978000000.0,1.0,130928775.0,131000000.0,131000000.0,141.687,11420000000.0,319000000.0,-43000000.0,125000000.0,87.176,1456000000.0
37,VSTNQ,MRT,2001-03-31,2001-03-31,2001-03-31,2020-12-01,-199000000.0,11424000000.0,11437750000.0,5152000000.0,6272000000.0,1.658,26.779,-850000000.0,940000000.0,940000000.0,17782000000.0,154000000.0,1.344,2.257,2005000000.0,640000000.0,1365000000.0,2005000000.0,0.0,0.0,0.0,0.0,0.0,282000000.0,282000000.0,0.015,282000000.0,282000000.0,230000000.0,1.19,1.19,1.19,3508000000.0,3549000000.0,3508000000.0,2576529736.0,9.0,9.137,-717000000.0,-5.473,1.0,1183000000.0,0.062,0.0,52000000.0,8657000000.0,8353000000.0,940000000.0,299000000.0,150000000.0,149000000.0,7916000000.0,3832000000.0,4084000000.0,1969529736.0,-3000000.0,-28000000.0,0.0,827000000.0,-24000000.0,841000000.0,-971000000.0,-150000000.0,133000000.0,-6000000.0,154000000.0,154000000.0,154000000.0,0.0,0.0,0.008,927000000.0,256000000.0,2138000000.0,0.0,0.561,12.789,12.639,5416000000.0,0.0,15.04,0.104,0.104,2776000000.0,277000000.0,18965000000.0,18965000000.0,0.0,0.013,0.043,0.034,0.015,0.0,927000000.0,1.0,130952775.0,131000000.0,131000000.0,144.771,11424000000.0,289000000.0,76000000.0,146000000.0,87.206,1320000000.0
38,VSTNQ,MRT,2000-12-31,2000-12-31,2000-12-31,2020-12-01,-179000000.0,11405000000.0,11529250000.0,5085000000.0,6320000000.0,1.688,26.962,-793000000.0,1412000000.0,1412000000.0,18129000000.0,270000000.0,1.337,2.254,2019000000.0,622000000.0,1397000000.0,2019000000.0,0.0,0.0,0.0,0.0,0.0,471000000.0,471000000.0,0.024,471000000.0,471000000.0,413000000.0,2.08,2.08,2.08,3505000000.0,3057000000.0,3505000000.0,2321726338.0,5.0,4.929,-1319000000.0,-10.146,1.0,1338000000.0,0.069,0.0,58000000.0,8210000000.0,8319000000.0,1028000000.0,207000000.0,65000000.0,142000000.0,7900000000.0,3802000000.0,4098000000.0,1505726338.0,-437000000.0,-28000000.0,0.0,940000000.0,-16000000.0,924000000.0,-842000000.0,-65000000.0,-526000000.0,7000000.0,270000000.0,270000000.0,270000000.0,0.0,0.0,0.014,897000000.0,441000000.0,2029000000.0,0.0,0.43,5.577,5.529,5497000000.0,0.0,11.5,0.077,0.077,2190000000.0,254000000.0,19467000000.0,19467000000.0,0.0,0.023,0.088,0.057,0.024,0.0,897000000.0,1.0,130932725.0,130000000.0,130000000.0,149.746,11405000000.0,292000000.0,143000000.0,83000000.0,87.731,1283000000.0
39,VSTNQ,MRT,2000-09-30,2000-09-30,2000-09-30,2020-12-01,-210000000.0,11227000000.0,11790250000.0,4814000000.0,6413000000.0,1.685,27.244,-876000000.0,1190000000.0,1190000000.0,18358000000.0,452000000.0,1.245,2.146,2006000000.0,642000000.0,1364000000.0,2006000000.0,0.0,0.0,0.0,0.0,0.0,780000000.0,780000000.0,0.039,780000000.0,780000000.0,711000000.0,3.48,3.48,3.48,3569000000.0,2555500000.0,3569000000.0,3093319750.0,4.0,3.966,-1098000000.0,-8.382,1.0,1511000000.0,0.076,0.0,69000000.0,8175000000.0,8127500000.0,838000000.0,338000000.0,126000000.0,212000000.0,7658000000.0,3868000000.0,3790000000.0,1978319750.0,-792000000.0,-75000000.0,0.0,857000000.0,-8000000.0,478000000.0,-1061000000.0,-126000000.0,-222000000.0,13000000.0,452000000.0,452000000.0,452000000.0,0.0,0.0,0.023,747000000.0,764000000.0,1879000000.0,0.0,0.554,4.377,4.346,5638000000.0,0.0,15.125,0.1,0.1,2462000000.0,349000000.0,19869000000.0,19869000000.0,0.0,0.038,0.177,0.096,0.039,0.0,747000000.0,1.0,130798000.0,131000000.0,131000000.0,151.672,11227000000.0,73000000.0,259000000.0,62000000.0,85.702,946000000.0
40,VSTNQ,MRT,2000-06-30,2000-06-30,2000-06-30,2020-12-01,-125000000.0,11695000000.0,,5228000000.0,6467000000.0,,27.8,-776000000.0,965000000.0,965000000.0,18376000000.0,559000000.0,1.177,2.236,2080000000.0,906000000.0,1174000000.0,2080000000.0,0.0,0.0,0.0,0.0,0.0,961000000.0,961000000.0,0.048,961000000.0,961000000.0,887000000.0,4.3,4.3,4.3,3614000000.0,,3614000000.0,3094925750.0,3.0,3.221,-1147000000.0,-8.823,1.0,1689000000.0,0.084,0.0,74000000.0,8370000000.0,,781000000.0,216000000.0,0.0,216000000.0,8081000000.0,4440000000.0,3641000000.0,1585925750.0,-599000000.0,-71000000.0,0.0,911000000.0,0.0,586000000.0,-823000000.0,0.0,-371000000.0,9000000.0,559000000.0,559000000.0,559000000.0,0.0,0.0,0.028,738000000.0,951000000.0,2270000000.0,0.0,0.439,2.837,2.82,5796000000.0,0.0,12.125,0.079,0.079,3369000000.0,309000000.0,20065000000.0,20065000000.0,0.0,,,,0.048,0.0,738000000.0,1.0,130798000.0,130000000.0,130000000.0,154.346,11695000000.0,72000000.0,328000000.0,72000000.0,89.962,788000000.0
41,VSTNQ,MRT,2000-03-31,2000-03-31,2000-03-31,2020-12-01,-104000000.0,11790000000.0,,4672000000.0,7118000000.0,,11.846,-795000000.0,943000000.0,943000000.0,17957000000.0,677000000.0,0.978,6.656,2452000000.0,1026000000.0,1426000000.0,2452000000.0,0.0,0.0,0.0,,0.0,1159000000.0,1159000000.0,0.058,1159000000.0,1159000000.0,1073000000.0,5.2,5.2,5.2,1540000000.0,,1540000000.0,,,,409000000.0,3.146,1.0,1862000000.0,0.094,0.0,86000000.0,8521000000.0,,743000000.0,209000000.0,0.0,209000000.0,10250000000.0,4778000000.0,5472000000.0,,386000000.0,-494000000.0,0.0,1076000000.0,0.0,448000000.0,-1271000000.0,0.0,1204000000.0,5000000.0,677000000.0,677000000.0,677000000.0,0.0,0.0,0.034,718000000.0,1144000000.0,2730000000.0,0.0,,,,5730000000.0,0.0,,,,2604000000.0,,19819000000.0,19819000000.0,0.0,,,,0.058,0.0,718000000.0,1.0,130798000.0,130000000.0,130000000.0,152.454,11790000000.0,295000000.0,396000000.0,13000000.0,90.692,-106000000.0
42,VSTNQ,MRT,1999-12-31,1999-12-31,1999-12-31,2020-12-01,-67000000.0,12449000000.0,10911000000.0,5196000000.0,7253000000.0,1.775,11.531,-876000000.0,1849000000.0,1849000000.0,17503000000.0,735000000.0,0.949,7.305,2319000000.0,961000000.0,1358000000.0,2319000000.0,0.0,0.0,0.0,,0.0,1221000000.0,1221000000.0,0.063,1221000000.0,1221000000.0,1157000000.0,5.65,5.65,5.65,1499000000.0,1577000000.0,1499000000.0,,,,1606000000.0,12.354,1.0,1863000000.0,0.096,0.0,64000000.0,7444000000.0,7118000000.0,751000000.0,205000000.0,0.0,205000000.0,10950000000.0,5475000000.0,5475000000.0,,1307000000.0,-579000000.0,0.0,948000000.0,0.0,290000000.0,-1453000000.0,0.0,2482000000.0,-12000000.0,735000000.0,735000000.0,735000000.0,0.0,0.0,0.038,674000000.0,1189000000.0,3150000000.0,0.0,,,,5789000000.0,0.0,,,,2191000000.0,0.0,19366000000.0,19366000000.0,0.0,0.067,0.466,0.172,0.063,0.0,674000000.0,1.0,130798000.0,130000000.0,130000000.0,148.969,12449000000.0,472000000.0,422000000.0,306000000.0,95.762,-279000000.0
43,VSTNQ,MRT,1999-09-30,1999-09-30,1999-09-30,2020-12-01,,,,,,,,,,,,,,,,,,,,,,,0.0,,,,,,,,,,,,,,,,,,1.0,,,,,,,,,,,,,,,,,,,,,,,,,,,,,,,,,,,,,,,,,,,,,,,,,,,,,,1.0,,130000000.0,,,,,,,,
44,VSTNQ,MRT,1999-06-30,1999-06-30,1999-06-30,2020-12-01,,,,,,,,,,,,,,,,,,,,,,,0.0,,,,,,,,,,,,,,,,,,1.0,,,,,,,,,,,,,,,,,,,,,,,,,,,,,,,,,,,,,,,,,,,,,,,,,,,,,,1.0,,130000000.0,,,,,,,,
45,VSTNQ,MRT,1999-03-31,1999-03-31,1999-03-31,2020-12-01,,,,,,,,,,,,,,,,,,,,,,,0.0,,,,,,,,,,,,,,,,,,1.0,,,,,,,,,,,,,,,,,,,,,,,,,,,,,,,,,,,,,,,,,,,,,,,,,,,,,,1.0,,,,,,,,,,
46,VSTNQ,MRT,1998-12-31,1998-12-31,1998-12-31,2020-12-01,-25000000.0,9373000000.0,,3191000000.0,6182000000.0,,12.731,-861000000.0,542000000.0,542000000.0,15969000000.0,703000000.0,1.009,4.663,1125000000.0,309000000.0,816000000.0,1125000000.0,0.0,0.0,0.0,,0.0,1163000000.0,1163000000.0,0.065,1163000000.0,1163000000.0,1119000000.0,5.41,5.41,5.41,1655000000.0,,1655000000.0,,,,515000000.0,3.962,1.0,1793000000.0,0.101,0.0,44000000.0,6792000000.0,,606000000.0,214000000.0,0.0,214000000.0,7718000000.0,3164000000.0,4554000000.0,,198000000.0,-108000000.0,0.0,-19000000.0,0.0,-234000000.0,-940000000.0,0.0,1376000000.0,-4000000.0,703000000.0,703000000.0,703000000.0,0.0,0.0,0.04,659000000.0,1134000000.0,1863000000.0,0.0,,,,5391000000.0,0.0,,,,1761000000.0,,17762000000.0,17762000000.0,0.0,,,,0.065,0.0,659000000.0,1.0,,130000000.0,130000000.0,136.631,9373000000.0,495000000.0,416000000.0,184000000.0,72.1,27000000.0
47,VSTNQ,MRT,1997-12-31,1997-12-31,1997-12-31,2020-12-01,,,,,,,,-917000000.0,,,15794000000.0,511000000.0,,,,,,,,0.0,,,0.0,881000000.0,881000000.0,0.051,881000000.0,881000000.0,816000000.0,,,,,,,,,,494000000.0,,1.0,1426000000.0,0.083,,65000000.0,,,,,,,,,,,207000000.0,0.0,0.0,-11000000.0,0.0,-251000000.0,-943000000.0,0.0,1411000000.0,-10000000.0,511000000.0,511000000.0,511000000.0,0.0,0.0,0.03,575000000.0,851000000.0,,,,,,,0.0,,,,,,17220000000.0,17220000000.0,0.0,,,,0.051,0.0,575000000.0,1.0,,,,,,,305000000.0,,,
