None,ticker,dimension,calendardate,datekey,reportperiod,lastupdated,accoci,assets,assetsavg,assetsc,assetsnc,assetturnover,bvps,capex,cashneq,cashnequsd,cor,consolinc,currentratio,de,debt,debtc,debtnc,debtusd,deferredrev,depamor,deposits,divyield,dps,ebit,ebitda,ebitdamargin,ebitdausd,ebitusd,ebt,eps,epsdil,epsusd,equity,equityavg,equityusd,ev,evebit,evebitda,fcf,fcfps,fxusd,gp,grossmargin,intangibles,intexp,invcap,invcapavg,inventory,investments,investmentsc,investmentsnc,liabilities,liabilitiesc,liabilitiesnc,marketcap,ncf,ncfbus,ncfcommon,ncfdebt,ncfdiv,ncff,ncfi,ncfinv,ncfo,ncfx,netinc,netinccmn,netinccmnusd,netincdis,netincnci,netmargin,opex,opinc,payables,payoutratio,pb,pe,pe1,ppnenet,prefdivis,price,ps,ps1,receivables,retearn,revenue,revenueusd,rnd,roa,roe,roic,ros,sbcomp,sgna,sharefactor,sharesbas,shareswa,shareswadil,sps,tangibles,taxassets,taxexp,taxliabilities,tbvps,workingcapital
0,VSTNQ,ARY,2009-12-31,2010-02-26,2009-12-31,2020-12-01,142000000,5019000000,4783500000.0,2705000000,2314000000,1.398,-5.924,-151000000.0,1095000000,1095000000,6088000000.0,184000000.0,1.625,-7.091,3050000000,225000000,2825000000,3050000000,0,352000000.0,0,0.0,0.0,325000000.0,677000000.0,0.101,677000000.0,325000000.0,208000000.0,0.98,0.98,0.98,-772000000,-936750000.0,-772000000,1999310358.0,6.0,2.953,-10000000.0,-0.077,1.0,597000000.0,0.089,0,117000000.0,5309000000,4934500000.0,319000000,294000000,0,294000000,5474000000,1665000000,3809000000,44310358.0,-218000000.0,28000000.0,0.0,-64000000.0,0.0,-259000000.0,-123000000.0,0.0,141000000.0,23000000.0,128000000.0,128000000.0,128000000.0,0.0,56000000.0,0.019,464000000.0,133000000.0,977000000,0.0,-0.057,0.346,0.347,1936000000,0.0,0.34,0.007,0.007,1055000000,-4576000000.0,6685000000.0,6685000000.0,0.0,0.027,-0.137,0.066,0.049,0.0,331000000.0,1.0,130324581,130324581,,51.295,5019000000,0,80000000.0,159000000,38.512,1040000000
1,VSTNQ,ARY,2008-12-31,2009-03-31,2008-12-31,2020-12-01,157000000,5248000000,6358250000.0,2772000000,2476000000,1.501,-6.798,-294000000.0,1180000000,1180000000,9085000000.0,-681000000.0,0.649,-6.917,2762000000,2697000000,65000000,2762000000,0,416000000.0,0,0.0,0.0,-350000000.0,66000000.0,0.007,66000000.0,-350000000.0,-565000000.0,-5.26,-5.26,-5.26,-887000000,-440000000.0,-887000000,1598962772.0,-5.0,24.227,-410000000.0,-3.142,1.0,459000000.0,0.048,0,215000000.0,2559000000,4832500000.0,354000000,220000000,0,220000000,6135000000,4271000000,1864000000,16962772.0,-578000000.0,83000000.0,0.0,-193000000.0,0.0,-193000000.0,-208000000.0,0.0,-116000000.0,-61000000.0,-681000000.0,-681000000.0,-681000000.0,0.0,0.0,-0.071,975000000.0,-516000000.0,1058000000,0.0,-0.019,-0.025,-0.025,2162000000,0.0,0.13,0.002,0.002,989000000,-4704000000.0,9544000000.0,9544000000.0,0.0,-0.107,1.548,-0.072,-0.037,0.0,553000000.0,1.0,130482861,130482861,,73.144,5248000000,0,116000000.0,139000000,40.22,-1499000000
2,VSTNQ,ARY,2007-12-31,2008-02-22,2007-12-31,2020-12-01,275000000,7205000000,7121500000.0,4072000000,3133000000,1.582,-0.694,-376000000.0,1758000000,1758000000,10693000000.0,-372000000.0,1.611,-81.056,2840000000,95000000,2745000000,2840000000,0,472000000.0,0,0.0,0.0,-127000000.0,345000000.0,0.031,345000000.0,-127000000.0,-352000000.0,-2.87,-2.87,-2.87,-90000000,-115000000.0,-90000000,1551333138.0,-12.0,4.497,-83000000.0,-0.64,1.0,573000000.0,0.051,0,225000000.0,5759000000,5777250000.0,495000000,218000000,0,218000000,7295000000,2528000000,4767000000,469333138.0,701000000.0,-8000000.0,0.0,547000000.0,0.0,547000000.0,-177000000.0,0.0,293000000.0,38000000.0,-372000000.0,-372000000.0,-372000000.0,24000000.0,0.0,-0.033,883000000.0,-310000000.0,1766000000,0.0,-5.215,-1.262,-1.261,2793000000,0.0,3.62,0.042,0.042,1150000000,-4016000000.0,11266000000.0,11266000000.0,0.0,-0.052,3.235,-0.022,-0.011,0.0,636000000.0,1.0,129650038,129650038,,86.895,7205000000,0,20000000.0,147000000,55.573,1544000000
3,VSTNQ,ARY,2006-12-31,2007-02-28,2006-12-31,2020-12-01,-216000000,6938000000,6843500000.0,3565000000,3373000000,1.668,-1.457,-373000000.0,1057000000,1057000000,10684000000.0,-163000000.0,1.388,-37.904,2228000000,100000000,2128000000,2228000000,0,430000000.0,0,0.0,0.0,52000000.0,482000000.0,0.042,482000000.0,52000000.0,-138000000.0,-1.28,-1.28,-1.28,-188000000,-62000000.0,-188000000,2271488874.0,44.0,4.713,-92000000.0,-0.713,1.0,734000000.0,0.064,0,190000000.0,5541000000,5514250000.0,520000000,224000000,0,224000000,7126000000,2568000000,4558000000,1100488874.0,192000000.0,-6000000.0,0.0,214000000.0,0.0,214000000.0,-337000000.0,0.0,281000000.0,34000000.0,-163000000.0,-163000000.0,-163000000.0,0.0,0.0,-0.014,833000000.0,-99000000.0,1825000000,0.0,-5.854,-6.751,-6.664,3034000000,0.0,8.53,0.096,0.096,1245000000,-3606000000.0,11418000000.0,11418000000.0,0.0,-0.024,2.629,0.009,0.005,0.0,716000000.0,1.0,129013936,129013936,,88.502,6938000000,0,25000000.0,170000000,53.777,997000000
4,VSTNQ,ARY,2005-12-31,2006-03-16,2005-12-31,2020-12-01,-234000000,6736000000,8522500000.0,3345000000,3391000000,1.992,-0.375,-585000000.0,865000000,865000000,16422000000.0,-270000000.0,1.13,-141.333,1994000000,485000000,1509000000,1994000000,0,595000000.0,0,0.0,0.0,-50000000.0,545000000.0,0.032,545000000.0,-50000000.0,-206000000.0,-2.14,-2.14,-2.14,-48000000,179500000.0,-48000000,1713988183.0,-34.0,3.145,-168000000.0,-1.312,1.0,554000000.0,0.033,0,156000000.0,4906000000,6320500000.0,537000000,226000000,0,226000000,6784000000,2959000000,3825000000,584988183.0,113000000.0,278000000.0,-2000000.0,-49000000.0,0.0,-51000000.0,-231000000.0,0.0,417000000.0,-22000000.0,-270000000.0,-270000000.0,-270000000.0,0.0,0.0,-0.016,2503000000.0,-1949000000.0,1803000000,0.0,-12.187,-2.167,-2.136,2973000000,0.0,4.57,0.034,0.034,1738000000,-3440000000.0,16976000000.0,16976000000.0,0.0,-0.032,-1.504,-0.008,-0.003,0.0,946000000.0,1.0,128006167,128006167,,132.619,6736000000,0,64000000.0,175000000,52.622,386000000
5,VSTNQ,ARY,2004-12-31,2005-03-16,2004-12-31,2020-12-01,5000000,10309000000,10879250000.0,4444000000,5865000000,1.715,3.163,-827000000.0,752000000,752000000,18111000000.0,-1499000000.0,1.156,24.329,2021000000,508000000,1513000000,2021000000,0,0.0,0,0.0,0.0,-438000000.0,-438000000.0,-0.023,-438000000.0,-438000000.0,-534000000.0,-11.96,-11.96,-11.96,407000000,1143750000.0,407000000,2075813223.0,-5.0,-4.739,-409000000.0,-3.178,1.0,546000000.0,0.029,0,96000000.0,7735000000,8194750000.0,889000000,227000000,0,227000000,9902000000,3843000000,6059000000,806813223.0,-201000000.0,0.0,-11000000.0,177000000.0,-31000000.0,135000000.0,-782000000.0,11000000.0,418000000.0,28000000.0,-1499000000.0,-1499000000.0,-1499000000.0,0.0,0.0,-0.08,994000000.0,-448000000.0,2403000000,0.0,1.982,-0.538,-0.524,5303000000,0.0,6.27,0.043,0.043,2540000000,-3083000000.0,18657000000.0,18657000000.0,0.0,-0.138,-1.311,-0.053,-0.023,0.0,994000000.0,1.0,128678345,128678345,,144.989,10309000000,183000000,965000000.0,334000000,80.114,601000000
6,VSTNQ,ARY,2003-12-31,2004-02-13,2003-12-31,2020-12-01,-21000000,10964000000,11413500000.0,4410000000,6554000000,1.547,14.241,-879000000.0,953000000,953000000,17786000000.0,-1213000000.0,1.235,4.901,1818000000,351000000,1467000000,1818000000,0,0.0,0,0.0,0.0,-1102000000.0,-1102000000.0,-0.062,-1102000000.0,-1102000000.0,-1179000000.0,-9.65,-9.65,-9.65,1858000000,2614250000.0,1858000000,2336699446.0,-2.0,-2.12,-509000000.0,-3.901,1.0,-126000000.0,-0.007,0,77000000.0,8257000000,8687000000.0,761000000,218000000,3000000,215000000,9106000000,3572000000,5534000000,1471699446.0,-251000000.0,-4000000.0,-5000000.0,164000000.0,-31000000.0,128000000.0,-788000000.0,70000000.0,370000000.0,39000000.0,-1213000000.0,-1213000000.0,-1213000000.0,0.0,0.0,-0.069,1002000000.0,-1128000000.0,2270000000,0.0,0.792,-1.213,-1.169,5369000000,0.0,11.28,0.083,0.083,2362000000,-1521000000.0,17660000000.0,17660000000.0,0.0,-0.106,-0.464,-0.127,-0.062,0.0,1002000000.0,1.0,130469809,130469809,,135.357,10964000000,863000000,34000000.0,27000000,84.035,838000000
7,VSTNQ,ARY,2002-12-31,2003-02-14,2002-12-31,2020-12-01,-140000000,11170000000,11165000000.0,4737000000,6433000000,1.648,23.081,-723000000.0,1204000000,1204000000,17588000000.0,-352000000.0,1.367,2.751,1646000000,348000000,1298000000,1646000000,0,0.0,0,0.0,0.0,-330000000.0,-330000000.0,-0.018,-330000000.0,-330000000.0,-410000000.0,-2.75,-2.75,-2.75,2978000000,3014750000.0,2978000000,1293560439.0,-4.0,-3.92,423000000.0,3.278,1.0,807000000.0,0.044,0,80000000.0,8146000000,8444750000.0,878000000,265000000,74000000,191000000,8192000000,3466000000,4726000000,851560439.0,180000000.0,0.0,-24000000.0,-324000000.0,-31000000.0,-383000000.0,-607000000.0,80000000.0,1146000000.0,24000000.0,-352000000.0,-352000000.0,-352000000.0,0.0,0.0,-0.019,888000000.0,-81000000.0,2083000000,0.0,0.286,-2.419,-2.4,5443000000,0.0,6.6,0.046,0.046,2229000000,-278000000.0,18395000000.0,18395000000.0,0.0,-0.032,-0.117,-0.039,-0.018,0.0,888000000.0,1.0,129024309,129024309,,142.57,11170000000,765000000,-58000000.0,17000000,86.573,1271000000
8,VSTNQ,ARY,2001-12-31,2002-03-29,2001-12-31,2020-12-01,-231000000,11078000000,11285500000.0,4753000000,6325000000,1.581,25.122,-752000000.0,1024000000,1024000000,17148000000.0,-118000000.0,1.384,2.366,1922000000,629000000,1293000000,1922000000,0,0.0,0,0.0,0.0,-114000000.0,-114000000.0,-0.006,-114000000.0,-114000000.0,-190000000.0,-0.91,-0.91,-0.91,3291000000,3384000000.0,3291000000,3056496082.0,-27.0,-26.811,-316000000.0,-2.412,1.0,695000000.0,0.039,0,76000000.0,8541000000,8622500000.0,858000000,315000000,157000000,158000000,7787000000,3435000000,4352000000,2158496082.0,-388000000.0,-7000000.0,-25000000.0,-22000000.0,-31000000.0,-75000000.0,-743000000.0,-86000000.0,436000000.0,-6000000.0,-118000000.0,-118000000.0,-118000000.0,0.0,0.0,-0.007,812000000.0,-117000000.0,1831000000,0.0,0.656,-18.292,-18.187,5329000000,0.0,16.55,0.121,0.122,2394000000,105000000.0,17843000000.0,17843000000.0,0.0,-0.01,-0.035,-0.013,-0.006,0.0,812000000.0,1.0,130422724,131000000,131000000.0,136.206,11078000000,489000000,-72000000.0,43000000,84.565,1318000000
9,VSTNQ,ARY,2000-12-31,2001-02-27,2000-12-31,2020-12-01,-179000000,11325000000,11509250000.0,5005000000,6320000000,1.691,26.962,-793000000.0,1412000000,1412000000,18025000000.0,270000000.0,1.316,2.231,2019000000,622000000,1397000000,2019000000,0,0.0,0,0.0,0.0,471000000.0,471000000.0,0.024,471000000.0,471000000.0,413000000.0,2.08,2.08,2.08,3505000000,3057000000.0,3505000000,2500577127.0,5.0,5.309,-1319000000.0,-10.146,1.0,1442000000.0,0.074,0,58000000.0,8128000000,8298500000.0,948000000,207000000,65000000,142000000,7820000000,3804000000,4016000000,1893577127.0,-437000000.0,-28000000.0,0.0,940000000.0,-16000000.0,924000000.0,-842000000.0,-65000000.0,-526000000.0,7000000.0,270000000.0,270000000.0,270000000.0,0.0,0.0,0.014,1001000000.0,441000000.0,1949000000,0.0,0.54,7.013,6.952,5497000000,0.0,14.46,0.097,0.097,2190000000,254000000.0,19467000000.0,19467000000.0,0.0,0.023,0.088,0.057,0.024,0.0,781000000.0,1.0,130952775,130000000,130000000.0,149.746,11325000000,292000000,143000000.0,165000000,87.115,1201000000
10,VSTNQ,ARY,1999-12-31,2000-04-14,1999-12-31,2020-12-01,-67000000,12449000000,,5196000000,7253000000,,11.46,-876000000.0,1849000000,1849000000,17503000000.0,735000000.0,0.949,7.305,2319000000,961000000,1358000000,2319000000,0,0.0,0,,0.0,1221000000.0,1221000000.0,0.063,1221000000.0,1221000000.0,1157000000.0,,,,1499000000,,1499000000,,,,1606000000.0,12.278,1.0,1863000000.0,0.096,0,64000000.0,7444000000,,751000000,205000000,0,205000000,10950000000,5475000000,5475000000,,1307000000.0,-579000000.0,0.0,948000000.0,0.0,290000000.0,-1453000000.0,0.0,2482000000.0,-12000000.0,735000000.0,735000000.0,735000000.0,0.0,0.0,0.038,674000000.0,1189000000.0,3150000000,,,,,5789000000,0.0,,,,2191000000,,19366000000.0,19366000000.0,0.0,,,,0.063,0.0,674000000.0,1.0,130798000,130798000,,148.06,12449000000,472000000,422000000.0,306000000,95.177,-279000000
0,VSTNQ,ARQ,2010-06-30,2010-08-09,2010-06-30,2020-12-01,-215000000,4974000000,,2828000000,2146000000,,-8.423,-41000000.0,1160000000,1160000000,1841000000.0,-177000000.0,1.644,-5.236,3312000000,207000000,3105000000,3312000000,0,67000000.0,0,0.0,0.0,-22000000.0,45000000.0,0.023,45000000.0,-22000000.0,-151000000.0,-1.55,-1.55,-1.55,-1097000000,,-1097000000,2215820481.0,4.0,2.577,92000000.0,0.706,1.0,104000000.0,0.053,0,129000000.0,5406000000,,351000000,357000000,0,357000000,5744000000,1720000000,4024000000,63820481.0,15000000.0,22000000.0,0.0,0.0,0.0,-64000000.0,-19000000.0,0.0,133000000.0,-35000000.0,-201000000.0,-201000000.0,-201000000.0,0.0,24000000.0,-0.103,140000000.0,-36000000.0,997000000,0.0,-0.058,0.236,0.237,1721000000,0.0,0.49,0.008,0.008,1032000000,-4544000000.0,1945000000.0,1945000000.0,0.0,,,,,0.0,88000000.0,1.0,130245880,130245880,,14.933,4974000000,0,50000000.0,173000000,38.189,1108000000
1,VSTNQ,ARQ,2010-03-31,2010-04-30,2010-03-31,2020-12-01,-51000000,5098000000,,2842000000,2256000000,,-5.617,-25000000.0,1099000000,1099000000,1486000000.0,248000000.0,1.642,-7.522,3054000000,216000000,2838000000,3054000000,0,73000000.0,0,0.0,0.0,264000000.0,337000000.0,0.177,337000000.0,264000000.0,258000000.0,1.79,1.79,1.79,-732000000,,-732000000,2176545496.0,4.0,2.516,15000000.0,0.115,1.0,418000000.0,0.22,0,6000000.0,5322000000,,353000000,320000000,0,320000000,5506000000,1731000000,3775000000,221545496.0,2000000.0,1000000.0,0.0,-9000000.0,0.0,-11000000.0,-24000000.0,0.0,40000000.0,-3000000.0,233000000.0,233000000.0,233000000.0,0.0,15000000.0,0.122,172000000.0,246000000.0,1037000000,0.0,-0.303,0.617,0.618,1849000000,0.0,1.7,0.031,0.031,1072000000,-4343000000.0,1904000000.0,1904000000.0,0.0,,,,,0.0,113000000.0,1.0,130320880,130320880,,14.61,5098000000,0,25000000.0,171000000,39.119,1111000000
2,VSTNQ,ARQ,2009-12-31,2010-02-26,2009-12-31,2020-12-01,142000000,5019000000,,2705000000,2314000000,,-5.924,-64000000.0,1095000000,1095000000,1675000000.0,297000000.0,1.625,-7.091,3050000000,225000000,2825000000,3050000000,0,97000000.0,0,0.0,0.0,300000000.0,397000000.0,0.195,397000000.0,300000000.0,293000000.0,2.12,2.12,2.12,-772000000,,-772000000,1999310358.0,6.0,2.953,228000000.0,1.749,1.0,356000000.0,0.175,0,7000000.0,5309000000,,319000000,294000000,0,294000000,5474000000,1665000000,3809000000,44310358.0,250000000.0,34000000.0,0.0,23000000.0,0.0,-14000000.0,-30000000.0,0.0,292000000.0,2000000.0,276000000.0,276000000.0,276000000.0,0.0,21000000.0,0.136,128000000.0,228000000.0,977000000,0.0,-0.057,0.346,0.347,1936000000,0.0,0.34,0.007,0.007,1055000000,-4576000000.0,2031000000.0,2031000000.0,0.0,,,,,0.0,31000000.0,1.0,130324581,130324581,,15.584,5019000000,0,17000000.0,159000000,38.512,1040000000
3,VSTNQ,ARQ,2009-09-30,2009-10-29,2009-09-30,2020-12-01,201000000,4907000000,,2524000000,2383000000,,-7.604,-29000000.0,814000000,814000000,1617000000.0,-23000000.0,1.673,-5.657,3328000000,136000000,3192000000,3328000000,0,93000000.0,0,0.0,0.0,-12000000.0,81000000.0,0.047,81000000.0,-12000000.0,-20000000.0,-0.29,-0.29,-0.29,-991000000,,-991000000,2532246778.0,-9.0,40.194,55000000.0,0.422,1.0,116000000.0,0.067,0,8000000.0,5912000000,,360000000,266000000,0,266000000,5606000000,1509000000,4097000000,18246778.0,65000000.0,1000000.0,0.0,53000000.0,0.0,-10000000.0,-28000000.0,0.0,84000000.0,19000000.0,-38000000.0,-38000000.0,-38000000.0,0.0,15000000.0,-0.022,141000000.0,-25000000.0,952000000,0.0,-0.018,-0.037,-0.037,2039000000,0.0,0.14,0.003,0.003,1126000000,-4852000000.0,1733000000.0,1733000000.0,0.0,,,,,0.0,95000000.0,1.0,130334131,130334131,,13.297,4907000000,0,18000000.0,149000000,37.649,1015000000
4,VSTNQ,ARQ,2009-06-30,2009-08-06,2009-06-30,2020-12-01,165000000,4647000000,,2277000000,2370000000,,-7.586,-33000000.0,742000000,742000000,1489000000.0,-99000000.0,1.783,-5.429,3340000000,136000000,3204000000,3340000000,0,84000000.0,0,0.0,0.0,-34000000.0,50000000.0,0.032,50000000.0,-34000000.0,-81000000.0,-0.87,-0.87,-0.87,-989000000,,-989000000,2613645393.0,-7.0,-104.546,7000000.0,0.054,1.0,80000000.0,0.051,0,47000000.0,5968000000,,329000000,237000000,0,237000000,5369000000,1277000000,4092000000,15645393.0,43000000.0,2000000.0,0.0,-63000000.0,0.0,5000000.0,-31000000.0,0.0,40000000.0,29000000.0,-112000000.0,-112000000.0,-112000000.0,0.0,13000000.0,-0.071,122000000.0,-42000000.0,780000000,0.0,-0.016,-0.024,-0.024,2053000000,0.0,0.12,0.002,0.002,998000000,-4814000000.0,1569000000.0,1569000000.0,0.0,,,,,0.0,97000000.0,1.0,130378272,130378272,,12.034,4647000000,0,31000000.0,136000000,35.642,1000000000
5,VSTNQ,ARQ,2009-03-31,2009-05-11,2009-03-31,2020-12-01,47000000,4561000000,,2247000000,2314000000,,-7.629,-25000000.0,767000000,767000000,1307000000.0,9000000.0,0.567,-5.338,2715000000,2655000000,60000000,2715000000,0,78000000.0,0,0.0,0.0,71000000.0,149000000.0,0.11,149000000.0,71000000.0,16000000.0,0.02,0.02,0.02,-995000000,,-995000000,1993646972.0,-7.0,20.553,-300000000.0,-2.3,1.0,45000000.0,0.033,0,55000000.0,2549000000,,328000000,226000000,0,226000000,5311000000,3960000000,1351000000,45646972.0,-576000000.0,-9000000.0,0.0,-77000000.0,0.0,-240000000.0,-34000000.0,0.0,-275000000.0,-27000000.0,2000000.0,2000000.0,2000000.0,0.0,7000000.0,0.001,135000000.0,-90000000.0,813000000,0.0,-0.046,-0.08,-0.079,2008000000,0.0,0.35,0.006,0.006,887000000,-4702000000.0,1352000000.0,1352000000.0,0.0,,,,,0.0,108000000.0,1.0,130419920,130419920,,10.367,4561000000,0,14000000.0,138000000,34.972,-1713000000
6,VSTNQ,ARQ,2008-12-31,2009-03-31,2008-12-31,2020-12-01,157000000,5248000000,,2772000000,2476000000,,-6.798,-64000000.0,1180000000,1180000000,1679000000.0,-346000000.0,0.649,-6.917,2762000000,2697000000,65000000,2762000000,0,89000000.0,0,0.0,0.0,-306000000.0,-217000000.0,-0.13,-217000000.0,-306000000.0,-361000000.0,-2.67,-2.67,-2.67,-887000000,,-887000000,1598962772.0,-5.0,24.227,-27000000.0,-0.207,1.0,-10000000.0,-0.006,0,55000000.0,2559000000,,354000000,220000000,0,220000000,6135000000,4271000000,1864000000,16962772.0,47000000.0,18000000.0,0.0,13000000.0,0.0,75000000.0,-48000000.0,0.0,37000000.0,-17000000.0,-346000000.0,-346000000.0,-346000000.0,0.0,0.0,-0.207,346000000.0,-356000000.0,1058000000,0.0,-0.019,-0.025,-0.025,2162000000,0.0,0.13,0.002,0.002,989000000,-4704000000.0,1669000000.0,1669000000.0,0.0,,,,,0.0,111000000.0,1.0,130482861,130482861,,12.791,5248000000,0,-15000000.0,139000000,40.22,-1499000000
7,VSTNQ,ARQ,2008-09-30,2008-10-30,2008-09-30,2020-12-01,169000000,5941000000,,3133000000,2808000000,,-4.059,-76000000.0,1133000000,1133000000,2067000000.0,-188000000.0,1.553,-12.209,2589000000,97000000,2492000000,2589000000,0,102000000.0,0,0.0,0.0,-109000000.0,-7000000.0,-0.003,-7000000.0,-109000000.0,-157000000.0,-1.45,-1.45,-1.45,-530000000,,-530000000,1548699038.0,-22.0,4.044,-236000000.0,-1.808,1.0,43000000.0,0.02,0,48000000.0,5379000000,,429000000,226000000,0,226000000,6471000000,2018000000,4453000000,92699038.0,-373000000.0,6000000.0,0.0,-24000000.0,0.0,-86000000.0,-69000000.0,0.0,-160000000.0,-58000000.0,-188000000.0,-188000000.0,-188000000.0,0.0,0.0,-0.089,199000000.0,-156000000.0,1331000000,0.0,-0.175,-0.245,-0.244,2486000000,0.0,0.71,0.009,0.009,1020000000,-4358000000.0,2110000000.0,2110000000.0,0.0,,,,,0.0,138000000.0,1.0,130562025,130562025,,16.161,5941000000,0,31000000.0,148000000,45.503,1115000000
8,VSTNQ,ARQ,2008-06-30,2008-07-30,2008-06-30,2020-12-01,304000000,7016000000,,3935000000,3081000000,,-1.585,-80000000.0,1506000000,1506000000,2674000000.0,-42000000.0,1.503,-34.894,2665000000,121000000,2544000000,2665000000,0,110000000.0,0,0.0,0.0,62000000.0,172000000.0,0.059,172000000.0,62000000.0,7000000.0,-0.32,-0.32,-0.32,-207000000,,-207000000,1558519797.0,173.0,3.323,53000000.0,0.406,1.0,231000000.0,0.08,0,55000000.0,5557000000,,466000000,252000000,0,252000000,7223000000,2618000000,4605000000,399519797.0,-107000000.0,7000000.0,0.0,-170000000.0,0.0,-170000000.0,-69000000.0,0.0,133000000.0,-1000000.0,-42000000.0,-42000000.0,-42000000.0,0.0,0.0,-0.014,196000000.0,35000000.0,1795000000,0.0,-1.93,-1.336,-1.33,2721000000,0.0,3.06,0.036,0.036,1217000000,-4170000000.0,2905000000.0,2905000000.0,0.0,,,,,0.0,156000000.0,1.0,130562025,130562025,,22.25,7016000000,0,49000000.0,158000000,53.737,1317000000
9,VSTNQ,ARQ,2008-03-31,2008-04-30,2008-03-31,2020-12-01,333000000,7228000000,,4084000000,3144000000,,-1.04,-74000000.0,1613000000,1613000000,2665000000.0,-105000000.0,1.556,-54.147,2844000000,103000000,2741000000,2844000000,0,115000000.0,0,0.0,0.0,3000000.0,118000000.0,0.041,118000000.0,3000000.0,-54000000.0,-0.81,-0.81,-0.81,-136000000,,-136000000,1798796219.0,-49.0,4.193,-200000000.0,-1.529,1.0,195000000.0,0.068,0,57000000.0,5835000000,,484000000,240000000,0,240000000,7364000000,2624000000,4740000000,567796219.0,-145000000.0,52000000.0,0.0,-12000000.0,0.0,-12000000.0,-22000000.0,0.0,-126000000.0,15000000.0,-105000000.0,-105000000.0,-105000000.0,0.0,0.0,-0.037,234000000.0,-39000000.0,1851000000,0.0,-4.175,-1.752,-1.736,2778000000,0.0,4.34,0.051,0.051,1215000000,-4128000000.0,2860000000.0,2860000000.0,0.0,,,,,0.0,148000000.0,1.0,130828622,130828622,,21.861,7228000000,0,51000000.0,160000000,55.248,1460000000
10,VSTNQ,ARQ,2007-12-31,2008-02-22,2007-12-31,2020-12-01,275000000,7205000000,,4072000000,3133000000,,-0.694,-144000000.0,1758000000,1758000000,2656000000.0,-43000000.0,1.611,-81.056,2840000000,95000000,2745000000,2840000000,0,126000000.0,0,0.0,0.0,-26000000.0,100000000.0,0.035,100000000.0,-26000000.0,-88000000.0,-0.33,-0.33,-0.33,-90000000,,-90000000,1551333138.0,-12.0,4.497,187000000.0,1.442,1.0,202000000.0,0.071,0,62000000.0,5759000000,,495000000,218000000,0,218000000,7295000000,2528000000,4767000000,469333138.0,336000000.0,-167000000.0,0.0,95000000.0,0.0,95000000.0,-98000000.0,6000000.0,331000000.0,8000000.0,-43000000.0,-43000000.0,-43000000.0,0.0,0.0,-0.015,284000000.0,-82000000.0,1766000000,0.0,-5.215,-1.262,-1.261,2793000000,0.0,3.62,0.042,0.042,1150000000,-4016000000.0,2858000000.0,2858000000.0,0.0,,,,,0.0,191000000.0,1.0,129650038,129650038,,22.044,7205000000,0,-45000000.0,147000000,55.573,1544000000
11,VSTNQ,ARQ,2007-09-30,2007-11-08,2007-09-30,2020-12-01,160000000,7119000000,,3959000000,3160000000,,-1.248,-88000000.0,1422000000,1422000000,2447000000.0,-109000000.0,1.563,-44.944,2713000000,109000000,2604000000,2713000000,0,109000000.0,0,0.0,0.0,-30000000.0,79000000.0,0.031,79000000.0,-30000000.0,-89000000.0,-0.84,-0.84,-0.84,-162000000,,-162000000,1978853393.0,-15.0,5.943,-141000000.0,-1.086,1.0,99000000.0,0.039,0,59000000.0,5877000000,,535000000,233000000,0,233000000,7281000000,2533000000,4748000000,687853393.0,-51000000.0,69000000.0,0.0,8000000.0,0.0,8000000.0,-24000000.0,-5000000.0,-53000000.0,18000000.0,-109000000.0,-109000000.0,-109000000.0,0.0,0.0,-0.043,172000000.0,-73000000.0,1781000000,0.0,-4.246,-1.869,-1.853,2798000000,0.0,5.3,0.061,0.061,1289000000,-3973000000.0,2546000000.0,2546000000.0,0.0,,,,,0.0,131000000.0,1.0,129783659,129783659,,19.617,7119000000,0,20000000.0,193000000,54.853,1426000000
12,VSTNQ,ARQ,2007-06-30,2007-08-08,2007-06-30,2020-12-01,113000000,7326000000,,4178000000,3148000000,,-0.786,-87000000.0,1473000000,1473000000,2819000000.0,-67000000.0,1.572,-72.824,2705000000,100000000,2605000000,2705000000,0,116000000.0,0,0.0,0.0,16000000.0,132000000.0,0.044,132000000.0,16000000.0,-39000000.0,-0.52,-0.52,-0.52,-102000000,,-102000000,2194475350.0,-10.0,9.144,59000000.0,0.455,1.0,155000000.0,0.052,0,55000000.0,5901000000,,523000000,215000000,0,215000000,7428000000,2657000000,4771000000,962475350.0,601000000.0,90000000.0,0.0,443000000.0,0.0,443000000.0,2000000.0,-1000000.0,146000000.0,10000000.0,-67000000.0,-67000000.0,-67000000.0,7000000.0,0.0,-0.023,193000000.0,-38000000.0,1876000000,0.0,-9.436,-2.208,-2.182,2790000000,0.0,7.42,0.085,0.085,1347000000,-3863000000.0,2974000000.0,2974000000.0,0.0,,,,,0.0,145000000.0,1.0,129713659,129713659,,22.927,7326000000,0,28000000.0,218000000,56.478,1521000000
13,VSTNQ,ARQ,2007-03-31,2007-05-09,2007-03-31,2020-12-01,46000000,6836000000,,3554000000,3282000000,,-0.818,-57000000.0,872000000,872000000,2816000000.0,-153000000.0,1.356,-65.491,2229000000,104000000,2125000000,2229000000,0,121000000.0,0,0.0,0.0,-87000000.0,34000000.0,0.012,34000000.0,-87000000.0,-136000000.0,-1.19,-1.19,-1.19,-106000000,,-106000000,2469303469.0,-21.0,7.393,-188000000.0,-1.45,1.0,111000000.0,0.038,0,49000000.0,5572000000,,518000000,234000000,0,234000000,6942000000,2621000000,4321000000,1112303469.0,-185000000.0,0.0,0.0,1000000.0,0.0,1000000.0,-57000000.0,0.0,-131000000.0,2000000.0,-153000000.0,-153000000.0,-153000000.0,0.0,0.0,-0.052,251000000.0,-140000000.0,1890000000,0.0,-10.493,-3.487,-3.446,2826000000,0.0,8.58,0.098,0.098,1302000000,-3794000000.0,2927000000.0,2927000000.0,0.0,,,,,0.0,170000000.0,1.0,129639099,129639099,,22.578,6836000000,0,17000000.0,193000000,52.731,933000000
14,VSTNQ,ARQ,2006-12-31,2007-02-28,2006-12-31,2020-12-01,-216000000,6938000000,,3565000000,3373000000,,-1.457,-126000000.0,1057000000,1057000000,2709000000.0,-39000000.0,1.388,-37.904,2228000000,100000000,2128000000,2228000000,0,115000000.0,0,0.0,0.0,-27000000.0,88000000.0,0.031,88000000.0,-27000000.0,-71000000.0,-0.31,-0.31,-0.31,-188000000,,-188000000,2271488874.0,44.0,4.713,113000000.0,0.876,1.0,132000000.0,0.046,0,44000000.0,5541000000,,520000000,224000000,0,224000000,7126000000,2568000000,4558000000,1100488874.0,317000000.0,-6000000.0,0.0,154000000.0,0.0,154000000.0,-84000000.0,6000000.0,239000000.0,8000000.0,-39000000.0,-39000000.0,-39000000.0,0.0,0.0,-0.014,237000000.0,-105000000.0,1825000000,0.0,-5.854,-6.751,-6.664,3034000000,0.0,8.53,0.096,0.096,1245000000,-3606000000.0,2841000000.0,2841000000.0,0.0,,,,,0.0,177000000.0,1.0,129013936,129013936,,22.021,6938000000,0,-32000000.0,170000000,53.777,997000000
15,VSTNQ,ARQ,2006-09-30,2006-11-07,2006-09-30,2020-12-01,-168000000,6721000000,,3303000000,3418000000,,-0.793,-75000000.0,740000000,740000000,2568000000.0,-177000000.0,1.331,-66.892,2075000000,143000000,1932000000,2075000000,0,107000000.0,0,0.0,0.0,-121000000.0,-14000000.0,-0.005,-14000000.0,-121000000.0,-167000000.0,-1.38,-1.38,-1.38,-102000000,,-102000000,2317942062.0,2.0,1.198,-109000000.0,-0.847,1.0,47000000.0,0.018,0,46000000.0,5574000000,,543000000,218000000,0,218000000,6823000000,2482000000,4341000000,982942062.0,-96000000.0,0.0,0.0,17000000.0,0.0,17000000.0,-81000000.0,-6000000.0,-34000000.0,2000000.0,-177000000.0,-177000000.0,-177000000.0,0.0,0.0,-0.068,191000000.0,-144000000.0,1681000000,0.0,-9.637,0.81,0.79,2997000000,0.0,7.64,0.086,0.086,1495000000,-3564000000.0,2615000000.0,2615000000.0,0.0,,,,,0.0,177000000.0,1.0,128657338,128657338,,20.325,6721000000,0,10000000.0,204000000,52.24,821000000
16,VSTNQ,ARQ,2006-06-30,2006-08-08,2006-06-30,2020-12-01,-181000000,6897000000,,3468000000,3429000000,,0.445,-87000000.0,836000000,836000000,2690000000.0,50000000.0,1.364,120.0,2041000000,131000000,1910000000,2041000000,0,106000000.0,0,0.0,0.0,120000000.0,226000000.0,0.075,226000000.0,120000000.0,67000000.0,0.39,0.39,0.39,57000000,,57000000,2307789628.0,2.0,1.203,21000000.0,0.164,1.0,311000000.0,0.104,0,53000000.0,5559000000,,570000000,210000000,0,210000000,6840000000,2543000000,4297000000,1102789628.0,-45000000.0,-7000000.0,0.0,-72000000.0,0.0,-72000000.0,-94000000.0,0.0,108000000.0,13000000.0,50000000.0,50000000.0,50000000.0,0.0,0.0,0.017,228000000.0,83000000.0,1710000000,0.0,19.347,0.931,0.915,3029000000,0.0,8.61,0.085,0.085,1824000000,-3387000000.0,3001000000.0,3001000000.0,0.0,,,,,0.0,194000000.0,1.0,128082419,128082419,,23.43,6897000000,0,17000000.0,212000000,53.848,925000000
17,VSTNQ,ARQ,2006-03-31,2006-05-10,2006-03-31,2020-12-01,-202000000,6818000000,,3418000000,3400000000,,-0.117,-85000000.0,881000000,881000000,2717000000.0,3000000.0,1.296,-455.533,2083000000,234000000,1849000000,2083000000,0,102000000.0,0,0.0,0.0,80000000.0,182000000.0,0.061,182000000.0,80000000.0,33000000.0,0.02,0.02,0.02,-15000000,,-15000000,2214342572.0,16.0,3.34,-117000000.0,-0.914,1.0,244000000.0,0.082,0,47000000.0,5383000000,,544000000,234000000,0,234000000,6833000000,2637000000,4196000000,1012342572.0,16000000.0,7000000.0,0.0,115000000.0,0.0,115000000.0,-78000000.0,0.0,-32000000.0,11000000.0,3000000.0,3000000.0,3000000.0,0.0,0.0,0.001,177000000.0,67000000.0,1764000000,0.0,-67.49,-9.734,-9.53,2994000000,0.0,7.91,0.068,0.068,1764000000,-3437000000.0,2961000000.0,2961000000.0,0.0,,,,,0.0,168000000.0,1.0,127982626,127982626,,23.136,6818000000,0,30000000.0,191000000,53.273,781000000
18,VSTNQ,ARQ,2005-12-31,2006-03-16,2005-12-31,2020-12-01,-234000000,6736000000,,3345000000,3391000000,,-0.375,-185000000.0,865000000,865000000,1607000000.0,1338000000.0,1.13,-141.333,1994000000,485000000,1509000000,1994000000,0,122000000.0,0,0.0,0.0,1419000000.0,1541000000.0,0.538,1541000000.0,1419000000.0,1361000000.0,10.64,10.64,10.64,-48000000,,-48000000,1713988183.0,-34.0,3.145,-143000000.0,-1.117,1.0,1258000000.0,0.439,0,58000000.0,4906000000,,537000000,226000000,0,226000000,6784000000,2959000000,3825000000,584988183.0,-33000000.0,-13000000.0,0.0,85000000.0,0.0,85000000.0,-161000000.0,0.0,42000000.0,1000000.0,1338000000.0,1338000000.0,1338000000.0,0.0,0.0,0.467,1740000000.0,-482000000.0,1803000000,0.0,-12.187,-2.167,-2.136,2973000000,0.0,4.57,0.034,0.034,1738000000,-3440000000.0,2865000000.0,2865000000.0,0.0,,,,,0.0,183000000.0,1.0,128006167,128006167,,22.382,6736000000,0,23000000.0,175000000,52.622,386000000
19,VSTNQ,ARQ,2005-09-30,2005-11-22,2005-09-30,2020-12-01,-147000000,8823000000,,4395000000,4428000000,,-11.107,-123000000.0,898000000,898000000,4032000000.0,-207000000.0,1.101,-7.17,1955000000,433000000,1522000000,1955000000,0,117000000.0,0,0.0,0.0,-148000000.0,-31000000.0,-0.008,-31000000.0,-148000000.0,-186000000.0,-1.64,-1.64,-1.64,-1430000000,,-1430000000,1946616673.0,-1.0,-1.708,-253000000.0,-1.965,1.0,89000000.0,0.022,0,38000000.0,5889000000,,575000000,242000000,0,242000000,10253000000,3991000000,6262000000,889616673.0,75000000.0,307000000.0,-1000000.0,20000000.0,0.0,19000000.0,188000000.0,0.0,-130000000.0,-2000000.0,-207000000.0,-207000000.0,-207000000.0,0.0,0.0,-0.05,239000000.0,-150000000.0,2333000000,0.0,-0.622,-0.492,-0.481,3254000000,0.0,6.91,0.047,0.047,2323000000,-4778000000.0,4121000000.0,4121000000.0,0.0,,,,,0.0,239000000.0,1.0,128743368,128743368,,32.009,8823000000,171000000,21000000.0,296000000,68.532,404000000
20,VSTNQ,ARQ,2004-12-31,2005-03-16,2004-12-31,2020-12-01,5000000,10309000000,,4444000000,5865000000,,3.163,-258000000.0,752000000,752000000,4533000000.0,-200000000.0,1.156,24.329,2021000000,508000000,1513000000,2021000000,0,0.0,0,0.0,0.0,-144000000.0,-144000000.0,-0.031,-144000000.0,-144000000.0,-168000000.0,-1.59,-1.59,-1.59,407000000,,407000000,2075813223.0,-5.0,-4.739,-63000000.0,-0.49,1.0,128000000.0,0.027,0,24000000.0,7735000000,,889000000,227000000,0,227000000,9902000000,3843000000,6059000000,806813223.0,23000000.0,0.0,0.0,39000000.0,-7000000.0,32000000.0,-234000000.0,8000000.0,195000000.0,30000000.0,-200000000.0,-200000000.0,-200000000.0,0.0,0.0,-0.043,272000000.0,-144000000.0,2403000000,0.0,1.982,-0.538,-0.524,5303000000,0.0,6.27,0.043,0.043,2540000000,-3083000000.0,4661000000.0,4661000000.0,0.0,,,,,0.0,272000000.0,1.0,128678345,128678345,,36.222,10309000000,183000000,32000000.0,334000000,80.114,601000000
21,VSTNQ,ARQ,2004-09-30,2004-11-04,2004-09-30,2020-12-01,-67000000,10093000000,,4566000000,5527000000,,3.76,-203000000.0,729000000,729000000,4366000000.0,-1360000000.0,1.177,19.725,2015000000,535000000,1480000000,2015000000,0,0.0,0,0.0,0.0,-433000000.0,-433000000.0,-0.104,-433000000.0,-433000000.0,-456000000.0,-10.86,-10.86,-10.86,487000000,,487000000,2270471297.0,-3.0,-2.537,-328000000.0,-2.532,1.0,-212000000.0,-0.051,0,23000000.0,7500000000,,891000000,218000000,5000000,213000000,9606000000,3879000000,5727000000,984471297.0,-280000000.0,0.0,0.0,42000000.0,-8000000.0,34000000.0,-195000000.0,0.0,-125000000.0,6000000.0,-1360000000.0,-1360000000.0,-1360000000.0,0.0,0.0,-0.327,223000000.0,-435000000.0,2363000000,0.0,2.022,-0.455,-0.441,5060000000,0.0,7.6,0.053,0.053,2673000000,-2843000000.0,4154000000.0,4154000000.0,0.0,,,,,0.0,223000000.0,1.0,129535697,129535697,,32.068,10093000000,41000000,904000000.0,184000000,77.917,687000000
22,VSTNQ,ARQ,2004-06-30,2004-07-30,2004-06-30,2020-12-01,-90000000,11462000000,,4939000000,6523000000,,14.139,-172000000.0,1009000000,1009000000,4567000000.0,31000000.0,1.312,5.257,1930000000,244000000,1686000000,1930000000,0,0.0,0,0.0,0.0,73000000.0,73000000.0,0.015,73000000.0,73000000.0,43000000.0,0.25,0.24,0.25,1832000000,,1832000000,2252995308.0,-3.0,-3.173,75000000.0,0.579,1.0,303000000.0,0.062,0,30000000.0,8619000000,,834000000,209000000,1000000,208000000,9630000000,3764000000,5866000000,1331995308.0,-178000000.0,0.0,0.0,-251000000.0,-8000000.0,-259000000.0,-162000000.0,0.0,247000000.0,-4000000.0,31000000.0,31000000.0,31000000.0,0.0,0.0,0.006,236000000.0,67000000.0,2449000000,0.0,0.727,-1.373,-1.332,5369000000,0.0,10.28,0.073,0.073,2661000000,-1475000000.0,4870000000.0,4870000000.0,0.0,,,,,0.0,236000000.0,1.0,129571528,129571528,,37.585,11462000000,871000000,12000000.0,48000000,88.461,1175000000
23,VSTNQ,ARQ,2004-03-31,2004-05-03,2004-03-31,2020-12-01,-46000000,11653000000,,5052000000,6601000000,,14.285,-198000000.0,1187000000,1187000000,4645000000.0,30000000.0,1.343,5.302,2221000000,276000000,1945000000,2221000000,0,0.0,0,0.0,0.0,66000000.0,66000000.0,0.013,66000000.0,66000000.0,47000000.0,0.24,0.23,0.24,1849000000,,1849000000,2426716124.0,-2.0,-2.361,-93000000.0,-0.719,1.0,327000000.0,0.066,0,19000000.0,8925000000,,828000000,226000000,1000000,225000000,9804000000,3762000000,6042000000,1392716124.0,234000000.0,0.0,-11000000.0,347000000.0,-8000000.0,328000000.0,-195000000.0,3000000.0,105000000.0,-4000000.0,30000000.0,30000000.0,30000000.0,0.0,0.0,0.006,263000000.0,64000000.0,2457000000,0.0,0.753,-1.192,-1.157,5386000000,0.0,10.76,0.078,0.078,2662000000,-1499000000.0,4972000000.0,4972000000.0,0.0,,,,,0.0,263000000.0,1.0,129434584,129434584,,38.413,11653000000,876000000,17000000.0,35000000,90.03,1290000000
24,VSTNQ,ARQ,2003-12-31,2004-02-13,2003-12-31,2020-12-01,-21000000,10964000000,,4410000000,6554000000,,14.241,-238000000.0,953000000,953000000,4805000000.0,-863000000.0,1.235,4.901,1818000000,351000000,1467000000,1818000000,0,0.0,0,0.0,0.0,-601000000.0,-601000000.0,-0.135,-601000000.0,-601000000.0,-620000000.0,-6.87,-6.87,-6.87,1858000000,,1858000000,2336699446.0,-2.0,-2.12,15000000.0,0.115,1.0,-346000000.0,-0.078,0,19000000.0,8257000000,,761000000,218000000,3000000,215000000,9106000000,3572000000,5534000000,1471699446.0,14000000.0,-4000000.0,0.0,-5000000.0,-7000000.0,-17000000.0,-234000000.0,0.0,253000000.0,12000000.0,-863000000.0,-863000000.0,-863000000.0,0.0,0.0,-0.194,259000000.0,-605000000.0,2270000000,0.0,0.792,-1.213,-1.169,5369000000,0.0,11.28,0.083,0.083,2362000000,-1521000000.0,4459000000.0,4459000000.0,0.0,,,,,0.0,259000000.0,1.0,130469809,130469809,,34.176,10964000000,863000000,243000000.0,27000000,84.035,838000000
25,VSTNQ,ARQ,2003-09-30,2003-10-28,2003-09-30,2020-12-01,-7000000,11639000000,,4700000000,6939000000,,20.943,-238000000.0,939000000,939000000,3879000000.0,-168000000.0,1.319,3.251,1828000000,400000000,1428000000,1828000000,0,0.0,0,0.0,0.0,-248000000.0,-248000000.0,-0.064,-248000000.0,-248000000.0,-267000000.0,-1.34,-1.34,-1.34,2738000000,,2738000000,1746625818.0,-3.0,-3.24,-53000000.0,-0.405,1.0,5000000.0,0.001,0,19000000.0,8964000000,,860000000,201000000,4000000,197000000,8901000000,3564000000,5337000000,857625818.0,91000000.0,0.0,0.0,137000000.0,-8000000.0,132000000.0,-234000000.0,0.0,185000000.0,8000000.0,-168000000.0,-168000000.0,-168000000.0,0.0,0.0,-0.043,262000000.0,-257000000.0,2120000000,0.0,0.313,-2.233,-2.144,5634000000,0.0,6.56,0.048,0.048,2540000000,-651000000.0,3884000000.0,3884000000.0,0.0,,,,,0.0,262000000.0,1.0,130735643,130735643,,29.709,11639000000,1088000000,-99000000.0,16000000,89.027,1136000000
26,VSTNQ,ARQ,2003-06-30,2003-07-29,2003-06-30,2020-12-01,-38000000,11602000000,,4833000000,6769000000,,22.045,-222000000.0,848000000,848000000,4625000000.0,-167000000.0,1.372,3.026,1700000000,320000000,1380000000,1700000000,0,0.0,0,0.0,0.0,-245000000.0,-245000000.0,-0.053,-245000000.0,-245000000.0,-265000000.0,-1.33,-1.33,-1.33,2882000000,,2882000000,1671697785.0,-5.0,-4.683,-155000000.0,-1.186,1.0,-12000000.0,-0.003,0,20000000.0,8931000000,,852000000,191000000,3000000,188000000,8720000000,3523000000,5197000000,819697785.0,-48000000.0,0.0,0.0,40000000.0,-8000000.0,35000000.0,-167000000.0,48000000.0,67000000.0,17000000.0,-167000000.0,-167000000.0,-167000000.0,0.0,0.0,-0.036,239000000.0,-251000000.0,2136000000,0.0,0.284,-3.059,-2.958,5565000000,0.0,6.27,0.045,0.045,2756000000,-475000000.0,4613000000.0,4613000000.0,0.0,,,,,0.0,239000000.0,1.0,130733299,130733299,,35.286,11602000000,988000000,-98000000.0,39000000,88.746,1310000000
27,VSTNQ,ARQ,2003-03-31,2003-05-07,2003-03-31,2020-12-01,-112000000,11449000000,,4957000000,6492000000,,22.791,-181000000.0,896000000,896000000,4477000000.0,-15000000.0,1.377,2.843,1642000000,347000000,1295000000,1642000000,0,0.0,0,0.0,0.0,-8000000.0,-8000000.0,-0.002,-8000000.0,-8000000.0,-27000000.0,-0.12,-0.12,-0.12,2979000000,,2979000000,1617830044.0,95.0,95.166,-316000000.0,-2.418,1.0,227000000.0,0.048,0,19000000.0,8596000000,,889000000,252000000,51000000,201000000,8470000000,3599000000,4871000000,871830044.0,-308000000.0,0.0,-5000000.0,-8000000.0,-8000000.0,-22000000.0,-153000000.0,22000000.0,-135000000.0,2000000.0,-15000000.0,-15000000.0,-15000000.0,0.0,0.0,-0.003,242000000.0,-15000000.0,2226000000,0.0,0.293,-30.063,-29.0,5450000000,0.0,6.67,0.047,0.047,2751000000,-301000000.0,4704000000.0,4704000000.0,0.0,,,,,0.0,242000000.0,1.0,130709152,130709152,,35.988,11449000000,806000000,-12000000.0,28000000,87.591,1358000000
28,VSTNQ,ARQ,2002-12-31,2003-02-14,2002-12-31,2020-12-01,-140000000,11170000000,,4737000000,6433000000,,23.081,-262000000.0,1204000000,1204000000,4324000000.0,-34000000.0,1.367,2.751,1646000000,348000000,1298000000,1646000000,0,0.0,0,0.0,0.0,-38000000.0,-38000000.0,-0.008,-38000000.0,-38000000.0,-57000000.0,-0.27,-0.27,-0.27,2978000000,,2978000000,1293560439.0,-4.0,-3.92,471000000.0,3.65,1.0,219000000.0,0.048,0,19000000.0,8146000000,,878000000,265000000,74000000,191000000,8192000000,3466000000,4726000000,851560439.0,396000000.0,0.0,-9000000.0,-184000000.0,-7000000.0,-204000000.0,-143000000.0,117000000.0,733000000.0,10000000.0,-34000000.0,-34000000.0,-34000000.0,0.0,0.0,-0.007,263000000.0,-44000000.0,2083000000,0.0,0.286,-2.419,-2.4,5443000000,0.0,6.6,0.046,0.046,2229000000,-278000000.0,4543000000.0,4543000000.0,0.0,,,,,0.0,263000000.0,1.0,129024309,129024309,,35.21,11170000000,765000000,-23000000.0,17000000,86.573,1271000000
29,VSTNQ,ARQ,2002-09-30,2002-11-13,2002-09-30,2020-12-01,-133000000,11169000000,,4938000000,6231000000,,23.329,-162000000.0,808000000,808000000,4212000000.0,-52000000.0,1.366,2.68,1820000000,508000000,1312000000,1820000000,0,0.0,0,0.0,0.0,-66000000.0,-66000000.0,-0.015,-66000000.0,-66000000.0,-85000000.0,-0.4,-0.4,-0.4,3035000000,,3035000000,1892749900.0,-6.0,-6.309,-202000000.0,-1.553,1.0,132000000.0,0.03,0,19000000.0,8566000000,,976000000,370000000,193000000,177000000,8134000000,3615000000,4519000000,880749900.0,-68000000.0,0.0,-4000000.0,-18000000.0,-8000000.0,-30000000.0,-4000000.0,150000000.0,-40000000.0,6000000.0,-52000000.0,-52000000.0,-52000000.0,0.0,0.0,-0.012,207000000.0,-75000000.0,1989000000,0.0,0.29,-2.653,-2.624,5314000000,0.0,6.77,0.048,0.048,2640000000,-237000000.0,4344000000.0,4344000000.0,0.0,,,,,0.0,207000000.0,1.0,130095997,130095997,,33.391,11169000000,696000000,-33000000.0,24000000,85.852,1323000000
30,VSTNQ,ARQ,2002-06-30,2002-08-13,2002-06-30,2020-12-01,-114000000,11412000000,,5212000000,6200000000,,23.809,-159000000.0,876000000,876000000,4696000000.0,72000000.0,1.396,2.659,1809000000,504000000,1305000000,1809000000,0,0.0,0,0.0,0.0,129000000.0,129000000.0,0.026,129000000.0,129000000.0,110000000.0,0.56,0.56,0.56,3119000000,,3119000000,2298983235.0,-6.0,-6.281,236000000.0,1.802,1.0,343000000.0,0.068,0,19000000.0,8612000000,,987000000,507000000,343000000,164000000,8293000000,3733000000,4560000000,1365983235.0,61000000.0,0.0,0.0,-117000000.0,-8000000.0,-125000000.0,-221000000.0,-88000000.0,395000000.0,12000000.0,72000000.0,72000000.0,72000000.0,0.0,0.0,0.014,216000000.0,127000000.0,2174000000,0.0,0.438,-3.643,-3.579,5375000000,0.0,10.45,0.077,0.077,2689000000,-177000000.0,5039000000.0,5039000000.0,0.0,,,,,0.0,216000000.0,1.0,130716099,131000000,131000000.0,38.466,11412000000,652000000,38000000.0,43000000,87.115,1479000000
31,VSTNQ,ARQ,2002-03-31,2002-05-01,2002-03-31,2020-12-01,-240000000,10909000000,,4876000000,6033000000,,22.344,-140000000.0,815000000,815000000,4356000000.0,-338000000.0,1.372,2.727,1916000000,631000000,1285000000,1916000000,0,0.0,0,0.0,0.0,-355000000.0,-355000000.0,-0.079,-355000000.0,-355000000.0,-378000000.0,-2.63,-2.63,-2.63,2927000000,,2927000000,3102094619.0,-6.0,-5.787,-82000000.0,-0.626,1.0,113000000.0,0.025,0,23000000.0,8455000000,,872000000,415000000,257000000,158000000,7982000000,3555000000,4427000000,2001094619.0,-209000000.0,0.0,-11000000.0,-5000000.0,-8000000.0,-24000000.0,-239000000.0,-99000000.0,58000000.0,-4000000.0,-338000000.0,-338000000.0,-338000000.0,0.0,0.0,-0.076,202000000.0,-89000000.0,1877000000,0.0,0.684,-4.109,-4.037,5233000000,0.0,15.3,0.114,0.114,2617000000,-241000000.0,4469000000.0,4469000000.0,0.0,,,,,0.0,202000000.0,1.0,130790498,131000000,131000000.0,34.115,10909000000,654000000,-40000000.0,40000000,83.275,1321000000
32,VSTNQ,ARQ,2001-12-31,2002-03-29,2001-12-31,2020-12-01,-231000000,11078000000,,4753000000,6325000000,,25.122,-236000000.0,1024000000,1024000000,4319000000.0,-14000000.0,1.384,2.366,1922000000,629000000,1293000000,1922000000,0,0.0,0,0.0,0.0,-8000000.0,-8000000.0,-0.002,-8000000.0,-8000000.0,-25000000.0,-0.11,-0.11,-0.11,3291000000,,3291000000,3056496082.0,-27.0,-26.811,138000000.0,1.053,1.0,174000000.0,0.039,0,17000000.0,8541000000,,858000000,315000000,157000000,158000000,7787000000,3435000000,4352000000,2158496082.0,143000000.0,-2000000.0,0.0,5000000.0,-7000000.0,-1000000.0,-231000000.0,-56000000.0,374000000.0,1000000.0,-14000000.0,-14000000.0,-14000000.0,0.0,0.0,-0.003,186000000.0,-12000000.0,1831000000,0.0,0.656,-18.292,-18.187,5329000000,0.0,16.55,0.121,0.122,2394000000,105000000.0,4493000000.0,4493000000.0,0.0,,,,,0.0,186000000.0,1.0,130422724,131000000,131000000.0,34.298,11078000000,489000000,-11000000.0,43000000,84.565,1318000000
33,VSTNQ,ARQ,2001-09-30,2001-11-14,2001-09-30,2020-12-01,-201000000,11220000000,,4823000000,6397000000,,25.677,-176000000.0,881000000,881000000,3677000000.0,-95000000.0,1.398,2.361,1988000000,616000000,1372000000,1988000000,0,0.0,0,0.0,0.0,-132000000.0,-132000000.0,-0.035,-132000000.0,-132000000.0,-152000000.0,-0.74,-0.74,-0.74,3338000000,,3338000000,2827831781.0,-11.0,-11.09,-296000000.0,-2.277,1.0,45000000.0,0.012,0,20000000.0,8876000000,,1022000000,248000000,97000000,151000000,7882000000,3451000000,4431000000,1720831781.0,-314000000.0,-5000000.0,-5000000.0,24000000.0,-8000000.0,13000000.0,-204000000.0,-27000000.0,-120000000.0,-3000000.0,-95000000.0,-95000000.0,-95000000.0,0.0,0.0,-0.026,176000000.0,-131000000.0,1869000000,0.0,0.516,-9.01,-8.919,5451000000,0.0,13.2,0.096,0.096,2464000000,126000000.0,3722000000.0,3722000000.0,0.0,,,,,0.0,176000000.0,1.0,130366044,130000000,130000000.0,28.631,11220000000,443000000,-57000000.0,41000000,86.308,1372000000
34,VSTNQ,ARQ,2001-06-30,2001-07-26,2001-06-30,2020-12-01,-246000000,11420000000,,5236000000,6184000000,,25.947,-168000000.0,1195000000,1195000000,4686000000.0,-40000000.0,1.385,2.36,1971000000,581000000,1390000000,1971000000,0,0.0,0,0.0,0.0,-41000000.0,-41000000.0,-0.008,-41000000.0,-41000000.0,-63000000.0,-0.31,-0.31,-0.31,3399000000,,3399000000,3417904255.0,-118.0,-117.859,201000000.0,1.534,1.0,219000000.0,0.045,0,22000000.0,8416000000,,908000000,215000000,68000000,147000000,8021000000,3780000000,4241000000,2641904255.0,255000000.0,0.0,-20000000.0,-34000000.0,-8000000.0,-62000000.0,-54000000.0,82000000.0,369000000.0,2000000.0,-40000000.0,-40000000.0,-40000000.0,0.0,0.0,-0.008,261000000.0,-42000000.0,2079000000,0.0,0.777,-55.04,-54.649,5394000000,0.0,20.22,0.142,0.143,2738000000,229000000.0,4905000000.0,4905000000.0,0.0,,,,,0.0,261000000.0,1.0,130657975,131000000,131000000.0,37.443,11420000000,319000000,-23000000.0,125000000,87.176,1456000000
35,VSTNQ,ARQ,2001-03-31,2001-05-03,2001-03-31,2020-12-01,-199000000,11424000000,,5152000000,6272000000,,26.779,-172000000.0,940000000,940000000,4466000000.0,31000000.0,1.344,2.257,2005000000,640000000,1365000000,2005000000,0,0.0,0,0.0,0.0,67000000.0,67000000.0,0.014,67000000.0,67000000.0,50000000.0,0.24,0.24,0.24,3508000000,,3508000000,3319593506.0,12.0,11.772,-359000000.0,-2.74,1.0,257000000.0,0.054,0,17000000.0,8657000000,,940000000,299000000,150000000,149000000,7916000000,3832000000,4084000000,2254593506.0,-472000000.0,0.0,0.0,-17000000.0,-8000000.0,-25000000.0,-254000000.0,-85000000.0,-187000000.0,-6000000.0,31000000.0,31000000.0,31000000.0,0.0,0.0,0.007,189000000.0,68000000.0,2138000000,0.0,0.643,14.64,14.471,5416000000,0.0,17.22,0.119,0.119,2776000000,277000000.0,4723000000.0,4723000000.0,0.0,,,,,0.0,189000000.0,1.0,130928775,131000000,131000000.0,36.053,11424000000,289000000,19000000.0,146000000,87.206,1320000000
36,VSTNQ,ARQ,2000-12-31,2001-02-27,2000-12-31,2020-12-01,-179000000,11325000000,,5005000000,6320000000,,26.962,-290000000.0,1412000000,1412000000,4253000000.0,-87000000.0,1.316,2.231,2019000000,622000000,1397000000,2019000000,0,0.0,0,0.0,0.0,-149000000.0,-149000000.0,-0.033,-149000000.0,-149000000.0,-153000000.0,-0.67,-0.67,-0.67,3505000000,,3505000000,2500577127.0,5.0,5.309,106000000.0,0.815,1.0,276000000.0,0.061,0,4000000.0,8128000000,,948000000,207000000,65000000,142000000,7820000000,3804000000,4016000000,1893577127.0,222000000.0,2000000.0,0.0,12000000.0,-8000000.0,5000000.0,-169000000.0,61000000.0,396000000.0,-10000000.0,-87000000.0,-87000000.0,-87000000.0,0.0,0.0,-0.019,449000000.0,-173000000.0,1949000000,0.0,0.54,7.013,6.952,5497000000,0.0,14.46,0.097,0.097,2190000000,254000000.0,4529000000.0,4529000000.0,0.0,,,,,0.0,229000000.0,1.0,130952775,130000000,130000000.0,34.838,11325000000,292000000,-66000000.0,165000000,87.115,1201000000
37,VSTNQ,ARQ,2000-09-30,2000-11-08,2000-09-30,2020-12-01,-210000000,11227000000,,4814000000,6413000000,,27.244,-219000000.0,1190000000,1190000000,4128000000.0,48000000.0,1.245,2.146,2006000000,642000000,1364000000,2006000000,0,0.0,0,0.0,0.0,94000000.0,94000000.0,0.021,94000000.0,94000000.0,75000000.0,0.37,0.37,0.37,3569000000,,3569000000,2951840077.0,,,478000000.0,3.649,1.0,276000000.0,0.063,0,19000000.0,8175000000,,838000000,338000000,126000000,212000000,7658000000,3868000000,3790000000,2135840077.0,225000000.0,-27000000.0,0.0,13000000.0,-8000000.0,-102000000.0,-376000000.0,-126000000.0,697000000.0,6000000.0,48000000.0,48000000.0,48000000.0,0.0,0.0,0.011,183000000.0,93000000.0,1879000000,0.0,0.598,,,5638000000,0.0,16.313,,,2462000000,349000000.0,4404000000.0,4404000000.0,0.0,,,,,0.0,183000000.0,1.0,130932725,131000000,131000000.0,33.618,11227000000,73000000,27000000.0,62000000,85.702,946000000
38,VSTNQ,ARQ,2000-06-30,2000-07-24,2000-06-30,2020-12-01,-125000000,11695000000,,5228000000,6467000000,,27.8,-169000000.0,965000000,965000000,4849000000.0,162000000.0,1.177,2.236,2080000000,906000000,1174000000,2080000000,0,0.0,0,0.0,0.0,270000000.0,270000000.0,0.051,270000000.0,270000000.0,258000000.0,1.25,1.25,1.25,3614000000,,3614000000,2937997125.0,,,-942000000.0,-7.246,1.0,460000000.0,0.087,0,12000000.0,8370000000,,781000000,216000000,0,216000000,8081000000,4440000000,3641000000,1822997125.0,22000000.0,-3000000.0,0.0,819000000.0,0.0,963000000.0,-172000000.0,0.0,-773000000.0,4000000.0,162000000.0,162000000.0,162000000.0,0.0,0.0,0.031,192000000.0,268000000.0,2270000000,0.0,0.504,,,5796000000,0.0,13.938,,,3369000000,309000000.0,5309000000.0,5309000000.0,0.0,,,,,0.0,192000000.0,1.0,130798000,130000000,130000000.0,40.838,11695000000,72000000,96000000.0,72000000,89.962,788000000
39,VSTNQ,ARQ,2000-03-31,2000-06-06,2000-03-31,2020-12-01,-104000000,11790000000,,4672000000,7118000000,,11.774,,943000000,943000000,4795000000.0,147000000.0,0.978,6.656,2452000000,1026000000,1426000000,2452000000,0,,0,,0.0,256000000.0,,,,256000000.0,233000000.0,1.13,1.13,1.13,1540000000,,1540000000,,,,,,1.0,430000000.0,0.082,0,23000000.0,8521000000,,743000000,209000000,0,209000000,10250000000,4778000000,5472000000,,,,,,,,,,,,147000000.0,147000000.0,147000000.0,0.0,0.0,0.028,177000000.0,253000000.0,2730000000,0.0,,,,5730000000,0.0,,,,2604000000,,5225000000.0,5225000000.0,0.0,,,,,,177000000.0,1.0,130798000,130798000,,39.947,11790000000,295000000,86000000.0,13000000,90.139,-106000000
40,VSTNQ,ARQ,2000-03-31,2000-05-19,2000-03-31,2020-12-01,-104000000,11790000000,,4672000000,7118000000,,11.774,-115000000.0,943000000,943000000,4795000000.0,147000000.0,0.978,6.656,2452000000,1026000000,1426000000,2452000000,0,0.0,0,,0.0,256000000.0,256000000.0,0.049,256000000.0,256000000.0,233000000.0,1.13,1.13,1.13,1540000000,,1540000000,,,,-961000000.0,-7.347,1.0,430000000.0,0.082,0,23000000.0,8521000000,,743000000,209000000,0,209000000,10250000000,4778000000,5472000000,,-906000000.0,0.0,0.0,96000000.0,0.0,58000000.0,-125000000.0,0.0,-846000000.0,7000000.0,147000000.0,147000000.0,147000000.0,0.0,0.0,0.028,177000000.0,253000000.0,2730000000,0.0,,,,5730000000,0.0,,,,2604000000,,5225000000.0,5225000000.0,0.0,,,,,0.0,177000000.0,1.0,130798000,130798000,,39.947,11790000000,295000000,86000000.0,13000000,90.139,-106000000
41,VSTNQ,ARQ,1999-12-31,2000-04-14,1999-12-31,2020-12-01,-67000000,12449000000,,5196000000,7253000000,,11.46,,1849000000,1849000000,,,0.949,7.305,2319000000,961000000,1358000000,2319000000,0,,0,,0.0,,,,,,,,,,1499000000,,1499000000,,,,,,1.0,,,0,,7444000000,,751000000,205000000,0,205000000,10950000000,5475000000,5475000000,,,,,,,,,,,,,,,,,,,,3150000000,,,,,5789000000,,,,,2191000000,,,,,,,,,,,1.0,130798000,130798000,,,12449000000,472000000,,306000000,95.177,-279000000
0,VSTNQ,ART,2010-06-30,2010-08-09,2010-06-30,2020-12-01,-215000000,4974000000,4999500000.0,2828000000,2146000000,1.523,-8.423,-159000000.0,1160000000,1160000000,6619000000.0,345000000.0,1.644,-5.236,3312000000,207000000,3105000000,3312000000,0,330000000.0,0,0.0,0.0,530000000.0,860000000.0,0.113,860000000.0,530000000.0,380000000.0,2.07,2.07,2.07,-1097000000,-898000000.0,-1097000000,2215820481.0,4.0,2.577,390000000.0,2.994,1.0,994000000.0,0.131,0,150000000.0,5406000000,5487250000.0,351000000,357000000,0,357000000,5744000000,1720000000,4024000000,63820481.0,332000000.0,58000000.0,0.0,67000000.0,0.0,-99000000.0,-101000000.0,0.0,549000000.0,-17000000.0,270000000.0,270000000.0,270000000.0,0.0,75000000.0,0.035,581000000.0,413000000.0,997000000,0.0,-0.058,0.236,0.237,1721000000,0.0,0.49,0.008,0.008,1032000000,-4544000000.0,7613000000.0,7613000000.0,0.0,0.054,-0.301,0.097,0.07,0.0,327000000.0,1.0,130245880,130245880,,58.451,4974000000,0,110000000.0,173000000,38.189,1108000000
1,VSTNQ,ART,2010-03-31,2010-04-30,2010-03-31,2020-12-01,-51000000,5098000000,4917750000.0,2842000000,2256000000,1.472,-5.617,-151000000.0,1099000000,1099000000,6267000000.0,423000000.0,1.642,-7.522,3054000000,216000000,2838000000,3054000000,0,347000000.0,0,0.0,0.0,518000000.0,865000000.0,0.12,865000000.0,518000000.0,450000000.0,2.75,2.75,2.75,-732000000,-871000000.0,-732000000,2176545496.0,4.0,2.516,305000000.0,2.34,1.0,970000000.0,0.134,0,68000000.0,5322000000,5627750000.0,353000000,320000000,0,320000000,5506000000,1731000000,3775000000,221545496.0,360000000.0,38000000.0,0.0,4000000.0,0.0,-30000000.0,-113000000.0,0.0,456000000.0,47000000.0,359000000.0,359000000.0,359000000.0,0.0,64000000.0,0.05,563000000.0,407000000.0,1037000000,0.0,-0.303,0.617,0.618,1849000000,0.0,1.7,0.031,0.031,1072000000,-4343000000.0,7237000000.0,7237000000.0,0.0,0.073,-0.412,0.092,0.072,0.0,336000000.0,1.0,130320880,130320880,,55.532,5098000000,0,91000000.0,171000000,39.119,1111000000
2,VSTNQ,ART,2009-12-31,2010-02-26,2009-12-31,2020-12-01,142000000,5019000000,4783500000.0,2705000000,2314000000,1.398,-5.924,-151000000.0,1095000000,1095000000,6088000000.0,184000000.0,1.625,-7.091,3050000000,225000000,2825000000,3050000000,0,352000000.0,0,0.0,0.0,325000000.0,677000000.0,0.101,677000000.0,325000000.0,208000000.0,0.98,0.98,0.98,-772000000,-936750000.0,-772000000,1999310358.0,6.0,2.953,-10000000.0,-0.077,1.0,597000000.0,0.089,0,117000000.0,5309000000,4934500000.0,319000000,294000000,0,294000000,5474000000,1665000000,3809000000,44310358.0,-218000000.0,28000000.0,0.0,-64000000.0,0.0,-259000000.0,-123000000.0,0.0,141000000.0,23000000.0,128000000.0,128000000.0,128000000.0,0.0,56000000.0,0.019,464000000.0,133000000.0,977000000,0.0,-0.057,0.346,0.347,1936000000,0.0,0.34,0.007,0.007,1055000000,-4576000000.0,6685000000.0,6685000000.0,0.0,0.027,-0.137,0.066,0.049,0.0,331000000.0,1.0,130324581,130324581,,51.295,5019000000,0,80000000.0,159000000,38.512,1040000000
3,VSTNQ,ART,2009-09-30,2009-10-29,2009-09-30,2020-12-01,201000000,4907000000,4840750000.0,2524000000,2383000000,1.306,-7.604,-151000000.0,814000000,814000000,6092000000.0,-459000000.0,1.673,-5.657,3328000000,136000000,3192000000,3328000000,0,344000000.0,0,0.0,0.0,-281000000.0,63000000.0,0.01,63000000.0,-281000000.0,-446000000.0,-3.81,-3.81,-3.81,-991000000,-965500000.0,-991000000,2532246778.0,-9.0,40.194,-265000000.0,-2.033,1.0,231000000.0,0.037,0,165000000.0,5912000000,4247000000.0,360000000,266000000,0,266000000,5606000000,1509000000,4097000000,18246778.0,-421000000.0,12000000.0,0.0,-74000000.0,0.0,-170000000.0,-141000000.0,0.0,-114000000.0,4000000.0,-494000000.0,-494000000.0,-494000000.0,0.0,35000000.0,-0.078,744000000.0,-513000000.0,952000000,0.0,-0.018,-0.037,-0.037,2039000000,0.0,0.14,0.003,0.003,1126000000,-4852000000.0,6323000000.0,6323000000.0,0.0,-0.102,0.512,-0.066,-0.044,0.0,411000000.0,1.0,130334131,130334131,,48.514,4907000000,0,48000000.0,149000000,37.649,1015000000
4,VSTNQ,ART,2009-06-30,2009-08-06,2009-06-30,2020-12-01,165000000,4647000000,5099250000.0,2277000000,2370000000,1.314,-7.586,-198000000.0,742000000,742000000,6542000000.0,-624000000.0,1.783,-5.429,3340000000,136000000,3204000000,3340000000,0,353000000.0,0,0.0,0.0,-378000000.0,-25000000.0,-0.004,-25000000.0,-378000000.0,-583000000.0,-4.97,-4.97,-4.97,-989000000,-850250000.0,-989000000,2613645393.0,-7.0,-104.546,-556000000.0,-4.265,1.0,158000000.0,0.024,0,205000000.0,5968000000,4113750000.0,329000000,237000000,0,237000000,5369000000,1277000000,4092000000,15645393.0,-859000000.0,17000000.0,0.0,-151000000.0,0.0,-246000000.0,-182000000.0,0.0,-358000000.0,-73000000.0,-644000000.0,-644000000.0,-644000000.0,0.0,20000000.0,-0.096,802000000.0,-644000000.0,780000000,0.0,-0.016,-0.024,-0.024,2053000000,0.0,0.12,0.002,0.002,998000000,-4814000000.0,6700000000.0,6700000000.0,0.0,-0.126,0.757,-0.092,-0.056,0.0,454000000.0,1.0,130378272,130378272,,51.389,4647000000,0,61000000.0,136000000,35.642,1000000000
5,VSTNQ,ART,2009-03-31,2009-05-11,2009-03-31,2020-12-01,47000000,4561000000,5691500000.0,2247000000,2314000000,1.412,-7.629,-245000000.0,767000000,767000000,7727000000.0,-567000000.0,0.567,-5.338,2715000000,2655000000,60000000,2715000000,0,379000000.0,0,0.0,0.0,-282000000.0,97000000.0,0.012,97000000.0,-282000000.0,-495000000.0,-4.42,-4.42,-4.42,-995000000,-654750000.0,-995000000,1993646972.0,-7.0,20.553,-510000000.0,-3.91,1.0,309000000.0,0.038,0,213000000.0,2549000000,4011000000.0,328000000,226000000,0,226000000,5311000000,3960000000,1351000000,45646972.0,-1009000000.0,22000000.0,0.0,-258000000.0,0.0,-421000000.0,-220000000.0,0.0,-265000000.0,-103000000.0,-574000000.0,-574000000.0,-574000000.0,0.0,7000000.0,-0.071,876000000.0,-567000000.0,813000000,0.0,-0.046,-0.08,-0.079,2008000000,0.0,0.35,0.006,0.006,887000000,-4702000000.0,8036000000.0,8036000000.0,0.0,-0.101,0.877,-0.07,-0.035,0.0,513000000.0,1.0,130419920,130419920,,61.616,4561000000,0,79000000.0,138000000,34.972,-1713000000
6,VSTNQ,ART,2008-12-31,2009-03-31,2008-12-31,2020-12-01,157000000,5248000000,6358250000.0,2772000000,2476000000,1.501,-6.798,-294000000.0,1180000000,1180000000,9085000000.0,-681000000.0,0.649,-6.917,2762000000,2697000000,65000000,2762000000,0,416000000.0,0,0.0,0.0,-350000000.0,66000000.0,0.007,66000000.0,-350000000.0,-565000000.0,-5.26,-5.26,-5.26,-887000000,-440000000.0,-887000000,1598962772.0,-5.0,24.227,-410000000.0,-3.142,1.0,459000000.0,0.048,0,215000000.0,2559000000,4832500000.0,354000000,220000000,0,220000000,6135000000,4271000000,1864000000,16962772.0,-578000000.0,83000000.0,0.0,-193000000.0,0.0,-193000000.0,-208000000.0,0.0,-116000000.0,-61000000.0,-681000000.0,-681000000.0,-681000000.0,0.0,0.0,-0.071,975000000.0,-516000000.0,1058000000,0.0,-0.019,-0.025,-0.025,2162000000,0.0,0.13,0.002,0.002,989000000,-4704000000.0,9544000000.0,9544000000.0,0.0,-0.107,1.548,-0.072,-0.037,0.0,553000000.0,1.0,130482861,130482861,,73.144,5248000000,0,116000000.0,139000000,40.22,-1499000000
7,VSTNQ,ART,2008-09-30,2008-10-30,2008-09-30,2020-12-01,169000000,5941000000,6847500000.0,3133000000,2808000000,1.567,-4.059,-374000000.0,1133000000,1133000000,10062000000.0,-378000000.0,1.553,-12.209,2589000000,97000000,2492000000,2589000000,0,453000000.0,0,0.0,0.0,-70000000.0,383000000.0,0.036,383000000.0,-70000000.0,-292000000.0,-2.91,-2.91,-2.91,-530000000,-240750000.0,-530000000,1548699038.0,-22.0,4.044,-196000000.0,-1.501,1.0,671000000.0,0.063,0,222000000.0,5379000000,5632500000.0,429000000,226000000,0,226000000,6471000000,2018000000,4453000000,92699038.0,-289000000.0,-102000000.0,0.0,-111000000.0,0.0,-173000000.0,-258000000.0,6000000.0,178000000.0,-36000000.0,-378000000.0,-378000000.0,-378000000.0,0.0,0.0,-0.035,913000000.0,-242000000.0,1331000000,0.0,-0.175,-0.245,-0.244,2486000000,0.0,0.71,0.009,0.009,1020000000,-4358000000.0,10733000000.0,10733000000.0,0.0,-0.055,1.57,-0.012,-0.007,0.0,633000000.0,1.0,130562025,130562025,,82.206,5941000000,0,86000000.0,148000000,45.503,1115000000
8,VSTNQ,ART,2008-06-30,2008-07-30,2008-06-30,2020-12-01,304000000,7016000000,7142000000.0,3935000000,3081000000,1.564,-1.585,-386000000.0,1506000000,1506000000,10442000000.0,-299000000.0,1.503,-34.894,2665000000,121000000,2544000000,2665000000,0,460000000.0,0,0.0,0.0,9000000.0,469000000.0,0.042,469000000.0,9000000.0,-224000000.0,-2.3,-2.3,-2.3,-207000000,-148750000.0,-207000000,1558519797.0,173.0,3.323,-101000000.0,-0.774,1.0,727000000.0,0.065,0,233000000.0,5557000000,5757000000.0,466000000,252000000,0,252000000,7223000000,2618000000,4605000000,399519797.0,33000000.0,-39000000.0,0.0,-79000000.0,0.0,-79000000.0,-213000000.0,1000000.0,285000000.0,40000000.0,-299000000.0,-299000000.0,-299000000.0,0.0,0.0,-0.027,886000000.0,-159000000.0,1795000000,0.0,-1.93,-1.336,-1.33,2721000000,0.0,3.06,0.036,0.036,1217000000,-4170000000.0,11169000000.0,11169000000.0,0.0,-0.042,2.01,0.002,0.001,0.0,626000000.0,1.0,130562025,130562025,,85.546,7016000000,0,75000000.0,158000000,53.737,1317000000
9,VSTNQ,ART,2008-03-31,2008-04-30,2008-03-31,2020-12-01,333000000,7228000000,7219500000.0,4084000000,3144000000,1.557,-1.04,-393000000.0,1613000000,1613000000,10587000000.0,-324000000.0,1.556,-54.147,2844000000,103000000,2741000000,2844000000,0,466000000.0,0,0.0,0.0,-37000000.0,429000000.0,0.038,429000000.0,-37000000.0,-270000000.0,-2.5,-2.5,-2.5,-136000000,-122500000.0,-136000000,1798796219.0,-49.0,4.193,-95000000.0,-0.726,1.0,651000000.0,0.058,0,233000000.0,5835000000,5843000000.0,484000000,240000000,0,240000000,7364000000,2624000000,4740000000,567796219.0,741000000.0,44000000.0,0.0,534000000.0,0.0,534000000.0,-142000000.0,0.0,298000000.0,51000000.0,-324000000.0,-324000000.0,-324000000.0,7000000.0,0.0,-0.029,883000000.0,-232000000.0,1851000000,0.0,-4.175,-1.752,-1.736,2778000000,0.0,4.34,0.051,0.051,1215000000,-4128000000.0,11238000000.0,11238000000.0,0.0,-0.045,2.645,-0.006,-0.003,0.0,615000000.0,1.0,130828622,130828622,,85.899,7228000000,0,54000000.0,160000000,55.248,1460000000
10,VSTNQ,ART,2007-12-31,2008-02-22,2007-12-31,2020-12-01,275000000,7205000000,7121500000.0,4072000000,3133000000,1.582,-0.694,-376000000.0,1758000000,1758000000,10693000000.0,-372000000.0,1.611,-81.056,2840000000,95000000,2745000000,2840000000,0,472000000.0,0,0.0,0.0,-127000000.0,345000000.0,0.031,345000000.0,-127000000.0,-352000000.0,-2.87,-2.87,-2.87,-90000000,-115000000.0,-90000000,1551333138.0,-12.0,4.497,-83000000.0,-0.64,1.0,573000000.0,0.051,0,225000000.0,5759000000,5777250000.0,495000000,218000000,0,218000000,7295000000,2528000000,4767000000,469333138.0,701000000.0,-8000000.0,0.0,547000000.0,0.0,547000000.0,-177000000.0,0.0,293000000.0,38000000.0,-372000000.0,-372000000.0,-372000000.0,24000000.0,0.0,-0.033,883000000.0,-310000000.0,1766000000,0.0,-5.215,-1.262,-1.261,2793000000,0.0,3.62,0.042,0.042,1150000000,-4016000000.0,11266000000.0,11266000000.0,0.0,-0.052,3.235,-0.022,-0.011,0.0,636000000.0,1.0,129650038,129650038,,86.895,7205000000,0,20000000.0,147000000,55.573,1544000000
11,VSTNQ,ART,2007-09-30,2007-11-08,2007-09-30,2020-12-01,160000000,7119000000,7054750000.0,3959000000,3160000000,1.6,-1.248,-358000000.0,1422000000,1422000000,10791000000.0,-368000000.0,1.563,-44.944,2713000000,109000000,2604000000,2713000000,0,461000000.0,0,0.0,0.0,-128000000.0,333000000.0,0.03,333000000.0,-128000000.0,-335000000.0,-2.86,-2.86,-2.86,-162000000,-139500000.0,-162000000,1978853393.0,-15.0,5.943,-157000000.0,-1.21,1.0,497000000.0,0.044,0,207000000.0,5877000000,5722750000.0,535000000,233000000,0,233000000,7281000000,2533000000,4748000000,687853393.0,682000000.0,153000000.0,0.0,606000000.0,0.0,606000000.0,-163000000.0,0.0,201000000.0,38000000.0,-368000000.0,-368000000.0,-368000000.0,7000000.0,0.0,-0.033,853000000.0,-356000000.0,1781000000,0.0,-4.246,-1.869,-1.853,2798000000,0.0,5.3,0.061,0.061,1289000000,-3973000000.0,11288000000.0,11288000000.0,0.0,-0.052,2.638,-0.022,-0.011,0.0,623000000.0,1.0,129783659,129783659,,86.976,7119000000,0,33000000.0,193000000,54.853,1426000000
12,VSTNQ,ART,2007-06-30,2007-08-08,2007-06-30,2020-12-01,113000000,7326000000,6955250000.0,4178000000,3148000000,1.633,-0.786,-345000000.0,1473000000,1473000000,10912000000.0,-436000000.0,1.572,-72.824,2705000000,100000000,2605000000,2705000000,0,459000000.0,0,0.0,0.0,-219000000.0,240000000.0,0.021,240000000.0,-219000000.0,-413000000.0,-3.4,-3.4,-3.4,-102000000,-124500000.0,-102000000,2194475350.0,-10.0,9.144,-125000000.0,-0.964,1.0,445000000.0,0.039,0,194000000.0,5901000000,5647000000.0,523000000,215000000,0,215000000,7428000000,2657000000,4771000000,962475350.0,637000000.0,84000000.0,0.0,615000000.0,0.0,615000000.0,-220000000.0,-1000000.0,220000000.0,22000000.0,-436000000.0,-436000000.0,-436000000.0,7000000.0,0.0,-0.038,872000000.0,-427000000.0,1876000000,0.0,-9.436,-2.208,-2.182,2790000000,0.0,7.42,0.085,0.085,1347000000,-3863000000.0,11357000000.0,11357000000.0,0.0,-0.063,3.502,-0.039,-0.019,0.0,669000000.0,1.0,129713659,129713659,,87.554,7326000000,0,23000000.0,218000000,56.478,1521000000
13,VSTNQ,ART,2007-03-31,2007-05-09,2007-03-31,2020-12-01,46000000,6836000000,6848000000.0,3554000000,3282000000,1.662,-0.818,-345000000.0,872000000,872000000,10783000000.0,-319000000.0,1.356,-65.491,2229000000,104000000,2125000000,2229000000,0,449000000.0,0,0.0,0.0,-115000000.0,334000000.0,0.029,334000000.0,-115000000.0,-307000000.0,-2.49,-2.49,-2.49,-106000000,-84750000.0,-106000000,2469303469.0,-21.0,7.393,-163000000.0,-1.257,1.0,601000000.0,0.053,0,192000000.0,5572000000,5561500000.0,518000000,234000000,0,234000000,6942000000,2621000000,4321000000,1112303469.0,-9000000.0,-13000000.0,0.0,100000000.0,0.0,100000000.0,-316000000.0,0.0,182000000.0,25000000.0,-319000000.0,-319000000.0,-319000000.0,0.0,0.0,-0.028,907000000.0,-306000000.0,1890000000,0.0,-10.493,-3.487,-3.446,2826000000,0.0,8.58,0.098,0.098,1302000000,-3794000000.0,11384000000.0,11384000000.0,0.0,-0.047,3.764,-0.021,-0.01,0.0,718000000.0,1.0,129639099,129639099,,87.813,6836000000,0,12000000.0,193000000,52.731,933000000
14,VSTNQ,ART,2006-12-31,2007-02-28,2006-12-31,2020-12-01,-216000000,6938000000,6843500000.0,3565000000,3373000000,1.668,-1.457,-373000000.0,1057000000,1057000000,10684000000.0,-163000000.0,1.388,-37.904,2228000000,100000000,2128000000,2228000000,0,430000000.0,0,0.0,0.0,52000000.0,482000000.0,0.042,482000000.0,52000000.0,-138000000.0,-1.28,-1.28,-1.28,-188000000,-62000000.0,-188000000,2271488874.0,44.0,4.713,-92000000.0,-0.713,1.0,734000000.0,0.064,0,190000000.0,5541000000,5514250000.0,520000000,224000000,0,224000000,7126000000,2568000000,4558000000,1100488874.0,192000000.0,-6000000.0,0.0,214000000.0,0.0,214000000.0,-337000000.0,0.0,281000000.0,34000000.0,-163000000.0,-163000000.0,-163000000.0,0.0,0.0,-0.014,833000000.0,-99000000.0,1825000000,0.0,-5.854,-6.751,-6.664,3034000000,0.0,8.53,0.096,0.096,1245000000,-3606000000.0,11418000000.0,11418000000.0,0.0,-0.024,2.629,0.009,0.005,0.0,716000000.0,1.0,129013936,129013936,,88.502,6938000000,0,25000000.0,170000000,53.777,997000000
15,VSTNQ,ART,2006-09-30,2006-11-07,2006-09-30,2020-12-01,-168000000,6721000000,6793000000.0,3303000000,3418000000,1.684,-0.793,-432000000.0,740000000,740000000,9582000000.0,1214000000.0,1.331,-66.892,2075000000,143000000,1932000000,2075000000,0,437000000.0,0,0.0,0.0,1498000000.0,1935000000.0,0.169,1935000000.0,1498000000.0,1294000000.0,9.67,9.67,9.67,-102000000,-27000000.0,-102000000,2317942062.0,2.0,1.198,-348000000.0,-2.705,1.0,1860000000.0,0.163,0,204000000.0,5574000000,5355500000.0,543000000,218000000,0,218000000,6823000000,2482000000,4341000000,982942062.0,-158000000.0,-13000000.0,0.0,145000000.0,0.0,145000000.0,-414000000.0,-6000000.0,84000000.0,27000000.0,1214000000.0,1214000000.0,1214000000.0,0.0,0.0,0.106,2336000000.0,-476000000.0,1681000000,0.0,-9.637,0.81,0.79,2997000000,0.0,7.64,0.086,0.086,1495000000,-3564000000.0,11442000000.0,11442000000.0,0.0,0.179,-44.963,0.28,0.131,0.0,722000000.0,1.0,128657338,128657338,,88.934,6721000000,0,80000000.0,204000000,52.24,821000000
16,VSTNQ,ART,2006-06-30,2006-08-08,2006-06-30,2020-12-01,-181000000,6897000000,7318500000.0,3468000000,3429000000,1.769,0.445,-480000000.0,836000000,836000000,11046000000.0,1184000000.0,1.364,120.0,2041000000,131000000,1910000000,2041000000,0,447000000.0,0,0.0,0.0,1471000000.0,1918000000.0,0.148,1918000000.0,1471000000.0,1275000000.0,9.41,9.41,9.41,57000000,-359000000.0,57000000,2307789628.0,2.0,1.203,-492000000.0,-3.841,1.0,1902000000.0,0.147,0,196000000.0,5559000000,5434250000.0,570000000,210000000,0,210000000,6840000000,2543000000,4297000000,1102789628.0,13000000.0,294000000.0,-1000000.0,148000000.0,0.0,147000000.0,-145000000.0,0.0,-12000000.0,23000000.0,1184000000.0,1184000000.0,1184000000.0,0.0,0.0,0.091,2384000000.0,-482000000.0,1710000000,0.0,19.347,0.931,0.915,3029000000,0.0,8.61,0.085,0.085,1824000000,-3387000000.0,12948000000.0,12948000000.0,0.0,0.162,-3.298,0.271,0.114,0.0,784000000.0,1.0,128082419,128082419,,101.091,6897000000,0,91000000.0,212000000,53.848,925000000
17,VSTNQ,ART,2006-03-31,2006-05-10,2006-03-31,2020-12-01,-202000000,6818000000,,3418000000,3400000000,,-0.117,-543000000.0,881000000,881000000,14292000000.0,-104000000.0,1.296,-455.533,2083000000,234000000,1849000000,2083000000,0,521000000.0,0,0.0,0.0,142000000.0,663000000.0,0.044,663000000.0,142000000.0,-32000000.0,-0.83,-0.83,-0.83,-15000000,,-15000000,2214342572.0,16.0,3.34,-336000000.0,-2.625,1.0,658000000.0,0.044,0,174000000.0,5383000000,,544000000,234000000,0,234000000,6833000000,2637000000,4196000000,1012342572.0,72000000.0,294000000.0,-1000000.0,62000000.0,0.0,61000000.0,-192000000.0,0.0,207000000.0,-4000000.0,-104000000.0,-104000000.0,-104000000.0,0.0,0.0,-0.007,2430000000.0,-1772000000.0,1764000000,0.0,-67.49,-9.734,-9.53,2994000000,0.0,7.91,0.068,0.068,1764000000,-3437000000.0,14950000000.0,14950000000.0,0.0,,,,0.009,0.0,864000000.0,1.0,127982626,127982626,,116.813,6818000000,0,72000000.0,191000000,53.273,781000000
18,VSTNQ,ART,2005-12-31,2006-03-16,2005-12-31,2020-12-01,-234000000,6736000000,8522500000.0,3345000000,3391000000,1.992,-0.375,-585000000.0,865000000,865000000,16422000000.0,-270000000.0,1.13,-141.333,1994000000,485000000,1509000000,1994000000,0,595000000.0,0,0.0,0.0,-50000000.0,545000000.0,0.032,545000000.0,-50000000.0,-206000000.0,-2.14,-2.14,-2.14,-48000000,179500000.0,-48000000,1713988183.0,-34.0,3.145,-168000000.0,-1.312,1.0,554000000.0,0.033,0,156000000.0,4906000000,6320500000.0,537000000,226000000,0,226000000,6784000000,2959000000,3825000000,584988183.0,113000000.0,278000000.0,-2000000.0,-49000000.0,0.0,-51000000.0,-231000000.0,0.0,417000000.0,-22000000.0,-270000000.0,-270000000.0,-270000000.0,0.0,0.0,-0.016,2503000000.0,-1949000000.0,1803000000,0.0,-12.187,-2.167,-2.136,2973000000,0.0,4.57,0.034,0.034,1738000000,-3440000000.0,16976000000.0,16976000000.0,0.0,-0.032,-1.504,-0.008,-0.003,0.0,946000000.0,1.0,128006167,128006167,,132.619,6736000000,0,64000000.0,175000000,52.622,386000000
19,VSTNQ,ART,2005-09-30,2005-11-22,2005-09-30,2020-12-01,-147000000,8823000000,9458000000.0,4395000000,4428000000,1.985,-11.107,-658000000.0,898000000,898000000,19348000000.0,-1808000000.0,1.101,-7.17,1955000000,433000000,1522000000,1955000000,0,473000000.0,0,0.0,0.0,-1613000000.0,-1140000000.0,-0.061,-1140000000.0,-1613000000.0,-1735000000.0,-14.38,-14.38,-14.38,-1430000000,-471500000.0,-1430000000,1946616673.0,-1.0,-1.708,-88000000.0,-0.684,1.0,-576000000.0,-0.031,0,122000000.0,5889000000,6694500000.0,575000000,242000000,0,242000000,10253000000,3991000000,6262000000,889616673.0,169000000.0,291000000.0,-2000000.0,-95000000.0,-7000000.0,-104000000.0,-304000000.0,8000000.0,570000000.0,7000000.0,-1808000000.0,-1808000000.0,-1808000000.0,0.0,0.0,-0.096,1035000000.0,-1611000000.0,2333000000,0.0,-0.622,-0.492,-0.481,3254000000,0.0,6.91,0.047,0.047,2323000000,-4778000000.0,18772000000.0,18772000000.0,0.0,-0.191,3.835,-0.241,-0.086,0.0,1035000000.0,1.0,128743368,128743368,,145.809,8823000000,171000000,73000000.0,296000000,68.532,404000000
20,VSTNQ,ART,2004-12-31,2005-03-16,2004-12-31,2020-12-01,5000000,10309000000,10879250000.0,4444000000,5865000000,1.715,3.163,-827000000.0,752000000,752000000,18111000000.0,-1499000000.0,1.156,24.329,2021000000,508000000,1513000000,2021000000,0,0.0,0,0.0,0.0,-438000000.0,-438000000.0,-0.023,-438000000.0,-438000000.0,-534000000.0,-11.96,-11.96,-11.96,407000000,1143750000.0,407000000,2075813223.0,-5.0,-4.739,-409000000.0,-3.178,1.0,546000000.0,0.029,0,96000000.0,7735000000,8194750000.0,889000000,227000000,0,227000000,9902000000,3843000000,6059000000,806813223.0,-201000000.0,0.0,-11000000.0,177000000.0,-31000000.0,135000000.0,-782000000.0,11000000.0,418000000.0,28000000.0,-1499000000.0,-1499000000.0,-1499000000.0,0.0,0.0,-0.08,994000000.0,-448000000.0,2403000000,0.0,1.982,-0.538,-0.524,5303000000,0.0,6.27,0.043,0.043,2540000000,-3083000000.0,18657000000.0,18657000000.0,0.0,-0.138,-1.311,-0.053,-0.023,0.0,994000000.0,1.0,128678345,128678345,,144.989,10309000000,183000000,965000000.0,334000000,80.114,601000000
21,VSTNQ,ART,2004-09-30,2004-11-04,2004-09-30,2020-12-01,-67000000,10093000000,11043000000.0,4566000000,5527000000,1.671,3.76,-811000000.0,729000000,729000000,18383000000.0,-2162000000.0,1.177,19.725,2015000000,535000000,1480000000,2015000000,0,0.0,0,0.0,0.0,-895000000.0,-895000000.0,-0.048,-895000000.0,-895000000.0,-986000000.0,-17.24,-17.26,-17.24,487000000,1506500000.0,487000000,2270471297.0,-3.0,-2.537,-331000000.0,-2.555,1.0,72000000.0,0.004,0,91000000.0,7500000000,8325250000.0,891000000,218000000,5000000,213000000,9606000000,3879000000,5727000000,984471297.0,-210000000.0,-4000000.0,-11000000.0,133000000.0,-31000000.0,86000000.0,-786000000.0,3000000.0,480000000.0,10000000.0,-2162000000.0,-2162000000.0,-2162000000.0,0.0,0.0,-0.117,981000000.0,-909000000.0,2363000000,0.0,2.022,-0.455,-0.441,5060000000,0.0,7.6,0.053,0.053,2673000000,-2843000000.0,18455000000.0,18455000000.0,0.0,-0.196,-1.435,-0.108,-0.048,0.0,981000000.0,1.0,129535697,129535697,,142.47,10093000000,41000000,1176000000.0,184000000,77.917,687000000
22,VSTNQ,ART,2004-06-30,2004-07-30,2004-06-30,2020-12-01,-90000000,11462000000,11429500000.0,4939000000,6523000000,1.591,14.139,-846000000.0,1009000000,1009000000,17896000000.0,-970000000.0,1.312,5.257,1930000000,244000000,1686000000,1930000000,0,0.0,0,0.0,0.0,-710000000.0,-710000000.0,-0.039,-710000000.0,-710000000.0,-797000000.0,-7.72,-7.74,-7.72,1832000000,2069250000.0,1832000000,2252995308.0,-3.0,-3.173,-56000000.0,-0.432,1.0,289000000.0,0.016,0,87000000.0,8619000000,8691250000.0,834000000,209000000,1000000,208000000,9630000000,3764000000,5866000000,1331995308.0,161000000.0,-4000000.0,-11000000.0,228000000.0,-31000000.0,184000000.0,-825000000.0,3000000.0,790000000.0,12000000.0,-970000000.0,-970000000.0,-970000000.0,0.0,0.0,-0.053,1020000000.0,-731000000.0,2449000000,0.0,0.727,-1.373,-1.332,5369000000,0.0,10.28,0.073,0.073,2661000000,-1475000000.0,18185000000.0,18185000000.0,0.0,-0.085,-0.469,-0.082,-0.039,0.0,1020000000.0,1.0,129571528,129571528,,140.347,11462000000,871000000,173000000.0,48000000,88.461,1175000000
23,VSTNQ,ART,2004-03-31,2004-05-03,2004-03-31,2020-12-01,-46000000,11653000000,11464500000.0,5052000000,6601000000,1.564,14.285,-896000000.0,1187000000,1187000000,17954000000.0,-1168000000.0,1.343,5.302,2221000000,276000000,1945000000,2221000000,0,0.0,0,0.0,0.0,-1028000000.0,-1028000000.0,-0.057,-1028000000.0,-1028000000.0,-1105000000.0,-9.3,-9.31,-9.3,1849000000,2331750000.0,1849000000,2426716124.0,-2.0,-2.361,-286000000.0,-2.21,1.0,-26000000.0,-0.001,0,77000000.0,8925000000,8769250000.0,828000000,226000000,1000000,225000000,9804000000,3762000000,6042000000,1392716124.0,291000000.0,-4000000.0,-11000000.0,519000000.0,-31000000.0,478000000.0,-830000000.0,51000000.0,610000000.0,33000000.0,-1168000000.0,-1168000000.0,-1168000000.0,0.0,0.0,-0.065,1023000000.0,-1049000000.0,2457000000,0.0,0.753,-1.192,-1.157,5386000000,0.0,10.76,0.078,0.078,2662000000,-1499000000.0,17928000000.0,17928000000.0,0.0,-0.102,-0.501,-0.117,-0.057,0.0,1023000000.0,1.0,129434584,129434584,,138.51,11653000000,876000000,63000000.0,35000000,90.03,1290000000
24,VSTNQ,ART,2003-12-31,2004-02-13,2003-12-31,2020-12-01,-21000000,10964000000,11413500000.0,4410000000,6554000000,1.547,14.241,-879000000.0,953000000,953000000,17786000000.0,-1213000000.0,1.235,4.901,1818000000,351000000,1467000000,1818000000,0,0.0,0,0.0,0.0,-1102000000.0,-1102000000.0,-0.062,-1102000000.0,-1102000000.0,-1179000000.0,-9.65,-9.65,-9.65,1858000000,2614250000.0,1858000000,2336699446.0,-2.0,-2.12,-509000000.0,-3.901,1.0,-126000000.0,-0.007,0,77000000.0,8257000000,8687000000.0,761000000,218000000,3000000,215000000,9106000000,3572000000,5534000000,1471699446.0,-251000000.0,-4000000.0,-5000000.0,164000000.0,-31000000.0,128000000.0,-788000000.0,70000000.0,370000000.0,39000000.0,-1213000000.0,-1213000000.0,-1213000000.0,0.0,0.0,-0.069,1002000000.0,-1128000000.0,2270000000,0.0,0.792,-1.213,-1.169,5369000000,0.0,11.28,0.083,0.083,2362000000,-1521000000.0,17660000000.0,17660000000.0,0.0,-0.106,-0.464,-0.127,-0.062,0.0,1002000000.0,1.0,130469809,130469809,,135.357,10964000000,863000000,34000000.0,27000000,84.035,838000000
25,VSTNQ,ART,2003-09-30,2003-10-28,2003-09-30,2020-12-01,-7000000,11639000000,11465000000.0,4700000000,6939000000,1.548,20.943,-903000000.0,939000000,939000000,17305000000.0,-384000000.0,1.319,3.251,1828000000,400000000,1428000000,1828000000,0,0.0,0,0.0,0.0,-539000000.0,-539000000.0,-0.03,-539000000.0,-539000000.0,-616000000.0,-3.06,-3.06,-3.06,2738000000,2894250000.0,2738000000,1746625818.0,-3.0,-3.24,-53000000.0,-0.405,1.0,439000000.0,0.025,0,77000000.0,8964000000,8659250000.0,860000000,201000000,4000000,197000000,8901000000,3564000000,5337000000,857625818.0,131000000.0,0.0,-14000000.0,-15000000.0,-31000000.0,-59000000.0,-697000000.0,187000000.0,850000000.0,37000000.0,-384000000.0,-384000000.0,-384000000.0,0.0,0.0,-0.022,1006000000.0,-567000000.0,2120000000,0.0,0.313,-2.233,-2.144,5634000000,0.0,6.56,0.048,0.048,2540000000,-651000000.0,17744000000.0,17744000000.0,0.0,-0.033,-0.133,-0.062,-0.03,0.0,1006000000.0,1.0,130735643,130735643,,135.724,11639000000,1088000000,-232000000.0,16000000,89.027,1136000000
26,VSTNQ,ART,2003-06-30,2003-07-29,2003-06-30,2020-12-01,-38000000,11602000000,11347500000.0,4833000000,6769000000,1.604,22.045,-827000000.0,848000000,848000000,17638000000.0,-268000000.0,1.372,3.026,1700000000,320000000,1380000000,1700000000,0,0.0,0,0.0,0.0,-357000000.0,-357000000.0,-0.02,-357000000.0,-357000000.0,-434000000.0,-2.12,-2.12,-2.12,2882000000,2968500000.0,2882000000,1671697785.0,-5.0,-4.683,-202000000.0,-1.545,1.0,566000000.0,0.031,0,77000000.0,8931000000,8559750000.0,852000000,191000000,3000000,188000000,8720000000,3523000000,5197000000,819697785.0,-28000000.0,0.0,-18000000.0,-170000000.0,-31000000.0,-221000000.0,-467000000.0,337000000.0,625000000.0,35000000.0,-268000000.0,-268000000.0,-268000000.0,0.0,0.0,-0.015,951000000.0,-385000000.0,2136000000,0.0,0.284,-3.059,-2.958,5565000000,0.0,6.27,0.045,0.045,2756000000,-475000000.0,18204000000.0,18204000000.0,0.0,-0.024,-0.09,-0.042,-0.02,0.0,951000000.0,1.0,130733299,130733299,,139.245,11602000000,988000000,-166000000.0,39000000,88.746,1310000000
27,VSTNQ,ART,2003-03-31,2003-05-07,2003-03-31,2020-12-01,-112000000,11449000000,11300000000.0,4957000000,6492000000,1.649,22.791,-764000000.0,896000000,896000000,17709000000.0,-29000000.0,1.377,2.843,1642000000,347000000,1295000000,1642000000,0,0.0,0,0.0,0.0,17000000.0,17000000.0,0.001,17000000.0,17000000.0,-59000000.0,-0.23,-0.23,-0.23,2979000000,3027750000.0,2979000000,1617830044.0,95.0,95.166,189000000.0,1.446,1.0,921000000.0,0.049,0,76000000.0,8596000000,8480000000.0,889000000,252000000,51000000,201000000,8470000000,3599000000,4871000000,871830044.0,81000000.0,0.0,-18000000.0,-327000000.0,-31000000.0,-381000000.0,-521000000.0,201000000.0,953000000.0,30000000.0,-29000000.0,-29000000.0,-29000000.0,0.0,0.0,-0.002,928000000.0,-7000000.0,2226000000,0.0,0.293,-30.063,-29.0,5450000000,0.0,6.67,0.047,0.047,2751000000,-301000000.0,18630000000.0,18630000000.0,0.0,-0.003,-0.01,0.002,0.001,0.0,928000000.0,1.0,130709152,130709152,,142.53,11449000000,806000000,-30000000.0,28000000,87.591,1358000000
28,VSTNQ,ART,2002-12-31,2003-02-14,2002-12-31,2020-12-01,-140000000,11170000000,11165000000.0,4737000000,6433000000,1.648,23.081,-723000000.0,1204000000,1204000000,17588000000.0,-352000000.0,1.367,2.751,1646000000,348000000,1298000000,1646000000,0,0.0,0,0.0,0.0,-330000000.0,-330000000.0,-0.018,-330000000.0,-330000000.0,-410000000.0,-2.75,-2.75,-2.75,2978000000,3014750000.0,2978000000,1293560439.0,-4.0,-3.92,423000000.0,3.278,1.0,807000000.0,0.044,0,80000000.0,8146000000,8444750000.0,878000000,265000000,74000000,191000000,8192000000,3466000000,4726000000,851560439.0,180000000.0,0.0,-24000000.0,-324000000.0,-31000000.0,-383000000.0,-607000000.0,80000000.0,1146000000.0,24000000.0,-352000000.0,-352000000.0,-352000000.0,0.0,0.0,-0.019,888000000.0,-81000000.0,2083000000,0.0,0.286,-2.419,-2.4,5443000000,0.0,6.6,0.046,0.046,2229000000,-278000000.0,18395000000.0,18395000000.0,0.0,-0.032,-0.117,-0.039,-0.018,0.0,888000000.0,1.0,129024309,129024309,,142.57,11170000000,765000000,-58000000.0,17000000,86.573,1271000000
29,VSTNQ,ART,2002-09-30,2002-11-13,2002-09-30,2020-12-01,-133000000,11169000000,11142000000.0,4938000000,6231000000,1.646,23.329,-697000000.0,808000000,808000000,17583000000.0,-332000000.0,1.366,2.68,1820000000,508000000,1312000000,1820000000,0,0.0,0,0.0,0.0,-300000000.0,-300000000.0,-0.016,-300000000.0,-300000000.0,-378000000.0,-2.58,-2.58,-2.58,3035000000,3093000000.0,3035000000,1892749900.0,-6.0,-6.309,90000000.0,0.692,1.0,762000000.0,0.042,0,78000000.0,8566000000,8543500000.0,976000000,370000000,193000000,177000000,8134000000,3615000000,4519000000,880749900.0,-73000000.0,-2000000.0,-15000000.0,-135000000.0,-31000000.0,-180000000.0,-695000000.0,-93000000.0,787000000.0,15000000.0,-332000000.0,-332000000.0,-332000000.0,0.0,0.0,-0.018,811000000.0,-49000000.0,1989000000,0.0,0.29,-2.653,-2.624,5314000000,0.0,6.77,0.048,0.048,2640000000,-237000000.0,18345000000.0,18345000000.0,0.0,-0.03,-0.107,-0.035,-0.016,0.0,811000000.0,1.0,130095997,130095997,,141.011,11169000000,696000000,-46000000.0,24000000,85.852,1323000000
30,VSTNQ,ART,2002-06-30,2002-08-13,2002-06-30,2020-12-01,-114000000,11412000000,11154750000.0,5212000000,6200000000,1.589,23.809,-711000000.0,876000000,876000000,17048000000.0,-375000000.0,1.396,2.659,1809000000,504000000,1305000000,1809000000,0,0.0,0,0.0,0.0,-366000000.0,-366000000.0,-0.021,-366000000.0,-366000000.0,-445000000.0,-2.92,-2.92,-2.92,3119000000,3168750000.0,3119000000,2298983235.0,-6.0,-6.281,-4000000.0,-0.031,1.0,675000000.0,0.038,0,79000000.0,8612000000,8621000000.0,987000000,507000000,343000000,164000000,8293000000,3733000000,4560000000,1365983235.0,-319000000.0,-7000000.0,-16000000.0,-93000000.0,-31000000.0,-137000000.0,-895000000.0,-270000000.0,707000000.0,6000000.0,-375000000.0,-375000000.0,-375000000.0,0.0,0.0,-0.021,780000000.0,-105000000.0,2174000000,0.0,0.438,-3.643,-3.579,5375000000,0.0,10.45,0.077,0.077,2689000000,-177000000.0,17723000000.0,17723000000.0,0.0,-0.034,-0.118,-0.042,-0.021,0.0,780000000.0,1.0,130716099,131000000,131000000.0,135.29,11412000000,652000000,-70000000.0,43000000,87.115,1479000000
31,VSTNQ,ART,2002-03-31,2002-05-01,2002-03-31,2020-12-01,-240000000,10909000000,11156750000.0,4876000000,6033000000,1.577,22.344,-720000000.0,815000000,815000000,17038000000.0,-487000000.0,1.372,2.727,1916000000,631000000,1285000000,1916000000,0,0.0,0,0.0,0.0,-536000000.0,-536000000.0,-0.03,-536000000.0,-536000000.0,-618000000.0,-3.79,-3.79,-3.79,2927000000,3238750000.0,2927000000,3102094619.0,-6.0,-5.787,-39000000.0,-0.298,1.0,551000000.0,0.031,0,82000000.0,8455000000,8572000000.0,872000000,415000000,257000000,158000000,7982000000,3555000000,4427000000,2001094619.0,-125000000.0,-7000000.0,-36000000.0,-10000000.0,-31000000.0,-74000000.0,-728000000.0,-100000000.0,681000000.0,-4000000.0,-487000000.0,-487000000.0,-487000000.0,0.0,0.0,-0.028,825000000.0,-274000000.0,1877000000,0.0,0.684,-4.109,-4.037,5233000000,0.0,15.3,0.114,0.114,2617000000,-241000000.0,17589000000.0,17589000000.0,0.0,-0.044,-0.15,-0.063,-0.03,0.0,825000000.0,1.0,130790498,131000000,131000000.0,134.267,10909000000,654000000,-131000000.0,40000000,83.275,1321000000
32,VSTNQ,ART,2001-12-31,2002-03-29,2001-12-31,2020-12-01,-231000000,11078000000,11285500000.0,4753000000,6325000000,1.581,25.122,-752000000.0,1024000000,1024000000,17148000000.0,-118000000.0,1.384,2.366,1922000000,629000000,1293000000,1922000000,0,0.0,0,0.0,0.0,-114000000.0,-114000000.0,-0.006,-114000000.0,-114000000.0,-190000000.0,-0.91,-0.91,-0.91,3291000000,3384000000.0,3291000000,3056496082.0,-27.0,-26.811,-316000000.0,-2.412,1.0,695000000.0,0.039,0,76000000.0,8541000000,8622500000.0,858000000,315000000,157000000,158000000,7787000000,3435000000,4352000000,2158496082.0,-388000000.0,-7000000.0,-25000000.0,-22000000.0,-31000000.0,-75000000.0,-743000000.0,-86000000.0,436000000.0,-6000000.0,-118000000.0,-118000000.0,-118000000.0,0.0,0.0,-0.007,812000000.0,-117000000.0,1831000000,0.0,0.656,-18.292,-18.187,5329000000,0.0,16.55,0.121,0.122,2394000000,105000000.0,17843000000.0,17843000000.0,0.0,-0.01,-0.035,-0.013,-0.006,0.0,812000000.0,1.0,130422724,131000000,131000000.0,136.206,11078000000,489000000,-72000000.0,43000000,84.565,1318000000
33,VSTNQ,ART,2001-09-30,2001-11-14,2001-09-30,2020-12-01,-201000000,11220000000,11347250000.0,4823000000,6397000000,1.576,25.677,-806000000.0,881000000,881000000,17082000000.0,-191000000.0,1.398,2.361,1988000000,616000000,1372000000,1988000000,0,0.0,0,0.0,0.0,-255000000.0,-255000000.0,-0.014,-255000000.0,-255000000.0,-318000000.0,-1.48,-1.48,-1.48,3338000000,3437500000.0,3338000000,2827831781.0,-11.0,-11.09,-348000000.0,-2.677,1.0,797000000.0,0.045,0,63000000.0,8876000000,8519250000.0,1022000000,248000000,97000000,151000000,7882000000,3451000000,4431000000,1720831781.0,-309000000.0,-3000000.0,-25000000.0,-15000000.0,-32000000.0,-69000000.0,-681000000.0,31000000.0,458000000.0,-17000000.0,-191000000.0,-191000000.0,-191000000.0,0.0,0.0,-0.011,1075000000.0,-278000000.0,1869000000,0.0,0.516,-9.01,-8.919,5451000000,0.0,13.2,0.096,0.096,2464000000,126000000.0,17879000000.0,17879000000.0,0.0,-0.017,-0.056,-0.03,-0.014,0.0,855000000.0,1.0,130366044,130000000,130000000.0,137.531,11220000000,443000000,-127000000.0,41000000,86.308,1372000000
34,VSTNQ,ART,2001-06-30,2001-07-26,2001-06-30,2020-12-01,-246000000,11420000000,11349000000.0,5236000000,6184000000,1.635,25.947,-849000000.0,1195000000,1195000000,17533000000.0,-48000000.0,1.385,2.36,1971000000,581000000,1390000000,1971000000,0,0.0,0,0.0,0.0,-29000000.0,-29000000.0,-0.002,-29000000.0,-29000000.0,-91000000.0,-0.37,-0.37,-0.37,3399000000,3495250000.0,3399000000,3417904255.0,-118.0,-117.859,426000000.0,3.252,1.0,1028000000.0,0.055,0,62000000.0,8416000000,8344000000.0,908000000,215000000,68000000,147000000,8021000000,3780000000,4241000000,2641904255.0,230000000.0,-25000000.0,-20000000.0,-26000000.0,-32000000.0,-184000000.0,-853000000.0,-68000000.0,1275000000.0,-8000000.0,-48000000.0,-48000000.0,-48000000.0,0.0,0.0,-0.003,1082000000.0,-54000000.0,2079000000,0.0,0.777,-55.04,-54.649,5394000000,0.0,20.22,0.142,0.143,2738000000,229000000.0,18561000000.0,18561000000.0,0.0,-0.004,-0.014,-0.003,-0.002,0.0,862000000.0,1.0,130657975,131000000,131000000.0,141.687,11420000000,319000000,-43000000.0,125000000,87.176,1456000000
35,VSTNQ,ART,2001-03-31,2001-05-03,2001-03-31,2020-12-01,-199000000,11424000000,11417750000.0,5152000000,6272000000,1.661,26.779,-850000000.0,940000000,940000000,17696000000.0,154000000.0,1.344,2.257,2005000000,640000000,1365000000,2005000000,0,0.0,0,0.0,0.0,282000000.0,282000000.0,0.015,282000000.0,282000000.0,230000000.0,1.19,1.19,1.19,3508000000,3549000000.0,3508000000,3319593506.0,12.0,11.772,-717000000.0,-5.473,1.0,1269000000.0,0.067,0,52000000.0,8657000000,8332500000.0,940000000,299000000,150000000,149000000,7916000000,3832000000,4084000000,2254593506.0,-3000000.0,-28000000.0,0.0,827000000.0,-24000000.0,841000000.0,-971000000.0,-150000000.0,133000000.0,-6000000.0,154000000.0,154000000.0,154000000.0,0.0,0.0,0.008,1013000000.0,256000000.0,2138000000,0.0,0.643,14.64,14.471,5416000000,0.0,17.22,0.119,0.119,2776000000,277000000.0,18965000000.0,18965000000.0,0.0,0.013,0.043,0.034,0.015,0.0,793000000.0,1.0,130928775,131000000,131000000.0,144.771,11424000000,289000000,76000000.0,146000000,87.206,1320000000
36,VSTNQ,ART,2000-12-31,2001-02-27,2000-12-31,2020-12-01,-179000000,11325000000,11509250000.0,5005000000,6320000000,1.691,26.962,-793000000.0,1412000000,1412000000,18025000000.0,270000000.0,1.316,2.231,2019000000,622000000,1397000000,2019000000,0,0.0,0,0.0,0.0,471000000.0,471000000.0,0.024,471000000.0,471000000.0,413000000.0,2.08,2.08,2.08,3505000000,3057000000.0,3505000000,2500577127.0,5.0,5.309,-1319000000.0,-10.146,1.0,1442000000.0,0.074,0,58000000.0,8128000000,8298500000.0,948000000,207000000,65000000,142000000,7820000000,3804000000,4016000000,1893577127.0,-437000000.0,-28000000.0,0.0,940000000.0,-16000000.0,924000000.0,-842000000.0,-65000000.0,-526000000.0,7000000.0,270000000.0,270000000.0,270000000.0,0.0,0.0,0.014,1001000000.0,441000000.0,1949000000,0.0,0.54,7.013,6.952,5497000000,0.0,14.46,0.097,0.097,2190000000,254000000.0,19467000000.0,19467000000.0,0.0,0.023,0.088,0.057,0.024,0.0,781000000.0,1.0,130952775,130000000,130000000.0,149.746,11325000000,292000000,143000000.0,165000000,87.115,1201000000
37,VSTNQ,ART,2000-09-30,2000-11-08,2000-09-30,2020-12-01,-210000000,11227000000,11790250000.0,4814000000,6413000000,,27.244,,1190000000,1190000000,,,1.245,2.146,2006000000,642000000,1364000000,2006000000,0,,0,0.0,0.0,,,,,,,,,,3569000000,2555500000.0,3569000000,2951840077.0,,,,,1.0,,,0,,8175000000,8127500000.0,838000000,338000000,126000000,212000000,7658000000,3868000000,3790000000,2135840077.0,,,,,,,,,,,,,,,,,,,1879000000,,0.598,,,5638000000,,16.313,,,2462000000,349000000.0,,,,,,,,,,1.0,130932725,131000000,,,11227000000,73000000,,62000000,85.702,946000000
38,VSTNQ,ART,2000-06-30,2000-07-24,2000-06-30,2020-12-01,-125000000,11695000000,,5228000000,6467000000,,27.8,,965000000,965000000,,,1.177,2.236,2080000000,906000000,1174000000,2080000000,0,,0,0.0,0.0,,,,,,,,,,3614000000,,3614000000,2937997125.0,,,,,1.0,,,0,,8370000000,,781000000,216000000,0,216000000,8081000000,4440000000,3641000000,1822997125.0,,,,,,,,,,,,,,,,,,,2270000000,,0.504,,,5796000000,,13.938,,,3369000000,309000000.0,,,,,,,,,,1.0,130798000,130000000,,,11695000000,72000000,,72000000,89.962,788000000
39,VSTNQ,ART,2000-03-31,2000-06-06,2000-03-31,2020-12-01,-104000000,11790000000,,4672000000,7118000000,,11.774,,943000000,943000000,,,0.978,6.656,2452000000,1026000000,1426000000,2452000000,0,,0,,0.0,,,,,,,,,,1540000000,,1540000000,,,,,,1.0,,,0,,8521000000,,743000000,209000000,0,209000000,10250000000,4778000000,5472000000,,,,,,,,,,,,,,,,,,,,2730000000,,,,,5730000000,,,,,2604000000,,,,,,,,,,,1.0,130798000,130798000,,,11790000000,295000000,,13000000,90.139,-106000000
40,VSTNQ,ART,2000-03-31,2000-05-19,2000-03-31,2020-12-01,-104000000,11790000000,,4672000000,7118000000,,11.774,,943000000,943000000,,,0.978,6.656,2452000000,1026000000,1426000000,2452000000,0,,0,,0.0,,,,,,,,,,1540000000,,1540000000,,,,,,1.0,,,0,,8521000000,,743000000,209000000,0,209000000,10250000000,4778000000,5472000000,,,,,,,,,,,,,,,,,,,,2730000000,,,,,5730000000,,,,,2604000000,,,,,,,,,,,1.0,130798000,130798000,,,11790000000,295000000,,13000000,90.139,-106000000
41,VSTNQ,ART,1999-12-31,2000-04-14,1999-12-31,2020-12-01,-67000000,12449000000,,5196000000,7253000000,,11.46,-876000000.0,1849000000,1849000000,17503000000.0,735000000.0,0.949,7.305,2319000000,961000000,1358000000,2319000000,0,0.0,0,,0.0,1221000000.0,1221000000.0,0.063,1221000000.0,1221000000.0,1157000000.0,,,,1499000000,,1499000000,,,,1606000000.0,12.278,1.0,1863000000.0,0.096,0,64000000.0,7444000000,,751000000,205000000,0,205000000,10950000000,5475000000,5475000000,,1307000000.0,-579000000.0,0.0,948000000.0,0.0,290000000.0,-1453000000.0,0.0,2482000000.0,-12000000.0,735000000.0,735000000.0,735000000.0,0.0,0.0,0.038,674000000.0,1189000000.0,3150000000,,,,,5789000000,0.0,,,,2191000000,,19366000000.0,19366000000.0,0.0,,,,0.063,0.0,674000000.0,1.0,130798000,130798000,,148.06,12449000000,472000000,422000000.0,306000000,95.177,-279000000
