None,ticker,dimension,calendardate,datekey,reportperiod,lastupdated,accoci,assets,assetsavg,assetsc,assetsnc,assetturnover,bvps,capex,cashneq,cashnequsd,cor,consolinc,currentratio,de,debt,debtc,debtnc,debtusd,deferredrev,depamor,deposits,divyield,dps,ebit,ebitda,ebitdamargin,ebitdausd,ebitusd,ebt,eps,epsdil,epsusd,equity,equityavg,equityusd,ev,evebit,evebitda,fcf,fcfps,fxusd,gp,grossmargin,intangibles,intexp,invcap,invcapavg,inventory,investments,investmentsc,investmentsnc,liabilities,liabilitiesc,liabilitiesnc,marketcap,ncf,ncfbus,ncfcommon,ncfdebt,ncfdiv,ncff,ncfi,ncfinv,ncfo,ncfx,netinc,netinccmn,netinccmnusd,netincdis,netincnci,netmargin,opex,opinc,payables,payoutratio,pb,pe,pe1,ppnenet,prefdivis,price,ps,ps1,receivables,retearn,revenue,revenueusd,rnd,roa,roe,roic,ros,sbcomp,sgna,sharefactor,sharesbas,shareswa,shareswadil,sps,tangibles,taxassets,taxexp,taxliabilities,tbvps,workingcapital
0,CVG,MRY,2017-12-31,2017-12-31,2017-12-31,2019-10-18,-66600000.0,2414700000.0,2402100000.0,857700000.0,1557000000.0,1.162,14.782,-58500000.0,193700000.0,193700000.0,1734900000.0,121400000.0,2.655,0.71,328100000.0,900000.0,327200000.0,328100000.0,0.0,134000000.0,0.0,0.017,0.39,198100000.0,332100000.0,0.119,332100000.0,198100000.0,179800000.0,1.3,1.22,1.3,1377700000.0,1364200000.0,1377700000.0,2343886183.0,12.0,7.058,204500000.0,2.194,1.0,1057200000.0,0.379,1225200000.0,18300000.0,1000900000.0,1038225000.0,0.0,13500000.0,13500000.0,0.0,977500000.0,323000000.0,654500000.0,2171686183.0,54900000.0,700000.0,-81100000.0,-33600000.0,-35600000.0,-150300000.0,-57800000.0,0.0,263000000.0,0.0,121400000.0,121400000.0,121400000.0,0.0,0.0,0.043,860000000.0,197200000.0,322100000.0,0.3,1.576,17.889,18.077,260000000.0,0.0,23.5,0.778,0.784,567200000.0,1457800000.0,2792100000.0,2792100000.0,0.0,0.051,0.089,0.191,0.071,16600000.0,699000000.0,1.0,92412178.0,93200000.0,99900000.0,29.958,1189500000.0,21300000.0,58400000.0,222600000.0,12.763,534700000.0
1,CVG,MRY,2016-12-31,2016-12-31,2016-12-31,2019-10-18,-113800000.0,2371800000.0,2374925000.0,784800000.0,1587000000.0,1.227,13.736,-87000000.0,138800000.0,138800000.0,1843100000.0,143000000.0,2.258,0.756,360100000.0,1800000.0,358300000.0,360100000.0,0.0,150300000.0,0.0,0.014,0.35,214000000.0,364300000.0,0.125,364300000.0,214000000.0,195900000.0,1.49,1.4,1.49,1315900000.0,1325375000.0,1315900000.0,2574686930.0,12.0,7.067,218400000.0,2.28,1.0,1070500000.0,0.367,1224500000.0,18100000.0,1021000000.0,1034675000.0,0.0,12400000.0,12400000.0,0.0,994600000.0,347600000.0,647000000.0,2342286930.0,-65900000.0,-137900000.0,-71000000.0,-43100000.0,-32700000.0,-145600000.0,-225700000.0,-800000.0,305400000.0,0.0,143000000.0,143000000.0,143000000.0,-10000000.0,0.0,0.049,855900000.0,214600000.0,345800000.0,0.235,1.78,16.38,16.483,304100000.0,0.0,24.56,0.804,0.808,555000000.0,1955000000.0,2913600000.0,2913600000.0,0.0,0.06,0.108,0.207,0.073,17400000.0,695400000.0,1.0,95369989.0,95800000.0,102500000.0,30.413,1147300000.0,17700000.0,52900000.0,197800000.0,11.976,437200000.0
2,CVG,MRY,2015-12-31,2015-12-31,2015-12-31,2019-10-18,-101800000.0,2356600000.0,2469375000.0,823300000.0,1533300000.0,1.195,13.009,-109200000.0,204700000.0,204700000.0,1871900000.0,169000000.0,2.433,0.797,402200000.0,3400000.0,398800000.0,402200000.0,0.0,168500000.0,0.0,0.012,0.31,195800000.0,364300000.0,0.123,364300000.0,195800000.0,177600000.0,1.73,1.61,1.73,1276200000.0,1248050000.0,1276200000.0,2646790521.0,14.0,7.265,140100000.0,1.428,1.0,1078700000.0,0.366,1148400000.0,18200000.0,1067300000.0,1137275000.0,0.0,12200000.0,12200000.0,0.0,1017500000.0,338400000.0,679100000.0,2427590521.0,5800000.0,0.0,-69200000.0,-37500000.0,-29600000.0,-135100000.0,-108400000.0,800000.0,249300000.0,0.0,169000000.0,169000000.0,169000000.0,-600000.0,0.0,0.057,874000000.0,204700000.0,335000000.0,0.179,1.902,14.364,14.387,329100000.0,0.0,24.89,0.823,0.828,536300000.0,1846200000.0,2950600000.0,2950600000.0,0.0,0.068,0.135,0.172,0.066,15700000.0,687000000.0,1.0,97532765.0,98100000.0,104700000.0,30.077,1208200000.0,14600000.0,8600000.0,176000000.0,12.316,484900000.0
3,CVG,MRY,2014-12-31,2014-12-31,2014-12-31,2019-10-18,-66700000.0,2416100000.0,2585925000.0,783700000.0,1632400000.0,1.104,12.187,-116700000.0,198900000.0,198900000.0,1814500000.0,120000000.0,2.13,0.916,440200000.0,7500000.0,432700000.0,440200000.0,0.0,167600000.0,0.0,0.013,0.27,152100000.0,319700000.0,0.112,319700000.0,152100000.0,132800000.0,1.19,1.13,1.19,1227200000.0,1270800000.0,1227200000.0,2292737204.0,15.0,7.172,144300000.0,1.433,1.0,1041000000.0,0.365,1205900000.0,19300000.0,1083600000.0,1186550000.0,0.0,13000000.0,13000000.0,0.0,1124600000.0,367900000.0,756700000.0,2044037204.0,-381900000.0,-802600000.0,-43900000.0,275800000.0,-26200000.0,207600000.0,-850500000.0,68700000.0,261000000.0,0.0,120000000.0,120000000.0,120000000.0,-3500000.0,0.0,0.042,890200000.0,150800000.0,360400000.0,0.227,1.666,17.034,17.118,367800000.0,0.0,20.37,0.716,0.718,511100000.0,1707600000.0,2855500000.0,2855500000.0,0.0,0.046,0.094,0.128,0.053,8400000.0,684800000.0,1.0,100345469.0,100700000.0,106200000.0,28.357,1210200000.0,15000000.0,12800000.0,175800000.0,12.018,415800000.0
4,CVG,MRY,2013-12-31,2013-12-31,2013-12-31,2019-10-18,-19500000.0,1956700000.0,1975425000.0,1060400000.0,896300000.0,1.036,11.85,-63800000.0,580800000.0,580800000.0,1335100000.0,60900000.0,3.624,0.545,126600000.0,900000.0,125700000.0,126600000.0,0.0,90800000.0,0.0,0.011,0.24,144900000.0,235700000.0,0.115,235700000.0,144900000.0,133400000.0,0.59,0.56,0.59,1224100000.0,1310675000.0,1224100000.0,1676292035.0,12.0,7.112,146200000.0,1.415,1.0,711000000.0,0.347,609800000.0,11500000.0,600100000.0,636275000.0,0.0,82900000.0,82900000.0,0.0,667100000.0,292600000.0,374500000.0,2141092035.0,26100000.0,-16400000.0,-119800000.0,-5900000.0,-23800000.0,-148300000.0,-35600000.0,-4400000.0,210000000.0,0.0,60900000.0,60900000.0,60900000.0,-2400000.0,0.0,0.03,573600000.0,137400000.0,291700000.0,0.407,1.749,35.158,35.678,246400000.0,0.0,21.05,1.046,1.063,319800000.0,1614800000.0,2046100000.0,2046100000.0,8200000.0,0.031,0.046,0.228,0.071,13400000.0,465000000.0,1.0,101714586.0,103300000.0,109200000.0,19.807,1346900000.0,15100000.0,72500000.0,150800000.0,13.039,767800000.0
5,CVG,MRY,2012-12-31,2012-12-31,2012-12-31,2019-10-18,-10500000.0,2037900000.0,2139050000.0,1100600000.0,937300000.0,0.937,12.227,-98400000.0,554700000.0,554700000.0,1289500000.0,100600000.0,3.842,0.485,60600000.0,700000.0,59900000.0,60600000.0,0.0,88700000.0,0.0,0.009,0.15,115300000.0,204000000.0,0.102,204000000.0,115300000.0,101700000.0,0.9,0.86,0.9,1371900000.0,1410500000.0,1371900000.0,1154366906.0,10.0,5.659,14600000.0,0.13,1.0,715500000.0,0.357,596600000.0,13600000.0,660700000.0,676675000.0,0.0,83800000.0,83800000.0,0.0,666000000.0,286500000.0,379500000.0,1791066906.0,132900000.0,0.0,-169900000.0,-66500000.0,-11200000.0,-242700000.0,262600000.0,-64300000.0,113000000.0,0.0,100600000.0,100600000.0,100600000.0,-72400000.0,0.0,0.05,676900000.0,38600000.0,285800000.0,0.167,1.306,17.804,18.233,279200000.0,0.0,16.41,0.893,0.918,319800000.0,1578600000.0,2005000000.0,2005000000.0,10800000.0,0.047,0.071,0.17,0.058,20200000.0,477200000.0,1.0,109144845.0,112200000.0,117100000.0,17.87,1441300000.0,28100000.0,1100000.0,136500000.0,12.846,814100000.0
6,CVG,MRY,2011-12-31,2011-12-31,2011-12-31,2019-10-18,-46700000.0,2330800000.0,2225175000.0,951100000.0,1379700000.0,0.869,11.743,-74800000.0,421800000.0,421800000.0,1240400000.0,334800000.0,2.555,0.651,127100000.0,6200000.0,120900000.0,127100000.0,0.0,83700000.0,0.0,0.0,0.0,457400000.0,541100000.0,0.28,541100000.0,457400000.0,441300000.0,2.79,2.72,2.79,1411500000.0,1317075000.0,1411500000.0,1189351692.0,3.0,2.198,121800000.0,1.013,1.0,692800000.0,0.358,646800000.0,16100000.0,1017100000.0,871500000.0,0.0,22700000.0,22700000.0,0.0,919300000.0,372200000.0,547100000.0,1534451692.0,235700000.0,330000000.0,-93800000.0,-86000000.0,0.0,-183000000.0,222100000.0,-22700000.0,196600000.0,0.0,334800000.0,334800000.0,334800000.0,-52300000.0,0.0,0.173,582700000.0,110100000.0,297700000.0,0.0,1.087,4.583,4.577,343900000.0,0.0,12.77,0.794,0.794,305900000.0,1495500000.0,1933200000.0,1933200000.0,14000000.0,0.15,0.254,0.525,0.237,14800000.0,483800000.0,1.0,120160665.0,120200000.0,122900000.0,16.083,1684000000.0,70900000.0,106500000.0,101000000.0,14.01,578900000.0
7,CVG,MRY,2010-12-31,2010-12-31,2010-12-31,2019-10-18,-15300000.0,2125300000.0,2238225000.0,705500000.0,1419800000.0,0.832,9.619,-63000000.0,186100000.0,186100000.0,1157800000.0,-53200000.0,1.497,0.795,210300000.0,91000000.0,119300000.0,210300000.0,0.0,95300000.0,0.0,0.0,0.0,-41200000.0,54100000.0,0.029,54100000.0,-41200000.0,-60700000.0,-0.43,-0.43,-0.43,1184100000.0,1257225000.0,1184100000.0,1641400573.0,-40.0,30.34,131200000.0,1.066,1.0,705500000.0,0.379,860600000.0,19500000.0,817700000.0,800425000.0,0.0,64300000.0,0.0,64300000.0,941200000.0,471200000.0,470000000.0,1604500573.0,-145600000.0,0.0,-24900000.0,-312000000.0,0.0,-340500000.0,700000.0,0.0,194200000.0,0.0,-53200000.0,-53200000.0,-53200000.0,-56600000.0,0.0,-0.029,859400000.0,-153900000.0,380200000.0,0.0,1.355,-30.16,-30.628,347600000.0,0.0,13.17,0.861,0.87,371600000.0,1165100000.0,1863300000.0,1863300000.0,18000000.0,-0.024,-0.042,-0.051,-0.022,12100000.0,536300000.0,1.0,121829960.0,123100000.0,123100000.0,15.136,1264700000.0,79000000.0,-7500000.0,76400000.0,10.274,234300000.0
8,CVG,MRY,2009-12-31,2009-12-31,2009-12-31,2019-10-18,-57000000.0,2605800000.0,2756800000.0,942400000.0,1663400000.0,0.878,9.824,-71400000.0,331700000.0,331700000.0,1461600000.0,-77300000.0,1.069,1.16,469600000.0,405200000.0,64400000.0,469600000.0,0.0,121200000.0,0.0,0.0,0.0,-36800000.0,84400000.0,0.035,84400000.0,-36800000.0,-65700000.0,-0.63,-0.62,-0.63,1206400000.0,1163625000.0,1206400000.0,1589524823.0,-43.0,18.833,233300000.0,1.9,1.0,959400000.0,0.396,1028900000.0,28900000.0,833500000.0,1195775000.0,0.0,52700000.0,0.0,52700000.0,1399400000.0,881300000.0,518100000.0,1321924823.0,91700000.0,-3100000.0,0.0,-132300000.0,0.0,-135000000.0,-78000000.0,0.0,304700000.0,0.0,-77300000.0,-77300000.0,-77300000.0,161800000.0,0.0,-0.032,858200000.0,101200000.0,427600000.0,0.0,1.096,-17.101,-17.063,323300000.0,0.0,10.75,0.546,0.545,384300000.0,1221300000.0,2421000000.0,2421000000.0,74200000.0,-0.028,-0.066,-0.031,-0.015,16600000.0,616400000.0,1.0,122969751.0,122800000.0,124900000.0,19.715,1576900000.0,119300000.0,11600000.0,48600000.0,12.841,61100000.0
9,CVG,MRY,2008-12-31,2008-12-31,2008-12-31,2019-10-18,-136400000.0,2841400000.0,2699425000.0,978000000.0,1863400000.0,0.936,9.313,-83800000.0,240000000.0,240000000.0,1623800000.0,-92900000.0,1.225,1.471,665900000.0,259500000.0,406400000.0,665900000.0,134900000.0,121000000.0,0.0,0.0,0.0,-46500000.0,74500000.0,0.029,74500000.0,-46500000.0,-69000000.0,-0.75,-0.74,-0.75,1150100000.0,1320625000.0,1150100000.0,1309739881.0,-28.0,17.58,147700000.0,1.196,1.0,902500000.0,0.357,1103700000.0,22500000.0,1365400000.0,1456175000.0,0.0,51400000.0,0.0,51400000.0,1691300000.0,798200000.0,893100000.0,782439881.0,119700000.0,-312200000.0,-116600000.0,403300000.0,0.0,292500000.0,-404300000.0,0.0,231500000.0,0.0,-92900000.0,-92900000.0,-92900000.0,239400000.0,0.0,-0.037,761500000.0,141000000.0,538700000.0,0.0,0.68,-8.422,-8.547,420900000.0,0.0,6.41,0.31,0.313,523800000.0,1302300000.0,2526300000.0,2526300000.0,54900000.0,-0.034,-0.07,-0.032,-0.018,16300000.0,561700000.0,1.0,122065504.0,123500000.0,125800000.0,20.456,1737700000.0,85800000.0,23900000.0,39500000.0,14.07,179800000.0
10,CVG,MRY,2007-12-31,2007-12-31,2007-12-31,2019-10-18,50300000.0,2564200000.0,2544875000.0,861600000.0,1702600000.0,1.118,11.348,-101300000.0,120300000.0,120300000.0,1837900000.0,169500000.0,2.018,0.685,259900000.0,600000.0,259300000.0,259900000.0,59600000.0,124400000.0,0.0,0.0,0.0,263100000.0,387500000.0,0.136,387500000.0,263100000.0,245600000.0,1.26,1.23,1.26,1521700000.0,1520400000.0,1521700000.0,2302020196.0,9.0,5.941,108600000.0,0.81,1.0,1006400000.0,0.354,935900000.0,17500000.0,1341000000.0,1311600000.0,0.0,55000000.0,0.0,55000000.0,1042500000.0,426900000.0,615600000.0,2143720196.0,-115600000.0,6000000.0,-181300000.0,-83600000.0,0.0,-250700000.0,-74800000.0,20500000.0,209900000.0,0.0,169500000.0,169500000.0,169500000.0,0.0,0.0,0.06,761600000.0,244800000.0,426300000.0,0.0,1.409,12.647,13.063,364400000.0,0.0,16.46,0.754,0.776,557700000.0,1397400000.0,2844300000.0,2844300000.0,73400000.0,0.067,0.111,0.201,0.093,25600000.0,554900000.0,1.0,130238165.0,134100000.0,137700000.0,21.21,1628300000.0,32400000.0,76100000.0,80600000.0,12.142,434700000.0
11,CVG,MRY,2006-12-31,2006-12-31,2006-12-31,2019-10-18,3700000.0,2540300000.0,2486650000.0,930200000.0,1610100000.0,1.122,10.514,-96500000.0,235900000.0,235900000.0,1754800000.0,166200000.0,1.561,0.746,343500000.0,83900000.0,259600000.0,343500000.0,80800000.0,142700000.0,0.0,0.0,0.0,267400000.0,410100000.0,0.147,410100000.0,267400000.0,244600000.0,1.2,1.17,1.2,1455100000.0,1428675000.0,1455100000.0,3399853239.0,13.0,8.29,256900000.0,1.856,1.0,1035000000.0,0.371,930100000.0,22800000.0,1121900000.0,1136300000.0,0.0,49500000.0,0.0,49500000.0,1085200000.0,595900000.0,489300000.0,3276653239.0,39900000.0,-1000000.0,-103500000.0,-88700000.0,0.0,-186000000.0,-127500000.0,-30000000.0,353400000.0,0.0,166200000.0,166200000.0,166200000.0,0.0,0.0,0.06,782100000.0,252900000.0,512000000.0,0.0,2.252,19.715,19.817,368600000.0,0.0,23.78,1.175,1.18,545600000.0,1235700000.0,2789800000.0,2789800000.0,84900000.0,0.067,0.116,0.235,0.096,31300000.0,542000000.0,1.0,137790296.0,138400000.0,141700000.0,20.158,1610200000.0,53500000.0,78400000.0,43900000.0,11.634,334300000.0
12,CVG,MRY,2005-12-31,2005-12-31,2005-12-31,2019-10-18,46400000.0,2411400000.0,2269300000.0,849000000.0,1562400000.0,1.138,9.679,-125900000.0,196000000.0,196000000.0,1583000000.0,122600000.0,1.374,0.779,432200000.0,134700000.0,297500000.0,432200000.0,35900000.0,147300000.0,0.0,0.0,0.0,234600000.0,381900000.0,0.148,381900000.0,234600000.0,213400000.0,0.88,0.86,0.88,1355100000.0,1334300000.0,1355100000.0,2564488101.0,11.0,6.715,106800000.0,0.763,1.0,999100000.0,0.387,917200000.0,21200000.0,1112600000.0,1095975000.0,0.0,43500000.0,0.0,43500000.0,1056300000.0,617800000.0,438500000.0,2218788101.0,137600000.0,-12400000.0,-37300000.0,80500000.0,0.0,43200000.0,-138300000.0,0.0,232700000.0,0.0,122600000.0,122600000.0,122600000.0,0.0,0.0,0.047,775500000.0,223600000.0,483100000.0,0.0,1.637,18.098,18.011,404700000.0,0.0,15.85,0.859,0.859,521100000.0,1069500000.0,2582100000.0,2582100000.0,76900000.0,0.054,0.092,0.214,0.091,23500000.0,530100000.0,1.0,139986631.0,140000000.0,142900000.0,18.444,1494200000.0,54300000.0,90800000.0,44200000.0,10.673,231200000.0
13,CVG,MRY,2004-12-31,2004-12-31,2004-12-31,2019-10-18,38100000.0,2198800000.0,2010025000.0,624100000.0,1574700000.0,1.238,9.09,-156200000.0,58400000.0,58400000.0,1542000000.0,111500000.0,1.099,0.711,351700000.0,49500000.0,302200000.0,351700000.0,0.0,141200000.0,0.0,0.0,0.0,183700000.0,324900000.0,0.131,324900000.0,183700000.0,173400000.0,0.79,0.77,0.79,1285300000.0,1218225000.0,1285300000.0,2854121166.0,16.0,8.785,39200000.0,0.277,1.0,945700000.0,0.38,913000000.0,10300000.0,1011000000.0,719175000.0,0.0,34600000.0,0.0,34600000.0,913500000.0,568100000.0,345400000.0,2621921166.0,21200000.0,-208700000.0,-21200000.0,211900000.0,0.0,190700000.0,-364900000.0,0.0,195400000.0,0.0,111500000.0,111500000.0,111500000.0,0.0,0.0,0.045,760200000.0,185500000.0,518600000.0,0.0,2.04,23.515,18.975,416600000.0,0.0,14.99,1.054,0.852,447300000.0,946900000.0,2487700000.0,2487700000.0,77500000.0,0.055,0.092,0.255,0.074,19200000.0,511100000.0,1.0,174911352.0,141400000.0,145400000.0,17.593,1285800000.0,36900000.0,61900000.0,0.0,9.093,56000000.0
14,CVG,MRY,2003-12-31,2003-12-31,2003-12-31,2019-10-18,15700000.0,1810200000.0,1711825000.0,419500000.0,1390700000.0,1.337,7.905,-173800000.0,37200000.0,37200000.0,1320900000.0,171600000.0,0.773,0.572,134800000.0,76000000.0,58800000.0,134800000.0,0.0,124000000.0,0.0,0.0,0.0,278500000.0,402500000.0,0.176,402500000.0,278500000.0,271600000.0,1.18,1.15,1.18,1151700000.0,1103675000.0,1151700000.0,3101999150.0,11.0,7.707,199700000.0,1.371,1.0,967900000.0,0.423,771300000.0,6900000.0,593800000.0,492025000.0,0.0,47200000.0,0.0,47200000.0,658500000.0,542700000.0,115800000.0,3045599150.0,25000000.0,-63400000.0,-190800000.0,79500000.0,0.0,-111300000.0,-237200000.0,0.0,373500000.0,0.0,171600000.0,171600000.0,171600000.0,0.0,0.0,0.075,675500000.0,292400000.0,466700000.0,0.0,2.644,17.748,14.797,363800000.0,0.0,17.46,1.331,1.111,298100000.0,835400000.0,2288800000.0,2288800000.0,94300000.0,0.1,0.155,0.566,0.122,12300000.0,458200000.0,1.0,174432941.0,145700000.0,148800000.0,15.709,1038900000.0,23000000.0,100000000.0,0.0,7.13,-123200000.0
15,CVG,MRY,2002-12-31,2002-12-31,2002-12-31,2019-10-18,-8400000.0,1619500000.0,1707400000.0,418200000.0,1201300000.0,1.339,6.914,-90800000.0,12200000.0,12200000.0,1264900000.0,145900000.0,0.905,0.438,55300000.0,50700000.0,4600000.0,55300000.0,0.0,137100000.0,0.0,0.0,0.0,255400000.0,392500000.0,0.172,392500000.0,255400000.0,244400000.0,0.9,0.88,0.9,1126300000.0,1205025000.0,1126300000.0,2715027371.0,11.0,6.917,352500000.0,2.164,1.0,1021300000.0,0.447,731300000.0,11000000.0,469300000.0,592400000.0,0.0,38100000.0,0.0,38100000.0,493200000.0,462000000.0,31200000.0,2626027371.0,-28900000.0,-28400000.0,-274300000.0,-78700000.0,0.0,-353000000.0,-119200000.0,0.0,443300000.0,0.0,145900000.0,145900000.0,145900000.0,0.0,0.0,0.064,768000000.0,253300000.0,411300000.0,0.0,2.332,17.999,16.833,298000000.0,0.0,15.15,1.149,1.079,315200000.0,663800000.0,2286200000.0,2286200000.0,113700000.0,0.085,0.121,0.431,0.112,17800000.0,409500000.0,1.0,173335140.0,162900000.0,166100000.0,14.034,888200000.0,41200000.0,98500000.0,0.0,5.452,-43800000.0
16,CVG,MRY,2001-12-31,2001-12-31,2001-12-31,2019-10-18,-18800000.0,1742900000.0,1734050000.0,523100000.0,1219800000.0,1.338,7.241,-113500000.0,41100000.0,41100000.0,1271400000.0,138800000.0,1.062,0.421,133500000.0,129900000.0,3600000.0,133500000.0,0.0,176300000.0,0.0,0.0,0.0,274900000.0,451200000.0,0.194,451200000.0,274900000.0,254900000.0,0.82,0.8,0.82,1226600000.0,1199575000.0,1226600000.0,6600405673.0,24.0,14.629,221200000.0,1.306,1.0,1049200000.0,0.452,704900000.0,20000000.0,638000000.0,792100000.0,0.0,35300000.0,0.0,35300000.0,516300000.0,492400000.0,23900000.0,6451005673.0,-8200000.0,-36300000.0,-34000000.0,-158500000.0,0.0,-192500000.0,-150400000.0,0.0,334700000.0,0.0,138800000.0,138800000.0,138800000.0,0.0,0.0,0.06,772600000.0,276600000.0,362500000.0,0.0,5.259,46.477,45.72,350400000.0,0.0,37.49,2.78,2.737,413600000.0,517900000.0,2320600000.0,2320600000.0,115900000.0,0.08,0.116,0.347,0.118,7800000.0,390600000.0,1.0,172072704.0,169400000.0,174400000.0,13.699,1038000000.0,31900000.0,116100000.0,0.0,6.128,30700000.0
17,CVG,MRY,2000-12-31,2000-12-31,2000-12-31,2019-10-18,-8800000.0,1804100000.0,1659525000.0,516200000.0,1287900000.0,1.324,6.706,-178600000.0,49300000.0,49300000.0,1237400000.0,189200000.0,1.39,0.605,292000000.0,600000.0,291400000.0,292000000.0,0.0,162100000.0,0.0,0.0,0.0,343300000.0,505400000.0,0.23,505400000.0,343300000.0,310200000.0,1.13,1.09,1.13,1124000000.0,1038250000.0,1124000000.0,7263816712.0,21.0,14.372,10100000.0,0.06,1.0,959200000.0,0.437,740200000.0,33100000.0,935200000.0,775600000.0,0.0,66000000.0,0.0,66000000.0,680100000.0,371400000.0,308700000.0,6988416712.0,3900000.0,-36500000.0,36200000.0,-6800000.0,0.0,29400000.0,-214200000.0,0.0,188700000.0,0.0,189200000.0,189200000.0,189200000.0,0.0,0.0,0.086,638600000.0,320600000.0,370800000.0,0.0,6.217,36.937,40.097,397600000.0,0.0,45.31,3.181,3.457,395700000.0,379100000.0,2196600000.0,2196600000.0,102000000.0,0.114,0.182,0.443,0.156,14200000.0,374500000.0,1.0,154235637.0,167600000.0,174200000.0,13.106,1063900000.0,28100000.0,121000000.0,0.0,6.348,144800000.0
18,CVG,MRY,1999-12-31,1999-12-31,1999-12-31,2019-10-18,51600000.0,1579500000.0,1583950000.0,297900000.0,1281600000.0,1.127,5.699,-156300000.0,30800000.0,30800000.0,1005900000.0,137100000.0,0.769,0.704,298300000.0,48000000.0,250300000.0,298300000.0,0.0,131000000.0,0.0,0.0,0.0,255500000.0,386500000.0,0.217,386500000.0,255500000.0,223000000.0,0.84,0.81,0.84,927200000.0,840150000.0,927200000.0,5153985605.0,20.0,13.335,305700000.0,1.879,1.0,779000000.0,0.436,754300000.0,32500000.0,705300000.0,609425000.0,0.0,134900000.0,0.0,134900000.0,652300000.0,387400000.0,264900000.0,4695885605.0,39400000.0,-122400000.0,18600000.0,-168100000.0,0.0,-144600000.0,-278000000.0,0.0,462000000.0,0.0,137100000.0,137100000.0,137100000.0,0.0,0.0,0.077,543800000.0,235200000.0,339400000.0,0.0,5.065,34.252,36.607,335600000.0,0.0,30.75,2.631,2.803,214800000.0,190000000.0,1784900000.0,1784900000.0,91800000.0,0.087,0.163,0.419,0.143,6700000.0,298200000.0,1.0,152711727.0,162700000.0,168900000.0,10.97,825200000.0,16500000.0,85900000.0,0.0,5.072,-89500000.0
19,CVG,MRY,1998-12-31,1998-12-31,1998-12-31,2019-10-18,-2600000.0,1450900000.0,1397800000.0,360500000.0,1090400000.0,1.035,5.126,-93500000.0,3800000.0,3800000.0,826400000.0,81000000.0,0.517,0.983,466800000.0,466800000.0,0.0,466800000.0,0.0,101300000.0,0.0,0.0,0.0,164500000.0,265800000.0,0.184,265800000.0,164500000.0,130600000.0,0.57,0.57,0.57,731500000.0,572900000.0,731500000.0,3890405950.0,24.0,14.637,52900000.0,0.371,1.0,620800000.0,0.429,687400000.0,33900000.0,528600000.0,494775000.0,0.0,83900000.0,0.0,83900000.0,719400000.0,697900000.0,21500000.0,3413005950.0,1700000.0,-664900000.0,206000000.0,407700000.0,0.0,613700000.0,-758400000.0,0.0,146400000.0,0.0,81000000.0,81000000.0,81000000.0,0.0,0.0,0.056,480900000.0,139900000.0,231100000.0,0.0,4.666,42.136,39.263,249800000.0,0.0,22.38,2.358,2.207,314300000.0,53000000.0,1447200000.0,1447200000.0,81900000.0,0.058,0.141,0.332,0.114,0.0,226000000.0,1.0,152502500.0,142700000.0,142900000.0,10.142,763500000.0,10900000.0,49600000.0,0.0,5.35,-337400000.0
20,CVG,MRY,1997-12-31,1997-12-31,1997-12-31,2019-10-18,2400000.0,654400000.0,,265800000.0,388600000.0,,3.145,-60900000.0,2100000.0,2100000.0,540200000.0,86600000.0,1.227,0.519,59100000.0,59100000.0,0.0,59100000.0,0.0,61000000.0,0.0,,0.0,136000000.0,197000000.0,0.199,197000000.0,136000000.0,130600000.0,0.63,0.63,0.63,430800000.0,,430800000.0,,,,66500000.0,0.485,1.0,447300000.0,0.453,177600000.0,5400000.0,317200000.0,,0.0,56500000.0,0.0,56500000.0,223600000.0,216600000.0,7000000.0,,-200000.0,-13900000.0,0.0,-34400000.0,0.0,-52800000.0,-74800000.0,0.0,127400000.0,0.0,86600000.0,86600000.0,86600000.0,0.0,0.0,0.088,333200000.0,114100000.0,157500000.0,0.0,,,,130000000.0,0.0,,,,222900000.0,,987500000.0,987500000.0,68600000.0,,,,0.138,0.0,158700000.0,1.0,,137000000.0,137000000.0,7.208,476800000.0,13700000.0,44000000.0,0.0,3.48,49200000.0
21,CVG,MRY,1996-12-31,1996-12-31,1996-12-31,2019-10-18,,,,,,,,-56200000.0,,,465000000.0,78000000.0,,,,,,,,51800000.0,,,0.0,130800000.0,182600000.0,0.217,182600000.0,130800000.0,124800000.0,0.57,0.57,0.57,,,,,,,61500000.0,0.449,1.0,377400000.0,0.448,,6000000.0,,,,,,,,,,,2300000.0,-62400000.0,0.0,6500000.0,0.0,3200000.0,-118600000.0,0.0,117700000.0,0.0,78000000.0,78000000.0,78000000.0,0.0,0.0,0.093,258200000.0,119200000.0,,0.0,,,,,0.0,,,,,,842400000.0,842400000.0,58600000.0,,,,0.155,0.0,142800000.0,1.0,,137000000.0,137000000.0,6.149,,,46800000.0,,,
0,CVG,MRQ,2018-06-30,2018-06-30,2018-06-30,2019-10-18,-107500000.0,2204700000.0,,705900000.0,1498800000.0,,14.806,-11700000.0,51500000.0,51500000.0,407800000.0,13900000.0,2.223,0.589,178300000.0,400000.0,177900000.0,178300000.0,0.0,28200000.0,0.0,0.017,0.11,26100000.0,54300000.0,0.084,54300000.0,26100000.0,22000000.0,0.15,0.14,0.15,1350300000.0,,1350300000.0,2389236489.0,15.0,8.485,46900000.0,0.514,1.0,241600000.0,0.372,1205800000.0,4100000.0,808100000.0,,0.0,12400000.0,12400000.0,0.0,796000000.0,317600000.0,478400000.0,2236236489.0,-134800000.0,0.0,-11200000.0,-161300000.0,-9200000.0,-181700000.0,-11700000.0,0.0,58600000.0,0.0,13900000.0,13900000.0,13900000.0,0.0,0.0,0.021,217500000.0,24100000.0,317200000.0,0.733,1.656,25.586,25.458,226200000.0,0.0,24.44,0.828,0.825,547100000.0,1492400000.0,649400000.0,649400000.0,0.0,,,,,5000000.0,169300000.0,1.0,91499038.0,91200000.0,97900000.0,7.121,998900000.0,24600000.0,8100000.0,209100000.0,10.953,388300000.0
1,CVG,MRQ,2018-03-31,2018-03-31,2018-03-31,2019-10-18,-84800000.0,2386300000.0,,856500000.0,1529800000.0,,15.004,-5900000.0,186300000.0,186300000.0,417700000.0,29800000.0,2.38,0.693,339300000.0,50300000.0,289000000.0,339300000.0,0.0,30700000.0,0.0,0.018,0.1,34000000.0,64700000.0,0.096,64700000.0,34000000.0,29500000.0,0.33,0.3,0.33,1374400000.0,,1374400000.0,2206808321.0,12.0,7.071,6800000.0,0.074,1.0,256500000.0,0.38,1225600000.0,4500000.0,953800000.0,,0.0,13100000.0,13100000.0,0.0,952900000.0,359900000.0,593000000.0,2072408321.0,-7400000.0,0.0,-15900000.0,10900000.0,-9200000.0,-14200000.0,-5900000.0,0.0,12700000.0,0.0,29800000.0,29800000.0,29800000.0,0.0,0.0,0.044,222000000.0,34500000.0,309600000.0,0.303,1.508,18.291,18.39,240000000.0,0.0,22.62,0.757,0.757,567700000.0,1488100000.0,674200000.0,674200000.0,0.0,,,,,5200000.0,172400000.0,1.0,91618405.0,91600000.0,98200000.0,7.36,1160700000.0,19600000.0,-300000.0,213400000.0,12.671,496600000.0
2,CVG,MRQ,2017-12-31,2017-12-31,2017-12-31,2019-10-18,-66600000.0,2414700000.0,,857700000.0,1557000000.0,,14.975,-13600000.0,193700000.0,193700000.0,429800000.0,8900000.0,2.655,0.71,328100000.0,900000.0,327200000.0,328100000.0,0.0,31700000.0,0.0,0.017,0.1,51100000.0,82800000.0,0.12,82800000.0,51100000.0,46800000.0,0.1,0.1,0.1,1377700000.0,,1377700000.0,2343886183.0,12.0,7.058,63300000.0,0.688,1.0,259500000.0,0.376,1225200000.0,4300000.0,1000900000.0,,0.0,13500000.0,13500000.0,0.0,977500000.0,323000000.0,654500000.0,2171686183.0,25900000.0,0.0,-16000000.0,-12200000.0,-9200000.0,-37400000.0,-13600000.0,0.0,76900000.0,0.0,8900000.0,8900000.0,8900000.0,0.0,0.0,0.013,208100000.0,51400000.0,322100000.0,1.0,1.576,17.889,18.077,260000000.0,0.0,23.5,0.778,0.784,567200000.0,1457800000.0,689300000.0,689300000.0,0.0,,,,,4100000.0,171900000.0,1.0,92412178.0,92000000.0,97500000.0,7.492,1189500000.0,21300000.0,37900000.0,222600000.0,12.929,534700000.0
3,CVG,MRQ,2017-09-30,2017-09-30,2017-09-30,2019-10-18,-76200000.0,2387400000.0,,819000000.0,1568400000.0,,14.87,-17000000.0,167800000.0,167800000.0,428100000.0,34800000.0,2.6,0.687,340000000.0,900000.0,339100000.0,340000000.0,0.0,33300000.0,0.0,0.015,0.1,46500000.0,79800000.0,0.116,79800000.0,46500000.0,42000000.0,0.38,0.35,0.38,1379900000.0,,1379900000.0,2602621530.0,13.0,7.762,46700000.0,0.503,1.0,260200000.0,0.378,1228900000.0,4500000.0,1015700000.0,,0.0,13000000.0,13000000.0,0.0,947600000.0,315000000.0,632600000.0,2415021530.0,5100000.0,0.0,-21800000.0,-10400000.0,-9400000.0,-41600000.0,-17000000.0,0.0,63700000.0,0.0,34800000.0,34800000.0,34800000.0,0.0,0.0,0.051,212100000.0,48100000.0,314100000.0,0.263,1.75,18.577,18.761,270400000.0,0.0,25.89,0.844,0.84,555800000.0,2039300000.0,688300000.0,688300000.0,0.0,,,,,4000000.0,175500000.0,1.0,93280090.0,92800000.0,99800000.0,7.417,1158500000.0,24200000.0,7200000.0,202100000.0,12.484,504000000.0
4,CVG,MRQ,2017-06-30,2017-06-30,2017-06-30,2019-10-18,-83900000.0,2405200000.0,,820200000.0,1585000000.0,,14.553,-19000000.0,162700000.0,162700000.0,426700000.0,39800000.0,2.485,0.72,350300000.0,1100000.0,349200000.0,350300000.0,0.0,34400000.0,0.0,0.016,0.1,50400000.0,84800000.0,0.123,84800000.0,50400000.0,46100000.0,0.42,0.4,0.42,1363600000.0,,1363600000.0,2466730215.0,12.0,7.004,70500000.0,0.752,1.0,260100000.0,0.379,1228500000.0,4300000.0,1034200000.0,,0.0,12200000.0,12200000.0,0.0,981200000.0,330100000.0,651100000.0,2238330215.0,-14400000.0,700000.0,-21800000.0,-55300000.0,-8500000.0,-85600000.0,-18300000.0,0.0,89500000.0,0.0,39800000.0,39800000.0,39800000.0,0.0,0.0,0.058,211300000.0,48800000.0,329000000.0,0.238,1.641,15.664,15.853,284100000.0,0.0,23.78,0.768,0.765,547200000.0,2014000000.0,686800000.0,686800000.0,0.0,,,,,4100000.0,174100000.0,1.0,94126586.0,93700000.0,100100000.0,7.33,1176700000.0,25500000.0,6300000.0,214500000.0,12.558,490100000.0
5,CVG,MRQ,2017-03-31,2017-03-31,2017-03-31,2019-10-18,-99200000.0,2401100000.0,,824100000.0,1577000000.0,,14.148,-8900000.0,177100000.0,177100000.0,450200000.0,37900000.0,2.683,0.752,405500000.0,1300000.0,404200000.0,405500000.0,0.0,34600000.0,0.0,0.017,0.09,50100000.0,84700000.0,0.116,84700000.0,50100000.0,44800000.0,0.4,0.38,0.4,1335600000.0,,1335600000.0,2219161613.0,11.0,6.321,24000000.0,0.254,1.0,277400000.0,0.381,1220200000.0,5300000.0,1102100000.0,,0.0,11600000.0,11600000.0,0.0,1004600000.0,307200000.0,697400000.0,1997861613.0,38300000.0,0.0,-21500000.0,44300000.0,-8500000.0,14300000.0,-8900000.0,0.0,32900000.0,0.0,37900000.0,37900000.0,37900000.0,0.0,0.0,0.052,228600000.0,48800000.0,305900000.0,0.225,1.496,14.658,14.79,291200000.0,0.0,21.15,0.684,0.684,552600000.0,1983800000.0,727600000.0,727600000.0,0.0,,,,,4400000.0,177500000.0,1.0,94461542.0,94400000.0,100500000.0,7.708,1180900000.0,20800000.0,6900000.0,206600000.0,12.51,516900000.0
6,CVG,MRQ,2016-12-31,2016-12-31,2016-12-31,2019-10-18,-113800000.0,2371800000.0,,784800000.0,1587000000.0,,13.866,-23400000.0,138800000.0,138800000.0,477800000.0,17500000.0,2.258,0.756,360100000.0,1800000.0,358300000.0,360100000.0,0.0,36100000.0,0.0,0.014,0.09,49900000.0,86000000.0,0.113,86000000.0,49900000.0,45400000.0,0.18,0.19,0.18,1315900000.0,,1315900000.0,2574686930.0,12.0,7.067,45200000.0,0.476,1.0,280200000.0,0.37,1224500000.0,4500000.0,1021000000.0,,0.0,12400000.0,12400000.0,0.0,994600000.0,347600000.0,647000000.0,2342286930.0,9700000.0,-8000000.0,-17300000.0,-1700000.0,-8600000.0,-27500000.0,-31400000.0,0.0,68600000.0,0.0,17500000.0,17500000.0,17500000.0,0.0,0.0,0.023,222900000.0,57300000.0,345800000.0,0.5,1.78,16.38,16.483,304100000.0,0.0,24.56,0.804,0.808,555000000.0,1955000000.0,758000000.0,758000000.0,0.0,,,,,4600000.0,184300000.0,1.0,95369989.0,94900000.0,99200000.0,7.987,1147300000.0,17700000.0,27900000.0,197800000.0,12.09,437200000.0
7,CVG,MRQ,2016-09-30,2016-09-30,2016-09-30,2019-10-18,-92200000.0,2391600000.0,,770900000.0,1620700000.0,,14.029,-29300000.0,129100000.0,129100000.0,479800000.0,47700000.0,2.244,0.737,361500000.0,2100000.0,359400000.0,361500000.0,0.0,37300000.0,0.0,0.011,0.09,59400000.0,96700000.0,0.13,96700000.0,59400000.0,54800000.0,0.5,0.46,0.5,1341200000.0,,1341200000.0,3046441802.0,14.0,8.025,51200000.0,0.536,1.0,261400000.0,0.353,1251100000.0,4600000.0,1029400000.0,,0.0,12300000.0,12300000.0,0.0,988700000.0,343500000.0,645200000.0,2917541802.0,-113600000.0,-129900000.0,-16000000.0,-10400000.0,-8600000.0,-34900000.0,-159200000.0,0.0,80500000.0,0.0,47700000.0,47700000.0,47700000.0,-10000000.0,0.0,0.064,210800000.0,50600000.0,341400000.0,0.18,2.175,17.366,17.284,306500000.0,0.0,30.42,1.003,1.0,545800000.0,1946100000.0,741200000.0,741200000.0,0.0,,,,,4500000.0,170500000.0,1.0,95908672.0,95600000.0,103100000.0,7.753,1140500000.0,19200000.0,7100000.0,191800000.0,11.93,427400000.0
8,CVG,MRQ,2016-06-30,2016-06-30,2016-06-30,2019-10-18,-85900000.0,2357600000.0,,861900000.0,1495700000.0,,13.714,-23300000.0,242700000.0,242700000.0,435100000.0,33200000.0,2.657,0.74,371600000.0,2200000.0,369400000.0,371600000.0,0.0,38200000.0,0.0,0.013,0.09,45500000.0,83700000.0,0.121,83700000.0,45500000.0,41000000.0,0.35,0.32,0.35,1319300000.0,,1319300000.0,2571964250.0,12.0,6.944,56400000.0,0.586,1.0,257200000.0,0.372,1135700000.0,4500000.0,1026400000.0,,0.0,11400000.0,11400000.0,0.0,976200000.0,324400000.0,651800000.0,2412064250.0,21200000.0,0.0,-17700000.0,-10000000.0,-7700000.0,-35200000.0,-23300000.0,0.0,79700000.0,0.0,33200000.0,33200000.0,33200000.0,0.0,0.0,0.048,210900000.0,46300000.0,322200000.0,0.257,1.828,13.521,13.514,301200000.0,0.0,25.0,0.829,0.827,522700000.0,1907100000.0,692300000.0,692300000.0,0.0,,,,,4500000.0,169500000.0,1.0,96482570.0,96200000.0,102700000.0,7.196,1221900000.0,13500000.0,7800000.0,185500000.0,12.702,537500000.0
9,CVG,MRQ,2016-03-31,2016-03-31,2016-03-31,2019-10-18,-68800000.0,2378700000.0,,852600000.0,1526100000.0,,13.732,-11000000.0,221500000.0,221500000.0,450400000.0,44500000.0,2.608,0.748,381400000.0,2900000.0,378500000.0,381400000.0,0.0,38700000.0,0.0,0.012,0.08,59100000.0,97800000.0,0.135,97800000.0,59100000.0,54600000.0,0.46,0.43,0.46,1325100000.0,,1325100000.0,2881170143.0,14.0,7.866,65600000.0,0.68,1.0,271800000.0,0.376,1149800000.0,4500000.0,1061900000.0,,0.0,11200000.0,11200000.0,0.0,991100000.0,326900000.0,664200000.0,2682170143.0,16800000.0,0.0,-20000000.0,-21000000.0,-7800000.0,-48000000.0,-11800000.0,-800000.0,76600000.0,0.0,44500000.0,44500000.0,44500000.0,0.0,0.0,0.062,211400000.0,60400000.0,324000000.0,0.174,2.024,15.397,15.514,313000000.0,0.0,27.77,0.915,0.914,551300000.0,1882800000.0,722200000.0,722200000.0,0.0,,,,,3800000.0,171200000.0,1.0,96585169.0,96500000.0,103800000.0,7.484,1228900000.0,14400000.0,10100000.0,189600000.0,12.735,525700000.0
10,CVG,MRQ,2015-12-31,2015-12-31,2015-12-31,2019-10-18,-101800000.0,2356600000.0,,823300000.0,1533300000.0,,13.13,-20800000.0,204700000.0,204700000.0,465300000.0,42600000.0,2.433,0.797,402200000.0,3400000.0,398800000.0,402200000.0,0.0,39800000.0,0.0,0.012,0.08,61600000.0,101400000.0,0.135,101400000.0,61600000.0,57300000.0,0.45,0.4,0.45,1276200000.0,,1276200000.0,2646790521.0,14.0,7.265,45800000.0,0.471,1.0,286500000.0,0.381,1148400000.0,4300000.0,1067300000.0,,0.0,12200000.0,12200000.0,0.0,1017500000.0,338400000.0,679100000.0,2427590521.0,28900000.0,0.0,-19100000.0,8500000.0,-7800000.0,-17700000.0,-20000000.0,800000.0,66600000.0,0.0,42600000.0,42600000.0,42600000.0,0.0,0.0,0.057,215100000.0,71400000.0,335000000.0,0.178,1.902,14.364,14.387,329100000.0,0.0,24.89,0.823,0.828,536300000.0,1846200000.0,751800000.0,751800000.0,0.0,,,,,4200000.0,168100000.0,1.0,97532765.0,97200000.0,105000000.0,7.735,1208200000.0,14600000.0,14700000.0,176000000.0,12.43,484900000.0
11,CVG,MRQ,2015-09-30,2015-09-30,2015-09-30,2019-10-18,-104200000.0,2502800000.0,,937900000.0,1564900000.0,,12.798,-36800000.0,175800000.0,175800000.0,471100000.0,58100000.0,2.281,0.947,395000000.0,4000000.0,391000000.0,395000000.0,0.0,41800000.0,0.0,0.013,0.08,45700000.0,87500000.0,0.118,87500000.0,45700000.0,41100000.0,0.59,0.56,0.59,1252900000.0,,1252900000.0,2477400490.0,13.0,6.928,13100000.0,0.134,1.0,270500000.0,0.365,1161900000.0,4600000.0,1148900000.0,,0.0,11700000.0,11700000.0,0.0,1186600000.0,411200000.0,775400000.0,2271200490.0,-19500000.0,0.0,-17900000.0,-6800000.0,-7900000.0,-32600000.0,-36800000.0,0.0,49900000.0,0.0,58100000.0,58100000.0,58100000.0,-500000.0,0.0,0.078,222700000.0,47800000.0,407200000.0,0.136,1.813,12.993,13.131,349200000.0,0.0,23.11,0.767,0.764,556400000.0,1811400000.0,741600000.0,741600000.0,0.0,,,,,3800000.0,177700000.0,1.0,98277823.0,97900000.0,104100000.0,7.575,1340900000.0,118600000.0,-17000000.0,268400000.0,13.697,526700000.0
12,CVG,MRQ,2015-06-30,2015-06-30,2015-06-30,2019-10-18,-79400000.0,2498500000.0,,919600000.0,1578900000.0,,12.621,-23000000.0,195300000.0,195300000.0,463100000.0,29000000.0,2.336,0.961,401500000.0,5300000.0,396200000.0,401500000.0,0.0,43300000.0,0.0,0.011,0.08,36300000.0,79600000.0,0.111,79600000.0,36300000.0,31600000.0,0.29,0.28,0.29,1241900000.0,,1241900000.0,2748023551.0,15.0,7.606,44700000.0,0.454,1.0,253600000.0,0.354,1176100000.0,4700000.0,1135000000.0,,0.0,12700000.0,12700000.0,0.0,1192900000.0,393600000.0,799300000.0,2519223551.0,-36900000.0,0.0,-14900000.0,-59900000.0,-6900000.0,-81600000.0,-23000000.0,0.0,67700000.0,0.0,29000000.0,29000000.0,29000000.0,0.0,0.0,0.04,217300000.0,36300000.0,388300000.0,0.276,2.029,16.851,16.993,350000000.0,0.0,25.49,0.848,0.844,519200000.0,1761200000.0,716700000.0,716700000.0,0.0,,,,,4100000.0,169400000.0,1.0,98831838.0,98400000.0,105000000.0,7.284,1322400000.0,123200000.0,2600000.0,280700000.0,13.439,526000000.0
13,CVG,MRQ,2015-03-31,2015-03-31,2015-03-31,2019-10-18,-89300000.0,2519600000.0,,939500000.0,1580100000.0,,12.335,-28600000.0,232200000.0,232200000.0,472400000.0,39400000.0,2.504,1.011,461000000.0,6300000.0,454700000.0,461000000.0,0.0,43600000.0,0.0,0.012,0.07,52100000.0,95700000.0,0.129,95700000.0,52100000.0,47500000.0,0.4,0.37,0.4,1221200000.0,,1221200000.0,2506432918.0,14.0,6.869,36500000.0,0.369,1.0,268100000.0,0.362,1175300000.0,4600000.0,1197900000.0,,0.0,12400000.0,12400000.0,0.0,1234400000.0,375200000.0,859200000.0,2265132918.0,33300000.0,0.0,-17300000.0,20700000.0,-7000000.0,-3200000.0,-28600000.0,0.0,65100000.0,0.0,39400000.0,39400000.0,39400000.0,-100000.0,0.0,0.053,218900000.0,49200000.0,368900000.0,0.175,1.855,15.6,15.664,354800000.0,0.0,22.87,0.757,0.757,525300000.0,1740100000.0,740500000.0,740500000.0,0.0,,,,,3600000.0,171800000.0,1.0,99043853.0,99000000.0,105000000.0,7.48,1344300000.0,110600000.0,8100000.0,275500000.0,13.579,564300000.0
14,CVG,MRQ,2014-12-31,2014-12-31,2014-12-31,2019-10-18,-66700000.0,2416100000.0,,783700000.0,1632400000.0,,12.297,-30200000.0,198900000.0,198900000.0,487100000.0,48300000.0,2.13,0.916,440200000.0,7500000.0,432700000.0,440200000.0,0.0,45200000.0,0.0,0.013,0.07,49600000.0,94800000.0,0.124,94800000.0,49600000.0,45900000.0,0.48,0.45,0.48,1227200000.0,,1227200000.0,2292737204.0,15.0,7.172,23400000.0,0.234,1.0,276800000.0,0.362,1205900000.0,3700000.0,1083600000.0,,0.0,13000000.0,13000000.0,0.0,1124600000.0,367900000.0,756700000.0,2044037204.0,-29700000.0,0.0,-20400000.0,-33000000.0,-7000000.0,-60400000.0,-22900000.0,7200000.0,53600000.0,0.0,48300000.0,48300000.0,48300000.0,-300000.0,0.0,0.063,225300000.0,51500000.0,360400000.0,0.146,1.666,17.034,17.118,367800000.0,0.0,20.37,0.716,0.718,511100000.0,1707600000.0,763900000.0,763900000.0,-5700000.0,,,,,800000.0,185700000.0,1.0,100345469.0,99800000.0,107700000.0,7.654,1210200000.0,15000000.0,-2400000.0,175800000.0,12.126,415800000.0
15,CVG,MRQ,2014-09-30,2014-09-30,2014-09-30,2019-10-18,-46100000.0,2551100000.0,,891800000.0,1659300000.0,,12.18,-30200000.0,228600000.0,228600000.0,476100000.0,32800000.0,2.105,1.027,477300000.0,9200000.0,468100000.0,477300000.0,0.0,46100000.0,0.0,0.015,0.07,45100000.0,91200000.0,0.122,91200000.0,45100000.0,39200000.0,0.33,0.31,0.33,1226500000.0,,1226500000.0,2044065546.0,14.0,7.107,85500000.0,0.849,1.0,273400000.0,0.365,1227700000.0,5900000.0,1148400000.0,,0.0,19900000.0,19900000.0,0.0,1260000000.0,423700000.0,836300000.0,1801665546.0,45200000.0,1900000.0,-14600000.0,-13300000.0,-7100000.0,-35000000.0,-35500000.0,-7200000.0,115700000.0,0.0,32800000.0,32800000.0,32800000.0,-2800000.0,0.0,0.044,231400000.0,42000000.0,414500000.0,0.212,1.469,35.89,34.269,376500000.0,0.0,17.82,0.688,0.685,499100000.0,1666200000.0,749500000.0,749500000.0,1900000.0,,,,,2400000.0,177500000.0,1.0,101103566.0,100700000.0,105200000.0,7.443,1323400000.0,80000000.0,6400000.0,238900000.0,13.142,468100000.0
16,CVG,MRQ,2014-06-30,2014-06-30,2014-06-30,2019-10-18,9300000.0,2574400000.0,,877200000.0,1697200000.0,,13.161,-38000000.0,183400000.0,183400000.0,471200000.0,24700000.0,2.122,0.931,425800000.0,17400000.0,408400000.0,425800000.0,0.0,46400000.0,0.0,0.012,0.07,36800000.0,83200000.0,0.113,83200000.0,36800000.0,31100000.0,0.25,0.23,0.25,1333200000.0,,1333200000.0,2677308070.0,20.0,10.317,38000000.0,0.375,1.0,265200000.0,0.36,1252600000.0,5700000.0,1150900000.0,,0.0,13200000.0,13200000.0,0.0,1241200000.0,413300000.0,827900000.0,2175608070.0,1200000.0,0.0,-9000000.0,-28500000.0,-6100000.0,-43600000.0,-31200000.0,6800000.0,76000000.0,0.0,24700000.0,24700000.0,24700000.0,200000.0,0.0,0.034,229900000.0,35300000.0,395900000.0,0.28,1.632,42.41,41.231,390900000.0,0.0,21.44,0.91,0.909,498800000.0,1640500000.0,736400000.0,736400000.0,1900000.0,,,,,2200000.0,176600000.0,1.0,101474257.0,101300000.0,107000000.0,7.269,1321800000.0,72200000.0,6400000.0,254100000.0,13.048,463900000.0
17,CVG,MRQ,2014-03-31,2014-03-31,2014-03-31,2019-10-18,-18100000.0,2802100000.0,,1097400000.0,1704700000.0,,12.822,-18300000.0,182200000.0,182200000.0,380100000.0,14200000.0,1.606,1.162,683900000.0,258300000.0,425600000.0,683900000.0,0.0,29900000.0,0.0,0.011,0.06,20600000.0,50500000.0,0.083,50500000.0,20600000.0,16600000.0,0.14,0.13,0.14,1296300000.0,,1296300000.0,1688342343.0,13.0,7.328,-2600000.0,-0.026,1.0,225600000.0,0.372,1257400000.0,4000000.0,1363300000.0,,0.0,20200000.0,20200000.0,0.0,1505800000.0,683100000.0,822700000.0,2208042343.0,-398600000.0,-804500000.0,100000.0,350600000.0,-6000000.0,346600000.0,-760900000.0,61900000.0,15700000.0,0.0,14200000.0,14200000.0,14200000.0,-500000.0,0.0,0.023,203600000.0,22000000.0,424800000.0,0.429,1.703,44.161,43.82,395800000.0,0.0,21.91,1.023,1.026,515100000.0,1622900000.0,605700000.0,605700000.0,1900000.0,,,,,3000000.0,145000000.0,1.0,100777834.0,101100000.0,107300000.0,5.991,1544700000.0,52400000.0,2400000.0,222800000.0,15.279,414300000.0
18,CVG,MRQ,2013-12-31,2013-12-31,2013-12-31,2019-10-18,-19500000.0,1956700000.0,,1060400000.0,896300000.0,,12.132,-20600000.0,580800000.0,580800000.0,348600000.0,-21500000.0,3.624,0.545,126600000.0,900000.0,125700000.0,126600000.0,0.0,22500000.0,0.0,0.011,0.06,40200000.0,62700000.0,0.119,62700000.0,40200000.0,37400000.0,-0.2,-0.2,-0.2,1224100000.0,,1224100000.0,1676292035.0,12.0,7.112,40100000.0,0.397,1.0,178700000.0,0.339,609800000.0,2800000.0,600100000.0,,0.0,82900000.0,82900000.0,0.0,667100000.0,292600000.0,374500000.0,2141092035.0,54900000.0,0.0,-22400000.0,-1100000.0,-6100000.0,-30600000.0,24800000.0,44300000.0,60700000.0,0.0,-21500000.0,-21500000.0,-21500000.0,-400000.0,0.0,-0.041,140700000.0,38000000.0,291700000.0,-0.3,1.749,35.158,35.678,246400000.0,0.0,21.05,1.046,1.063,319800000.0,1614800000.0,527300000.0,527300000.0,1900000.0,,,,,2700000.0,112100000.0,1.0,101714586.0,100900000.0,109500000.0,5.226,1346900000.0,15100000.0,58900000.0,150800000.0,13.349,767800000.0
19,CVG,MRQ,2013-09-30,2013-09-30,2013-09-30,2019-10-18,-23300000.0,1980200000.0,,1074500000.0,905700000.0,,12.918,-16900000.0,525900000.0,525900000.0,341000000.0,33900000.0,3.836,0.488,61100000.0,900000.0,60200000.0,61100000.0,0.0,23600000.0,0.0,0.012,0.06,39500000.0,63100000.0,0.121,63100000.0,39500000.0,36600000.0,0.33,0.31,0.33,1330600000.0,,1330600000.0,1490986350.0,11.0,6.474,60200000.0,0.584,1.0,180000000.0,0.345,610800000.0,2900000.0,624500000.0,,0.0,126500000.0,126500000.0,0.0,649600000.0,280100000.0,369500000.0,1945186350.0,10700000.0,-1400000.0,-35900000.0,100000.0,-6200000.0,-42000000.0,-24400000.0,-53700000.0,77100000.0,0.0,33900000.0,33900000.0,33900000.0,-5700000.0,0.0,0.065,148300000.0,31700000.0,279200000.0,0.182,1.462,17.003,17.045,246500000.0,0.0,18.75,0.959,0.952,320400000.0,1642000000.0,521000000.0,521000000.0,2000000.0,,,,,3300000.0,118400000.0,1.0,103743272.0,103000000.0,107900000.0,5.058,1369400000.0,39500000.0,2700000.0,138500000.0,13.295,794400000.0
20,CVG,MRQ,2013-06-30,2013-06-30,2013-06-30,2019-10-18,-25200000.0,1970700000.0,,1056400000.0,914300000.0,,12.875,-14200000.0,515200000.0,515200000.0,327300000.0,23400000.0,4.096,0.475,61000000.0,900000.0,60100000.0,61000000.0,0.0,22600000.0,0.0,0.013,0.06,31500000.0,54100000.0,0.107,54100000.0,31500000.0,28600000.0,0.23,0.22,0.23,1336400000.0,,1336400000.0,1366851367.0,10.0,6.053,35300000.0,0.34,1.0,177000000.0,0.351,610900000.0,2900000.0,647700000.0,,0.0,72200000.0,72200000.0,0.0,634300000.0,257900000.0,376400000.0,1831251367.0,-9800000.0,-15000000.0,-25100000.0,-4900000.0,-6300000.0,-35900000.0,-23400000.0,5500000.0,49500000.0,0.0,23400000.0,23400000.0,23400000.0,-1400000.0,0.0,0.046,145800000.0,31200000.0,257000000.0,0.261,1.37,16.893,17.088,251800000.0,0.0,17.43,0.909,0.898,319500000.0,1614500000.0,504300000.0,504300000.0,2200000.0,,,,,2900000.0,119900000.0,1.0,105063188.0,103800000.0,108100000.0,4.858,1359800000.0,39200000.0,5200000.0,143400000.0,13.1,798500000.0
21,CVG,MRQ,2013-03-31,2013-03-31,2013-03-31,2019-10-18,-14100000.0,1994100000.0,,1073500000.0,920600000.0,,12.787,-12100000.0,525000000.0,525000000.0,318200000.0,25100000.0,4.105,0.475,60600000.0,800000.0,59800000.0,60600000.0,0.0,22100000.0,0.0,0.012,0.06,33700000.0,55800000.0,0.113,55800000.0,33700000.0,30800000.0,0.24,0.23,0.24,1351600000.0,,1351600000.0,1315454769.0,12.0,6.496,10600000.0,0.1,1.0,175300000.0,0.355,595400000.0,2900000.0,672800000.0,,0.0,78000000.0,78000000.0,0.0,642500000.0,261500000.0,381000000.0,1809554769.0,-29700000.0,0.0,-36400000.0,0.0,-5200000.0,-39800000.0,-12600000.0,-500000.0,22700000.0,0.0,25100000.0,25100000.0,25100000.0,5100000.0,0.0,0.051,138800000.0,36500000.0,260700000.0,0.25,1.339,18.168,18.511,268400000.0,0.0,17.03,0.904,0.9,325700000.0,1596900000.0,493500000.0,493500000.0,2100000.0,,,,,4500000.0,114600000.0,1.0,106256886.0,105700000.0,110300000.0,4.669,1398700000.0,29000000.0,5700000.0,134500000.0,13.233,812000000.0
22,CVG,MRQ,2012-12-31,2012-12-31,2012-12-31,2019-10-18,-10500000.0,2037900000.0,,1100600000.0,937300000.0,,12.918,-32800000.0,554700000.0,554700000.0,329600000.0,32000000.0,3.842,0.485,60600000.0,700000.0,59900000.0,60600000.0,0.0,23100000.0,0.0,0.009,0.05,34200000.0,57300000.0,0.113,57300000.0,34200000.0,31400000.0,0.3,0.26,0.3,1371900000.0,,1371900000.0,1154366906.0,10.0,5.659,-26000000.0,-0.245,1.0,179200000.0,0.352,596600000.0,2800000.0,660700000.0,,0.0,83800000.0,83800000.0,0.0,666000000.0,286500000.0,379500000.0,1791066906.0,-142600000.0,0.0,-56400000.0,-100000.0,-5500000.0,-57000000.0,-92400000.0,-51800000.0,6800000.0,0.0,32000000.0,32000000.0,32000000.0,-1800000.0,0.0,0.063,148200000.0,31000000.0,285800000.0,0.167,1.306,17.804,18.233,279200000.0,0.0,16.41,0.893,0.918,319800000.0,1578600000.0,508800000.0,508800000.0,2100000.0,,,,,5400000.0,120400000.0,1.0,109144845.0,106200000.0,125800000.0,4.791,1441300000.0,28100000.0,-600000.0,136500000.0,13.572,814100000.0
23,CVG,MRQ,2012-09-30,2012-09-30,2012-09-30,2019-10-18,-14600000.0,2093400000.0,,1169300000.0,924100000.0,,12.567,-24800000.0,697300000.0,697300000.0,325700000.0,27900000.0,3.612,0.498,60600000.0,700000.0,59900000.0,60600000.0,0.0,21100000.0,0.0,0.006,0.05,37500000.0,58600000.0,0.115,58600000.0,37500000.0,34700000.0,0.25,0.24,0.25,1397400000.0,,1397400000.0,1103787163.0,9.0,5.129,29800000.0,0.268,1.0,181900000.0,0.358,598400000.0,2800000.0,534600000.0,,0.0,32100000.0,32100000.0,0.0,696000000.0,323700000.0,372300000.0,1761887163.0,-21500000.0,0.0,-53500000.0,-100000.0,-5700000.0,-59300000.0,-16800000.0,6500000.0,54600000.0,0.0,27900000.0,27900000.0,27900000.0,2400000.0,0.0,0.055,142800000.0,39100000.0,323000000.0,0.2,1.261,14.313,14.509,266400000.0,0.0,15.67,0.882,0.873,311100000.0,1552100000.0,507600000.0,507600000.0,2300000.0,,,,,5600000.0,118000000.0,1.0,112436960.0,111200000.0,115500000.0,4.565,1495000000.0,26800000.0,6800000.0,121400000.0,13.444,845600000.0
24,CVG,MRQ,2012-06-30,2012-06-30,2012-06-30,2019-10-18,-26600000.0,2111600000.0,,1197700000.0,913900000.0,,12.254,-23800000.0,718800000.0,718800000.0,316500000.0,14600000.0,3.557,0.493,60700000.0,800000.0,59900000.0,60700000.0,0.0,22300000.0,0.0,0.003,0.05,8500000.0,30800000.0,0.063,30800000.0,8500000.0,4100000.0,0.13,0.13,0.13,1414100000.0,,1414100000.0,1434575423.0,4.0,2.903,15900000.0,0.138,1.0,174600000.0,0.356,596900000.0,4400000.0,519900000.0,,0.0,38200000.0,38200000.0,0.0,697500000.0,336700000.0,360800000.0,1723275423.0,308300000.0,0.0,-62100000.0,-61000000.0,0.0,-123200000.0,391800000.0,-19000000.0,39700000.0,0.0,14600000.0,14600000.0,14600000.0,-68300000.0,0.0,0.03,235100000.0,-60500000.0,335900000.0,0.385,1.219,5.579,5.659,262000000.0,0.0,14.77,0.869,0.86,307800000.0,1501800000.0,491100000.0,491100000.0,2500000.0,,,,,4800000.0,114100000.0,1.0,116674030.0,115400000.0,115400000.0,4.256,1514700000.0,27400000.0,-10500000.0,102300000.0,13.126,861000000.0
25,CVG,MRQ,2012-03-31,2012-03-31,2012-03-31,2019-10-18,-31700000.0,2313300000.0,,1248600000.0,1064700000.0,,12.585,-17000000.0,410500000.0,410500000.0,317700000.0,26100000.0,3.236,0.586,121800000.0,1000000.0,120800000.0,121800000.0,0.0,22200000.0,0.0,0.0,0.0,35100000.0,57300000.0,0.115,57300000.0,35100000.0,31500000.0,0.23,0.22,0.23,1458600000.0,,1458600000.0,1252565689.0,3.0,2.372,-5100000.0,-0.044,1.0,179800000.0,0.361,647300000.0,3600000.0,991500000.0,,0.0,0.0,0.0,0.0,854700000.0,385800000.0,468900000.0,1547165689.0,-11300000.0,0.0,2100000.0,-5300000.0,0.0,-3200000.0,-20000000.0,0.0,11900000.0,0.0,26100000.0,26100000.0,26100000.0,-4700000.0,0.0,0.052,150800000.0,29000000.0,266000000.0,0.0,1.061,4.746,4.872,338800000.0,0.0,13.35,0.787,0.787,302600000.0,1521200000.0,497500000.0,497500000.0,3900000.0,,,,,4400000.0,124700000.0,1.0,115892561.0,115900000.0,118900000.0,4.292,1666000000.0,63200000.0,5400000.0,101900000.0,14.374,862800000.0
26,CVG,MRQ,2011-12-31,2011-12-31,2011-12-31,2019-10-18,-46700000.0,2330800000.0,,951100000.0,1379700000.0,,11.952,-28000000.0,421800000.0,421800000.0,323600000.0,54500000.0,2.555,0.651,127100000.0,6200000.0,120900000.0,127100000.0,0.0,21600000.0,0.0,0.0,0.0,46900000.0,68500000.0,0.137,68500000.0,46900000.0,43300000.0,0.47,0.44,0.47,1411500000.0,,1411500000.0,1189351692.0,3.0,2.198,33600000.0,0.285,1.0,176900000.0,0.353,646800000.0,3600000.0,1017100000.0,,0.0,22700000.0,22700000.0,0.0,919300000.0,372200000.0,547100000.0,1534451692.0,-50700000.0,0.0,-58100000.0,-200000.0,0.0,-58300000.0,-54000000.0,-22700000.0,61600000.0,0.0,54500000.0,54500000.0,54500000.0,-15200000.0,0.0,0.109,146000000.0,30900000.0,297700000.0,0.0,1.087,4.583,4.577,343900000.0,0.0,12.77,0.794,0.794,305900000.0,1495500000.0,500500000.0,500500000.0,3100000.0,,,,,4500000.0,121300000.0,1.0,120160665.0,118100000.0,122600000.0,4.238,1684000000.0,70900000.0,-11200000.0,101000000.0,14.259,578900000.0
27,CVG,MRQ,2011-09-30,2011-09-30,2011-09-30,2019-10-18,-34800000.0,2345100000.0,,1003600000.0,1341500000.0,,11.837,-16500000.0,472500000.0,472500000.0,316700000.0,213700000.0,2.717,0.65,127400000.0,6400000.0,121000000.0,127400000.0,0.0,20800000.0,0.0,0.0,0.0,316700000.0,337500000.0,0.684,337500000.0,316700000.0,313100000.0,1.78,1.75,1.78,1421600000.0,,1421600000.0,1117188013.0,5.0,3.551,16500000.0,0.137,1.0,176600000.0,0.358,850500000.0,3600000.0,780100000.0,,0.0,0.0,0.0,0.0,923500000.0,369400000.0,554100000.0,1125688013.0,291200000.0,320000000.0,200000.0,-45300000.0,0.0,-45200000.0,303400000.0,0.0,33000000.0,0.0,213700000.0,213700000.0,213700000.0,-22400000.0,0.0,0.433,148500000.0,28100000.0,363000000.0,0.0,0.792,8.302,8.086,341200000.0,0.0,9.38,0.676,0.676,376800000.0,1441800000.0,493300000.0,493300000.0,3400000.0,,,,,3100000.0,123100000.0,1.0,120009383.0,120100000.0,121800000.0,4.107,1494600000.0,84400000.0,99400000.0,153800000.0,12.445,634200000.0
28,CVG,MRQ,2011-06-30,2011-06-30,2011-06-30,2019-10-18,-13900000.0,2116000000.0,,691900000.0,1424100000.0,,10.147,-16400000.0,181300000.0,181300000.0,304500000.0,31700000.0,1.695,0.728,172800000.0,51300000.0,121500000.0,172800000.0,0.0,20500000.0,0.0,0.0,0.0,44300000.0,64800000.0,0.137,64800000.0,44300000.0,40000000.0,0.26,0.26,0.26,1224700000.0,,1224700000.0,1672274190.0,-48.0,36.916,50800000.0,0.421,1.0,170100000.0,0.358,855600000.0,4300000.0,843600000.0,,0.0,66100000.0,0.0,66100000.0,891300000.0,408300000.0,483000000.0,1655074190.0,15000000.0,0.0,-18900000.0,-13600000.0,0.0,-32600000.0,-19600000.0,0.0,67200000.0,0.0,31700000.0,31700000.0,31700000.0,-7700000.0,0.0,0.067,143700000.0,26400000.0,357000000.0,0.0,1.351,-33.571,-34.974,341500000.0,0.0,13.64,0.958,0.952,359700000.0,1228700000.0,474600000.0,474600000.0,3600000.0,,,,,4400000.0,119600000.0,1.0,121339750.0,120700000.0,124100000.0,3.932,1260400000.0,79300000.0,8300000.0,96800000.0,10.442,283600000.0
29,CVG,MRQ,2011-03-31,2011-03-31,2011-03-31,2019-10-18,-10900000.0,2108800000.0,,685700000.0,1423100000.0,,9.914,-13900000.0,166300000.0,166300000.0,295600000.0,34900000.0,1.624,0.742,183500000.0,63900000.0,119600000.0,183500000.0,0.0,20800000.0,0.0,0.0,0.0,49500000.0,70300000.0,0.151,70300000.0,49500000.0,44900000.0,0.29,0.28,0.29,1210500000.0,,1210500000.0,1780250826.0,-39.0,41.595,20900000.0,0.171,1.0,169200000.0,0.364,858700000.0,4600000.0,845200000.0,,0.0,65000000.0,0.0,65000000.0,898300000.0,422100000.0,476200000.0,1756050826.0,-19800000.0,10000000.0,-17000000.0,-26900000.0,0.0,-46900000.0,-7700000.0,0.0,34800000.0,0.0,34900000.0,34900000.0,34900000.0,-7000000.0,0.0,0.075,144500000.0,24700000.0,358200000.0,0.0,1.451,-32.762,-33.395,341400000.0,0.0,14.36,0.985,0.984,362100000.0,1197300000.0,464800000.0,464800000.0,3900000.0,,,,,2800000.0,119800000.0,1.0,122287662.0,122100000.0,126000000.0,3.807,1250100000.0,79500000.0,10000000.0,88800000.0,10.238,263600000.0
30,CVG,MRQ,2010-12-31,2010-12-31,2010-12-31,2019-10-18,-15300000.0,2125300000.0,,705500000.0,1419800000.0,,9.714,-14500000.0,186100000.0,186100000.0,175300000.0,-144700000.0,1.497,0.795,210300000.0,91000000.0,119300000.0,210300000.0,0.0,12300000.0,0.0,0.0,0.0,-170300000.0,-158000000.0,-0.678,-158000000.0,-170300000.0,-174600000.0,-1.17,-1.16,-1.17,1184100000.0,,1184100000.0,1641400573.0,-40.0,30.34,19800000.0,0.162,1.0,57800000.0,0.248,860600000.0,4300000.0,817700000.0,,0.0,64300000.0,0.0,64300000.0,941200000.0,471200000.0,470000000.0,1604500573.0,31400000.0,3300000.0,0.0,22400000.0,0.0,18800000.0,-21700000.0,0.0,34300000.0,0.0,-144700000.0,-144700000.0,-144700000.0,-36900000.0,0.0,-0.621,276300000.0,-218500000.0,380200000.0,0.0,1.355,-30.16,-30.628,347600000.0,0.0,13.17,0.861,0.87,371600000.0,1165100000.0,233100000.0,233100000.0,-24300000.0,,,,,-600000.0,96100000.0,1.0,121829960.0,121900000.0,115000000.0,1.912,1264700000.0,79000000.0,-29900000.0,76400000.0,10.375,234300000.0
31,CVG,MRQ,2010-09-30,2010-09-30,2010-09-30,2019-10-18,-24900000.0,2241400000.0,,642800000.0,1598600000.0,,10.662,-21200000.0,154700000.0,154700000.0,341100000.0,28800000.0,1.483,0.706,191600000.0,72600000.0,119000000.0,191600000.0,0.0,26500000.0,0.0,0.0,0.0,41700000.0,68200000.0,0.123,68200000.0,41700000.0,37600000.0,0.23,0.23,0.23,1313500000.0,,1313500000.0,1332495485.0,8.0,4.708,26500000.0,0.215,1.0,214900000.0,0.387,1029300000.0,4100000.0,815700000.0,,0.0,58900000.0,0.0,58900000.0,927900000.0,433300000.0,494600000.0,1296595485.0,25000000.0,0.0,-24900000.0,26000000.0,0.0,1100000.0,-23800000.0,0.0,47700000.0,0.0,28800000.0,28800000.0,28800000.0,6200000.0,0.0,0.052,180200000.0,34700000.0,360700000.0,0.0,0.987,9.742,9.676,376100000.0,0.0,10.45,0.582,0.578,354400000.0,1310500000.0,556000000.0,556000000.0,13100000.0,,,,,3400000.0,140600000.0,1.0,124076123.0,123200000.0,125400000.0,4.513,1212100000.0,40400000.0,8800000.0,94000000.0,9.838,209500000.0
32,CVG,MRQ,2010-06-30,2010-06-30,2010-06-30,2019-10-18,-49000000.0,2237400000.0,,645200000.0,1592200000.0,,10.344,-12700000.0,129700000.0,129700000.0,319400000.0,27400000.0,1.431,0.746,165600000.0,46600000.0,119000000.0,165600000.0,0.0,28300000.0,0.0,0.0,0.0,34000000.0,62300000.0,0.118,62300000.0,34000000.0,28600000.0,0.22,0.22,0.22,1281600000.0,,1281600000.0,1321682550.0,27.0,7.991,51000000.0,0.412,1.0,208800000.0,0.395,1029700000.0,5400000.0,792700000.0,,0.0,56800000.0,0.0,56800000.0,955800000.0,450900000.0,504900000.0,1213182550.0,21300000.0,-300000.0,0.0,-106200000.0,0.0,-106200000.0,63800000.0,0.0,63700000.0,0.0,27400000.0,27400000.0,27400000.0,-16200000.0,0.0,0.052,201000000.0,7800000.0,403600000.0,0.0,0.947,66.294,65.4,381200000.0,0.0,9.81,0.537,0.538,365300000.0,1282700000.0,528200000.0,528200000.0,14100000.0,,,,,3700000.0,141000000.0,1.0,123667946.0,123900000.0,126000000.0,4.263,1207700000.0,51800000.0,1200000.0,97400000.0,9.747,194300000.0
33,CVG,MRQ,2010-03-31,2010-03-31,2010-03-31,2019-10-18,-49100000.0,2348800000.0,,808600000.0,1540200000.0,,10.127,-14600000.0,108400000.0,108400000.0,322000000.0,35300000.0,1.245,0.879,216900000.0,152600000.0,64300000.0,216900000.0,0.0,28200000.0,0.0,0.0,0.0,53400000.0,81600000.0,0.149,81600000.0,53400000.0,47700000.0,0.29,0.28,0.29,1249700000.0,,1249700000.0,1647964335.0,-62.0,17.854,33900000.0,0.275,1.0,224000000.0,0.41,1032200000.0,5700000.0,775600000.0,,0.0,58300000.0,0.0,58300000.0,1099100000.0,649500000.0,449600000.0,1510064335.0,-223300000.0,-3000000.0,0.0,-254200000.0,0.0,-254200000.0,-17600000.0,0.0,48500000.0,0.0,35300000.0,35300000.0,35300000.0,-9700000.0,0.0,0.065,201900000.0,22100000.0,388400000.0,0.0,1.208,-21.572,-21.509,339700000.0,0.0,12.26,0.645,0.646,367300000.0,1256000000.0,546000000.0,546000000.0,15100000.0,,,,,5600000.0,158600000.0,1.0,123170011.0,123400000.0,125900000.0,4.425,1316600000.0,46000000.0,12400000.0,83200000.0,10.669,159100000.0
34,CVG,MRQ,2009-12-31,2009-12-31,2009-12-31,2019-10-18,-57000000.0,2605800000.0,,942400000.0,1663400000.0,,9.8,-15100000.0,331700000.0,331700000.0,360900000.0,41600000.0,1.069,1.16,469600000.0,405200000.0,64400000.0,469600000.0,0.0,28900000.0,0.0,0.0,0.0,42000000.0,70900000.0,0.119,70900000.0,42000000.0,34200000.0,0.34,0.33,0.34,1206400000.0,,1206400000.0,1589524823.0,-43.0,18.833,68300000.0,0.555,1.0,235100000.0,0.394,1028900000.0,7800000.0,833500000.0,,0.0,52700000.0,0.0,52700000.0,1399400000.0,881300000.0,518100000.0,1321924823.0,-4600000.0,0.0,0.0,-72900000.0,0.0,-72900000.0,-15100000.0,0.0,83400000.0,0.0,41600000.0,41600000.0,41600000.0,-44800000.0,0.0,0.07,240900000.0,-5800000.0,427600000.0,0.0,1.096,-17.101,-17.063,323300000.0,0.0,10.75,0.546,0.545,384300000.0,1221300000.0,596000000.0,596000000.0,16000000.0,,,,,4300000.0,158700000.0,1.0,122969751.0,123100000.0,125200000.0,4.842,1576900000.0,119300000.0,-7400000.0,48600000.0,12.81,61100000.0
35,CVG,MRQ,2009-09-30,2009-09-30,2009-09-30,2019-10-18,-79200000.0,2663500000.0,,1014200000.0,1649300000.0,,8.958,-13700000.0,336300000.0,336300000.0,356100000.0,-86000000.0,1.818,1.419,603900000.0,73900000.0,530000000.0,603900000.0,110300000.0,30800000.0,0.0,0.0,0.0,-80200000.0,-49400000.0,-0.084,-49400000.0,-80200000.0,-87600000.0,-0.7,-0.69,-0.7,1100900000.0,,1100900000.0,1492928205.0,-482.0,13.177,5000000.0,0.041,1.0,234700000.0,0.397,1102600000.0,7400000.0,1270600000.0,,0.0,53700000.0,0.0,53700000.0,1562600000.0,557900000.0,1004700000.0,1221128205.0,300000.0,0.0,0.0,-3900000.0,0.0,-3900000.0,-14500000.0,0.0,18700000.0,0.0,-86000000.0,-86000000.0,-86000000.0,116200000.0,0.0,-0.146,207900000.0,26800000.0,484000000.0,0.0,1.109,-8.24,-8.215,378200000.0,0.0,9.94,0.538,0.538,479000000.0,1180500000.0,590800000.0,590800000.0,18700000.0,,,,,4500000.0,149300000.0,1.0,122849920.0,122900000.0,125400000.0,4.807,1560900000.0,84600000.0,-1600000.0,128300000.0,12.701,456300000.0
36,CVG,MRQ,2009-06-30,2009-06-30,2009-06-30,2019-10-18,-87400000.0,2846500000.0,,979100000.0,1867400000.0,,9.55,-21800000.0,336000000.0,336000000.0,364900000.0,-60900000.0,1.344,1.427,607800000.0,200700000.0,407100000.0,607800000.0,180900000.0,30800000.0,0.0,0.0,0.0,-41600000.0,-10800000.0,-0.018,-10800000.0,-41600000.0,-48500000.0,-0.5,-0.49,-0.5,1172800000.0,,1172800000.0,1524529188.0,-10.0,-56.885,125000000.0,1.018,1.0,244800000.0,0.402,1103200000.0,6900000.0,1286700000.0,,0.0,51900000.0,0.0,51900000.0,1673700000.0,728400000.0,945300000.0,1138429188.0,58400000.0,-10000000.0,0.0,-53200000.0,0.0,-55900000.0,-32500000.0,0.0,146800000.0,0.0,-60900000.0,-60900000.0,-60900000.0,87200000.0,0.0,-0.1,205100000.0,39700000.0,527700000.0,0.0,0.971,-5.63,-5.59,405400000.0,0.0,9.28,0.483,0.484,452800000.0,1267100000.0,609700000.0,609700000.0,20300000.0,,,,,3800000.0,154000000.0,1.0,122675559.0,122800000.0,125100000.0,4.965,1743300000.0,75000000.0,12400000.0,102300000.0,14.196,250700000.0
37,CVG,MRQ,2009-03-31,2009-03-31,2009-03-31,2019-10-18,-140200000.0,2911400000.0,,1016000000.0,1895400000.0,,9.595,-20800000.0,277600000.0,277600000.0,379700000.0,28000000.0,1.266,1.479,663700000.0,257400000.0,406300000.0,663700000.0,154400000.0,30700000.0,0.0,0.0,0.0,43000000.0,73700000.0,0.118,73700000.0,43000000.0,36200000.0,0.23,0.23,0.23,1174400000.0,,1174400000.0,1413244819.0,-29.0,19.36,35000000.0,0.286,1.0,244800000.0,0.392,1102800000.0,6800000.0,1392300000.0,,0.0,52200000.0,0.0,52200000.0,1737000000.0,802400000.0,934600000.0,987344819.0,37600000.0,6900000.0,0.0,-2300000.0,0.0,-2300000.0,-15900000.0,0.0,55800000.0,0.0,28000000.0,28000000.0,28000000.0,3200000.0,0.0,0.045,204300000.0,40500000.0,545000000.0,0.0,0.841,-9.795,-9.735,411500000.0,0.0,8.08,0.406,0.406,506300000.0,1328700000.0,624500000.0,624500000.0,19200000.0,,,,,4000000.0,154400000.0,1.0,122196141.0,122400000.0,124000000.0,5.102,1808600000.0,92200000.0,8200000.0,59800000.0,14.776,213600000.0
38,CVG,MRQ,2008-12-31,2008-12-31,2008-12-31,2019-10-18,-136400000.0,2841400000.0,,978000000.0,1863400000.0,,9.427,-19900000.0,240000000.0,240000000.0,182100000.0,-29300000.0,1.225,1.471,665900000.0,259500000.0,406400000.0,665900000.0,134900000.0,24100000.0,0.0,0.0,0.0,75700000.0,99800000.0,0.225,99800000.0,75700000.0,66500000.0,-0.24,-0.23,-0.24,1150100000.0,,1150100000.0,1309739881.0,-28.0,17.58,143300000.0,1.175,1.0,262100000.0,0.59,1103700000.0,9200000.0,1365400000.0,,0.0,51400000.0,0.0,51400000.0,1691300000.0,798200000.0,893100000.0,782439881.0,103700000.0,-37100000.0,0.0,0.0,0.0,5800000.0,-65300000.0,0.0,163200000.0,0.0,-29300000.0,-29300000.0,-29300000.0,239400000.0,0.0,-0.066,-34600000.0,296700000.0,538700000.0,0.0,0.68,-8.422,-8.547,420900000.0,0.0,6.41,0.31,0.313,523800000.0,1302300000.0,444200000.0,444200000.0,17500000.0,,,,,1700000.0,121500000.0,1.0,122065504.0,122000000.0,131200000.0,3.641,1737700000.0,85800000.0,95800000.0,39500000.0,14.243,179800000.0
39,CVG,MRQ,2008-09-30,2008-09-30,2008-09-30,2019-10-18,-66000000.0,2825800000.0,,924500000.0,1901300000.0,,10.22,-22500000.0,136300000.0,136300000.0,510100000.0,-140000000.0,1.986,1.266,663600000.0,7900000.0,655700000.0,663600000.0,104200000.0,35200000.0,0.0,0.0,0.0,-224700000.0,-189500000.0,-0.28,-189500000.0,-224700000.0,-230200000.0,-1.15,-1.15,-1.15,1246800000.0,,1246800000.0,2052463169.0,-36.0,28.949,3700000.0,0.03,1.0,166100000.0,0.246,1189900000.0,5500000.0,1697600000.0,,0.0,48600000.0,0.0,48600000.0,1579000000.0,465600000.0,1113400000.0,1800563169.0,81400000.0,-279100000.0,0.0,356400000.0,0.0,356800000.0,-301600000.0,0.0,26200000.0,0.0,-140000000.0,-140000000.0,-140000000.0,0.0,0.0,-0.207,408100000.0,-242000000.0,457700000.0,0.0,1.444,-98.391,-73.9,418800000.0,0.0,14.78,0.644,0.645,594400000.0,1331600000.0,676200000.0,676200000.0,15100000.0,,,,,5100000.0,150300000.0,1.0,121824301.0,122000000.0,122000000.0,5.543,1635900000.0,102800000.0,-90200000.0,48100000.0,13.409,458900000.0
40,CVG,MRQ,2008-06-30,2008-06-30,2008-06-30,2019-10-18,-31400000.0,2587000000.0,,797600000.0,1789400000.0,,11.531,-22500000.0,54900000.0,54900000.0,459600000.0,40500000.0,1.602,0.824,306800000.0,51100000.0,255700000.0,306800000.0,78900000.0,31100000.0,0.0,0.0,0.0,57900000.0,89000000.0,0.129,89000000.0,57900000.0,53900000.0,0.33,0.32,0.33,1418300000.0,,1418300000.0,2015638735.0,9.0,5.64,-5900000.0,-0.048,1.0,229900000.0,0.333,944500000.0,4000000.0,1396400000.0,,0.0,52700000.0,0.0,52700000.0,1168700000.0,498000000.0,670700000.0,1836138735.0,-25100000.0,-4400000.0,-61600000.0,47300000.0,0.0,-15300000.0,-26400000.0,0.0,16600000.0,0.0,40500000.0,40500000.0,40500000.0,0.0,0.0,0.059,182500000.0,47400000.0,446900000.0,0.0,1.295,11.23,11.794,343100000.0,0.0,14.86,0.65,0.647,572000000.0,1471600000.0,689500000.0,689500000.0,11700000.0,,,,,5300000.0,139700000.0,1.0,123562499.0,123000000.0,125300000.0,5.606,1642500000.0,76700000.0,13400000.0,123800000.0,13.354,299600000.0
41,CVG,MRQ,2008-03-31,2008-03-31,2008-03-31,2019-10-18,25000000.0,2543500000.0,,823500000.0,1720000000.0,,11.563,-18900000.0,80000000.0,80000000.0,472000000.0,35900000.0,1.94,0.733,259500000.0,3900000.0,255600000.0,259500000.0,76600000.0,30600000.0,0.0,0.0,0.0,44600000.0,75200000.0,0.105,75200000.0,44600000.0,40800000.0,0.28,0.28,0.28,1467300000.0,,1467300000.0,2048549321.0,9.0,5.672,6600000.0,0.052,1.0,244400000.0,0.341,933300000.0,3800000.0,1365300000.0,,0.0,53400000.0,0.0,53400000.0,1076200000.0,424400000.0,651800000.0,1908949321.0,-40300000.0,8400000.0,-55000000.0,-400000.0,0.0,-54800000.0,-11000000.0,0.0,25500000.0,0.0,35900000.0,35900000.0,35900000.0,0.0,0.0,0.05,205500000.0,38900000.0,420500000.0,0.0,1.301,11.798,12.446,347500000.0,0.0,15.06,0.672,0.673,567700000.0,1431100000.0,716400000.0,716400000.0,10600000.0,,,,,4200000.0,150200000.0,1.0,126756263.0,126900000.0,129200000.0,5.645,1610200000.0,50400000.0,4900000.0,104400000.0,12.689,399100000.0
42,CVG,MRQ,2007-12-31,2007-12-31,2007-12-31,2019-10-18,50300000.0,2564200000.0,,861600000.0,1702600000.0,,11.742,-24400000.0,120300000.0,120300000.0,460700000.0,45300000.0,2.018,0.685,259900000.0,600000.0,259300000.0,259900000.0,59600000.0,31100000.0,0.0,0.0,0.0,65100000.0,96200000.0,0.135,96200000.0,65100000.0,61200000.0,0.34,0.34,0.34,1521700000.0,,1521700000.0,2302020196.0,9.0,5.941,74500000.0,0.575,1.0,253000000.0,0.354,935900000.0,3900000.0,1341000000.0,,0.0,55000000.0,0.0,55000000.0,1042500000.0,426900000.0,615600000.0,2143720196.0,3400000.0,2800000.0,-53700000.0,-15300000.0,0.0,-64400000.0,-31100000.0,-9500000.0,98900000.0,0.0,45300000.0,45300000.0,45300000.0,0.0,0.0,0.063,194500000.0,58500000.0,426300000.0,0.0,1.409,12.647,13.063,364400000.0,0.0,16.46,0.754,0.776,557700000.0,1397400000.0,713700000.0,713700000.0,15800000.0,,,,,6500000.0,142100000.0,1.0,130238165.0,129600000.0,132600000.0,5.507,1628300000.0,32400000.0,15900000.0,80600000.0,12.564,434700000.0
43,CVG,MRQ,2007-09-30,2007-09-30,2007-09-30,2019-10-18,56700000.0,2509500000.0,,854300000.0,1655200000.0,,11.391,-31300000.0,116900000.0,116900000.0,456800000.0,41800000.0,2.141,0.648,275200000.0,16000000.0,259200000.0,275200000.0,158700000.0,30600000.0,0.0,0.0,0.0,66400000.0,97000000.0,0.138,97000000.0,66400000.0,62200000.0,0.31,0.3,0.31,1523000000.0,,1523000000.0,2444423640.0,9.0,6.285,-25400000.0,-0.19,1.0,246900000.0,0.351,938700000.0,4200000.0,1330000000.0,,0.0,51300000.0,0.0,51300000.0,986500000.0,399100000.0,587400000.0,2353723640.0,-104900000.0,3200000.0,-86000000.0,-37300000.0,0.0,-121400000.0,10600000.0,38700000.0,5900000.0,0.0,41800000.0,41800000.0,41800000.0,0.0,0.0,0.059,183900000.0,63000000.0,383100000.0,0.0,1.545,13.952,14.114,358300000.0,0.0,17.36,0.826,0.814,591500000.0,1352100000.0,703700000.0,703700000.0,18900000.0,,,,,6800000.0,131000000.0,1.0,135583159.0,133700000.0,137100000.0,5.263,1570800000.0,25300000.0,20400000.0,69900000.0,11.749,455200000.0
44,CVG,MRQ,2007-06-30,2007-06-30,2007-06-30,2019-10-18,45100000.0,2575600000.0,,952100000.0,1623500000.0,,11.368,-21600000.0,221800000.0,221800000.0,461600000.0,38800000.0,2.416,0.662,312500000.0,20600000.0,291900000.0,312500000.0,168400000.0,30600000.0,0.0,0.0,0.0,62200000.0,92800000.0,0.131,92800000.0,62200000.0,57600000.0,0.28,0.28,0.28,1549500000.0,,1549500000.0,3398596093.0,13.0,8.456,18300000.0,0.134,1.0,245400000.0,0.347,932000000.0,4600000.0,1340200000.0,,0.0,55100000.0,0.0,55100000.0,1026100000.0,394100000.0,632000000.0,3318496093.0,-25400000.0,0.0,-25200000.0,-14800000.0,0.0,-34800000.0,-30500000.0,-8700000.0,39900000.0,0.0,38800000.0,38800000.0,38800000.0,0.0,0.0,0.055,187300000.0,58100000.0,373500000.0,0.0,2.142,19.282,19.392,354200000.0,0.0,24.24,1.165,1.159,551500000.0,1310300000.0,707000000.0,707000000.0,19600000.0,,,,,6900000.0,137100000.0,1.0,136901654.0,136300000.0,140200000.0,5.187,1643600000.0,29200000.0,18800000.0,58600000.0,12.059,558000000.0
45,CVG,MRQ,2007-03-31,2007-03-31,2007-03-31,2019-10-18,9200000.0,2530200000.0,,921500000.0,1608700000.0,,10.889,-24000000.0,247200000.0,247200000.0,458800000.0,43600000.0,2.06,0.701,327300000.0,68100000.0,259200000.0,327300000.0,177800000.0,32100000.0,0.0,0.0,0.0,69400000.0,101500000.0,0.141,101500000.0,69400000.0,64600000.0,0.32,0.31,0.32,1487400000.0,,1487400000.0,3580006828.0,13.0,8.706,41200000.0,0.302,1.0,261100000.0,0.363,927800000.0,4800000.0,1235200000.0,,0.0,51500000.0,0.0,51500000.0,1042800000.0,447300000.0,595500000.0,3472406828.0,11300000.0,0.0,-16400000.0,-16200000.0,0.0,-30100000.0,-23800000.0,0.0,65200000.0,0.0,43600000.0,43600000.0,43600000.0,0.0,0.0,0.061,195900000.0,65200000.0,379200000.0,0.0,2.335,20.06,20.167,360200000.0,0.0,25.41,1.225,1.225,525900000.0,1271500000.0,719900000.0,719900000.0,19100000.0,,,,,5400000.0,144700000.0,1.0,136655129.0,136600000.0,140700000.0,5.27,1602400000.0,46800000.0,21000000.0,48700000.0,11.731,474200000.0
46,CVG,MRQ,2006-12-31,2006-12-31,2006-12-31,2019-10-18,3700000.0,2540300000.0,,930200000.0,1610100000.0,,10.606,-22100000.0,235900000.0,235900000.0,452900000.0,44500000.0,1.561,0.746,343500000.0,83900000.0,259600000.0,343500000.0,80800000.0,33700000.0,0.0,0.0,0.0,63900000.0,97600000.0,0.136,97600000.0,63900000.0,58300000.0,0.32,0.31,0.32,1455100000.0,,1455100000.0,3399853239.0,13.0,8.29,97100000.0,0.708,1.0,267100000.0,0.371,930100000.0,5600000.0,1121900000.0,,0.0,49500000.0,0.0,49500000.0,1085200000.0,595900000.0,489300000.0,3276653239.0,-14500000.0,0.0,-54600000.0,-30100000.0,0.0,-81600000.0,-52100000.0,-30000000.0,119200000.0,0.0,44500000.0,44500000.0,44500000.0,0.0,0.0,0.062,208700000.0,58400000.0,512000000.0,0.0,2.252,19.715,19.817,368600000.0,0.0,23.78,1.175,1.18,545600000.0,1235700000.0,720000000.0,720000000.0,21100000.0,,,,,10400000.0,141400000.0,1.0,137790296.0,137200000.0,140800000.0,5.248,1610200000.0,53500000.0,13800000.0,43900000.0,11.736,334300000.0
47,CVG,MRQ,2006-09-30,2006-09-30,2006-09-30,2019-10-18,48200000.0,2539500000.0,,940200000.0,1599300000.0,,10.534,-24300000.0,250400000.0,250400000.0,439900000.0,45200000.0,1.614,0.747,373600000.0,76000000.0,297600000.0,373600000.0,0.0,35300000.0,0.0,0.0,0.0,74700000.0,110000000.0,0.157,110000000.0,74700000.0,69000000.0,0.33,0.32,0.33,1453700000.0,,1453700000.0,3054935642.0,12.0,7.424,89700000.0,0.65,1.0,262800000.0,0.374,922500000.0,5700000.0,1157600000.0,,0.0,44800000.0,0.0,44800000.0,1085800000.0,582600000.0,503200000.0,2867135642.0,49300000.0,-6800000.0,-19600000.0,-15300000.0,0.0,-33600000.0,-31100000.0,0.0,114000000.0,0.0,45200000.0,45200000.0,45200000.0,0.0,0.0,0.064,193100000.0,69700000.0,506600000.0,0.0,1.972,19.76,19.667,376700000.0,0.0,20.65,1.047,1.04,560700000.0,1191200000.0,702700000.0,702700000.0,22000000.0,,,,,7200000.0,135800000.0,1.0,138844341.0,138000000.0,141400000.0,5.092,1617000000.0,60600000.0,23800000.0,62900000.0,11.717,357600000.0
48,CVG,MRQ,2006-06-30,2006-06-30,2006-06-30,2019-10-18,42100000.0,2454100000.0,,894400000.0,1559700000.0,,10.162,-26900000.0,201100000.0,201100000.0,438600000.0,39800000.0,1.512,0.736,388900000.0,89600000.0,299300000.0,388900000.0,0.0,37000000.0,0.0,0.0,0.0,65100000.0,102100000.0,0.148,102100000.0,65100000.0,59300000.0,0.29,0.28,0.29,1413500000.0,,1413500000.0,2933574160.0,11.0,7.117,36400000.0,0.262,1.0,253200000.0,0.366,915700000.0,5800000.0,1134600000.0,,0.0,40600000.0,0.0,40600000.0,1040600000.0,591600000.0,449000000.0,2732474160.0,-6400000.0,0.0,-24100000.0,-19700000.0,0.0,-42800000.0,-26900000.0,0.0,63300000.0,0.0,39800000.0,39800000.0,39800000.0,0.0,0.0,0.058,190400000.0,62800000.0,502000000.0,0.0,1.933,19.202,19.118,386400000.0,0.0,19.5,1.019,1.012,558800000.0,1146000000.0,691800000.0,691800000.0,21400000.0,,,,,7400000.0,132000000.0,1.0,140126880.0,139100000.0,142400000.0,4.973,1538400000.0,62300000.0,19500000.0,48000000.0,11.06,302800000.0
49,CVG,MRQ,2006-03-31,2006-03-31,2006-03-31,2019-10-18,45100000.0,2412700000.0,,862800000.0,1549900000.0,,9.989,-23200000.0,207500000.0,207500000.0,423400000.0,36700000.0,1.518,0.733,408600000.0,108600000.0,300000000.0,408600000.0,0.0,36700000.0,0.0,0.0,0.0,63700000.0,100400000.0,0.149,100400000.0,63700000.0,58000000.0,0.26,0.26,0.26,1392400000.0,,1392400000.0,2782582730.0,11.0,7.12,33700000.0,0.242,1.0,251900000.0,0.373,914200000.0,5700000.0,1131100000.0,,0.0,39100000.0,0.0,39100000.0,1020300000.0,568500000.0,451800000.0,2546382730.0,11500000.0,5800000.0,-5200000.0,-23600000.0,0.0,-28000000.0,-17400000.0,0.0,56900000.0,0.0,36700000.0,36700000.0,36700000.0,0.0,0.0,0.054,189900000.0,62000000.0,459900000.0,0.0,1.829,19.878,20.011,396200000.0,0.0,18.21,0.972,0.969,518500000.0,1106200000.0,675300000.0,675300000.0,20400000.0,,,,,6300000.0,132800000.0,1.0,139834307.0,139400000.0,142300000.0,4.844,1498500000.0,59900000.0,21300000.0,52900000.0,10.75,294300000.0
50,CVG,MRQ,2005-12-31,2005-12-31,2005-12-31,2019-10-18,46400000.0,2411400000.0,,849000000.0,1562400000.0,,9.742,-45100000.0,196000000.0,196000000.0,399700000.0,23400000.0,1.374,0.779,432200000.0,134700000.0,297500000.0,432200000.0,35900000.0,37200000.0,0.0,0.0,0.0,61800000.0,99000000.0,0.148,99000000.0,61800000.0,56200000.0,0.17,0.17,0.17,1355100000.0,,1355100000.0,2564488101.0,11.0,6.715,105800000.0,0.761,1.0,269900000.0,0.403,917200000.0,5600000.0,1112600000.0,,0.0,43500000.0,0.0,43500000.0,1056300000.0,617800000.0,438500000.0,2218788101.0,146700000.0,-100000.0,3800000.0,37200000.0,0.0,41000000.0,-45200000.0,0.0,150900000.0,0.0,23400000.0,23400000.0,23400000.0,0.0,0.0,0.035,203200000.0,66700000.0,483100000.0,0.0,1.637,18.098,18.011,404700000.0,0.0,15.85,0.859,0.859,521100000.0,1069500000.0,669600000.0,669600000.0,19600000.0,,,,,7000000.0,134100000.0,1.0,139986631.0,139100000.0,142600000.0,4.814,1494200000.0,54300000.0,32800000.0,44200000.0,10.742,231200000.0
51,CVG,MRQ,2005-09-30,2005-09-30,2005-09-30,2019-10-18,35000000.0,2270100000.0,,657500000.0,1612600000.0,,9.756,-31200000.0,49300000.0,49300000.0,391300000.0,42400000.0,1.173,0.672,395000000.0,96100000.0,298900000.0,395000000.0,0.0,36400000.0,0.0,0.0,0.0,74300000.0,110700000.0,0.172,110700000.0,74300000.0,68400000.0,0.3,0.3,0.3,1358000000.0,,1358000000.0,2347141104.0,11.0,6.645,8600000.0,0.062,1.0,253500000.0,0.393,920200000.0,5900000.0,1135000000.0,,0.0,48100000.0,0.0,48100000.0,912100000.0,560600000.0,351500000.0,2012541104.0,-9300000.0,-10500000.0,-9200000.0,1800000.0,0.0,-7400000.0,-41700000.0,0.0,39800000.0,0.0,42400000.0,42400000.0,42400000.0,0.0,0.0,0.066,186500000.0,67000000.0,464500000.0,0.0,1.482,16.855,16.906,397700000.0,0.0,14.37,0.779,0.774,521500000.0,1046100000.0,644800000.0,644800000.0,20000000.0,,,,,6400000.0,130100000.0,1.0,140051573.0,139200000.0,142200000.0,4.632,1349900000.0,51000000.0,26000000.0,0.0,9.698,96900000.0
52,CVG,MRQ,2005-06-30,2005-06-30,2005-06-30,2019-10-18,23700000.0,2202500000.0,,608900000.0,1593600000.0,,9.309,-26200000.0,58600000.0,58600000.0,394700000.0,25600000.0,1.117,0.685,393200000.0,93000000.0,300200000.0,393200000.0,0.0,36500000.0,0.0,0.0,0.0,44200000.0,80700000.0,0.128,80700000.0,44200000.0,39300000.0,0.18,0.18,0.18,1307000000.0,,1307000000.0,2322945956.0,13.0,7.026,4900000.0,0.035,1.0,235700000.0,0.374,904900000.0,4900000.0,1087000000.0,,0.0,44900000.0,0.0,44900000.0,895500000.0,545200000.0,350300000.0,2022445956.0,21400000.0,-800000.0,-33100000.0,50400000.0,0.0,17300000.0,-27000000.0,0.0,31100000.0,0.0,25600000.0,25600000.0,25600000.0,0.0,0.0,0.041,197700000.0,38000000.0,452200000.0,0.0,1.547,18.884,18.711,400200000.0,0.0,14.22,0.784,0.774,475900000.0,1003700000.0,630400000.0,630400000.0,19700000.0,,,,,6500000.0,132600000.0,1.0,142225454.0,140400000.0,142900000.0,4.49,1297600000.0,48700000.0,13700000.0,0.0,9.242,63700000.0
53,CVG,MRQ,2005-03-31,2005-03-31,2005-03-31,2019-10-18,32900000.0,2193200000.0,,589000000.0,1604200000.0,,9.321,-23400000.0,37200000.0,37200000.0,397300000.0,31200000.0,1.104,0.665,337700000.0,43100000.0,294600000.0,337700000.0,0.0,37200000.0,0.0,0.0,0.0,54300000.0,91500000.0,0.144,91500000.0,54300000.0,49500000.0,0.22,0.22,0.22,1317100000.0,,1317100000.0,2415041536.0,13.0,7.292,-12500000.0,-0.088,1.0,240000000.0,0.377,911000000.0,4800000.0,1049300000.0,,0.0,38300000.0,0.0,38300000.0,876100000.0,533400000.0,342700000.0,2121741536.0,-21200000.0,-1000000.0,1200000.0,-8900000.0,0.0,-7700000.0,-24400000.0,0.0,10900000.0,0.0,31200000.0,31200000.0,31200000.0,0.0,0.0,0.049,188100000.0,51900000.0,490300000.0,0.0,1.611,19.254,19.141,408900000.0,0.0,14.93,0.832,0.827,455700000.0,978100000.0,637300000.0,637300000.0,17600000.0,,,,,3600000.0,133300000.0,1.0,142112628.0,141300000.0,143800000.0,4.51,1282200000.0,47500000.0,18300000.0,0.0,9.074,55600000.0
54,CVG,MRQ,2004-12-31,2004-12-31,2004-12-31,2019-10-18,38100000.0,2198800000.0,,624100000.0,1574700000.0,,9.129,-43600000.0,58400000.0,58400000.0,418400000.0,20200000.0,1.099,0.711,351700000.0,49500000.0,302200000.0,351700000.0,0.0,37700000.0,0.0,0.0,0.0,32600000.0,70300000.0,0.105,70300000.0,32600000.0,29000000.0,0.15,0.14,0.15,1285300000.0,,1285300000.0,2854121166.0,16.0,8.785,-36800000.0,-0.261,1.0,253800000.0,0.378,913000000.0,3600000.0,1011000000.0,,0.0,34600000.0,0.0,34600000.0,913500000.0,568100000.0,345400000.0,2621921166.0,8400000.0,-22600000.0,2600000.0,65200000.0,0.0,67800000.0,-66200000.0,0.0,6800000.0,0.0,20200000.0,20200000.0,20200000.0,0.0,0.0,0.03,223000000.0,30800000.0,518600000.0,0.0,2.04,23.515,18.975,416600000.0,0.0,14.99,1.054,0.852,447300000.0,946900000.0,672200000.0,672200000.0,18600000.0,,,,,8200000.0,136300000.0,1.0,174911352.0,140800000.0,145100000.0,4.774,1285800000.0,36900000.0,8800000.0,0.0,9.132,56000000.0
55,CVG,MRQ,2004-09-30,2004-09-30,2004-09-30,2019-10-18,15400000.0,2031700000.0,,470900000.0,1560800000.0,,8.689,-40800000.0,50000000.0,50000000.0,394900000.0,30100000.0,0.657,0.663,282200000.0,227700000.0,54500000.0,282200000.0,0.0,37500000.0,0.0,0.0,0.0,50600000.0,88100000.0,0.138,88100000.0,50600000.0,47600000.0,0.21,0.21,0.21,1221700000.0,,1221700000.0,2603262993.0,11.0,7.148,46800000.0,0.333,1.0,245000000.0,0.383,910200000.0,3000000.0,637300000.0,,0.0,38800000.0,0.0,38800000.0,810000000.0,716400000.0,93600000.0,2347262993.0,-6200000.0,-2400000.0,-20600000.0,-30000000.0,0.0,-50600000.0,-43200000.0,0.0,87600000.0,0.0,30100000.0,30100000.0,30100000.0,0.0,0.0,0.047,191400000.0,53600000.0,488700000.0,0.0,1.921,16.802,13.704,402300000.0,0.0,13.43,0.974,0.784,350500000.0,926700000.0,639900000.0,639900000.0,21300000.0,,,,,4000000.0,132600000.0,1.0,174777587.0,140600000.0,144900000.0,4.551,1121500000.0,0.0,17500000.0,0.0,7.977,-245500000.0
56,CVG,MRQ,2004-06-30,2004-06-30,2004-06-30,2019-10-18,-400000.0,2009600000.0,,446600000.0,1563000000.0,,8.379,-35500000.0,56200000.0,56200000.0,377300000.0,28700000.0,0.615,0.688,312200000.0,256100000.0,56100000.0,312200000.0,0.0,33900000.0,0.0,0.0,0.0,47400000.0,81300000.0,0.135,81300000.0,47400000.0,45400000.0,0.2,0.2,0.2,1190600000.0,,1190600000.0,2761533939.0,11.0,7.269,7100000.0,0.05,1.0,224400000.0,0.373,902100000.0,2000000.0,636800000.0,,0.0,43700000.0,0.0,43700000.0,819000000.0,726700000.0,92300000.0,2690333939.0,15900000.0,-187000000.0,-4200000.0,200000000.0,0.0,195800000.0,-222500000.0,0.0,42600000.0,0.0,28700000.0,28700000.0,28700000.0,0.0,0.0,0.048,178200000.0,46200000.0,470600000.0,0.0,2.26,17.346,14.128,393100000.0,0.0,15.4,1.149,0.935,333600000.0,896600000.0,601700000.0,601700000.0,19100000.0,,,,,4300000.0,125200000.0,1.0,174697009.0,142100000.0,146300000.0,4.234,1107500000.0,5300000.0,16700000.0,0.0,7.794,-280100000.0
57,CVG,MRQ,2004-03-31,2004-03-31,2004-03-31,2019-10-18,11300000.0,1800000000.0,,415200000.0,1384800000.0,,8.271,-36300000.0,40300000.0,40300000.0,351400000.0,32500000.0,0.813,0.532,111500000.0,54200000.0,57300000.0,111500000.0,0.0,32100000.0,0.0,0.0,0.0,53100000.0,85200000.0,0.148,85200000.0,53100000.0,51400000.0,0.23,0.22,0.23,1175300000.0,,1175300000.0,2752427197.0,10.0,6.897,22100000.0,0.156,1.0,222500000.0,0.388,769000000.0,1700000.0,591600000.0,,0.0,43600000.0,0.0,43600000.0,624700000.0,510600000.0,114100000.0,2654827197.0,3100000.0,3300000.0,1000000.0,-23300000.0,0.0,-22300000.0,-33000000.0,0.0,58400000.0,0.0,32500000.0,32500000.0,32500000.0,0.0,0.0,0.057,167600000.0,54900000.0,456400000.0,0.0,2.259,15.69,12.881,366300000.0,0.0,15.2,1.153,0.938,295200000.0,867900000.0,573900000.0,573900000.0,18500000.0,,,,,2700000.0,117000000.0,1.0,174659684.0,142100000.0,145300000.0,4.039,1031000000.0,18500000.0,18900000.0,0.0,7.255,-95400000.0
58,CVG,MRQ,2003-12-31,2003-12-31,2003-12-31,2019-10-18,15700000.0,1810200000.0,,419500000.0,1390700000.0,,8.105,-100000000.0,37200000.0,37200000.0,344900000.0,48400000.0,0.773,0.572,134800000.0,76000000.0,58800000.0,134800000.0,0.0,31100000.0,0.0,0.0,0.0,78500000.0,109600000.0,0.184,109600000.0,78500000.0,76600000.0,0.34,0.33,0.34,1151700000.0,,1151700000.0,3101999150.0,11.0,7.707,-2700000.0,-0.019,1.0,249600000.0,0.42,771300000.0,1900000.0,593800000.0,,0.0,47200000.0,0.0,47200000.0,658500000.0,542700000.0,115800000.0,3045599150.0,-11500000.0,-39500000.0,1000000.0,29700000.0,0.0,30700000.0,-139500000.0,0.0,97300000.0,0.0,48400000.0,48400000.0,48400000.0,0.0,0.0,0.081,170900000.0,78700000.0,466700000.0,0.0,2.644,17.748,14.797,363800000.0,0.0,17.46,1.331,1.111,298100000.0,835400000.0,594500000.0,594500000.0,24700000.0,,,,,3000000.0,116100000.0,1.0,174432941.0,142100000.0,145200000.0,4.184,1038900000.0,23000000.0,28200000.0,0.0,7.311,-123200000.0
59,CVG,MRQ,2003-09-30,2003-09-30,2003-09-30,2019-10-18,17600000.0,1691500000.0,,425400000.0,1266100000.0,,7.719,-26800000.0,48700000.0,48700000.0,329800000.0,45500000.0,0.772,0.548,105100000.0,97000000.0,8100000.0,105100000.0,0.0,30100000.0,0.0,0.0,0.0,73700000.0,103800000.0,0.182,103800000.0,73700000.0,71900000.0,0.32,0.31,0.32,1093000000.0,,1093000000.0,3331189375.0,20.0,11.25,93500000.0,0.66,1.0,240900000.0,0.422,737100000.0,1800000.0,459900000.0,,0.0,46400000.0,0.0,46400000.0,598500000.0,550900000.0,47600000.0,3194089375.0,14600000.0,-5700000.0,-7100000.0,-66100000.0,0.0,-73200000.0,-32500000.0,0.0,120300000.0,0.0,45500000.0,45500000.0,45500000.0,0.0,0.0,0.08,166700000.0,74200000.0,453900000.0,0.0,2.922,33.693,26.58,284800000.0,0.0,18.34,1.414,1.15,289200000.0,787000000.0,570700000.0,570700000.0,22900000.0,,,,,2600000.0,113700000.0,1.0,174159726.0,141600000.0,145200000.0,4.03,954400000.0,25400000.0,26400000.0,0.0,6.74,-125500000.0
60,CVG,MRQ,2003-06-30,2003-06-30,2003-06-30,2019-10-18,24600000.0,1696900000.0,,463200000.0,1233700000.0,,7.255,-26900000.0,34100000.0,34100000.0,322600000.0,42800000.0,0.76,0.61,171200000.0,166500000.0,4700000.0,171200000.0,0.0,31100000.0,0.0,0.0,0.0,69400000.0,100500000.0,0.178,100500000.0,69400000.0,67700000.0,0.29,0.29,0.29,1054200000.0,,1054200000.0,2802846176.0,15.0,8.811,20300000.0,0.14,1.0,240600000.0,0.427,739600000.0,1700000.0,484800000.0,,0.0,41200000.0,0.0,41200000.0,642700000.0,609600000.0,33100000.0,2784346176.0,5800000.0,-3400000.0,-135500000.0,124400000.0,0.0,-11100000.0,-30300000.0,0.0,47200000.0,0.0,42800000.0,42800000.0,42800000.0,0.0,0.0,0.076,169600000.0,71000000.0,443100000.0,0.0,2.641,26.543,22.535,284800000.0,0.0,16.0,1.238,1.033,318100000.0,741500000.0,563200000.0,563200000.0,23500000.0,,,,,6500000.0,115000000.0,1.0,174021636.0,145300000.0,148500000.0,3.876,957300000.0,27400000.0,24900000.0,0.0,6.588,-146400000.0
61,CVG,MRQ,2003-03-31,2003-03-31,2003-03-31,2019-10-18,3100000.0,1648700000.0,,437000000.0,1211700000.0,,7.25,-20100000.0,28300000.0,28300000.0,323600000.0,34900000.0,0.873,0.478,46800000.0,42000000.0,4800000.0,46800000.0,0.0,31700000.0,0.0,0.0,0.0,56900000.0,88600000.0,0.158,88600000.0,56900000.0,55400000.0,0.23,0.22,0.23,1115800000.0,,1115800000.0,2333979602.0,11.0,6.678,88600000.0,0.576,1.0,236800000.0,0.423,737000000.0,1500000.0,429600000.0,,0.0,39400000.0,0.0,39400000.0,532900000.0,500600000.0,32300000.0,2290879602.0,16100000.0,-14800000.0,-49200000.0,-8500000.0,0.0,-57700000.0,-34900000.0,0.0,108700000.0,0.0,34900000.0,34900000.0,34900000.0,0.0,0.0,0.062,168300000.0,68500000.0,458600000.0,0.0,2.053,18.902,17.143,285900000.0,0.0,13.2,1.014,0.899,302900000.0,698700000.0,560400000.0,560400000.0,23200000.0,,,,,200000.0,113400000.0,1.0,173551485.0,153900000.0,156200000.0,3.641,911700000.0,43800000.0,20500000.0,0.0,5.924,-63600000.0
62,CVG,MRQ,2002-12-31,2002-12-31,2002-12-31,2019-10-18,-8400000.0,1619500000.0,,418200000.0,1201300000.0,,7.276,-10700000.0,12200000.0,12200000.0,315800000.0,-28400000.0,0.905,0.438,55300000.0,50700000.0,4600000.0,55300000.0,0.0,33400000.0,0.0,0.0,0.0,-30200000.0,3200000.0,0.006,3200000.0,-30200000.0,-32200000.0,-0.15,-0.15,-0.15,1126300000.0,,1126300000.0,2715027371.0,11.0,6.917,75500000.0,0.488,1.0,249000000.0,0.441,731300000.0,2000000.0,469300000.0,,0.0,38100000.0,0.0,38100000.0,493200000.0,462000000.0,31200000.0,2626027371.0,-29500000.0,0.0,-29600000.0,-75400000.0,0.0,-105000000.0,-10700000.0,0.0,86200000.0,0.0,-28400000.0,-28400000.0,-28400000.0,0.0,0.0,-0.05,278500000.0,-29500000.0,411300000.0,0.0,2.332,17.999,16.833,298000000.0,0.0,15.15,1.149,1.079,315200000.0,663800000.0,564800000.0,564800000.0,28500000.0,,,,,14400000.0,108900000.0,1.0,173335140.0,154800000.0,157400000.0,3.649,888200000.0,41200000.0,-3800000.0,0.0,5.738,-43800000.0
63,CVG,MRQ,2002-09-30,2002-09-30,2002-09-30,2019-10-18,-10400000.0,1662500000.0,,439100000.0,1223400000.0,,7.222,-31900000.0,41700000.0,41700000.0,308100000.0,55600000.0,0.935,0.427,130700000.0,125900000.0,4800000.0,130700000.0,0.0,35800000.0,0.0,0.0,0.0,90000000.0,125800000.0,0.224,125800000.0,90000000.0,86900000.0,0.34,0.34,0.34,1164900000.0,,1164900000.0,2701412133.0,7.0,5.113,206300000.0,1.279,1.0,253100000.0,0.451,727800000.0,3100000.0,554300000.0,,0.0,36600000.0,0.0,36600000.0,497600000.0,469400000.0,28200000.0,2603112133.0,17900000.0,-28400000.0,-168100000.0,8100000.0,0.0,-160000000.0,-60300000.0,0.0,238200000.0,0.0,55600000.0,55600000.0,55600000.0,0.0,0.0,0.099,163300000.0,89800000.0,343500000.0,0.0,2.235,11.284,10.971,334100000.0,0.0,15.03,1.126,1.049,332000000.0,692200000.0,561200000.0,561200000.0,29800000.0,,,,,0.0,97700000.0,1.0,173194420.0,161300000.0,163700000.0,3.479,934700000.0,18200000.0,31300000.0,0.0,5.795,-30300000.0
64,CVG,MRQ,2002-06-30,2002-06-30,2002-06-30,2019-10-18,-3200000.0,1752700000.0,,558600000.0,1194100000.0,,7.626,-27600000.0,23800000.0,23800000.0,315000000.0,59100000.0,1.248,0.374,122100000.0,118000000.0,4100000.0,122100000.0,0.0,34200000.0,0.0,0.0,0.0,97700000.0,131900000.0,0.23,131900000.0,97700000.0,95400000.0,0.35,0.35,0.35,1275900000.0,,1275900000.0,3438559284.0,11.0,7.284,10800000.0,0.065,1.0,257700000.0,0.45,704400000.0,2300000.0,699000000.0,,0.0,35600000.0,0.0,35600000.0,476800000.0,447600000.0,29200000.0,3368159284.0,-51100000.0,0.0,-38700000.0,-23200000.0,0.0,-61900000.0,-27600000.0,0.0,38400000.0,0.0,59100000.0,59100000.0,59100000.0,0.0,0.0,0.103,163200000.0,94500000.0,329600000.0,0.0,2.64,18.912,18.552,330900000.0,0.0,19.48,1.453,1.406,463700000.0,636600000.0,572700000.0,572700000.0,29200000.0,,,,,900000.0,99800000.0,1.0,172903454.0,167300000.0,170900000.0,3.423,1048300000.0,24300000.0,36300000.0,0.0,6.266,111000000.0
65,CVG,MRQ,2002-03-31,2002-03-31,2002-03-31,2019-10-18,-16600000.0,1794900000.0,,591300000.0,1203600000.0,,7.454,-20600000.0,74900000.0,74900000.0,326000000.0,59600000.0,1.15,0.432,145300000.0,141200000.0,4100000.0,145300000.0,0.0,33700000.0,0.0,0.0,0.0,97900000.0,131600000.0,0.224,131600000.0,97900000.0,94300000.0,0.35,0.35,0.35,1253000000.0,,1253000000.0,5194154237.0,19.0,11.667,59900000.0,0.356,1.0,261500000.0,0.445,704100000.0,3600000.0,647000000.0,,0.0,32800000.0,0.0,32800000.0,541900000.0,514200000.0,27700000.0,5101754237.0,33800000.0,0.0,-37900000.0,11800000.0,0.0,-26100000.0,-20600000.0,0.0,80500000.0,0.0,59600000.0,59600000.0,59600000.0,0.0,0.0,0.101,163000000.0,98500000.0,373000000.0,0.0,4.072,34.872,34.384,335000000.0,0.0,29.57,2.202,2.146,450000000.0,577500000.0,587500000.0,587500000.0,26200000.0,,,,,2500000.0,103100000.0,1.0,172531425.0,168100000.0,172500000.0,3.495,1090800000.0,23600000.0,34700000.0,0.0,6.489,77100000.0
66,CVG,MRQ,2001-12-31,2001-12-31,2001-12-31,2019-10-18,-18800000.0,1742900000.0,,523100000.0,1219800000.0,,7.28,-34300000.0,41100000.0,41100000.0,328600000.0,56400000.0,1.062,0.421,133500000.0,129900000.0,3600000.0,133500000.0,0.0,43600000.0,0.0,0.0,0.0,95400000.0,139000000.0,0.235,139000000.0,95400000.0,91900000.0,0.33,0.33,0.33,1226600000.0,,1226600000.0,6600405673.0,24.0,14.629,63300000.0,0.376,1.0,262100000.0,0.444,704900000.0,3500000.0,638000000.0,,0.0,35300000.0,0.0,35300000.0,516300000.0,492400000.0,23900000.0,6451005673.0,4200000.0,0.0,-5700000.0,-52800000.0,0.0,-58500000.0,-34900000.0,0.0,97600000.0,0.0,56400000.0,56400000.0,56400000.0,0.0,0.0,0.095,166000000.0,96100000.0,362500000.0,0.0,5.259,46.477,45.72,350400000.0,0.0,37.49,2.78,2.737,413600000.0,517900000.0,590700000.0,590700000.0,29100000.0,,,,,1800000.0,93300000.0,1.0,172072704.0,168500000.0,172300000.0,3.506,1038000000.0,31900000.0,35500000.0,0.0,6.16,30700000.0
67,CVG,MRQ,2001-09-30,2001-09-30,2001-09-30,2019-10-18,-16200000.0,1723500000.0,,512200000.0,1211300000.0,,6.869,-19000000.0,36900000.0,36900000.0,309200000.0,3000000.0,1.451,0.477,186300000.0,1800000.0,184500000.0,186300000.0,0.0,43300000.0,0.0,0.0,0.0,26300000.0,69600000.0,0.123,69600000.0,26300000.0,22300000.0,0.02,0.02,0.02,1167000000.0,,1167000000.0,4885629121.0,18.0,10.876,43500000.0,0.256,1.0,258000000.0,0.455,715500000.0,4000000.0,804400000.0,,0.0,41800000.0,0.0,41800000.0,556500000.0,353000000.0,203500000.0,4745129121.0,6400000.0,0.0,-52400000.0,15300000.0,0.0,-37100000.0,-19000000.0,0.0,62500000.0,0.0,3000000.0,3000000.0,3000000.0,0.0,0.0,0.005,225400000.0,32600000.0,351200000.0,0.0,4.066,35.254,34.688,338100000.0,0.0,27.75,2.042,2.029,391300000.0,461500000.0,567200000.0,567200000.0,32400000.0,,,,,400000.0,91700000.0,1.0,170995644.0,169900000.0,174200000.0,3.338,1008000000.0,30900000.0,19300000.0,0.0,5.933,159200000.0
68,CVG,MRQ,2001-06-30,2001-06-30,2001-06-30,2019-10-18,-14300000.0,1710200000.0,,442000000.0,1268200000.0,,7.228,-25500000.0,30500000.0,30500000.0,311500000.0,27300000.0,1.497,0.393,171000000.0,1200000.0,169800000.0,171000000.0,0.0,44200000.0,0.0,0.0,0.0,60800000.0,105000000.0,0.184,105000000.0,60800000.0,55500000.0,0.16,0.16,0.16,1227300000.0,,1227300000.0,5370878430.0,16.0,10.581,58700000.0,0.346,1.0,259700000.0,0.455,732100000.0,5300000.0,823400000.0,,0.0,67300000.0,0.0,67300000.0,482900000.0,295200000.0,187700000.0,5168978430.0,-29500000.0,-20600000.0,6800000.0,-74400000.0,0.0,-67600000.0,-46100000.0,0.0,84200000.0,0.0,27300000.0,27300000.0,27300000.0,0.0,0.0,0.048,202300000.0,57400000.0,294000000.0,0.0,4.212,28.845,28.538,368800000.0,0.0,30.25,2.237,2.223,332600000.0,458800000.0,571200000.0,571200000.0,28500000.0,,,,,1300000.0,97800000.0,1.0,170875320.0,169800000.0,175500000.0,3.364,978100000.0,31600000.0,28200000.0,0.0,5.76,146800000.0
69,CVG,MRQ,2001-03-31,2001-03-31,2001-03-31,2019-10-18,-17700000.0,1759600000.0,,481300000.0,1278300000.0,,6.955,-34700000.0,43500000.0,43500000.0,322100000.0,52100000.0,1.505,0.494,245400000.0,1200000.0,244200000.0,245400000.0,0.0,45200000.0,0.0,0.0,0.0,92400000.0,137600000.0,0.233,137600000.0,92400000.0,85200000.0,0.31,0.3,0.31,1177400000.0,,1177400000.0,5864123099.0,16.0,11.146,55700000.0,0.329,1.0,269400000.0,0.455,739000000.0,7200000.0,902600000.0,,0.0,67700000.0,0.0,67700000.0,582200000.0,319900000.0,262300000.0,5601623099.0,10700000.0,-15700000.0,17300000.0,-46600000.0,0.0,-29300000.0,-50400000.0,0.0,90400000.0,0.0,52100000.0,52100000.0,52100000.0,0.0,0.0,0.088,178900000.0,90500000.0,318700000.0,0.0,4.758,28.32,30.829,371700000.0,0.0,36.07,2.468,2.69,357500000.0,438200000.0,591500000.0,591500000.0,25900000.0,,,,,4300000.0,107800000.0,1.0,155298672.0,169300000.0,175500000.0,3.494,1020600000.0,30100000.0,33100000.0,0.0,6.028,161400000.0
70,CVG,MRQ,2000-12-31,2000-12-31,2000-12-31,2019-10-18,-8800000.0,1804100000.0,,516200000.0,1287900000.0,,6.683,-64500000.0,49300000.0,49300000.0,328300000.0,52200000.0,1.39,0.605,292000000.0,600000.0,291400000.0,292000000.0,0.0,43400000.0,0.0,0.0,0.0,93600000.0,137000000.0,0.231,137000000.0,93600000.0,85600000.0,0.31,0.3,0.31,1124000000.0,,1124000000.0,7263816712.0,21.0,14.372,2700000.0,0.016,1.0,265700000.0,0.447,740200000.0,8000000.0,935200000.0,,0.0,66000000.0,0.0,66000000.0,680100000.0,371400000.0,308700000.0,6988416712.0,2600000.0,400000.0,18800000.0,-20800000.0,0.0,-1400000.0,-63200000.0,0.0,67200000.0,0.0,52200000.0,52200000.0,52200000.0,0.0,0.0,0.088,176100000.0,89600000.0,370800000.0,0.0,6.217,36.937,40.097,397600000.0,0.0,45.31,3.181,3.457,395700000.0,379100000.0,594000000.0,594000000.0,28300000.0,,,,,1900000.0,104400000.0,1.0,154235637.0,168200000.0,175100000.0,3.532,1063900000.0,28100000.0,33400000.0,0.0,6.325,144800000.0
71,CVG,MRQ,2000-09-30,2000-09-30,2000-09-30,2019-10-18,-2100000.0,1699600000.0,,445100000.0,1254500000.0,,6.279,-31200000.0,37400000.0,37400000.0,313300000.0,47600000.0,1.409,0.612,312800000.0,600000.0,312200000.0,312800000.0,0.0,41100000.0,0.0,0.0,0.0,86900000.0,128000000.0,0.231,128000000.0,86900000.0,78700000.0,0.28,0.27,0.28,1054300000.0,,1054300000.0,6213087208.0,20.0,13.319,-26000000.0,-0.155,1.0,240200000.0,0.434,748700000.0,8200000.0,910400000.0,,0.0,82200000.0,0.0,82200000.0,645300000.0,315900000.0,329400000.0,5983987208.0,300000.0,-19600000.0,-4900000.0,51400000.0,0.0,45900000.0,-50800000.0,0.0,5200000.0,0.0,47600000.0,47600000.0,47600000.0,0.0,0.0,0.086,160500000.0,79700000.0,315300000.0,0.0,5.676,35.179,39.273,367600000.0,0.0,38.88,2.84,3.099,320200000.0,330500000.0,553500000.0,553500000.0,25300000.0,,,,,4200000.0,94100000.0,1.0,153909136.0,167900000.0,174800000.0,3.297,950900000.0,31400000.0,31100000.0,0.0,5.663,129200000.0
72,CVG,MRQ,2000-06-30,2000-06-30,2000-06-30,2019-10-18,12900000.0,1565900000.0,,301900000.0,1264000000.0,,6.039,-41600000.0,31800000.0,31800000.0,301200000.0,45900000.0,1.044,0.552,260900000.0,8700000.0,252200000.0,260900000.0,0.0,40100000.0,0.0,0.0,0.0,83400000.0,123500000.0,0.233,123500000.0,83400000.0,74600000.0,0.27,0.26,0.27,1009200000.0,,1009200000.0,7971213036.0,27.0,17.901,39400000.0,0.236,1.0,229700000.0,0.433,746500000.0,8800000.0,759200000.0,,0.0,100300000.0,0.0,100300000.0,556700000.0,289300000.0,267400000.0,7954513036.0,4700000.0,-10200000.0,10600000.0,-35100000.0,0.0,-24500000.0,-51800000.0,0.0,81000000.0,0.0,45900000.0,45900000.0,45900000.0,0.0,0.0,0.086,151900000.0,77800000.0,280600000.0,0.0,7.882,49.041,53.485,361700000.0,0.0,51.88,3.971,4.327,192800000.0,280300000.0,530900000.0,530900000.0,24100000.0,,,,,3000000.0,88000000.0,1.0,153325232.0,167100000.0,173900000.0,3.177,819400000.0,26500000.0,28700000.0,0.0,4.904,12600000.0
73,CVG,MRQ,2000-03-31,2000-03-31,2000-03-31,2019-10-18,28700000.0,1568500000.0,,291000000.0,1277500000.0,,6.356,-41300000.0,27100000.0,27100000.0,292100000.0,44400000.0,0.865,0.625,43800000.0,43800000.0,0.0,43800000.0,0.0,37500000.0,0.0,0.0,0.0,80400000.0,117900000.0,0.23,117900000.0,80400000.0,72300000.0,0.29,0.28,0.29,965500000.0,,965500000.0,6211100514.0,22.0,14.963,-6000000.0,-0.039,1.0,221500000.0,0.431,751100000.0,8100000.0,497600000.0,,0.0,121400000.0,0.0,121400000.0,603000000.0,336500000.0,266500000.0,5943600514.0,-3700000.0,-7100000.0,11700000.0,-2300000.0,0.0,9400000.0,-48400000.0,0.0,35300000.0,0.0,44400000.0,44400000.0,44400000.0,0.0,0.0,0.086,146800000.0,74700000.0,292700000.0,0.0,6.156,39.863,42.054,348200000.0,0.0,38.69,3.13,3.095,195100000.0,234400000.0,513600000.0,513600000.0,23000000.0,,,,,5100000.0,86000000.0,1.0,153621104.0,151900000.0,156800000.0,3.381,817400000.0,26500000.0,27900000.0,0.0,5.381,-45500000.0
74,CVG,MRQ,1999-12-31,1999-12-31,1999-12-31,2019-10-18,51600000.0,1579500000.0,,297900000.0,1281600000.0,,5.699,-67500000.0,30800000.0,30800000.0,280000000.0,32200000.0,0.769,0.704,298300000.0,48000000.0,250300000.0,298300000.0,0.0,36600000.0,0.0,0.0,0.0,60500000.0,97100000.0,0.191,97100000.0,60500000.0,52400000.0,0.15,0.13,0.15,927200000.0,,927200000.0,5153985605.0,20.0,13.335,196500000.0,1.208,1.0,228700000.0,0.45,754300000.0,8100000.0,705300000.0,,0.0,134900000.0,0.0,134900000.0,652300000.0,387400000.0,264900000.0,4695885605.0,800000.0,-8000000.0,13400000.0,-201800000.0,0.0,-188400000.0,-74800000.0,0.0,264000000.0,0.0,32200000.0,32200000.0,32200000.0,0.0,0.0,0.063,162500000.0,66200000.0,339400000.0,0.0,5.065,34.252,36.607,335600000.0,0.0,30.75,2.631,2.803,214800000.0,190000000.0,508700000.0,508700000.0,29800000.0,,,,,6700000.0,86500000.0,1.0,152711727.0,162700000.0,168900000.0,3.127,825200000.0,16500000.0,20200000.0,0.0,5.072,-89500000.0
75,CVG,MRQ,1999-09-30,1999-09-30,1999-09-30,2019-10-18,9700000.0,1663000000.0,,451600000.0,1211400000.0,,5.653,-36600000.0,42400000.0,42400000.0,255100000.0,39700000.0,0.572,0.939,500500000.0,500500000.0,0.0,500500000.0,0.0,34200000.0,0.0,0.0,0.0,72600000.0,106800000.0,0.237,106800000.0,72600000.0,64200000.0,0.26,0.26,0.26,857600000.0,,857600000.0,3466660853.0,13.0,9.106,45900000.0,0.303,1.0,195100000.0,0.433,744000000.0,8400000.0,587400000.0,,0.0,97200000.0,0.0,97200000.0,805400000.0,789700000.0,15700000.0,3022960853.0,22100000.0,-63700000.0,-1500000.0,36500000.0,0.0,39900000.0,-100300000.0,0.0,82500000.0,0.0,39700000.0,39700000.0,39700000.0,0.0,0.0,0.088,133000000.0,62100000.0,289200000.0,0.0,3.525,21.748,21.533,298100000.0,0.0,19.81,1.798,1.788,351800000.0,157900000.0,450200000.0,450200000.0,22100000.0,,,,,0.0,74500000.0,1.0,152597721.0,151700000.0,155000000.0,2.968,919000000.0,17600000.0,24500000.0,0.0,6.058,-338100000.0
76,CVG,MRQ,1999-06-30,1999-06-30,1999-06-30,2019-10-18,2200000.0,1547600000.0,,407900000.0,1139700000.0,,5.331,-28800000.0,20300000.0,20300000.0,243300000.0,32800000.0,0.57,0.902,464000000.0,464000000.0,0.0,464000000.0,0.0,30600000.0,0.0,0.0,0.0,62700000.0,93300000.0,0.219,93300000.0,62700000.0,54200000.0,0.22,0.21,0.22,808200000.0,,808200000.0,3440474434.0,15.0,9.777,62600000.0,0.413,1.0,182900000.0,0.429,702000000.0,8500000.0,573900000.0,,0.0,87000000.0,0.0,87000000.0,728800000.0,715400000.0,13400000.0,2950074434.0,100000.0,-19500000.0,3600000.0,-46600000.0,0.0,-43000000.0,-48300000.0,0.0,91400000.0,0.0,32800000.0,32800000.0,32800000.0,0.0,0.0,0.077,128800000.0,54100000.0,251400000.0,0.0,3.65,23.619,23.071,290500000.0,0.0,19.38,1.843,1.835,339600000.0,118200000.0,426200000.0,426200000.0,20400000.0,,,,,0.0,73000000.0,1.0,152222623.0,151600000.0,154100000.0,2.811,845600000.0,10100000.0,21400000.0,0.0,5.578,-307500000.0
77,CVG,MRQ,1999-03-31,1999-03-31,1999-03-31,2019-10-18,-2000000.0,1545700000.0,,420600000.0,1125100000.0,,5.06,-23400000.0,20200000.0,20200000.0,227500000.0,32400000.0,0.57,1.003,510600000.0,510600000.0,0.0,510600000.0,0.0,29600000.0,0.0,0.0,0.0,59700000.0,89300000.0,0.223,89300000.0,59700000.0,52200000.0,0.21,0.21,0.21,767600000.0,,767600000.0,3067244684.0,14.0,9.183,700000.0,0.005,1.0,172300000.0,0.431,726800000.0,7500000.0,571100000.0,,0.0,89200000.0,0.0,89200000.0,769600000.0,738200000.0,31400000.0,2604244684.0,16400000.0,-31200000.0,3100000.0,43800000.0,0.0,46900000.0,-54600000.0,0.0,24100000.0,0.0,32400000.0,32400000.0,32400000.0,0.0,0.0,0.081,119500000.0,52800000.0,227600000.0,0.0,3.393,22.509,21.671,250700000.0,0.0,17.12,1.693,1.688,355300000.0,85400000.0,399800000.0,399800000.0,19500000.0,,,,,0.0,64200000.0,1.0,152117096.0,151700000.0,154100000.0,2.635,818900000.0,9300000.0,19800000.0,0.0,5.398,-317600000.0
78,CVG,MRQ,1998-12-31,1998-12-31,1998-12-31,2019-10-18,-2600000.0,1450900000.0,,360500000.0,1090400000.0,,4.813,-28500000.0,3800000.0,3800000.0,228900000.0,34100000.0,0.517,0.983,466800000.0,466800000.0,0.0,466800000.0,0.0,28800000.0,0.0,0.0,0.0,62500000.0,91300000.0,0.226,91300000.0,62500000.0,55300000.0,0.23,0.23,0.23,731500000.0,,731500000.0,3890405950.0,24.0,14.637,20100000.0,0.132,1.0,175800000.0,0.434,687400000.0,7200000.0,528600000.0,,0.0,83900000.0,0.0,83900000.0,719400000.0,697900000.0,21500000.0,3413005950.0,2400000.0,-6600000.0,-300000.0,-10800000.0,0.0,-11100000.0,-35100000.0,0.0,48600000.0,0.0,34100000.0,34100000.0,34100000.0,0.0,0.0,0.084,122000000.0,53800000.0,231100000.0,0.0,4.666,42.136,39.263,249800000.0,0.0,22.38,2.358,2.207,314300000.0,53000000.0,404700000.0,404700000.0,19100000.0,,,,,0.0,65700000.0,1.0,152502500.0,152000000.0,152500000.0,2.663,763500000.0,10900000.0,21200000.0,0.0,5.023,-337400000.0
79,CVG,MRQ,1998-09-30,1998-09-30,1998-09-30,2019-10-18,-2500000.0,1372200000.0,,345600000.0,1026600000.0,,4.692,-23800000.0,1400000.0,1400000.0,210800000.0,25600000.0,0.508,1.02,478800000.0,478500000.0,300000.0,478800000.0,0.0,27800000.0,0.0,0.0,0.0,50200000.0,78000000.0,0.211,78000000.0,50200000.0,41100000.0,0.18,0.18,0.18,679400000.0,,679400000.0,3031901604.0,27.0,15.099,71100000.0,0.491,1.0,159500000.0,0.431,681100000.0,9100000.0,488700000.0,,0.0,85300000.0,0.0,85300000.0,692800000.0,679800000.0,13000000.0,2277701604.0,-100000.0,0.0,206300000.0,-276800000.0,0.0,-71200000.0,-23800000.0,0.0,94900000.0,0.0,25600000.0,25600000.0,25600000.0,0.0,0.0,0.069,113700000.0,45800000.0,201300000.0,0.0,3.353,43.718,40.378,229400000.0,0.0,14.94,1.745,1.658,307900000.0,18900000.0,370300000.0,370300000.0,24200000.0,,,,,0.0,54500000.0,1.0,152456600.0,144800000.0,145100000.0,2.557,691100000.0,7000000.0,15500000.0,0.0,4.773,-334200000.0
80,CVG,MRQ,1998-06-30,1998-06-30,1998-06-30,2019-10-18,600000.0,1409300000.0,,369900000.0,1039400000.0,,3.292,-30800000.0,1500000.0,1500000.0,213600000.0,23600000.0,0.39,2.125,755700000.0,754800000.0,900000.0,755700000.0,0.0,26300000.0,0.0,,0.0,49100000.0,75400000.0,0.207,75400000.0,49100000.0,37900000.0,0.17,0.17,0.17,451000000.0,,451000000.0,,,,-24300000.0,-0.177,1.0,150000000.0,0.413,708800000.0,11200000.0,505400000.0,,0.0,83600000.0,0.0,83600000.0,958300000.0,949300000.0,9000000.0,,600000.0,0.0,0.0,697300000.0,0.0,24900000.0,-30800000.0,0.0,6500000.0,0.0,23600000.0,23600000.0,23600000.0,0.0,0.0,0.065,108400000.0,41600000.0,194500000.0,0.0,,,,215300000.0,0.0,,,,331900000.0,,363600000.0,363600000.0,19500000.0,,,,,0.0,54800000.0,1.0,151000000.0,137000000.0,137000000.0,2.654,700500000.0,6300000.0,14300000.0,0.0,5.113,-579400000.0
81,CVG,MRQ,1998-03-31,1998-03-31,1998-03-31,2019-10-18,2200000.0,1358800000.0,,335300000.0,1023500000.0,,3.136,-10400000.0,900000.0,900000.0,173100000.0,-2300000.0,0.364,2.162,730000000.0,729400000.0,600000.0,730000000.0,0.0,18400000.0,0.0,,0.0,2700000.0,21100000.0,0.068,21100000.0,2700000.0,-3700000.0,-0.02,-0.02,-0.02,429700000.0,,429700000.0,,,,-14000000.0,-0.102,1.0,135500000.0,0.439,709600000.0,6400000.0,456400000.0,,0.0,76800000.0,0.0,76800000.0,929100000.0,921900000.0,7200000.0,,-1200000.0,-658300000.0,0.0,-2000000.0,0.0,671100000.0,-668700000.0,0.0,-3600000.0,0.0,-2300000.0,-2300000.0,-2300000.0,0.0,0.0,-0.007,136800000.0,-1300000.0,192500000.0,0.0,,,,209400000.0,0.0,,,,297500000.0,,308600000.0,308600000.0,19100000.0,,,,,0.0,51000000.0,1.0,151000000.0,137000000.0,137000000.0,2.253,649200000.0,5900000.0,-1400000.0,0.0,4.739,-586600000.0
82,CVG,MRQ,1997-12-31,1997-12-31,1997-12-31,2019-10-18,2400000.0,654400000.0,,265800000.0,388600000.0,,3.145,-20500000.0,2100000.0,2100000.0,147300000.0,5200000.0,1.227,0.519,59100000.0,59100000.0,0.0,59100000.0,0.0,16700000.0,0.0,,0.0,9600000.0,26300000.0,0.1,26300000.0,9600000.0,7900000.0,0.04,0.04,0.04,430800000.0,,430800000.0,,,,36500000.0,0.266,1.0,115200000.0,0.439,177600000.0,1700000.0,317200000.0,,0.0,56500000.0,0.0,56500000.0,223600000.0,216600000.0,7000000.0,,-300000.0,-13900000.0,0.0,-26200000.0,0.0,-22700000.0,-34400000.0,0.0,57000000.0,0.0,5200000.0,5200000.0,5200000.0,0.0,0.0,0.02,110900000.0,4300000.0,157500000.0,0.0,,,,130000000.0,0.0,,,,222900000.0,,262500000.0,262500000.0,13100000.0,,,,,0.0,41600000.0,1.0,,137000000.0,137000000.0,1.916,476800000.0,13700000.0,2700000.0,0.0,3.48,49200000.0
83,CVG,MRQ,1997-09-30,1997-09-30,1997-09-30,2019-10-18,,,,,,,,-13600000.0,,,127400000.0,26300000.0,,,,,,,,15900000.0,,,0.0,41400000.0,57300000.0,0.24,57300000.0,41400000.0,39800000.0,0.19,0.19,0.19,,,,,,,8400000.0,0.061,1.0,111100000.0,0.466,,1600000.0,,,,,,,,,,,-3300000.0,0.0,0.0,-5300000.0,0.0,-11900000.0,-13600000.0,0.0,22000000.0,0.0,26300000.0,26300000.0,26300000.0,0.0,0.0,0.11,76600000.0,34500000.0,,0.0,,,,,0.0,,,,,,238500000.0,238500000.0,17700000.0,,,,,0.0,39700000.0,1.0,,137000000.0,137000000.0,1.741,,,13500000.0,,,
84,CVG,MRQ,1997-06-30,1997-06-30,1997-06-30,2019-10-18,,,,,,,,-18100000.0,,,131100000.0,28200000.0,,,,,,,,14500000.0,,,0.0,43500000.0,58000000.0,0.239,58000000.0,43500000.0,42700000.0,0.21,0.21,0.21,,,,,,,14000000.0,0.102,1.0,112000000.0,0.461,,800000.0,,,,,,,,,,,1900000.0,0.0,0.0,-200000.0,0.0,-12100000.0,-18100000.0,0.0,32100000.0,0.0,28200000.0,28200000.0,28200000.0,0.0,0.0,0.116,73900000.0,38100000.0,,0.0,,,,,0.0,,,,,,243100000.0,243100000.0,19400000.0,,,,,0.0,38500000.0,1.0,,137000000.0,137000000.0,1.774,,,14500000.0,,,
85,CVG,MRQ,1997-03-31,1997-03-31,1997-03-31,2019-10-18,,,,,,,,-8700000.0,,,134400000.0,26800000.0,,,,,,,,13900000.0,,,0.0,41500000.0,55400000.0,0.228,55400000.0,41500000.0,40200000.0,0.2,0.2,0.2,,,,,,,7600000.0,,1.0,109000000.0,0.448,,1300000.0,,,,,,,,,,,1500000.0,0.0,0.0,-2700000.0,0.0,-6100000.0,-8700000.0,0.0,16300000.0,0.0,26800000.0,26800000.0,26800000.0,0.0,0.0,0.11,71800000.0,37200000.0,,0.0,,,,,0.0,,,,,,243400000.0,243400000.0,18300000.0,,,,,0.0,39000000.0,1.0,,,,,,,13400000.0,,,
0,CVG,MRT,2018-06-30,2018-06-30,2018-06-30,2019-10-18,-107500000.0,2204700000.0,2348275000.0,705900000.0,1498800000.0,1.15,14.806,-48200000.0,51500000.0,51500000.0,1683400000.0,87400000.0,2.223,0.589,178300000.0,400000.0,177900000.0,178300000.0,0.0,123900000.0,0.0,0.017,0.41,157700000.0,281600000.0,0.104,281600000.0,157700000.0,140300000.0,0.96,0.89,0.96,1350300000.0,1370575000.0,1350300000.0,2389236489.0,15.0,8.485,163700000.0,1.795,1.0,1017800000.0,0.377,1205800000.0,17400000.0,808100000.0,944625000.0,0.0,12400000.0,12400000.0,0.0,796000000.0,317600000.0,478400000.0,2236236489.0,-111200000.0,0.0,-64900000.0,-173000000.0,-37000000.0,-274900000.0,-48200000.0,0.0,211900000.0,0.0,87400000.0,87400000.0,87400000.0,0.0,0.0,0.032,859700000.0,158100000.0,317200000.0,0.427,1.656,25.586,25.458,226200000.0,0.0,24.44,0.828,0.825,547100000.0,1492400000.0,2701200000.0,2701200000.0,0.0,0.037,0.064,0.167,0.058,18300000.0,689100000.0,1.0,91499038.0,91200000.0,97900000.0,29.618,998900000.0,24600000.0,52900000.0,209100000.0,10.953,388300000.0
1,CVG,MRT,2018-03-31,2018-03-31,2018-03-31,2019-10-18,-84800000.0,2386300000.0,2398400000.0,856500000.0,1529800000.0,1.142,15.004,-55500000.0,186300000.0,186300000.0,1702300000.0,113300000.0,2.38,0.693,339300000.0,50300000.0,289000000.0,339300000.0,0.0,130100000.0,0.0,0.018,0.4,182000000.0,312100000.0,0.114,312100000.0,182000000.0,164400000.0,1.23,1.15,1.23,1374400000.0,1373900000.0,1374400000.0,2206808321.0,12.0,7.071,187300000.0,2.045,1.0,1036300000.0,0.378,1225600000.0,17600000.0,953800000.0,1001150000.0,0.0,13100000.0,13100000.0,0.0,952900000.0,359900000.0,593000000.0,2072408321.0,9200000.0,700000.0,-75500000.0,-67000000.0,-36300000.0,-178800000.0,-54800000.0,0.0,242800000.0,0.0,113300000.0,113300000.0,113300000.0,0.0,0.0,0.041,853500000.0,182800000.0,309600000.0,0.325,1.508,18.291,18.39,240000000.0,0.0,22.62,0.757,0.757,567700000.0,1488100000.0,2738600000.0,2738600000.0,0.0,0.047,0.082,0.182,0.066,17400000.0,693900000.0,1.0,91618405.0,91600000.0,98200000.0,29.897,1160700000.0,19600000.0,51100000.0,213400000.0,12.671,496600000.0
2,CVG,MRT,2017-12-31,2017-12-31,2017-12-31,2019-10-18,-66600000.0,2414700000.0,2402100000.0,857700000.0,1557000000.0,1.162,14.782,-58500000.0,193700000.0,193700000.0,1734900000.0,121400000.0,2.655,0.71,328100000.0,900000.0,327200000.0,328100000.0,0.0,134000000.0,0.0,0.017,0.39,198100000.0,332100000.0,0.119,332100000.0,198100000.0,179800000.0,1.3,1.22,1.3,1377700000.0,1364200000.0,1377700000.0,2343886183.0,12.0,7.058,204500000.0,2.194,1.0,1057200000.0,0.379,1225200000.0,18300000.0,1000900000.0,1038225000.0,0.0,13500000.0,13500000.0,0.0,977500000.0,323000000.0,654500000.0,2171686183.0,54900000.0,700000.0,-81100000.0,-33600000.0,-35600000.0,-150300000.0,-57800000.0,0.0,263000000.0,0.0,121400000.0,121400000.0,121400000.0,0.0,0.0,0.043,860000000.0,197200000.0,322100000.0,0.3,1.576,17.889,18.077,260000000.0,0.0,23.5,0.778,0.784,567200000.0,1457800000.0,2792100000.0,2792100000.0,0.0,0.051,0.089,0.191,0.071,16600000.0,699000000.0,1.0,92412178.0,93200000.0,99900000.0,29.958,1189500000.0,21300000.0,58400000.0,222600000.0,12.763,534700000.0
3,CVG,MRT,2017-09-30,2017-09-30,2017-09-30,2019-10-18,-76200000.0,2387400000.0,2391375000.0,819000000.0,1568400000.0,1.196,14.87,-68300000.0,167800000.0,167800000.0,1782800000.0,130000000.0,2.6,0.687,340000000.0,900000.0,339100000.0,340000000.0,0.0,138400000.0,0.0,0.015,0.38,196900000.0,335300000.0,0.117,335300000.0,196900000.0,178300000.0,1.38,1.32,1.38,1379900000.0,1348750000.0,1379900000.0,2602621530.0,13.0,7.762,186400000.0,2.009,1.0,1077900000.0,0.377,1228900000.0,18600000.0,1015700000.0,1043250000.0,0.0,13000000.0,13000000.0,0.0,947600000.0,315000000.0,632600000.0,2415021530.0,38700000.0,-7300000.0,-82400000.0,-23100000.0,-35000000.0,-140400000.0,-75600000.0,0.0,254700000.0,0.0,130000000.0,130000000.0,130000000.0,0.0,0.0,0.045,874900000.0,203000000.0,314100000.0,0.275,1.75,18.577,18.761,270400000.0,0.0,25.89,0.844,0.84,555800000.0,2039300000.0,2860700000.0,2860700000.0,0.0,0.054,0.096,0.189,0.069,17100000.0,711400000.0,1.0,93280090.0,92800000.0,99800000.0,30.827,1158500000.0,24200000.0,48300000.0,202100000.0,12.484,504000000.0
4,CVG,MRT,2017-06-30,2017-06-30,2017-06-30,2019-10-18,-83900000.0,2405200000.0,2392425000.0,820200000.0,1585000000.0,1.218,14.553,-80600000.0,162700000.0,162700000.0,1834500000.0,142900000.0,2.485,0.72,350300000.0,1100000.0,349200000.0,350300000.0,0.0,142400000.0,0.0,0.016,0.37,209800000.0,352200000.0,0.121,352200000.0,209800000.0,191100000.0,1.5,1.43,1.5,1363600000.0,1339075000.0,1363600000.0,2466730215.0,12.0,7.004,190900000.0,2.037,1.0,1079100000.0,0.37,1228500000.0,18700000.0,1034200000.0,1046675000.0,0.0,12200000.0,12200000.0,0.0,981200000.0,330100000.0,651100000.0,2238330215.0,-80000000.0,-137200000.0,-76600000.0,-23100000.0,-34200000.0,-133700000.0,-217800000.0,0.0,271500000.0,0.0,142900000.0,142900000.0,142900000.0,-10000000.0,0.0,0.049,873600000.0,205500000.0,329000000.0,0.247,1.641,15.664,15.853,284100000.0,0.0,23.78,0.768,0.765,547200000.0,2014000000.0,2913600000.0,2913600000.0,0.0,0.06,0.107,0.2,0.072,17600000.0,706400000.0,1.0,94126586.0,93700000.0,100100000.0,31.095,1176700000.0,25500000.0,48200000.0,214500000.0,12.558,490100000.0
5,CVG,MRT,2017-03-31,2017-03-31,2017-03-31,2019-10-18,-99200000.0,2401100000.0,2380525000.0,824100000.0,1577000000.0,1.226,14.148,-84900000.0,177100000.0,177100000.0,1842900000.0,136300000.0,2.683,0.752,405500000.0,1300000.0,404200000.0,405500000.0,0.0,146200000.0,0.0,0.017,0.36,204900000.0,351100000.0,0.12,351100000.0,204900000.0,186000000.0,1.43,1.35,1.43,1335600000.0,1328000000.0,1335600000.0,2219161613.0,11.0,6.321,176800000.0,1.873,1.0,1076200000.0,0.369,1220200000.0,18900000.0,1102100000.0,1044725000.0,0.0,11600000.0,11600000.0,0.0,1004600000.0,307200000.0,697400000.0,1997861613.0,-44400000.0,-137900000.0,-72500000.0,22200000.0,-33400000.0,-83300000.0,-222800000.0,0.0,261700000.0,0.0,136300000.0,136300000.0,136300000.0,-10000000.0,0.0,0.047,873200000.0,203000000.0,305900000.0,0.252,1.496,14.658,14.79,291200000.0,0.0,21.15,0.684,0.684,552600000.0,1983800000.0,2919100000.0,2919100000.0,0.0,0.057,0.103,0.196,0.07,18000000.0,701800000.0,1.0,94461542.0,94400000.0,100500000.0,30.923,1180900000.0,20800000.0,49700000.0,206600000.0,12.51,516900000.0
6,CVG,MRT,2016-12-31,2016-12-31,2016-12-31,2019-10-18,-113800000.0,2371800000.0,2374925000.0,784800000.0,1587000000.0,1.227,13.736,-87000000.0,138800000.0,138800000.0,1843100000.0,143000000.0,2.258,0.756,360100000.0,1800000.0,358300000.0,360100000.0,0.0,150300000.0,0.0,0.014,0.35,214000000.0,364300000.0,0.125,364300000.0,214000000.0,195900000.0,1.49,1.4,1.49,1315900000.0,1325375000.0,1315900000.0,2574686930.0,12.0,7.067,218400000.0,2.28,1.0,1070500000.0,0.367,1224500000.0,18100000.0,1021000000.0,1034675000.0,0.0,12400000.0,12400000.0,0.0,994600000.0,347600000.0,647000000.0,2342286930.0,-65900000.0,-137900000.0,-71000000.0,-43100000.0,-32700000.0,-145600000.0,-225700000.0,-800000.0,305400000.0,0.0,143000000.0,143000000.0,143000000.0,-10000000.0,0.0,0.049,855900000.0,214600000.0,345800000.0,0.235,1.78,16.38,16.483,304100000.0,0.0,24.56,0.804,0.808,555000000.0,1955000000.0,2913600000.0,2913600000.0,0.0,0.06,0.108,0.207,0.073,17400000.0,695400000.0,1.0,95369989.0,95800000.0,102500000.0,30.413,1147300000.0,17700000.0,52900000.0,197800000.0,11.976,437200000.0
7,CVG,MRT,2016-09-30,2016-09-30,2016-09-30,2019-10-18,-92200000.0,2391600000.0,2371125000.0,770900000.0,1620700000.0,1.226,14.029,-84400000.0,129100000.0,129100000.0,1830600000.0,168000000.0,2.244,0.737,361500000.0,2100000.0,359400000.0,361500000.0,0.0,154000000.0,0.0,0.011,0.34,225600000.0,379600000.0,0.131,379600000.0,225600000.0,207700000.0,1.76,1.61,1.76,1341200000.0,1315450000.0,1341200000.0,3046441802.0,14.0,8.025,219000000.0,2.291,1.0,1076900000.0,0.37,1251100000.0,17900000.0,1029400000.0,1046250000.0,0.0,12300000.0,12300000.0,0.0,988700000.0,343500000.0,645200000.0,2917541802.0,-46700000.0,-129900000.0,-72800000.0,-32900000.0,-31900000.0,-135800000.0,-214300000.0,0.0,303400000.0,0.0,168000000.0,168000000.0,168000000.0,-10000000.0,0.0,0.058,848200000.0,228700000.0,341400000.0,0.193,2.175,17.366,17.284,306500000.0,0.0,30.42,1.003,1.0,545800000.0,1946100000.0,2907500000.0,2907500000.0,0.0,0.071,0.128,0.216,0.078,17000000.0,679300000.0,1.0,95908672.0,95600000.0,103100000.0,30.413,1140500000.0,19200000.0,39700000.0,191800000.0,11.93,427400000.0
8,CVG,MRT,2016-06-30,2016-06-30,2016-06-30,2019-10-18,-85900000.0,2357600000.0,2398925000.0,861900000.0,1495700000.0,1.212,13.714,-91900000.0,242700000.0,242700000.0,1821900000.0,178400000.0,2.657,0.74,371600000.0,2200000.0,369400000.0,371600000.0,0.0,158500000.0,0.0,0.013,0.33,211900000.0,370400000.0,0.127,370400000.0,211900000.0,194000000.0,1.85,1.71,1.85,1319300000.0,1293375000.0,1319300000.0,2571964250.0,12.0,6.944,180900000.0,1.88,1.0,1086000000.0,0.373,1135700000.0,17900000.0,1026400000.0,1076125000.0,0.0,11400000.0,11400000.0,0.0,976200000.0,324400000.0,651800000.0,2412064250.0,47400000.0,0.0,-74700000.0,-29300000.0,-31200000.0,-133500000.0,-91900000.0,0.0,272800000.0,0.0,178400000.0,178400000.0,178400000.0,-500000.0,0.0,0.061,860100000.0,225900000.0,322200000.0,0.178,1.828,13.521,13.514,301200000.0,0.0,25.0,0.829,0.827,522700000.0,1907100000.0,2907900000.0,2907900000.0,0.0,0.074,0.138,0.197,0.073,16300000.0,686500000.0,1.0,96482570.0,96200000.0,102700000.0,30.228,1221900000.0,13500000.0,15600000.0,185500000.0,12.702,537500000.0
9,CVG,MRT,2016-03-31,2016-03-31,2016-03-31,2019-10-18,-68800000.0,2378700000.0,2434150000.0,852600000.0,1526100000.0,1.205,13.732,-91600000.0,221500000.0,221500000.0,1849900000.0,174200000.0,2.608,0.748,381400000.0,2900000.0,378500000.0,381400000.0,0.0,163600000.0,0.0,0.012,0.32,202700000.0,366300000.0,0.125,366300000.0,202700000.0,184600000.0,1.79,1.67,1.79,1325100000.0,1274025000.0,1325100000.0,2881170143.0,14.0,7.866,169200000.0,1.753,1.0,1082400000.0,0.369,1149800000.0,18100000.0,1061900000.0,1103275000.0,0.0,11200000.0,11200000.0,0.0,991100000.0,326900000.0,664200000.0,2682170143.0,-10700000.0,0.0,-71900000.0,-79200000.0,-30400000.0,-179900000.0,-91600000.0,0.0,260800000.0,0.0,174200000.0,174200000.0,174200000.0,-500000.0,0.0,0.059,866500000.0,215900000.0,324000000.0,0.179,2.024,15.397,15.514,313000000.0,0.0,27.77,0.915,0.914,551300000.0,1882800000.0,2932300000.0,2932300000.0,0.0,0.072,0.137,0.184,0.069,15900000.0,686400000.0,1.0,96585169.0,96500000.0,103800000.0,30.387,1228900000.0,14400000.0,10400000.0,189600000.0,12.735,525700000.0
10,CVG,MRT,2015-12-31,2015-12-31,2015-12-31,2019-10-18,-101800000.0,2356600000.0,2469375000.0,823300000.0,1533300000.0,1.195,13.009,-109200000.0,204700000.0,204700000.0,1871900000.0,169000000.0,2.433,0.797,402200000.0,3400000.0,398800000.0,402200000.0,0.0,168500000.0,0.0,0.012,0.31,195800000.0,364300000.0,0.123,364300000.0,195800000.0,177600000.0,1.73,1.61,1.73,1276200000.0,1248050000.0,1276200000.0,2646790521.0,14.0,7.265,140100000.0,1.428,1.0,1078700000.0,0.366,1148400000.0,18200000.0,1067300000.0,1137275000.0,0.0,12200000.0,12200000.0,0.0,1017500000.0,338400000.0,679100000.0,2427590521.0,5800000.0,0.0,-69200000.0,-37500000.0,-29600000.0,-135100000.0,-108400000.0,800000.0,249300000.0,0.0,169000000.0,169000000.0,169000000.0,-600000.0,0.0,0.057,874000000.0,204700000.0,335000000.0,0.179,1.902,14.364,14.387,329100000.0,0.0,24.89,0.823,0.828,536300000.0,1846200000.0,2950600000.0,2950600000.0,0.0,0.068,0.135,0.172,0.066,15700000.0,687000000.0,1.0,97532765.0,98100000.0,104700000.0,30.077,1208200000.0,14600000.0,8600000.0,176000000.0,12.316,484900000.0
11,CVG,MRT,2015-09-30,2015-09-30,2015-09-30,2019-10-18,-104200000.0,2502800000.0,2484250000.0,937900000.0,1564900000.0,1.193,12.798,-118600000.0,175800000.0,175800000.0,1893700000.0,174800000.0,2.281,0.947,395000000.0,4000000.0,391000000.0,395000000.0,0.0,173900000.0,0.0,0.013,0.3,183700000.0,357600000.0,0.121,357600000.0,183700000.0,166100000.0,1.76,1.66,1.76,1252900000.0,1235800000.0,1252900000.0,2477400490.0,13.0,6.928,117700000.0,1.202,1.0,1069000000.0,0.361,1161900000.0,17600000.0,1148900000.0,1141350000.0,0.0,11700000.0,11700000.0,0.0,1186600000.0,411200000.0,775400000.0,2271200490.0,-52800000.0,0.0,-70500000.0,-79000000.0,-28800000.0,-177800000.0,-111300000.0,7200000.0,236300000.0,0.0,174800000.0,174800000.0,174800000.0,-900000.0,0.0,0.059,884200000.0,184800000.0,407200000.0,0.17,1.813,12.993,13.131,349200000.0,0.0,23.11,0.767,0.764,556400000.0,1811400000.0,2962700000.0,2962700000.0,-5700000.0,0.07,0.141,0.161,0.062,12300000.0,704600000.0,1.0,98277823.0,97900000.0,104100000.0,30.263,1340900000.0,118600000.0,-8700000.0,268400000.0,13.697,526700000.0
12,CVG,MRT,2015-06-30,2015-06-30,2015-06-30,2019-10-18,-79400000.0,2498500000.0,2496325000.0,919600000.0,1578900000.0,1.19,12.621,-112000000.0,195300000.0,195300000.0,1898700000.0,149500000.0,2.336,0.961,401500000.0,5300000.0,396200000.0,401500000.0,0.0,178200000.0,0.0,0.011,0.29,183100000.0,361300000.0,0.122,361300000.0,183100000.0,164200000.0,1.5,1.41,1.5,1241900000.0,1229200000.0,1241900000.0,2748023551.0,15.0,7.606,190100000.0,1.932,1.0,1071900000.0,0.361,1176100000.0,18900000.0,1135000000.0,1141225000.0,0.0,12700000.0,12700000.0,0.0,1192900000.0,393600000.0,799300000.0,2519223551.0,11900000.0,1900000.0,-67200000.0,-85500000.0,-28000000.0,-180200000.0,-110000000.0,0.0,302100000.0,0.0,149500000.0,149500000.0,149500000.0,-3200000.0,0.0,0.05,892900000.0,179000000.0,388300000.0,0.193,2.029,16.851,16.993,350000000.0,0.0,25.49,0.848,0.844,519200000.0,1761200000.0,2970600000.0,2970600000.0,-3800000.0,0.06,0.122,0.16,0.062,10900000.0,704400000.0,1.0,98831838.0,98400000.0,105000000.0,30.189,1322400000.0,123200000.0,14700000.0,280700000.0,13.439,526000000.0
13,CVG,MRT,2015-03-31,2015-03-31,2015-03-31,2019-10-18,-89300000.0,2519600000.0,2515300000.0,939500000.0,1580100000.0,1.189,12.335,-127000000.0,232200000.0,232200000.0,1906800000.0,145200000.0,2.504,1.011,461000000.0,6300000.0,454700000.0,461000000.0,0.0,181300000.0,0.0,0.012,0.28,183600000.0,364900000.0,0.122,364900000.0,183600000.0,163700000.0,1.46,1.36,1.46,1221200000.0,1252025000.0,1221200000.0,2506432918.0,14.0,6.869,183400000.0,1.853,1.0,1083500000.0,0.362,1175300000.0,19900000.0,1197900000.0,1145200000.0,0.0,12400000.0,12400000.0,0.0,1234400000.0,375200000.0,859200000.0,2265132918.0,50000000.0,1900000.0,-61300000.0,-54100000.0,-27200000.0,-142200000.0,-118200000.0,6800000.0,310400000.0,0.0,145200000.0,145200000.0,145200000.0,-3000000.0,0.0,0.049,905500000.0,178000000.0,368900000.0,0.192,1.855,15.6,15.664,354800000.0,0.0,22.87,0.757,0.757,525300000.0,1740100000.0,2990300000.0,2990300000.0,-1900000.0,0.058,0.116,0.16,0.061,9000000.0,711600000.0,1.0,99043853.0,99000000.0,105000000.0,30.205,1344300000.0,110600000.0,18500000.0,275500000.0,13.579,564300000.0
14,CVG,MRT,2014-12-31,2014-12-31,2014-12-31,2019-10-18,-66700000.0,2416100000.0,2585925000.0,783700000.0,1632400000.0,1.104,12.187,-116700000.0,198900000.0,198900000.0,1814500000.0,120000000.0,2.13,0.916,440200000.0,7500000.0,432700000.0,440200000.0,0.0,167600000.0,0.0,0.013,0.27,152100000.0,319700000.0,0.112,319700000.0,152100000.0,132800000.0,1.19,1.13,1.19,1227200000.0,1270800000.0,1227200000.0,2292737204.0,15.0,7.172,144300000.0,1.433,1.0,1041000000.0,0.365,1205900000.0,19300000.0,1083600000.0,1186550000.0,0.0,13000000.0,13000000.0,0.0,1124600000.0,367900000.0,756700000.0,2044037204.0,-381900000.0,-802600000.0,-43900000.0,275800000.0,-26200000.0,207600000.0,-850500000.0,68700000.0,261000000.0,0.0,120000000.0,120000000.0,120000000.0,-3500000.0,0.0,0.042,890200000.0,150800000.0,360400000.0,0.227,1.666,17.034,17.118,367800000.0,0.0,20.37,0.716,0.718,511100000.0,1707600000.0,2855500000.0,2855500000.0,0.0,0.046,0.094,0.128,0.053,8400000.0,684800000.0,1.0,100345469.0,100700000.0,106200000.0,28.357,1210200000.0,15000000.0,12800000.0,175800000.0,12.018,415800000.0
15,CVG,MRT,2014-09-30,2014-09-30,2014-09-30,2019-10-18,-46100000.0,2551100000.0,2471075000.0,891800000.0,1659300000.0,1.06,12.18,-107100000.0,228600000.0,228600000.0,1676000000.0,50200000.0,2.105,1.027,477300000.0,9200000.0,468100000.0,477300000.0,0.0,144900000.0,0.0,0.015,0.26,142700000.0,287600000.0,0.11,287600000.0,142700000.0,124300000.0,0.52,0.47,0.52,1226500000.0,1270025000.0,1226500000.0,2044065546.0,14.0,7.107,161000000.0,1.599,1.0,942900000.0,0.36,1227700000.0,18400000.0,1148400000.0,1065675000.0,0.0,19900000.0,19900000.0,0.0,1260000000.0,423700000.0,836300000.0,1801665546.0,-297300000.0,-802600000.0,-45900000.0,307700000.0,-25300000.0,237400000.0,-802800000.0,105800000.0,268100000.0,0.0,50200000.0,50200000.0,50200000.0,-3500000.0,0.0,0.019,805600000.0,137300000.0,414500000.0,0.5,1.469,35.89,34.269,376500000.0,0.0,17.82,0.688,0.685,499100000.0,1666200000.0,2618900000.0,2618900000.0,7600000.0,0.02,0.04,0.134,0.054,10300000.0,611200000.0,1.0,101103566.0,100700000.0,105200000.0,26.007,1323400000.0,80000000.0,74100000.0,238900000.0,13.142,468100000.0
16,CVG,MRT,2014-06-30,2014-06-30,2014-06-30,2019-10-18,9300000.0,2574400000.0,2328350000.0,877200000.0,1697200000.0,1.027,13.161,-93800000.0,183400000.0,183400000.0,1540900000.0,51300000.0,2.122,0.931,425800000.0,17400000.0,408400000.0,425800000.0,0.0,122400000.0,0.0,0.012,0.25,137100000.0,259500000.0,0.109,259500000.0,137100000.0,121700000.0,0.52,0.47,0.52,1333200000.0,1296050000.0,1333200000.0,2677308070.0,20.0,10.317,135700000.0,1.34,1.0,849500000.0,0.355,1252600000.0,15400000.0,1150900000.0,934700000.0,0.0,13200000.0,13200000.0,0.0,1241200000.0,413300000.0,827900000.0,2175608070.0,-331800000.0,-805900000.0,-67200000.0,321100000.0,-24400000.0,230400000.0,-791700000.0,59300000.0,229500000.0,0.0,51300000.0,51300000.0,51300000.0,-6400000.0,0.0,0.021,722500000.0,127000000.0,395900000.0,0.481,1.632,42.41,41.231,390900000.0,0.0,21.44,0.91,0.909,498800000.0,1640500000.0,2390400000.0,2390400000.0,7700000.0,0.022,0.04,0.147,0.057,11200000.0,552100000.0,1.0,101474257.0,101300000.0,107000000.0,23.597,1321800000.0,72200000.0,70400000.0,254100000.0,13.048,463900000.0
17,CVG,MRT,2014-03-31,2014-03-31,2014-03-31,2019-10-18,-18100000.0,2802100000.0,2177425000.0,1097400000.0,1704700000.0,0.991,12.822,-70000000.0,182200000.0,182200000.0,1397000000.0,50000000.0,1.606,1.162,683900000.0,258300000.0,425600000.0,683900000.0,0.0,98600000.0,0.0,0.011,0.24,131800000.0,230400000.0,0.107,230400000.0,131800000.0,119200000.0,0.5,0.46,0.5,1296300000.0,1296850000.0,1296300000.0,1688342343.0,13.0,7.328,133000000.0,1.316,1.0,761300000.0,0.353,1257400000.0,12600000.0,1363300000.0,808900000.0,0.0,20200000.0,20200000.0,0.0,1505800000.0,683100000.0,822700000.0,2208042343.0,-342800000.0,-820900000.0,-83300000.0,344700000.0,-24600000.0,238100000.0,-783900000.0,58000000.0,203000000.0,0.0,50000000.0,50000000.0,50000000.0,-8000000.0,0.0,0.023,638400000.0,122900000.0,424800000.0,0.48,1.703,44.161,43.82,395800000.0,0.0,21.91,1.023,1.026,515100000.0,1622900000.0,2158300000.0,2158300000.0,8000000.0,0.023,0.039,0.163,0.061,11900000.0,495400000.0,1.0,100777834.0,101100000.0,107300000.0,21.348,1544700000.0,52400000.0,69200000.0,222800000.0,15.279,414300000.0
18,CVG,MRT,2013-12-31,2013-12-31,2013-12-31,2019-10-18,-19500000.0,1956700000.0,1975425000.0,1060400000.0,896300000.0,1.036,11.85,-63800000.0,580800000.0,580800000.0,1335100000.0,60900000.0,3.624,0.545,126600000.0,900000.0,125700000.0,126600000.0,0.0,90800000.0,0.0,0.011,0.24,144900000.0,235700000.0,0.115,235700000.0,144900000.0,133400000.0,0.59,0.56,0.59,1224100000.0,1310675000.0,1224100000.0,1676292035.0,12.0,7.112,146200000.0,1.415,1.0,711000000.0,0.347,609800000.0,11500000.0,600100000.0,636275000.0,0.0,82900000.0,82900000.0,0.0,667100000.0,292600000.0,374500000.0,2141092035.0,26100000.0,-16400000.0,-119800000.0,-5900000.0,-23800000.0,-148300000.0,-35600000.0,-4400000.0,210000000.0,0.0,60900000.0,60900000.0,60900000.0,-2400000.0,0.0,0.03,573600000.0,137400000.0,291700000.0,0.407,1.749,35.158,35.678,246400000.0,0.0,21.05,1.046,1.063,319800000.0,1614800000.0,2046100000.0,2046100000.0,8200000.0,0.031,0.046,0.228,0.071,13400000.0,465000000.0,1.0,101714586.0,103300000.0,109200000.0,19.807,1346900000.0,15100000.0,72500000.0,150800000.0,13.039,767800000.0
19,CVG,MRT,2013-09-30,2013-09-30,2013-09-30,2019-10-18,-23300000.0,1980200000.0,1995725000.0,1074500000.0,905700000.0,1.016,12.918,-76000000.0,525900000.0,525900000.0,1316100000.0,114400000.0,3.836,0.488,61100000.0,900000.0,60200000.0,61100000.0,0.0,91400000.0,0.0,0.012,0.23,138900000.0,230300000.0,0.114,230300000.0,138900000.0,127400000.0,1.1,1.02,1.1,1330600000.0,1347625000.0,1330600000.0,1490986350.0,11.0,6.474,80100000.0,0.778,1.0,711500000.0,0.351,610800000.0,11500000.0,624500000.0,651425000.0,0.0,126500000.0,126500000.0,0.0,649600000.0,280100000.0,369500000.0,1945186350.0,-171400000.0,-16400000.0,-153800000.0,-4900000.0,-23200000.0,-174700000.0,-152800000.0,-100500000.0,156100000.0,0.0,114400000.0,114400000.0,114400000.0,-3800000.0,0.0,0.056,581100000.0,130400000.0,279200000.0,0.209,1.462,17.003,17.045,246500000.0,0.0,18.75,0.959,0.952,320400000.0,1642000000.0,2027600000.0,2027600000.0,8400000.0,0.057,0.085,0.213,0.069,16100000.0,473300000.0,1.0,103743272.0,103000000.0,107900000.0,19.685,1369400000.0,39500000.0,13000000.0,138500000.0,13.295,794400000.0
20,CVG,MRT,2013-06-30,2013-06-30,2013-06-30,2019-10-18,-25200000.0,1970700000.0,2024025000.0,1056400000.0,914300000.0,0.995,12.875,-83900000.0,515200000.0,515200000.0,1300800000.0,108400000.0,4.096,0.475,61000000.0,900000.0,60100000.0,61000000.0,0.0,88900000.0,0.0,0.013,0.22,136900000.0,225800000.0,0.112,225800000.0,136900000.0,125500000.0,1.02,0.95,1.02,1336400000.0,1364325000.0,1336400000.0,1366851367.0,10.0,6.053,49700000.0,0.479,1.0,713400000.0,0.354,610900000.0,11400000.0,647700000.0,628950000.0,0.0,72200000.0,72200000.0,0.0,634300000.0,257900000.0,376400000.0,1831251367.0,-203600000.0,-15000000.0,-171400000.0,-5100000.0,-22700000.0,-192000000.0,-145200000.0,-40300000.0,133600000.0,0.0,108400000.0,108400000.0,108400000.0,4300000.0,0.0,0.054,575600000.0,137800000.0,257000000.0,0.216,1.37,16.893,17.088,251800000.0,0.0,17.43,0.909,0.898,319500000.0,1614500000.0,2014200000.0,2014200000.0,8700000.0,0.054,0.079,0.218,0.068,18400000.0,472900000.0,1.0,105063188.0,103800000.0,108100000.0,19.405,1359800000.0,39200000.0,17100000.0,143400000.0,13.1,798500000.0
21,CVG,MRT,2013-03-31,2013-03-31,2013-03-31,2019-10-18,-14100000.0,1994100000.0,2059250000.0,1073500000.0,920600000.0,0.972,12.787,-93500000.0,525000000.0,525000000.0,1290000000.0,99600000.0,4.105,0.475,60600000.0,800000.0,59800000.0,60600000.0,0.0,88600000.0,0.0,0.012,0.21,113900000.0,202500000.0,0.101,202500000.0,113900000.0,101000000.0,0.92,0.86,0.92,1351600000.0,1383750000.0,1351600000.0,1315454769.0,12.0,6.496,30300000.0,0.287,1.0,711000000.0,0.355,595400000.0,12900000.0,672800000.0,597000000.0,0.0,78000000.0,78000000.0,0.0,642500000.0,261500000.0,381000000.0,1809554769.0,114500000.0,0.0,-208400000.0,-61200000.0,-16400000.0,-279300000.0,270000000.0,-64800000.0,123800000.0,0.0,99600000.0,99600000.0,99600000.0,-62600000.0,0.0,0.05,664900000.0,46100000.0,260700000.0,0.228,1.339,18.168,18.511,268400000.0,0.0,17.03,0.904,0.9,325700000.0,1596900000.0,2001000000.0,2001000000.0,9000000.0,0.048,0.072,0.191,0.057,20300000.0,467100000.0,1.0,106256886.0,105700000.0,110300000.0,18.931,1398700000.0,29000000.0,1400000.0,134500000.0,13.233,812000000.0
22,CVG,MRT,2012-12-31,2012-12-31,2012-12-31,2019-10-18,-10500000.0,2037900000.0,2139050000.0,1100600000.0,937300000.0,0.937,12.227,-98400000.0,554700000.0,554700000.0,1289500000.0,100600000.0,3.842,0.485,60600000.0,700000.0,59900000.0,60600000.0,0.0,88700000.0,0.0,0.009,0.15,115300000.0,204000000.0,0.102,204000000.0,115300000.0,101700000.0,0.9,0.86,0.9,1371900000.0,1410500000.0,1371900000.0,1154366906.0,10.0,5.659,14600000.0,0.13,1.0,715500000.0,0.357,596600000.0,13600000.0,660700000.0,676675000.0,0.0,83800000.0,83800000.0,0.0,666000000.0,286500000.0,379500000.0,1791066906.0,132900000.0,0.0,-169900000.0,-66500000.0,-11200000.0,-242700000.0,262600000.0,-64300000.0,113000000.0,0.0,100600000.0,100600000.0,100600000.0,-72400000.0,0.0,0.05,676900000.0,38600000.0,285800000.0,0.167,1.306,17.804,18.233,279200000.0,0.0,16.41,0.893,0.918,319800000.0,1578600000.0,2005000000.0,2005000000.0,10800000.0,0.047,0.071,0.17,0.058,20200000.0,477200000.0,1.0,109144845.0,112200000.0,117100000.0,17.87,1441300000.0,28100000.0,1100000.0,136500000.0,12.846,814100000.0
23,CVG,MRT,2012-09-30,2012-09-30,2012-09-30,2019-10-18,-14600000.0,2093400000.0,2212275000.0,1169300000.0,924100000.0,0.903,12.567,-93600000.0,697300000.0,697300000.0,1283500000.0,123100000.0,3.612,0.498,60600000.0,700000.0,59900000.0,60600000.0,0.0,87200000.0,0.0,0.006,0.1,128000000.0,215200000.0,0.108,215200000.0,128000000.0,113600000.0,1.08,1.03,1.08,1397400000.0,1420400000.0,1397400000.0,1103787163.0,9.0,5.129,74200000.0,0.667,1.0,713200000.0,0.357,598400000.0,14400000.0,534600000.0,765775000.0,0.0,32100000.0,32100000.0,0.0,696000000.0,323700000.0,372300000.0,1761887163.0,224800000.0,0.0,-171600000.0,-66600000.0,-5700000.0,-244000000.0,301000000.0,-35200000.0,167800000.0,0.0,123100000.0,123100000.0,123100000.0,-85800000.0,0.0,0.062,674700000.0,38500000.0,323000000.0,0.093,1.261,14.313,14.509,266400000.0,0.0,15.67,0.882,0.873,311100000.0,1552100000.0,1996700000.0,1996700000.0,11800000.0,0.056,0.087,0.167,0.064,19300000.0,478100000.0,1.0,112436960.0,111200000.0,115500000.0,17.956,1495000000.0,26800000.0,-9500000.0,121400000.0,13.444,845600000.0
24,CVG,MRT,2012-06-30,2012-06-30,2012-06-30,2019-10-18,-26600000.0,2111600000.0,2275200000.0,1197700000.0,913900000.0,0.871,12.254,-85300000.0,718800000.0,718800000.0,1274500000.0,308900000.0,3.557,0.493,60700000.0,800000.0,59900000.0,60700000.0,0.0,86900000.0,0.0,0.003,0.05,407200000.0,494100000.0,0.249,494100000.0,407200000.0,392000000.0,2.61,2.54,2.61,1414100000.0,1426450000.0,1414100000.0,1434575423.0,4.0,2.903,60900000.0,0.528,1.0,707900000.0,0.357,596900000.0,15200000.0,519900000.0,827150000.0,0.0,38200000.0,38200000.0,0.0,697500000.0,336700000.0,360800000.0,1723275423.0,537500000.0,320000000.0,-117900000.0,-111800000.0,0.0,-229900000.0,621200000.0,-41700000.0,146200000.0,0.0,308900000.0,308900000.0,308900000.0,-110600000.0,0.0,0.156,680400000.0,27500000.0,335900000.0,0.019,1.219,5.579,5.659,262000000.0,0.0,14.77,0.869,0.86,307800000.0,1501800000.0,1982400000.0,1982400000.0,12900000.0,0.136,0.217,0.492,0.205,16800000.0,483200000.0,1.0,116674030.0,115400000.0,115400000.0,17.179,1514700000.0,27400000.0,83100000.0,102300000.0,13.126,861000000.0
25,CVG,MRT,2012-03-31,2012-03-31,2012-03-31,2019-10-18,-31700000.0,2313300000.0,2276300000.0,1248600000.0,1064700000.0,0.864,12.585,-77900000.0,410500000.0,410500000.0,1262500000.0,326000000.0,3.236,0.586,121800000.0,1000000.0,120800000.0,121800000.0,0.0,85100000.0,0.0,0.0,0.0,443000000.0,528100000.0,0.269,528100000.0,443000000.0,427900000.0,2.74,2.67,2.74,1458600000.0,1379100000.0,1458600000.0,1252565689.0,3.0,2.372,95800000.0,0.827,1.0,703400000.0,0.358,647300000.0,15100000.0,991500000.0,908075000.0,0.0,0.0,0.0,0.0,854700000.0,385800000.0,468900000.0,1547165689.0,244200000.0,320000000.0,-74700000.0,-64400000.0,0.0,-139300000.0,209800000.0,-22700000.0,173700000.0,0.0,326000000.0,326000000.0,326000000.0,-50000000.0,0.0,0.166,589000000.0,114400000.0,266000000.0,0.0,1.061,4.746,4.872,338800000.0,0.0,13.35,0.787,0.787,302600000.0,1521200000.0,1965900000.0,1965900000.0,14000000.0,0.143,0.236,0.488,0.225,16400000.0,488700000.0,1.0,115892561.0,115900000.0,118900000.0,16.962,1666000000.0,63200000.0,101900000.0,101900000.0,14.374,862800000.0
26,CVG,MRT,2011-12-31,2011-12-31,2011-12-31,2019-10-18,-46700000.0,2330800000.0,2225175000.0,951100000.0,1379700000.0,0.869,11.743,-74800000.0,421800000.0,421800000.0,1240400000.0,334800000.0,2.555,0.651,127100000.0,6200000.0,120900000.0,127100000.0,0.0,83700000.0,0.0,0.0,0.0,457400000.0,541100000.0,0.28,541100000.0,457400000.0,441300000.0,2.79,2.72,2.79,1411500000.0,1317075000.0,1411500000.0,1189351692.0,3.0,2.198,121800000.0,1.013,1.0,692800000.0,0.358,646800000.0,16100000.0,1017100000.0,871500000.0,0.0,22700000.0,22700000.0,0.0,919300000.0,372200000.0,547100000.0,1534451692.0,235700000.0,330000000.0,-93800000.0,-86000000.0,0.0,-183000000.0,222100000.0,-22700000.0,196600000.0,0.0,334800000.0,334800000.0,334800000.0,-52300000.0,0.0,0.173,582700000.0,110100000.0,297700000.0,0.0,1.087,4.583,4.577,343900000.0,0.0,12.77,0.794,0.794,305900000.0,1495500000.0,1933200000.0,1933200000.0,14000000.0,0.15,0.254,0.525,0.237,14800000.0,483800000.0,1.0,120160665.0,120200000.0,122900000.0,16.083,1684000000.0,70900000.0,106500000.0,101000000.0,14.01,578900000.0
27,CVG,MRT,2011-09-30,2011-09-30,2011-09-30,2019-10-18,-34800000.0,2345100000.0,2173800000.0,1003600000.0,1341500000.0,0.766,11.837,-61300000.0,472500000.0,472500000.0,1092100000.0,135600000.0,2.717,0.65,127400000.0,6400000.0,121000000.0,127400000.0,0.0,74400000.0,0.0,0.0,0.0,240200000.0,314600000.0,0.189,314600000.0,240200000.0,223400000.0,1.16,1.13,1.16,1421600000.0,1260225000.0,1421600000.0,1117188013.0,5.0,3.551,108000000.0,0.899,1.0,573700000.0,0.344,850500000.0,16800000.0,780100000.0,821650000.0,0.0,0.0,0.0,0.0,923500000.0,369400000.0,554100000.0,1125688013.0,317800000.0,333300000.0,-35700000.0,-63400000.0,0.0,-105900000.0,254400000.0,0.0,169300000.0,0.0,135600000.0,135600000.0,135600000.0,-74000000.0,0.0,0.081,713000000.0,-139300000.0,363000000.0,0.0,0.792,8.302,8.086,341200000.0,0.0,9.38,0.676,0.676,376800000.0,1441800000.0,1665800000.0,1665800000.0,-13400000.0,0.062,0.108,0.292,0.144,9700000.0,458600000.0,1.0,120009383.0,120100000.0,121800000.0,13.87,1494600000.0,84400000.0,87800000.0,153800000.0,12.445,634200000.0
28,CVG,MRT,2011-06-30,2011-06-30,2011-06-30,2019-10-18,-13900000.0,2116000000.0,2147875000.0,691900000.0,1424100000.0,0.805,10.147,-66000000.0,181300000.0,181300000.0,1116500000.0,-49300000.0,1.695,0.728,172800000.0,51300000.0,121500000.0,172800000.0,0.0,80100000.0,0.0,0.0,0.0,-34800000.0,45300000.0,0.026,45300000.0,-34800000.0,-52100000.0,-0.39,-0.39,-0.39,1224700000.0,1233200000.0,1224700000.0,1672274190.0,-48.0,36.916,118000000.0,0.978,1.0,612000000.0,0.354,855600000.0,17300000.0,843600000.0,830550000.0,0.0,66100000.0,0.0,66100000.0,891300000.0,408300000.0,483000000.0,1655074190.0,51600000.0,13300000.0,-60800000.0,7900000.0,0.0,-59600000.0,-72800000.0,0.0,184000000.0,0.0,-49300000.0,-49300000.0,-49300000.0,-45400000.0,0.0,-0.029,744700000.0,-132700000.0,357000000.0,0.0,1.351,-33.571,-34.974,341500000.0,0.0,13.64,0.958,0.952,359700000.0,1228700000.0,1728500000.0,1728500000.0,-3700000.0,-0.023,-0.04,-0.042,-0.02,10000000.0,476100000.0,1.0,121339750.0,120700000.0,124100000.0,14.321,1260400000.0,79300000.0,-2800000.0,96800000.0,10.442,283600000.0
29,CVG,MRT,2011-03-31,2011-03-31,2011-03-31,2019-10-18,-10900000.0,2108800000.0,2178225000.0,685700000.0,1423100000.0,0.818,9.914,-62300000.0,166300000.0,166300000.0,1131400000.0,-53600000.0,1.624,0.742,183500000.0,63900000.0,119600000.0,183500000.0,0.0,87900000.0,0.0,0.0,0.0,-45100000.0,42800000.0,0.024,42800000.0,-45100000.0,-63500000.0,-0.43,-0.43,-0.43,1210500000.0,1247425000.0,1210500000.0,1780250826.0,-39.0,41.595,118200000.0,0.968,1.0,650700000.0,0.365,858700000.0,18400000.0,845200000.0,817825000.0,0.0,65000000.0,0.0,65000000.0,898300000.0,422100000.0,476200000.0,1756050826.0,57900000.0,13000000.0,-41900000.0,-84700000.0,0.0,-133200000.0,10600000.0,0.0,180500000.0,0.0,-53600000.0,-53600000.0,-53600000.0,-53900000.0,0.0,-0.03,802000000.0,-151300000.0,358200000.0,0.0,1.451,-32.762,-33.395,341400000.0,0.0,14.36,0.985,0.984,362100000.0,1197300000.0,1782100000.0,1782100000.0,6800000.0,-0.025,-0.043,-0.055,-0.025,9300000.0,497500000.0,1.0,122287662.0,122100000.0,126000000.0,14.595,1250100000.0,79500000.0,-9900000.0,88800000.0,10.238,263600000.0
30,CVG,MRT,2010-12-31,2010-12-31,2010-12-31,2019-10-18,-15300000.0,2125300000.0,2238225000.0,705500000.0,1419800000.0,0.832,9.619,-63000000.0,186100000.0,186100000.0,1157800000.0,-53200000.0,1.497,0.795,210300000.0,91000000.0,119300000.0,210300000.0,0.0,95300000.0,0.0,0.0,0.0,-41200000.0,54100000.0,0.029,54100000.0,-41200000.0,-60700000.0,-0.43,-0.43,-0.43,1184100000.0,1257225000.0,1184100000.0,1641400573.0,-40.0,30.34,131200000.0,1.066,1.0,705500000.0,0.379,860600000.0,19500000.0,817700000.0,800425000.0,0.0,64300000.0,0.0,64300000.0,941200000.0,471200000.0,470000000.0,1604500573.0,-145600000.0,0.0,-24900000.0,-312000000.0,0.0,-340500000.0,700000.0,0.0,194200000.0,0.0,-53200000.0,-53200000.0,-53200000.0,-56600000.0,0.0,-0.029,859400000.0,-153900000.0,380200000.0,0.0,1.355,-30.16,-30.628,347600000.0,0.0,13.17,0.861,0.87,371600000.0,1165100000.0,1863300000.0,1863300000.0,18000000.0,-0.024,-0.042,-0.051,-0.022,12100000.0,536300000.0,1.0,121829960.0,123100000.0,123100000.0,15.136,1264700000.0,79000000.0,-7500000.0,76400000.0,10.274,234300000.0
31,CVG,MRT,2010-09-30,2010-09-30,2010-09-30,2019-10-18,-24900000.0,2241400000.0,2358350000.0,642800000.0,1598600000.0,0.944,10.662,-63600000.0,154700000.0,154700000.0,1343400000.0,133100000.0,1.483,0.706,191600000.0,72600000.0,119000000.0,191600000.0,0.0,111900000.0,0.0,0.0,0.0,171100000.0,283000000.0,0.127,283000000.0,171100000.0,148100000.0,1.08,1.06,1.08,1313500000.0,1262800000.0,1313500000.0,1332495485.0,8.0,4.708,179700000.0,1.459,1.0,882800000.0,0.397,1029300000.0,23000000.0,815700000.0,804375000.0,0.0,58900000.0,0.0,58900000.0,927900000.0,433300000.0,494600000.0,1296595485.0,-181600000.0,-3300000.0,-24900000.0,-407300000.0,0.0,-432200000.0,7300000.0,0.0,243300000.0,0.0,133100000.0,133100000.0,133100000.0,-64500000.0,0.0,0.06,824000000.0,58800000.0,360700000.0,0.0,0.987,9.742,9.676,376100000.0,0.0,10.45,0.582,0.578,354400000.0,1310500000.0,2226200000.0,2226200000.0,58300000.0,0.056,0.105,0.213,0.077,17000000.0,598900000.0,1.0,124076123.0,123200000.0,125400000.0,18.07,1212100000.0,40400000.0,15000000.0,94000000.0,9.838,209500000.0
32,CVG,MRT,2010-06-30,2010-06-30,2010-06-30,2019-10-18,-49000000.0,2237400000.0,2463875000.0,645200000.0,1592200000.0,0.918,10.344,-56100000.0,129700000.0,129700000.0,1358400000.0,18300000.0,1.431,0.746,165600000.0,46600000.0,119000000.0,165600000.0,0.0,116200000.0,0.0,0.0,0.0,49200000.0,165400000.0,0.073,165400000.0,49200000.0,22900000.0,0.15,0.14,0.15,1281600000.0,1209650000.0,1281600000.0,1321682550.0,27.0,7.991,158200000.0,1.277,1.0,902600000.0,0.399,1029700000.0,26300000.0,792700000.0,918100000.0,0.0,56800000.0,0.0,56800000.0,955800000.0,450900000.0,504900000.0,1213182550.0,-206300000.0,-3300000.0,0.0,-437200000.0,0.0,-437200000.0,16600000.0,0.0,214300000.0,0.0,18300000.0,18300000.0,18300000.0,45500000.0,0.0,0.008,851700000.0,50900000.0,403600000.0,0.0,0.947,66.294,65.4,381200000.0,0.0,9.81,0.537,0.538,365300000.0,1282700000.0,2261000000.0,2261000000.0,63900000.0,0.007,0.015,0.054,0.022,18100000.0,607600000.0,1.0,123667946.0,123900000.0,126000000.0,18.249,1207700000.0,51800000.0,4600000.0,97400000.0,9.747,194300000.0
33,CVG,MRT,2010-03-31,2010-03-31,2010-03-31,2019-10-18,-49100000.0,2348800000.0,2616150000.0,808600000.0,1540200000.0,0.895,10.127,-65200000.0,108400000.0,108400000.0,1403900000.0,-70000000.0,1.245,0.879,216900000.0,152600000.0,64300000.0,216900000.0,0.0,118700000.0,0.0,0.0,0.0,-26400000.0,92300000.0,0.039,92300000.0,-26400000.0,-54200000.0,-0.57,-0.57,-0.57,1249700000.0,1182450000.0,1249700000.0,1647964335.0,-62.0,17.854,232200000.0,1.882,1.0,938600000.0,0.401,1032200000.0,27800000.0,775600000.0,1041600000.0,0.0,58300000.0,0.0,58300000.0,1099100000.0,649500000.0,449600000.0,1510064335.0,-169200000.0,-13000000.0,0.0,-384200000.0,0.0,-386900000.0,-79700000.0,0.0,297400000.0,0.0,-70000000.0,-70000000.0,-70000000.0,148900000.0,0.0,-0.03,855800000.0,82800000.0,388400000.0,0.0,1.208,-21.572,-21.509,339700000.0,0.0,12.26,0.645,0.646,367300000.0,1256000000.0,2342500000.0,2342500000.0,70100000.0,-0.027,-0.059,-0.025,-0.011,18200000.0,620600000.0,1.0,123170011.0,123400000.0,125900000.0,18.983,1316600000.0,46000000.0,15800000.0,83200000.0,10.669,159100000.0
34,CVG,MRT,2009-12-31,2009-12-31,2009-12-31,2019-10-18,-57000000.0,2605800000.0,2756800000.0,942400000.0,1663400000.0,0.878,9.824,-71400000.0,331700000.0,331700000.0,1461600000.0,-77300000.0,1.069,1.16,469600000.0,405200000.0,64400000.0,469600000.0,0.0,121200000.0,0.0,0.0,0.0,-36800000.0,84400000.0,0.035,84400000.0,-36800000.0,-65700000.0,-0.63,-0.62,-0.63,1206400000.0,1163625000.0,1206400000.0,1589524823.0,-43.0,18.833,233300000.0,1.9,1.0,959400000.0,0.396,1028900000.0,28900000.0,833500000.0,1195775000.0,0.0,52700000.0,0.0,52700000.0,1399400000.0,881300000.0,518100000.0,1321924823.0,91700000.0,-3100000.0,0.0,-132300000.0,0.0,-135000000.0,-78000000.0,0.0,304700000.0,0.0,-77300000.0,-77300000.0,-77300000.0,161800000.0,0.0,-0.032,858200000.0,101200000.0,427600000.0,0.0,1.096,-17.101,-17.063,323300000.0,0.0,10.75,0.546,0.545,384300000.0,1221300000.0,2421000000.0,2421000000.0,74200000.0,-0.028,-0.066,-0.031,-0.015,16600000.0,616400000.0,1.0,122969751.0,122800000.0,124900000.0,19.715,1576900000.0,119300000.0,11600000.0,48600000.0,12.841,61100000.0
35,CVG,MRT,2009-09-30,2009-09-30,2009-09-30,2019-10-18,-79200000.0,2663500000.0,2815700000.0,1014200000.0,1649300000.0,0.806,8.958,-76200000.0,336300000.0,336300000.0,1282800000.0,-148200000.0,1.818,1.419,603900000.0,73900000.0,530000000.0,603900000.0,110300000.0,116400000.0,0.0,0.0,0.0,-3100000.0,113300000.0,0.05,113300000.0,-3100000.0,-33400000.0,-1.21,-1.18,-1.21,1100900000.0,1149550000.0,1100900000.0,1492928205.0,-482.0,13.177,308300000.0,2.509,1.0,986400000.0,0.435,1102600000.0,30300000.0,1270600000.0,1328750000.0,0.0,53700000.0,0.0,53700000.0,1562600000.0,557900000.0,1004700000.0,1221128205.0,200000000.0,-40200000.0,0.0,-59400000.0,0.0,-56300000.0,-128200000.0,0.0,384500000.0,0.0,-148200000.0,-148200000.0,-148200000.0,446000000.0,0.0,-0.065,582700000.0,403700000.0,484000000.0,0.0,1.109,-8.24,-8.215,378200000.0,0.0,9.94,0.538,0.538,479000000.0,1180500000.0,2269200000.0,2269200000.0,75700000.0,-0.053,-0.129,-0.002,-0.001,14000000.0,579200000.0,1.0,122849920.0,122900000.0,125400000.0,18.464,1560900000.0,84600000.0,114800000.0,128300000.0,12.701,456300000.0
36,CVG,MRT,2009-06-30,2009-06-30,2009-06-30,2019-10-18,-87400000.0,2846500000.0,2856275000.0,979100000.0,1867400000.0,0.824,9.55,-85000000.0,336000000.0,336000000.0,1436800000.0,-202200000.0,1.344,1.427,607800000.0,200700000.0,407100000.0,607800000.0,180900000.0,120800000.0,0.0,0.0,0.0,-147600000.0,-26800000.0,-0.011,-26800000.0,-147600000.0,-176000000.0,-1.66,-1.64,-1.66,1172800000.0,1186025000.0,1172800000.0,1524529188.0,-10.0,-56.885,307000000.0,2.5,1.0,917800000.0,0.39,1103200000.0,28400000.0,1286700000.0,1435500000.0,0.0,51900000.0,0.0,51900000.0,1673700000.0,728400000.0,945300000.0,1138429188.0,281100000.0,-319300000.0,0.0,300900000.0,0.0,304400000.0,-415300000.0,0.0,392000000.0,0.0,-202200000.0,-202200000.0,-202200000.0,329800000.0,0.0,-0.086,782900000.0,134900000.0,527700000.0,0.0,0.971,-5.63,-5.59,405400000.0,0.0,9.28,0.483,0.484,452800000.0,1267100000.0,2354600000.0,2354600000.0,72100000.0,-0.071,-0.17,-0.103,-0.063,14600000.0,580200000.0,1.0,122675559.0,122800000.0,125100000.0,19.174,1743300000.0,75000000.0,26200000.0,102300000.0,14.196,250700000.0
37,CVG,MRT,2009-03-31,2009-03-31,2009-03-31,2019-10-18,-140200000.0,2911400000.0,2791400000.0,1016000000.0,1895400000.0,0.872,9.595,-85700000.0,277600000.0,277600000.0,1531500000.0,-100800000.0,1.266,1.479,663700000.0,257400000.0,406300000.0,663700000.0,154400000.0,121100000.0,0.0,0.0,0.0,-48100000.0,73000000.0,0.03,73000000.0,-48100000.0,-73600000.0,-0.83,-0.83,-0.83,1174400000.0,1247400000.0,1174400000.0,1413244819.0,-29.0,19.36,176100000.0,1.439,1.0,902900000.0,0.371,1102800000.0,25500000.0,1392300000.0,1462925000.0,0.0,52200000.0,0.0,52200000.0,1737000000.0,802400000.0,934600000.0,987344819.0,197600000.0,-313700000.0,-61600000.0,401400000.0,0.0,345000000.0,-409200000.0,0.0,261800000.0,0.0,-100800000.0,-100800000.0,-100800000.0,242600000.0,0.0,-0.041,760300000.0,142600000.0,545000000.0,0.0,0.841,-9.795,-9.735,411500000.0,0.0,8.08,0.406,0.406,506300000.0,1328700000.0,2434400000.0,2434400000.0,63500000.0,-0.036,-0.081,-0.033,-0.02,16100000.0,565900000.0,1.0,122196141.0,122400000.0,124000000.0,19.889,1808600000.0,92200000.0,27200000.0,59800000.0,14.776,213600000.0
38,CVG,MRT,2008-12-31,2008-12-31,2008-12-31,2019-10-18,-136400000.0,2841400000.0,2699425000.0,978000000.0,1863400000.0,0.936,9.313,-83800000.0,240000000.0,240000000.0,1623800000.0,-92900000.0,1.225,1.471,665900000.0,259500000.0,406400000.0,665900000.0,134900000.0,121000000.0,0.0,0.0,0.0,-46500000.0,74500000.0,0.029,74500000.0,-46500000.0,-69000000.0,-0.75,-0.74,-0.75,1150100000.0,1320625000.0,1150100000.0,1309739881.0,-28.0,17.58,147700000.0,1.196,1.0,902500000.0,0.357,1103700000.0,22500000.0,1365400000.0,1456175000.0,0.0,51400000.0,0.0,51400000.0,1691300000.0,798200000.0,893100000.0,782439881.0,119700000.0,-312200000.0,-116600000.0,403300000.0,0.0,292500000.0,-404300000.0,0.0,231500000.0,0.0,-92900000.0,-92900000.0,-92900000.0,239400000.0,0.0,-0.037,761500000.0,141000000.0,538700000.0,0.0,0.68,-8.422,-8.547,420900000.0,0.0,6.41,0.31,0.313,523800000.0,1302300000.0,2526300000.0,2526300000.0,54900000.0,-0.034,-0.07,-0.032,-0.018,16300000.0,561700000.0,1.0,122065504.0,123500000.0,125800000.0,20.456,1737700000.0,85800000.0,23900000.0,39500000.0,14.07,179800000.0
39,CVG,MRT,2008-09-30,2008-09-30,2008-09-30,2019-10-18,-66000000.0,2825800000.0,2630125000.0,924500000.0,1901300000.0,1.063,10.22,-88300000.0,136300000.0,136300000.0,1902400000.0,-18300000.0,1.986,1.266,663600000.0,7900000.0,655700000.0,663600000.0,104200000.0,128000000.0,0.0,0.0,0.0,-57100000.0,70900000.0,0.025,70900000.0,-57100000.0,-74300000.0,-0.2,-0.21,-0.2,1246800000.0,1413525000.0,1246800000.0,2052463169.0,-36.0,28.949,78900000.0,0.647,1.0,893400000.0,0.32,1189900000.0,17200000.0,1697600000.0,1450075000.0,0.0,48600000.0,0.0,48600000.0,1579000000.0,465600000.0,1113400000.0,1800563169.0,19400000.0,-272300000.0,-170300000.0,388000000.0,0.0,222300000.0,-370100000.0,-9500000.0,167200000.0,0.0,-18300000.0,-18300000.0,-18300000.0,0.0,0.0,-0.007,990600000.0,-97200000.0,457700000.0,0.0,1.444,-98.391,-73.9,418800000.0,0.0,14.78,0.644,0.645,594400000.0,1331600000.0,2795800000.0,2795800000.0,53200000.0,-0.007,-0.013,-0.039,-0.02,21100000.0,582300000.0,1.0,121824301.0,122000000.0,122000000.0,22.916,1635900000.0,102800000.0,-56000000.0,48100000.0,13.409,458900000.0
40,CVG,MRT,2008-06-30,2008-06-30,2008-06-30,2019-10-18,-31400000.0,2587000000.0,2551050000.0,797600000.0,1789400000.0,1.107,11.531,-97100000.0,54900000.0,54900000.0,1849100000.0,163500000.0,1.602,0.824,306800000.0,51100000.0,255700000.0,306800000.0,78900000.0,123400000.0,0.0,0.0,0.0,234000000.0,357400000.0,0.127,357400000.0,234000000.0,218100000.0,1.26,1.24,1.26,1418300000.0,1482575000.0,1418300000.0,2015638735.0,9.0,5.64,49800000.0,0.405,1.0,974200000.0,0.345,944500000.0,15900000.0,1396400000.0,1358175000.0,0.0,52700000.0,0.0,52700000.0,1168700000.0,498000000.0,670700000.0,1836138735.0,-166900000.0,10000000.0,-256300000.0,-5700000.0,0.0,-255900000.0,-57900000.0,29200000.0,146900000.0,0.0,163500000.0,163500000.0,163500000.0,0.0,0.0,0.058,766400000.0,207800000.0,446900000.0,0.0,1.295,11.23,11.794,343100000.0,0.0,14.86,0.65,0.647,572000000.0,1471600000.0,2823300000.0,2823300000.0,57000000.0,0.064,0.11,0.172,0.083,22800000.0,563000000.0,1.0,123562499.0,123000000.0,125300000.0,22.954,1642500000.0,76700000.0,54600000.0,123800000.0,13.354,299600000.0
41,CVG,MRT,2008-03-31,2008-03-31,2008-03-31,2019-10-18,25000000.0,2543500000.0,2548200000.0,823500000.0,1720000000.0,1.115,11.563,-96200000.0,80000000.0,80000000.0,1851100000.0,161800000.0,1.94,0.733,259500000.0,3900000.0,255600000.0,259500000.0,76600000.0,122900000.0,0.0,0.0,0.0,238300000.0,361200000.0,0.127,361200000.0,238300000.0,221800000.0,1.21,1.2,1.21,1467300000.0,1515375000.0,1467300000.0,2048549321.0,9.0,5.672,74000000.0,0.583,1.0,989700000.0,0.348,933300000.0,16500000.0,1365300000.0,1344125000.0,0.0,53400000.0,0.0,53400000.0,1076200000.0,424400000.0,651800000.0,1908949321.0,-167200000.0,14400000.0,-219900000.0,-67800000.0,0.0,-275400000.0,-62000000.0,20500000.0,170200000.0,0.0,161800000.0,161800000.0,161800000.0,0.0,0.0,0.057,771200000.0,218500000.0,420500000.0,0.0,1.301,11.798,12.446,347500000.0,0.0,15.06,0.672,0.673,567700000.0,1431100000.0,2840800000.0,2840800000.0,64900000.0,0.063,0.107,0.177,0.084,24400000.0,560400000.0,1.0,126756263.0,126900000.0,129200000.0,22.386,1610200000.0,50400000.0,60000000.0,104400000.0,12.689,399100000.0
42,CVG,MRT,2007-12-31,2007-12-31,2007-12-31,2019-10-18,50300000.0,2564200000.0,2544875000.0,861600000.0,1702600000.0,1.118,11.348,-101300000.0,120300000.0,120300000.0,1837900000.0,169500000.0,2.018,0.685,259900000.0,600000.0,259300000.0,259900000.0,59600000.0,124400000.0,0.0,0.0,0.0,263100000.0,387500000.0,0.136,387500000.0,263100000.0,245600000.0,1.26,1.23,1.26,1521700000.0,1520400000.0,1521700000.0,2302020196.0,9.0,5.941,108600000.0,0.81,1.0,1006400000.0,0.354,935900000.0,17500000.0,1341000000.0,1311600000.0,0.0,55000000.0,0.0,55000000.0,1042500000.0,426900000.0,615600000.0,2143720196.0,-115600000.0,6000000.0,-181300000.0,-83600000.0,0.0,-250700000.0,-74800000.0,20500000.0,209900000.0,0.0,169500000.0,169500000.0,169500000.0,0.0,0.0,0.06,761600000.0,244800000.0,426300000.0,0.0,1.409,12.647,13.063,364400000.0,0.0,16.46,0.754,0.776,557700000.0,1397400000.0,2844300000.0,2844300000.0,73400000.0,0.067,0.111,0.201,0.093,25600000.0,554900000.0,1.0,130238165.0,134100000.0,137700000.0,21.21,1628300000.0,32400000.0,76100000.0,80600000.0,12.142,434700000.0
43,CVG,MRT,2007-09-30,2007-09-30,2007-09-30,2019-10-18,56700000.0,2509500000.0,2538900000.0,854300000.0,1655200000.0,1.123,11.391,-99000000.0,116900000.0,116900000.0,1830100000.0,168700000.0,2.141,0.648,275200000.0,16000000.0,259200000.0,275200000.0,158700000.0,127000000.0,0.0,0.0,0.0,261900000.0,388900000.0,0.136,388900000.0,261900000.0,242700000.0,1.23,1.2,1.23,1523000000.0,1503750000.0,1523000000.0,2444423640.0,9.0,6.285,131200000.0,0.981,1.0,1020500000.0,0.358,938700000.0,19200000.0,1330000000.0,1256825000.0,0.0,51300000.0,0.0,51300000.0,986500000.0,399100000.0,587400000.0,2353723640.0,-133500000.0,3200000.0,-182200000.0,-98400000.0,0.0,-267900000.0,-95800000.0,0.0,230200000.0,0.0,168700000.0,168700000.0,168700000.0,0.0,0.0,0.059,775800000.0,244700000.0,383100000.0,0.0,1.545,13.952,14.114,358300000.0,0.0,17.36,0.826,0.814,591500000.0,1352100000.0,2850600000.0,2850600000.0,78700000.0,0.066,0.112,0.208,0.092,29500000.0,554200000.0,1.0,135583159.0,133700000.0,137100000.0,21.321,1570800000.0,25300000.0,74000000.0,69900000.0,11.749,455200000.0
44,CVG,MRT,2007-06-30,2007-06-30,2007-06-30,2019-10-18,45100000.0,2575600000.0,2546400000.0,952100000.0,1623500000.0,1.119,11.368,-92000000.0,221800000.0,221800000.0,1813200000.0,172100000.0,2.416,0.662,312500000.0,20600000.0,291900000.0,312500000.0,168400000.0,131700000.0,0.0,0.0,0.0,270200000.0,401900000.0,0.141,401900000.0,270200000.0,249500000.0,1.25,1.22,1.25,1549500000.0,1486425000.0,1549500000.0,3398596093.0,13.0,8.456,246300000.0,1.807,1.0,1036400000.0,0.364,932000000.0,20700000.0,1340200000.0,1213725000.0,0.0,55100000.0,0.0,55100000.0,1026100000.0,394100000.0,632000000.0,3318496093.0,20700000.0,-6800000.0,-115800000.0,-76400000.0,0.0,-180100000.0,-137500000.0,-38700000.0,338300000.0,0.0,172100000.0,172100000.0,172100000.0,0.0,0.0,0.06,785000000.0,251400000.0,373500000.0,0.0,2.142,19.282,19.392,354200000.0,0.0,24.24,1.165,1.159,551500000.0,1310300000.0,2849600000.0,2849600000.0,81800000.0,0.068,0.116,0.223,0.095,29900000.0,559000000.0,1.0,136901654.0,136300000.0,140200000.0,20.907,1643600000.0,29200000.0,77400000.0,58600000.0,12.059,558000000.0
45,CVG,MRT,2007-03-31,2007-03-31,2007-03-31,2019-10-18,9200000.0,2530200000.0,2516025000.0,921500000.0,1608700000.0,1.127,10.889,-97300000.0,247200000.0,247200000.0,1790200000.0,173100000.0,2.06,0.701,327300000.0,68100000.0,259200000.0,327300000.0,177800000.0,138100000.0,0.0,0.0,0.0,273100000.0,411200000.0,0.145,411200000.0,273100000.0,251200000.0,1.26,1.22,1.26,1487400000.0,1452425000.0,1487400000.0,3580006828.0,13.0,8.706,264400000.0,1.936,1.0,1044200000.0,0.368,927800000.0,21900000.0,1235200000.0,1162325000.0,0.0,51500000.0,0.0,51500000.0,1042800000.0,447300000.0,595500000.0,3472406828.0,39700000.0,-6800000.0,-114700000.0,-81300000.0,0.0,-188100000.0,-133900000.0,-30000000.0,361700000.0,0.0,173100000.0,173100000.0,173100000.0,0.0,0.0,0.061,788100000.0,256100000.0,379200000.0,0.0,2.335,20.06,20.167,360200000.0,0.0,25.41,1.225,1.225,525900000.0,1271500000.0,2834400000.0,2834400000.0,83600000.0,0.069,0.119,0.235,0.096,30400000.0,553900000.0,1.0,136655129.0,136600000.0,140700000.0,20.75,1602400000.0,46800000.0,78100000.0,48700000.0,11.731,474200000.0
46,CVG,MRT,2006-12-31,2006-12-31,2006-12-31,2019-10-18,3700000.0,2540300000.0,2486650000.0,930200000.0,1610100000.0,1.122,10.514,-96500000.0,235900000.0,235900000.0,1754800000.0,166200000.0,1.561,0.746,343500000.0,83900000.0,259600000.0,343500000.0,80800000.0,142700000.0,0.0,0.0,0.0,267400000.0,410100000.0,0.147,410100000.0,267400000.0,244600000.0,1.2,1.17,1.2,1455100000.0,1428675000.0,1455100000.0,3399853239.0,13.0,8.29,256900000.0,1.856,1.0,1035000000.0,0.371,930100000.0,22800000.0,1121900000.0,1136300000.0,0.0,49500000.0,0.0,49500000.0,1085200000.0,595900000.0,489300000.0,3276653239.0,39900000.0,-1000000.0,-103500000.0,-88700000.0,0.0,-186000000.0,-127500000.0,-30000000.0,353400000.0,0.0,166200000.0,166200000.0,166200000.0,0.0,0.0,0.06,782100000.0,252900000.0,512000000.0,0.0,2.252,19.715,19.817,368600000.0,0.0,23.78,1.175,1.18,545600000.0,1235700000.0,2789800000.0,2789800000.0,84900000.0,0.067,0.116,0.235,0.096,31300000.0,542000000.0,1.0,137790296.0,138400000.0,141700000.0,20.158,1610200000.0,53500000.0,78400000.0,43900000.0,11.634,334300000.0
47,CVG,MRT,2006-09-30,2006-09-30,2006-09-30,2019-10-18,48200000.0,2539500000.0,2454425000.0,940200000.0,1599300000.0,1.116,10.534,-119500000.0,250400000.0,250400000.0,1701600000.0,145100000.0,1.614,0.747,373600000.0,76000000.0,297600000.0,373600000.0,0.0,146200000.0,0.0,0.0,0.0,265300000.0,411500000.0,0.15,411500000.0,265300000.0,242500000.0,1.05,1.03,1.05,1453700000.0,1403675000.0,1453700000.0,3054935642.0,12.0,7.424,265600000.0,1.925,1.0,1037800000.0,0.379,922500000.0,22800000.0,1157600000.0,1133975000.0,0.0,44800000.0,0.0,44800000.0,1085800000.0,582600000.0,503200000.0,2867135642.0,201100000.0,-1100000.0,-45100000.0,-21400000.0,0.0,-63400000.0,-120600000.0,0.0,385100000.0,0.0,145100000.0,145100000.0,145100000.0,0.0,0.0,0.053,776600000.0,261200000.0,506600000.0,0.0,1.972,19.76,19.667,376700000.0,0.0,20.65,1.047,1.04,560700000.0,1191200000.0,2739400000.0,2739400000.0,83400000.0,0.059,0.103,0.234,0.097,27900000.0,534700000.0,1.0,138844341.0,138000000.0,141400000.0,19.851,1617000000.0,60600000.0,97400000.0,62900000.0,11.717,357600000.0
48,CVG,MRT,2006-06-30,2006-06-30,2006-06-30,2019-10-18,42100000.0,2454100000.0,2387075000.0,894400000.0,1559700000.0,1.123,10.162,-126400000.0,201100000.0,201100000.0,1653000000.0,142300000.0,1.512,0.736,388900000.0,89600000.0,299300000.0,388900000.0,0.0,147300000.0,0.0,0.0,0.0,264900000.0,412200000.0,0.154,412200000.0,264900000.0,241900000.0,1.02,1.01,1.02,1413500000.0,1379750000.0,1413500000.0,2933574160.0,11.0,7.117,184500000.0,1.326,1.0,1028500000.0,0.384,915700000.0,23000000.0,1134600000.0,1128325000.0,0.0,40600000.0,0.0,40600000.0,1040600000.0,591600000.0,449000000.0,2732474160.0,142500000.0,-4800000.0,-34700000.0,-4300000.0,0.0,-37200000.0,-131200000.0,0.0,310900000.0,0.0,142300000.0,142300000.0,142300000.0,0.0,0.0,0.053,770000000.0,258500000.0,502000000.0,0.0,1.933,19.202,19.118,386400000.0,0.0,19.5,1.019,1.012,558800000.0,1146000000.0,2681500000.0,2681500000.0,81400000.0,0.06,0.103,0.235,0.099,27100000.0,529000000.0,1.0,140126880.0,139100000.0,142400000.0,19.277,1538400000.0,62300000.0,99600000.0,48000000.0,11.06,302800000.0
49,CVG,MRT,2006-03-31,2006-03-31,2006-03-31,2019-10-18,45100000.0,2412700000.0,2324175000.0,862800000.0,1549900000.0,1.127,9.989,-125700000.0,207500000.0,207500000.0,1609100000.0,128100000.0,1.518,0.733,408600000.0,108600000.0,300000000.0,408600000.0,0.0,146800000.0,0.0,0.0,0.0,244000000.0,390800000.0,0.149,390800000.0,244000000.0,221900000.0,0.91,0.91,0.91,1392400000.0,1353125000.0,1392400000.0,2782582730.0,11.0,7.12,153000000.0,1.098,1.0,1011000000.0,0.386,914200000.0,22100000.0,1131100000.0,1116425000.0,0.0,39100000.0,0.0,39100000.0,1020300000.0,568500000.0,451800000.0,2546382730.0,170300000.0,-5600000.0,-43700000.0,65800000.0,0.0,22900000.0,-131300000.0,0.0,278700000.0,0.0,128100000.0,128100000.0,128100000.0,0.0,0.0,0.049,777300000.0,233700000.0,459900000.0,0.0,1.829,19.878,20.011,396200000.0,0.0,18.21,0.972,0.969,518500000.0,1106200000.0,2620100000.0,2620100000.0,79700000.0,0.055,0.095,0.219,0.093,26200000.0,529600000.0,1.0,139834307.0,139400000.0,142300000.0,18.796,1498500000.0,59900000.0,93800000.0,52900000.0,10.75,294300000.0
50,CVG,MRT,2005-12-31,2005-12-31,2005-12-31,2019-10-18,46400000.0,2411400000.0,2269300000.0,849000000.0,1562400000.0,1.138,9.679,-125900000.0,196000000.0,196000000.0,1583000000.0,122600000.0,1.374,0.779,432200000.0,134700000.0,297500000.0,432200000.0,35900000.0,147300000.0,0.0,0.0,0.0,234600000.0,381900000.0,0.148,381900000.0,234600000.0,213400000.0,0.88,0.86,0.88,1355100000.0,1334300000.0,1355100000.0,2564488101.0,11.0,6.715,106800000.0,0.763,1.0,999100000.0,0.387,917200000.0,21200000.0,1112600000.0,1095975000.0,0.0,43500000.0,0.0,43500000.0,1056300000.0,617800000.0,438500000.0,2218788101.0,137600000.0,-12400000.0,-37300000.0,80500000.0,0.0,43200000.0,-138300000.0,0.0,232700000.0,0.0,122600000.0,122600000.0,122600000.0,0.0,0.0,0.047,775500000.0,223600000.0,483100000.0,0.0,1.637,18.098,18.011,404700000.0,0.0,15.85,0.859,0.859,521100000.0,1069500000.0,2582100000.0,2582100000.0,76900000.0,0.054,0.092,0.214,0.091,23500000.0,530100000.0,1.0,139986631.0,140000000.0,142900000.0,18.444,1494200000.0,54300000.0,90800000.0,44200000.0,10.673,231200000.0
51,CVG,MRT,2005-09-30,2005-09-30,2005-09-30,2019-10-18,35000000.0,2270100000.0,2216150000.0,657500000.0,1612600000.0,1.166,9.756,-124400000.0,49300000.0,49300000.0,1601700000.0,119400000.0,1.173,0.672,395000000.0,96100000.0,298900000.0,395000000.0,0.0,147800000.0,0.0,0.0,0.0,205400000.0,353200000.0,0.137,353200000.0,205400000.0,186200000.0,0.85,0.84,0.85,1358000000.0,1316850000.0,1358000000.0,2347141104.0,11.0,6.645,-35800000.0,-0.257,1.0,983000000.0,0.38,920200000.0,19200000.0,1135000000.0,1070575000.0,0.0,48100000.0,0.0,48100000.0,912100000.0,560600000.0,351500000.0,2012541104.0,-700000.0,-34900000.0,-38500000.0,108500000.0,0.0,70000000.0,-159300000.0,0.0,88600000.0,0.0,119400000.0,119400000.0,119400000.0,0.0,0.0,0.046,795300000.0,187700000.0,464500000.0,0.0,1.482,16.855,16.906,397700000.0,0.0,14.37,0.779,0.774,521500000.0,1046100000.0,2584700000.0,2584700000.0,75900000.0,0.054,0.091,0.192,0.079,24700000.0,532300000.0,1.0,140051573.0,139200000.0,142200000.0,18.568,1349900000.0,51000000.0,66800000.0,0.0,9.698,96900000.0
52,CVG,MRT,2005-06-30,2005-06-30,2005-06-30,2019-10-18,23700000.0,2202500000.0,2156550000.0,608900000.0,1593600000.0,1.196,9.309,-134000000.0,58600000.0,58600000.0,1605300000.0,107100000.0,1.117,0.685,393200000.0,93000000.0,300200000.0,393200000.0,0.0,148900000.0,0.0,0.0,0.0,181700000.0,330600000.0,0.128,330600000.0,181700000.0,165400000.0,0.76,0.75,0.76,1307000000.0,1282775000.0,1307000000.0,2322945956.0,13.0,7.026,2400000.0,0.017,1.0,974500000.0,0.378,904900000.0,16300000.0,1087000000.0,946150000.0,0.0,44900000.0,0.0,44900000.0,895500000.0,545200000.0,350300000.0,2022445956.0,2400000.0,-26800000.0,-49900000.0,76700000.0,0.0,26800000.0,-160800000.0,0.0,136400000.0,0.0,107100000.0,107100000.0,107100000.0,0.0,0.0,0.042,800200000.0,174300000.0,452200000.0,0.0,1.547,18.884,18.711,400200000.0,0.0,14.22,0.784,0.774,475900000.0,1003700000.0,2579800000.0,2579800000.0,77200000.0,0.05,0.083,0.192,0.07,22300000.0,534800000.0,1.0,142225454.0,140400000.0,142900000.0,18.375,1297600000.0,48700000.0,58300000.0,0.0,9.242,63700000.0
53,CVG,MRT,2005-03-31,2005-03-31,2005-03-31,2019-10-18,32900000.0,2193200000.0,2108325000.0,589000000.0,1604200000.0,1.21,9.321,-143300000.0,37200000.0,37200000.0,1587900000.0,110200000.0,1.104,0.665,337700000.0,43100000.0,294600000.0,337700000.0,0.0,146300000.0,0.0,0.0,0.0,184900000.0,331200000.0,0.13,331200000.0,184900000.0,171500000.0,0.78,0.77,0.78,1317100000.0,1253675000.0,1317100000.0,2415041536.0,13.0,7.292,4600000.0,0.033,1.0,963200000.0,0.378,911000000.0,13400000.0,1049300000.0,833600000.0,0.0,38300000.0,0.0,38300000.0,876100000.0,533400000.0,342700000.0,2121741536.0,-3100000.0,-213000000.0,-21000000.0,226300000.0,0.0,205300000.0,-356300000.0,0.0,147900000.0,0.0,110200000.0,110200000.0,110200000.0,0.0,0.0,0.043,780700000.0,182500000.0,490300000.0,0.0,1.611,19.254,19.141,408900000.0,0.0,14.93,0.832,0.827,455700000.0,978100000.0,2551100000.0,2551100000.0,76600000.0,0.052,0.088,0.222,0.072,20100000.0,527400000.0,1.0,142112628.0,141300000.0,143800000.0,18.054,1282200000.0,47500000.0,61300000.0,0.0,9.074,55600000.0
54,CVG,MRT,2004-12-31,2004-12-31,2004-12-31,2019-10-18,38100000.0,2198800000.0,2010025000.0,624100000.0,1574700000.0,1.238,9.09,-156200000.0,58400000.0,58400000.0,1542000000.0,111500000.0,1.099,0.711,351700000.0,49500000.0,302200000.0,351700000.0,0.0,141200000.0,0.0,0.0,0.0,183700000.0,324900000.0,0.131,324900000.0,183700000.0,173400000.0,0.79,0.77,0.79,1285300000.0,1218225000.0,1285300000.0,2854121166.0,16.0,8.785,39200000.0,0.277,1.0,945700000.0,0.38,913000000.0,10300000.0,1011000000.0,719175000.0,0.0,34600000.0,0.0,34600000.0,913500000.0,568100000.0,345400000.0,2621921166.0,21200000.0,-208700000.0,-21200000.0,211900000.0,0.0,190700000.0,-364900000.0,0.0,195400000.0,0.0,111500000.0,111500000.0,111500000.0,0.0,0.0,0.045,760200000.0,185500000.0,518600000.0,0.0,2.04,23.515,18.975,416600000.0,0.0,14.99,1.054,0.852,447300000.0,946900000.0,2487700000.0,2487700000.0,77500000.0,0.055,0.092,0.255,0.074,19200000.0,511100000.0,1.0,174911352.0,141400000.0,145400000.0,17.593,1285800000.0,36900000.0,61900000.0,0.0,9.093,56000000.0
55,CVG,MRT,2004-09-30,2004-09-30,2004-09-30,2019-10-18,15400000.0,2031700000.0,1912875000.0,470900000.0,1560800000.0,1.26,8.689,-212600000.0,50000000.0,50000000.0,1468500000.0,139700000.0,0.657,0.663,282200000.0,227700000.0,54500000.0,282200000.0,0.0,134600000.0,0.0,0.0,0.0,229600000.0,364200000.0,0.151,364200000.0,229600000.0,221000000.0,0.98,0.96,0.98,1221700000.0,1184825000.0,1221700000.0,2603262993.0,11.0,7.148,73300000.0,0.521,1.0,941500000.0,0.391,910200000.0,8600000.0,637300000.0,614875000.0,0.0,38800000.0,0.0,38800000.0,810000000.0,716400000.0,93600000.0,2347262993.0,1300000.0,-225600000.0,-22800000.0,176400000.0,0.0,153600000.0,-438200000.0,0.0,285900000.0,0.0,139700000.0,139700000.0,139700000.0,0.0,0.0,0.058,708100000.0,233400000.0,488700000.0,0.0,1.921,16.802,13.704,402300000.0,0.0,13.43,0.974,0.784,350500000.0,926700000.0,2410000000.0,2410000000.0,83600000.0,0.073,0.118,0.373,0.095,14000000.0,490900000.0,1.0,174777587.0,140600000.0,144900000.0,17.141,1121500000.0,0.0,81300000.0,0.0,7.977,-245500000.0
56,CVG,MRT,2004-06-30,2004-06-30,2004-06-30,2019-10-18,-400000.0,2009600000.0,1827825000.0,446600000.0,1563000000.0,1.281,8.379,-198600000.0,56200000.0,56200000.0,1403400000.0,155100000.0,0.615,0.688,312200000.0,256100000.0,56100000.0,312200000.0,0.0,127200000.0,0.0,0.0,0.0,252700000.0,379900000.0,0.162,379900000.0,252700000.0,245300000.0,1.09,1.06,1.09,1190600000.0,1152650000.0,1190600000.0,2761533939.0,11.0,7.269,120000000.0,0.844,1.0,937400000.0,0.4,902100000.0,7400000.0,636800000.0,570525000.0,0.0,43700000.0,0.0,43700000.0,819000000.0,726700000.0,92300000.0,2690333939.0,22100000.0,-228900000.0,-9300000.0,140300000.0,0.0,131000000.0,-427500000.0,0.0,318600000.0,0.0,155100000.0,155100000.0,155100000.0,0.0,0.0,0.066,683400000.0,254000000.0,470600000.0,0.0,2.26,17.346,14.128,393100000.0,0.0,15.4,1.149,0.935,333600000.0,896600000.0,2340800000.0,2340800000.0,85200000.0,0.085,0.135,0.443,0.108,12600000.0,472000000.0,1.0,174697009.0,142100000.0,146300000.0,16.473,1107500000.0,5300000.0,90200000.0,0.0,7.794,-280100000.0
57,CVG,MRT,2004-03-31,2004-03-31,2004-03-31,2019-10-18,11300000.0,1800000000.0,1749650000.0,415200000.0,1384800000.0,1.316,8.271,-190000000.0,40300000.0,40300000.0,1348700000.0,169200000.0,0.813,0.532,111500000.0,54200000.0,57300000.0,111500000.0,0.0,124400000.0,0.0,0.0,0.0,274700000.0,399100000.0,0.173,399100000.0,274700000.0,267600000.0,1.18,1.15,1.18,1175300000.0,1118550000.0,1175300000.0,2752427197.0,10.0,6.897,133200000.0,0.937,1.0,953600000.0,0.414,769000000.0,7100000.0,591600000.0,532525000.0,0.0,43600000.0,0.0,43600000.0,624700000.0,510600000.0,114100000.0,2654827197.0,12000000.0,-45300000.0,-140600000.0,64700000.0,0.0,-75900000.0,-235300000.0,0.0,323200000.0,0.0,169200000.0,169200000.0,169200000.0,0.0,0.0,0.073,674800000.0,278800000.0,456400000.0,0.0,2.259,15.69,12.881,366300000.0,0.0,15.2,1.153,0.938,295200000.0,867900000.0,2302300000.0,2302300000.0,89600000.0,0.097,0.151,0.516,0.119,14800000.0,461800000.0,1.0,174659684.0,142100000.0,145300000.0,16.202,1031000000.0,18500000.0,98400000.0,0.0,7.255,-95400000.0
58,CVG,MRT,2003-12-31,2003-12-31,2003-12-31,2019-10-18,15700000.0,1810200000.0,1711825000.0,419500000.0,1390700000.0,1.337,7.905,-173800000.0,37200000.0,37200000.0,1320900000.0,171600000.0,0.773,0.572,134800000.0,76000000.0,58800000.0,134800000.0,0.0,124000000.0,0.0,0.0,0.0,278500000.0,402500000.0,0.176,402500000.0,278500000.0,271600000.0,1.18,1.15,1.18,1151700000.0,1103675000.0,1151700000.0,3101999150.0,11.0,7.707,199700000.0,1.371,1.0,967900000.0,0.423,771300000.0,6900000.0,593800000.0,492025000.0,0.0,47200000.0,0.0,47200000.0,658500000.0,542700000.0,115800000.0,3045599150.0,25000000.0,-63400000.0,-190800000.0,79500000.0,0.0,-111300000.0,-237200000.0,0.0,373500000.0,0.0,171600000.0,171600000.0,171600000.0,0.0,0.0,0.075,675500000.0,292400000.0,466700000.0,0.0,2.644,17.748,14.797,363800000.0,0.0,17.46,1.331,1.111,298100000.0,835400000.0,2288800000.0,2288800000.0,94300000.0,0.1,0.155,0.566,0.122,12300000.0,458200000.0,1.0,174432941.0,145700000.0,148800000.0,15.709,1038900000.0,23000000.0,100000000.0,0.0,7.13,-123200000.0
59,CVG,MRT,2003-09-30,2003-09-30,2003-09-30,2019-10-18,17600000.0,1691500000.0,1664150000.0,425400000.0,1266100000.0,1.358,7.719,-84500000.0,48700000.0,48700000.0,1291800000.0,94800000.0,0.772,0.548,105100000.0,97000000.0,8100000.0,105100000.0,0.0,126300000.0,0.0,0.0,0.0,169800000.0,296100000.0,0.131,296100000.0,169800000.0,162800000.0,0.69,0.67,0.69,1093000000.0,1097325000.0,1093000000.0,3331189375.0,20.0,11.25,277900000.0,1.963,1.0,967300000.0,0.428,737100000.0,7000000.0,459900000.0,460900000.0,0.0,46400000.0,0.0,46400000.0,598500000.0,550900000.0,47600000.0,3194089375.0,7000000.0,-23900000.0,-221400000.0,-25600000.0,0.0,-247000000.0,-108400000.0,0.0,362400000.0,0.0,94800000.0,94800000.0,94800000.0,0.0,0.0,0.042,783100000.0,184200000.0,453900000.0,0.0,2.922,33.693,26.58,284800000.0,0.0,18.34,1.414,1.15,289200000.0,787000000.0,2259100000.0,2259100000.0,98100000.0,0.057,0.086,0.368,0.075,23700000.0,451000000.0,1.0,174159726.0,141600000.0,145200000.0,15.954,954400000.0,25400000.0,68000000.0,0.0,6.74,-125500000.0
60,CVG,MRT,2003-06-30,2003-06-30,2003-06-30,2019-10-18,24600000.0,1696900000.0,1656900000.0,463200000.0,1233700000.0,1.358,7.255,-89600000.0,34100000.0,34100000.0,1270100000.0,104900000.0,0.76,0.61,171200000.0,166500000.0,4700000.0,171200000.0,0.0,132000000.0,0.0,0.0,0.0,186100000.0,318100000.0,0.141,318100000.0,186100000.0,177800000.0,0.71,0.7,0.71,1054200000.0,1115300000.0,1054200000.0,2802846176.0,15.0,8.811,390700000.0,2.689,1.0,979500000.0,0.435,739600000.0,8300000.0,484800000.0,484500000.0,0.0,41200000.0,0.0,41200000.0,642700000.0,609600000.0,33100000.0,2784346176.0,10300000.0,-46600000.0,-382400000.0,48600000.0,0.0,-333800000.0,-136200000.0,0.0,480300000.0,0.0,104900000.0,104900000.0,104900000.0,0.0,0.0,0.047,779700000.0,199800000.0,443100000.0,0.0,2.641,26.543,22.535,284800000.0,0.0,16.0,1.238,1.033,318100000.0,741500000.0,2249600000.0,2249600000.0,105000000.0,0.063,0.094,0.384,0.083,21100000.0,435000000.0,1.0,174021636.0,145300000.0,148500000.0,15.482,957300000.0,27400000.0,72900000.0,0.0,6.588,-146400000.0
61,CVG,MRT,2003-03-31,2003-03-31,2003-03-31,2019-10-18,3100000.0,1648700000.0,1670850000.0,437000000.0,1211700000.0,1.352,7.25,-90300000.0,28300000.0,28300000.0,1262500000.0,121200000.0,0.873,0.478,46800000.0,42000000.0,4800000.0,46800000.0,0.0,135100000.0,0.0,0.0,0.0,214400000.0,349500000.0,0.155,349500000.0,214400000.0,205500000.0,0.77,0.76,0.77,1115800000.0,1170725000.0,1115800000.0,2333979602.0,11.0,6.678,381200000.0,2.477,1.0,996600000.0,0.441,737000000.0,8900000.0,429600000.0,538050000.0,0.0,39400000.0,0.0,39400000.0,532900000.0,500600000.0,32300000.0,2290879602.0,-46600000.0,-43200000.0,-285600000.0,-99000000.0,0.0,-384600000.0,-133500000.0,0.0,471500000.0,0.0,121200000.0,121200000.0,121200000.0,0.0,0.0,0.054,773300000.0,223300000.0,458600000.0,0.0,2.053,18.902,17.143,285900000.0,0.0,13.2,1.014,0.899,302900000.0,698700000.0,2259100000.0,2259100000.0,110700000.0,0.073,0.104,0.398,0.095,15500000.0,419800000.0,1.0,173551485.0,153900000.0,156200000.0,14.679,911700000.0,43800000.0,84300000.0,0.0,5.924,-63600000.0
62,CVG,MRT,2002-12-31,2002-12-31,2002-12-31,2019-10-18,-8400000.0,1619500000.0,1707400000.0,418200000.0,1201300000.0,1.339,6.914,-90800000.0,12200000.0,12200000.0,1264900000.0,145900000.0,0.905,0.438,55300000.0,50700000.0,4600000.0,55300000.0,0.0,137100000.0,0.0,0.0,0.0,255400000.0,392500000.0,0.172,392500000.0,255400000.0,244400000.0,0.9,0.88,0.9,1126300000.0,1205025000.0,1126300000.0,2715027371.0,11.0,6.917,352500000.0,2.164,1.0,1021300000.0,0.447,731300000.0,11000000.0,469300000.0,592400000.0,0.0,38100000.0,0.0,38100000.0,493200000.0,462000000.0,31200000.0,2626027371.0,-28900000.0,-28400000.0,-274300000.0,-78700000.0,0.0,-353000000.0,-119200000.0,0.0,443300000.0,0.0,145900000.0,145900000.0,145900000.0,0.0,0.0,0.064,768000000.0,253300000.0,411300000.0,0.0,2.332,17.999,16.833,298000000.0,0.0,15.15,1.149,1.079,315200000.0,663800000.0,2286200000.0,2286200000.0,113700000.0,0.085,0.121,0.431,0.112,17800000.0,409500000.0,1.0,173335140.0,162900000.0,166100000.0,14.034,888200000.0,41200000.0,98500000.0,0.0,5.452,-43800000.0
63,CVG,MRT,2002-09-30,2002-09-30,2002-09-30,2019-10-18,-10400000.0,1662500000.0,1738250000.0,439100000.0,1223400000.0,1.33,7.222,-114400000.0,41700000.0,41700000.0,1277700000.0,230700000.0,0.935,0.427,130700000.0,125900000.0,4800000.0,130700000.0,0.0,147300000.0,0.0,0.0,0.0,381000000.0,528300000.0,0.228,528300000.0,381000000.0,368500000.0,1.37,1.37,1.37,1164900000.0,1230100000.0,1164900000.0,2701412133.0,7.0,5.113,340300000.0,2.11,1.0,1034400000.0,0.447,727800000.0,12500000.0,554300000.0,634575000.0,0.0,36600000.0,0.0,36600000.0,497600000.0,469400000.0,28200000.0,2603112133.0,4800000.0,-28400000.0,-250400000.0,-56100000.0,0.0,-306500000.0,-143400000.0,0.0,454700000.0,0.0,230700000.0,230700000.0,230700000.0,0.0,0.0,0.1,655500000.0,378900000.0,343500000.0,0.0,2.235,11.284,10.971,334100000.0,0.0,15.03,1.126,1.049,332000000.0,692200000.0,2312100000.0,2312100000.0,114300000.0,0.133,0.188,0.6,0.165,5200000.0,393900000.0,1.0,173194420.0,161300000.0,163700000.0,14.334,934700000.0,18200000.0,137800000.0,0.0,5.795,-30300000.0
64,CVG,MRT,2002-06-30,2002-06-30,2002-06-30,2019-10-18,-3200000.0,1752700000.0,1753500000.0,558600000.0,1194100000.0,1.322,7.626,-101500000.0,23800000.0,23800000.0,1278800000.0,178100000.0,1.248,0.374,122100000.0,118000000.0,4100000.0,122100000.0,0.0,154800000.0,0.0,0.0,0.0,317300000.0,472100000.0,0.204,472100000.0,317300000.0,303900000.0,1.05,1.05,1.05,1275900000.0,1230625000.0,1275900000.0,3438559284.0,11.0,7.284,177500000.0,1.061,1.0,1039300000.0,0.448,704400000.0,13400000.0,699000000.0,697100000.0,0.0,35600000.0,0.0,35600000.0,476800000.0,447600000.0,29200000.0,3368159284.0,-6700000.0,0.0,-134700000.0,-48900000.0,0.0,-183600000.0,-102100000.0,0.0,279000000.0,0.0,178100000.0,178100000.0,178100000.0,0.0,0.0,0.077,717600000.0,321700000.0,329600000.0,0.0,2.64,18.912,18.552,330900000.0,0.0,19.48,1.453,1.406,463700000.0,636600000.0,2318100000.0,2318100000.0,116900000.0,0.102,0.145,0.455,0.137,5600000.0,387900000.0,1.0,172903454.0,167300000.0,170900000.0,13.856,1048300000.0,24300000.0,125800000.0,0.0,6.266,111000000.0
65,CVG,MRT,2002-03-31,2002-03-31,2002-03-31,2019-10-18,-16600000.0,1794900000.0,1742875000.0,591300000.0,1203600000.0,1.329,7.454,-99400000.0,74900000.0,74900000.0,1275300000.0,146300000.0,1.15,0.432,145300000.0,141200000.0,4100000.0,145300000.0,0.0,164800000.0,0.0,0.0,0.0,280400000.0,445200000.0,0.192,445200000.0,280400000.0,264000000.0,0.86,0.86,0.86,1253000000.0,1218475000.0,1253000000.0,5194154237.0,19.0,11.667,225400000.0,1.341,1.0,1041300000.0,0.449,704100000.0,16400000.0,647000000.0,728200000.0,0.0,32800000.0,0.0,32800000.0,541900000.0,514200000.0,27700000.0,5101754237.0,14900000.0,-20600000.0,-89200000.0,-100100000.0,0.0,-189300000.0,-120600000.0,0.0,324800000.0,0.0,146300000.0,146300000.0,146300000.0,0.0,0.0,0.063,756700000.0,284600000.0,373000000.0,0.0,4.072,34.872,34.384,335000000.0,0.0,29.57,2.202,2.146,450000000.0,577500000.0,2316600000.0,2316600000.0,116200000.0,0.084,0.12,0.385,0.121,6000000.0,385900000.0,1.0,172531425.0,168100000.0,172500000.0,13.781,1090800000.0,23600000.0,117700000.0,0.0,6.489,77100000.0
66,CVG,MRT,2001-12-31,2001-12-31,2001-12-31,2019-10-18,-18800000.0,1742900000.0,1734050000.0,523100000.0,1219800000.0,1.338,7.241,-113500000.0,41100000.0,41100000.0,1271400000.0,138800000.0,1.062,0.421,133500000.0,129900000.0,3600000.0,133500000.0,0.0,176300000.0,0.0,0.0,0.0,274900000.0,451200000.0,0.194,451200000.0,274900000.0,254900000.0,0.82,0.8,0.82,1226600000.0,1199575000.0,1226600000.0,6600405673.0,24.0,14.629,221200000.0,1.306,1.0,1049200000.0,0.452,704900000.0,20000000.0,638000000.0,792100000.0,0.0,35300000.0,0.0,35300000.0,516300000.0,492400000.0,23900000.0,6451005673.0,-8200000.0,-36300000.0,-34000000.0,-158500000.0,0.0,-192500000.0,-150400000.0,0.0,334700000.0,0.0,138800000.0,138800000.0,138800000.0,0.0,0.0,0.06,772600000.0,276600000.0,362500000.0,0.0,5.259,46.477,45.72,350400000.0,0.0,37.49,2.78,2.737,413600000.0,517900000.0,2320600000.0,2320600000.0,115900000.0,0.08,0.116,0.347,0.118,7800000.0,390600000.0,1.0,172072704.0,169400000.0,174400000.0,13.699,1038000000.0,31900000.0,116100000.0,0.0,6.128,30700000.0
67,CVG,MRT,2001-09-30,2001-09-30,2001-09-30,2019-10-18,-16200000.0,1723500000.0,1749350000.0,512200000.0,1211300000.0,1.328,6.869,-143700000.0,36900000.0,36900000.0,1271100000.0,134600000.0,1.451,0.477,186300000.0,1800000.0,184500000.0,186300000.0,0.0,176100000.0,0.0,0.0,0.0,273100000.0,449200000.0,0.193,449200000.0,273100000.0,248600000.0,0.8,0.78,0.8,1167000000.0,1173925000.0,1167000000.0,4885629121.0,18.0,10.876,160600000.0,0.945,1.0,1052800000.0,0.453,715500000.0,24500000.0,804400000.0,866400000.0,0.0,41800000.0,0.0,41800000.0,556500000.0,353000000.0,203500000.0,4745129121.0,-9800000.0,-35900000.0,-9500000.0,-126500000.0,0.0,-135400000.0,-178700000.0,0.0,304300000.0,0.0,134600000.0,134600000.0,134600000.0,0.0,0.0,0.058,782700000.0,270100000.0,351200000.0,0.0,4.066,35.254,34.688,338100000.0,0.0,27.75,2.042,2.029,391300000.0,461500000.0,2323900000.0,2323900000.0,115100000.0,0.077,0.115,0.315,0.118,7900000.0,401700000.0,1.0,170995644.0,169900000.0,174200000.0,13.678,1008000000.0,30900000.0,114000000.0,0.0,5.933,159200000.0
68,CVG,MRT,2001-06-30,2001-06-30,2001-06-30,2019-10-18,-14300000.0,1710200000.0,1743375000.0,442000000.0,1268200000.0,1.325,7.228,-155900000.0,30500000.0,30500000.0,1275200000.0,179200000.0,1.497,0.393,171000000.0,1200000.0,169800000.0,171000000.0,0.0,173900000.0,0.0,0.0,0.0,333700000.0,507600000.0,0.22,507600000.0,333700000.0,305000000.0,1.06,1.03,1.06,1227300000.0,1145750000.0,1227300000.0,5370878430.0,16.0,10.581,91100000.0,0.537,1.0,1035000000.0,0.448,732100000.0,28700000.0,823400000.0,892900000.0,0.0,67300000.0,0.0,67300000.0,482900000.0,295200000.0,187700000.0,5168978430.0,-15900000.0,-55500000.0,38000000.0,-90400000.0,0.0,-52400000.0,-210500000.0,0.0,247000000.0,0.0,179200000.0,179200000.0,179200000.0,0.0,0.0,0.078,717800000.0,317200000.0,294000000.0,0.0,4.212,28.845,28.538,368800000.0,0.0,30.25,2.237,2.223,332600000.0,458800000.0,2310200000.0,2310200000.0,108000000.0,0.103,0.156,0.374,0.144,11700000.0,404100000.0,1.0,170875320.0,169800000.0,175500000.0,13.605,978100000.0,31600000.0,125800000.0,0.0,5.76,146800000.0
69,CVG,MRT,2001-03-31,2001-03-31,2001-03-31,2019-10-18,-17700000.0,1759600000.0,1707300000.0,481300000.0,1278300000.0,1.33,6.955,-172000000.0,43500000.0,43500000.0,1264900000.0,197800000.0,1.505,0.494,245400000.0,1200000.0,244200000.0,245400000.0,0.0,169800000.0,0.0,0.0,0.0,356300000.0,526100000.0,0.232,526100000.0,356300000.0,324100000.0,1.17,1.13,1.17,1177400000.0,1091225000.0,1177400000.0,5864123099.0,16.0,11.146,71800000.0,0.424,1.0,1005000000.0,0.443,739000000.0,32200000.0,902600000.0,876850000.0,0.0,67700000.0,0.0,67700000.0,582200000.0,319900000.0,262300000.0,5601623099.0,18300000.0,-45100000.0,41800000.0,-51100000.0,0.0,-9300000.0,-216200000.0,0.0,243800000.0,0.0,197800000.0,197800000.0,197800000.0,0.0,0.0,0.087,667400000.0,337600000.0,318700000.0,0.0,4.758,28.32,30.829,371700000.0,0.0,36.07,2.468,2.69,357500000.0,438200000.0,2269900000.0,2269900000.0,103600000.0,0.116,0.181,0.406,0.157,13400000.0,394300000.0,1.0,155298672.0,169300000.0,175500000.0,13.408,1020600000.0,30100000.0,126300000.0,0.0,6.028,161400000.0
70,CVG,MRT,2000-12-31,2000-12-31,2000-12-31,2019-10-18,-8800000.0,1804100000.0,1659525000.0,516200000.0,1287900000.0,1.324,6.706,-178600000.0,49300000.0,49300000.0,1237400000.0,189200000.0,1.39,0.605,292000000.0,600000.0,291400000.0,292000000.0,0.0,162100000.0,0.0,0.0,0.0,343300000.0,505400000.0,0.23,505400000.0,343300000.0,310200000.0,1.13,1.09,1.13,1124000000.0,1038250000.0,1124000000.0,7263816712.0,21.0,14.372,10100000.0,0.06,1.0,959200000.0,0.437,740200000.0,33100000.0,935200000.0,775600000.0,0.0,66000000.0,0.0,66000000.0,680100000.0,371400000.0,308700000.0,6988416712.0,3900000.0,-36500000.0,36200000.0,-6800000.0,0.0,29400000.0,-214200000.0,0.0,188700000.0,0.0,189200000.0,189200000.0,189200000.0,0.0,0.0,0.086,638600000.0,320600000.0,370800000.0,0.0,6.217,36.937,40.097,397600000.0,0.0,45.31,3.181,3.457,395700000.0,379100000.0,2196600000.0,2196600000.0,102000000.0,0.114,0.182,0.443,0.156,14200000.0,374500000.0,1.0,154235637.0,167600000.0,174200000.0,13.106,1063900000.0,28100000.0,121000000.0,0.0,6.348,144800000.0
71,CVG,MRT,2000-09-30,2000-09-30,2000-09-30,2019-10-18,-2100000.0,1699600000.0,1603375000.0,445100000.0,1254500000.0,1.314,6.279,-181600000.0,37400000.0,37400000.0,1186600000.0,170100000.0,1.409,0.612,312800000.0,600000.0,312200000.0,312800000.0,0.0,155300000.0,0.0,0.0,0.0,311200000.0,466500000.0,0.221,466500000.0,311200000.0,278000000.0,0.99,0.94,0.99,1054300000.0,989050000.0,1054300000.0,6213087208.0,20.0,13.319,203900000.0,1.214,1.0,920100000.0,0.437,748700000.0,33200000.0,910400000.0,718125000.0,0.0,82200000.0,0.0,82200000.0,645300000.0,315900000.0,329400000.0,5983987208.0,2100000.0,-44900000.0,30800000.0,-187800000.0,0.0,-157600000.0,-225800000.0,0.0,385500000.0,0.0,170100000.0,170100000.0,170100000.0,0.0,0.0,0.081,621700000.0,298400000.0,315300000.0,0.0,5.676,35.179,39.273,367600000.0,0.0,38.88,2.84,3.099,320200000.0,330500000.0,2106700000.0,2106700000.0,102200000.0,0.106,0.172,0.433,0.148,19000000.0,354600000.0,1.0,153909136.0,167900000.0,174800000.0,12.547,950900000.0,31400000.0,107900000.0,0.0,5.663,129200000.0
72,CVG,MRT,2000-06-30,2000-06-30,2000-06-30,2019-10-18,12900000.0,1565900000.0,1594225000.0,301900000.0,1264000000.0,1.257,6.039,-187000000.0,31800000.0,31800000.0,1128400000.0,162200000.0,1.044,0.552,260900000.0,8700000.0,252200000.0,260900000.0,0.0,148400000.0,0.0,0.0,0.0,296900000.0,445300000.0,0.222,445300000.0,296900000.0,263500000.0,0.97,0.93,0.97,1009200000.0,939875000.0,1009200000.0,7971213036.0,27.0,17.901,275800000.0,1.651,1.0,875000000.0,0.437,746500000.0,33400000.0,759200000.0,637375000.0,0.0,100300000.0,0.0,100300000.0,556700000.0,289300000.0,267400000.0,7954513036.0,23900000.0,-89000000.0,34200000.0,-202700000.0,0.0,-163600000.0,-275300000.0,0.0,462800000.0,0.0,162200000.0,162200000.0,162200000.0,0.0,0.0,0.081,594200000.0,280800000.0,280600000.0,0.0,7.882,49.041,53.485,361700000.0,0.0,51.88,3.971,4.327,192800000.0,280300000.0,2003400000.0,2003400000.0,99000000.0,0.102,0.173,0.466,0.148,14800000.0,335000000.0,1.0,153325232.0,167100000.0,173900000.0,11.989,819400000.0,26500000.0,101300000.0,0.0,4.904,12600000.0
73,CVG,MRT,2000-03-31,2000-03-31,2000-03-31,2019-10-18,28700000.0,1568500000.0,1589650000.0,291000000.0,1277500000.0,1.194,6.356,-174200000.0,27100000.0,27100000.0,1070500000.0,149100000.0,0.865,0.625,43800000.0,43800000.0,0.0,43800000.0,0.0,138900000.0,0.0,0.0,0.0,276200000.0,415100000.0,0.219,415100000.0,276200000.0,243100000.0,0.92,0.88,0.92,965500000.0,889625000.0,965500000.0,6211100514.0,22.0,14.963,299000000.0,1.968,1.0,828200000.0,0.436,751100000.0,33100000.0,497600000.0,591050000.0,0.0,121400000.0,0.0,121400000.0,603000000.0,336500000.0,266500000.0,5943600514.0,19300000.0,-98300000.0,27200000.0,-214200000.0,0.0,-182100000.0,-271800000.0,0.0,473200000.0,0.0,149100000.0,149100000.0,149100000.0,0.0,0.0,0.079,571100000.0,257100000.0,292700000.0,0.0,6.156,39.863,42.054,348200000.0,0.0,38.69,3.13,3.095,195100000.0,234400000.0,1898700000.0,1898700000.0,95300000.0,0.094,0.168,0.467,0.145,11800000.0,320000000.0,1.0,153621104.0,151900000.0,156800000.0,12.5,817400000.0,26500000.0,94000000.0,0.0,5.381,-45500000.0
74,CVG,MRT,1999-12-31,1999-12-31,1999-12-31,2019-10-18,51600000.0,1579500000.0,1583950000.0,297900000.0,1281600000.0,1.127,5.699,-156300000.0,30800000.0,30800000.0,1005900000.0,137100000.0,0.769,0.704,298300000.0,48000000.0,250300000.0,298300000.0,0.0,131000000.0,0.0,0.0,0.0,255500000.0,386500000.0,0.217,386500000.0,255500000.0,223000000.0,0.84,0.81,0.84,927200000.0,840150000.0,927200000.0,5153985605.0,20.0,13.335,305700000.0,1.879,1.0,779000000.0,0.436,754300000.0,32500000.0,705300000.0,609425000.0,0.0,134900000.0,0.0,134900000.0,652300000.0,387400000.0,264900000.0,4695885605.0,39400000.0,-122400000.0,18600000.0,-168100000.0,0.0,-144600000.0,-278000000.0,0.0,462000000.0,0.0,137100000.0,137100000.0,137100000.0,0.0,0.0,0.077,543800000.0,235200000.0,339400000.0,0.0,5.065,34.252,36.607,335600000.0,0.0,30.75,2.631,2.803,214800000.0,190000000.0,1784900000.0,1784900000.0,91800000.0,0.087,0.163,0.419,0.143,6700000.0,298200000.0,1.0,152711727.0,162700000.0,168900000.0,10.97,825200000.0,16500000.0,85900000.0,0.0,5.072,-89500000.0
75,CVG,MRT,1999-09-30,1999-09-30,1999-09-30,2019-10-18,9700000.0,1663000000.0,1551800000.0,451600000.0,1211400000.0,1.083,5.653,-117300000.0,42400000.0,42400000.0,954800000.0,139000000.0,0.572,0.939,500500000.0,500500000.0,0.0,500500000.0,0.0,123200000.0,0.0,0.0,0.0,257500000.0,380700000.0,0.226,380700000.0,257500000.0,225900000.0,0.92,0.91,0.92,857600000.0,791225000.0,857600000.0,3466660853.0,13.0,9.106,129300000.0,0.852,1.0,726100000.0,0.432,744000000.0,31600000.0,587400000.0,565250000.0,0.0,97200000.0,0.0,97200000.0,805400000.0,789700000.0,15700000.0,3022960853.0,41000000.0,-121000000.0,4900000.0,22900000.0,0.0,32700000.0,-238300000.0,0.0,246600000.0,0.0,139000000.0,139000000.0,139000000.0,0.0,0.0,0.083,503300000.0,222800000.0,289200000.0,0.0,3.525,21.748,21.533,298100000.0,0.0,19.81,1.798,1.788,351800000.0,157900000.0,1680900000.0,1680900000.0,81100000.0,0.09,0.176,0.456,0.153,0.0,277400000.0,1.0,152597721.0,151700000.0,155000000.0,11.08,919000000.0,17600000.0,86900000.0,0.0,6.058,-338100000.0
76,CVG,MRT,1999-06-30,1999-06-30,1999-06-30,2019-10-18,2200000.0,1547600000.0,1479100000.0,407900000.0,1139700000.0,1.082,5.331,-104500000.0,20300000.0,20300000.0,910500000.0,124900000.0,0.57,0.902,464000000.0,464000000.0,0.0,464000000.0,0.0,116800000.0,0.0,0.0,0.0,235100000.0,351900000.0,0.22,351900000.0,235100000.0,202800000.0,0.84,0.83,0.84,808200000.0,746675000.0,808200000.0,3440474434.0,15.0,9.777,154500000.0,1.019,1.0,690500000.0,0.431,702000000.0,32300000.0,573900000.0,540575000.0,0.0,87000000.0,0.0,87000000.0,728800000.0,715400000.0,13400000.0,2950074434.0,18800000.0,-57300000.0,212700000.0,-290400000.0,0.0,-78400000.0,-161800000.0,0.0,259000000.0,0.0,124900000.0,124900000.0,124900000.0,0.0,0.0,0.078,484000000.0,206500000.0,251400000.0,0.0,3.65,23.619,23.071,290500000.0,0.0,19.38,1.843,1.835,339600000.0,118200000.0,1601000000.0,1601000000.0,83200000.0,0.084,0.167,0.435,0.147,0.0,257400000.0,1.0,152222623.0,151600000.0,154100000.0,10.561,845600000.0,10100000.0,77900000.0,0.0,5.578,-307500000.0
77,CVG,MRT,1999-03-31,1999-03-31,1999-03-31,2019-10-18,-2000000.0,1545700000.0,1444525000.0,420600000.0,1125100000.0,1.065,5.06,-106500000.0,20200000.0,20200000.0,880800000.0,115700000.0,0.57,1.003,510600000.0,510600000.0,0.0,510600000.0,0.0,112500000.0,0.0,0.0,0.0,221500000.0,334000000.0,0.217,334000000.0,221500000.0,186500000.0,0.79,0.79,0.79,767600000.0,657375000.0,767600000.0,3067244684.0,14.0,9.183,67600000.0,0.446,1.0,657600000.0,0.427,726800000.0,35000000.0,571100000.0,523450000.0,0.0,89200000.0,0.0,89200000.0,769600000.0,738200000.0,31400000.0,2604244684.0,19300000.0,-37800000.0,209100000.0,453500000.0,0.0,-10500000.0,-144300000.0,0.0,174100000.0,0.0,115700000.0,115700000.0,115700000.0,0.0,0.0,0.075,463600000.0,194000000.0,227600000.0,0.0,3.393,22.509,21.671,250700000.0,0.0,17.12,1.693,1.688,355300000.0,85400000.0,1538400000.0,1538400000.0,82300000.0,0.08,0.176,0.423,0.144,0.0,239200000.0,1.0,152117096.0,151700000.0,154100000.0,10.141,818900000.0,9300000.0,70800000.0,0.0,5.398,-317600000.0
78,CVG,MRT,1998-12-31,1998-12-31,1998-12-31,2019-10-18,-2600000.0,1450900000.0,1397800000.0,360500000.0,1090400000.0,1.035,5.126,-93500000.0,3800000.0,3800000.0,826400000.0,81000000.0,0.517,0.983,466800000.0,466800000.0,0.0,466800000.0,0.0,101300000.0,0.0,0.0,0.0,164500000.0,265800000.0,0.184,265800000.0,164500000.0,130600000.0,0.57,0.57,0.57,731500000.0,572900000.0,731500000.0,3890405950.0,24.0,14.637,52900000.0,0.371,1.0,620800000.0,0.429,687400000.0,33900000.0,528600000.0,494775000.0,0.0,83900000.0,0.0,83900000.0,719400000.0,697900000.0,21500000.0,3413005950.0,1700000.0,-664900000.0,206000000.0,407700000.0,0.0,613700000.0,-758400000.0,0.0,146400000.0,0.0,81000000.0,81000000.0,81000000.0,0.0,0.0,0.056,480900000.0,139900000.0,231100000.0,0.0,4.666,42.136,39.263,249800000.0,0.0,22.38,2.358,2.207,314300000.0,53000000.0,1447200000.0,1447200000.0,81900000.0,0.058,0.141,0.332,0.114,0.0,226000000.0,1.0,152502500.0,142700000.0,142900000.0,10.142,763500000.0,10900000.0,49600000.0,0.0,5.35,-337400000.0
79,CVG,MRT,1998-09-30,1998-09-30,1998-09-30,2019-10-18,-2500000.0,1372200000.0,1198675000.0,345600000.0,1026600000.0,1.089,4.692,-85500000.0,1400000.0,1400000.0,744800000.0,52100000.0,0.508,1.02,478800000.0,478500000.0,300000.0,478800000.0,0.0,89200000.0,0.0,0.0,0.0,111600000.0,200800000.0,0.154,200800000.0,111600000.0,83200000.0,0.37,0.37,0.37,679400000.0,497725000.0,679400000.0,3031901604.0,27.0,15.099,69300000.0,0.479,1.0,560200000.0,0.429,681100000.0,28400000.0,488700000.0,441925000.0,0.0,85300000.0,0.0,85300000.0,692800000.0,679800000.0,13000000.0,2277701604.0,-1000000.0,-672200000.0,206300000.0,392300000.0,0.0,602100000.0,-757700000.0,0.0,154800000.0,0.0,52100000.0,52100000.0,52100000.0,0.0,0.0,0.04,469800000.0,90400000.0,201300000.0,0.0,3.353,43.718,40.378,229400000.0,0.0,14.94,1.745,1.658,307900000.0,18900000.0,1305000000.0,1305000000.0,75900000.0,0.043,0.105,0.253,0.086,0.0,201900000.0,1.0,152456600.0,144800000.0,145100000.0,9.012,691100000.0,7000000.0,31100000.0,0.0,4.773,-334200000.0
80,CVG,MRT,1998-06-30,1998-06-30,1998-06-30,2019-10-18,600000.0,1409300000.0,,369900000.0,1039400000.0,,3.292,-75300000.0,1500000.0,1500000.0,661400000.0,52800000.0,0.39,2.125,755700000.0,754800000.0,900000.0,755700000.0,0.0,77300000.0,0.0,,0.0,102800000.0,180100000.0,0.154,180100000.0,102800000.0,81900000.0,0.38,0.38,0.38,451000000.0,,451000000.0,,,,6600000.0,0.048,1.0,511800000.0,0.436,708800000.0,20900000.0,505400000.0,,0.0,83600000.0,0.0,83600000.0,958300000.0,949300000.0,9000000.0,,-4200000.0,-672200000.0,0.0,663800000.0,0.0,661400000.0,-747500000.0,0.0,81900000.0,0.0,52800000.0,52800000.0,52800000.0,0.0,0.0,0.045,432700000.0,79100000.0,194500000.0,0.0,,,,215300000.0,0.0,,,,331900000.0,,1173200000.0,1173200000.0,69400000.0,,,,0.088,0.0,187100000.0,1.0,151000000.0,137000000.0,137000000.0,8.564,700500000.0,6300000.0,29100000.0,0.0,5.113,-579400000.0
81,CVG,MRT,1998-03-31,1998-03-31,1998-03-31,2019-10-18,2200000.0,1358800000.0,,335300000.0,1023500000.0,,3.136,-62600000.0,900000.0,900000.0,578900000.0,57400000.0,0.364,2.162,730000000.0,729400000.0,600000.0,730000000.0,0.0,65500000.0,0.0,,0.0,97200000.0,162700000.0,0.155,162700000.0,97200000.0,86700000.0,0.42,0.42,0.42,429700000.0,,429700000.0,,,,44900000.0,0.328,1.0,473800000.0,0.45,709600000.0,10500000.0,456400000.0,,0.0,76800000.0,0.0,76800000.0,929100000.0,921900000.0,7200000.0,,-2900000.0,-672200000.0,0.0,-33700000.0,0.0,624400000.0,-734800000.0,0.0,107500000.0,0.0,57400000.0,57400000.0,57400000.0,0.0,0.0,0.055,398200000.0,75600000.0,192500000.0,0.0,,,,209400000.0,0.0,,,,297500000.0,,1052700000.0,1052700000.0,69300000.0,,,,0.092,0.0,170800000.0,1.0,151000000.0,137000000.0,137000000.0,7.684,649200000.0,5900000.0,29300000.0,0.0,4.739,-586600000.0
82,CVG,MRT,1997-12-31,1997-12-31,1997-12-31,2019-10-18,2400000.0,654400000.0,,265800000.0,388600000.0,,3.145,-60900000.0,2100000.0,2100000.0,540200000.0,86600000.0,1.227,0.519,59100000.0,59100000.0,0.0,59100000.0,0.0,61000000.0,0.0,,0.0,136000000.0,197000000.0,0.199,197000000.0,136000000.0,130600000.0,0.63,0.63,0.63,430800000.0,,430800000.0,,,,66500000.0,0.485,1.0,447300000.0,0.453,177600000.0,5400000.0,317200000.0,,0.0,56500000.0,0.0,56500000.0,223600000.0,216600000.0,7000000.0,,-200000.0,-13900000.0,0.0,-34400000.0,0.0,-52800000.0,-74800000.0,0.0,127400000.0,0.0,86600000.0,86600000.0,86600000.0,0.0,0.0,0.088,333200000.0,114100000.0,157500000.0,0.0,,,,130000000.0,0.0,,,,222900000.0,,987500000.0,987500000.0,68600000.0,,,,0.138,0.0,158700000.0,1.0,,137000000.0,137000000.0,7.208,476800000.0,13700000.0,44000000.0,0.0,3.48,49200000.0
83,CVG,MRT,1997-09-30,1997-09-30,1997-09-30,2019-10-18,,,,,,,,,,,,,,,,,,,,,,,0.0,,,,,,,,,,,,,,,,,,1.0,,,,,,,,,,,,,,,,,,,,,,,,,,,,,,,,,,,,,,,,,,,,,,,,,,,,,,1.0,,137000000.0,,,,,,,,
84,CVG,MRT,1997-06-30,1997-06-30,1997-06-30,2019-10-18,,,,,,,,,,,,,,,,,,,,,,,0.0,,,,,,,,,,,,,,,,,,1.0,,,,,,,,,,,,,,,,,,,,,,,,,,,,,,,,,,,,,,,,,,,,,,,,,,,,,,1.0,,137000000.0,,,,,,,,
85,CVG,MRT,1997-03-31,1997-03-31,1997-03-31,2019-10-18,,,,,,,,,,,,,,,,,,,,,,,0.0,,,,,,,,,,,,,,,,,,1.0,,,,,,,,,,,,,,,,,,,,,,,,,,,,,,,,,,,,,,,,,,,,,,,,,,,,,,1.0,,,,,,,,,,
86,CVG,MRT,1996-12-31,1996-12-31,1996-12-31,2019-10-18,,,,,,,,-56200000.0,,,465000000.0,78000000.0,,,,,,,,51800000.0,,,0.0,130800000.0,182600000.0,0.217,182600000.0,130800000.0,124800000.0,0.57,0.57,0.57,,,,,,,61500000.0,0.449,1.0,377400000.0,0.448,,6000000.0,,,,,,,,,,,2300000.0,-62400000.0,0.0,6500000.0,0.0,3200000.0,-118600000.0,0.0,117700000.0,0.0,78000000.0,78000000.0,78000000.0,0.0,0.0,0.093,258200000.0,119200000.0,,0.0,,,,,0.0,,,,,,842400000.0,842400000.0,58600000.0,,,,0.155,0.0,142800000.0,1.0,,137000000.0,137000000.0,6.149,,,46800000.0,,,
