None,ticker,dimension,calendardate,datekey,reportperiod,lastupdated,accoci,assets,assetsavg,assetsc,assetsnc,assetturnover,bvps,capex,cashneq,cashnequsd,cor,consolinc,currentratio,de,debt,debtc,debtnc,debtusd,deferredrev,depamor,deposits,divyield,dps,ebit,ebitda,ebitdamargin,ebitdausd,ebitusd,ebt,eps,epsdil,epsusd,equity,equityavg,equityusd,ev,evebit,evebitda,fcf,fcfps,fxusd,gp,grossmargin,intangibles,intexp,invcap,invcapavg,inventory,investments,investmentsc,investmentsnc,liabilities,liabilitiesc,liabilitiesnc,marketcap,ncf,ncfbus,ncfcommon,ncfdebt,ncfdiv,ncff,ncfi,ncfinv,ncfo,ncfx,netinc,netinccmn,netinccmnusd,netincdis,netincnci,netmargin,opex,opinc,payables,payoutratio,pb,pe,pe1,ppnenet,prefdivis,price,ps,ps1,receivables,retearn,revenue,revenueusd,rnd,roa,roe,roic,ros,sbcomp,sgna,sharefactor,sharesbas,shareswa,shareswadil,sps,tangibles,taxassets,taxexp,taxliabilities,tbvps,workingcapital
0,GNRC,MRY,2020-12-31,2020-12-31,2020-12-31,2021-08-03,-34254000.0,3235423000.0,2907800000.0,1669733000.0,1565690000.0,0.855,22.323,-61949000.0,655128000.0,655128000.0,1527546000.0,347218000.0,2.603,1.28,1065148000.0,43429000.0,1021719000.0,1065148000.0,0.0,68773000.0,0.0,0.0,0.0,482540000.0,551313000.0,0.222,551313000.0,482540000.0,449549000.0,5.61,5.48,5.61,1390293000.0,1185464250.0,1390293000.0,14843829143.0,31.0,26.925,424584000.0,6.817,1.0,957654000.0,0.385,1147251000.0,32991000.0,1856668000.0,1865840250.0,603317000.0,0.0,0.0,0.0,1779012000.0,641524000.0,1137488000.0,14290696143.0,332245000.0,-64797000.0,13089000.0,-24607000.0,0.0,-30428000.0,-124095000.0,2651000.0,486533000.0,235000.0,350576000.0,350576000.0,350576000.0,0.0,-3358000.0,0.141,478548000.0,479106000.0,330247000.0,0.0,10.279,40.763,40.537,416942000.0,0.0,227.41,5.75,5.699,374906000.0,1432565000.0,2485200000.0,2485200000.0,80251000.0,0.121,0.296,0.259,0.194,13914000.0,366017000.0,1.0,62841107.0,62280889.0,63737734.0,39.903,2088172000.0,1497000.0,98973000.0,115769000.0,33.528,1028209000.0
1,GNRC,MRY,2019-12-31,2019-12-31,2019-12-31,2021-08-03,-24917000.0,2665669000.0,2564155250.0,1195829000.0,1469840000.0,0.86,16.671,-60707000.0,322883000.0,322883000.0,1406584000.0,252308000.0,2.406,1.522,1039296000.0,61097000.0,978199000.0,1039296000.0,0.0,60909000.0,0.0,0.0,0.0,360850000.0,421759000.0,0.191,421759000.0,360850000.0,319306000.0,4.09,4.03,4.09,1032382000.0,909251500.0,1032382000.0,7174394810.0,20.0,17.011,248180000.0,4.008,1.0,797752000.0,0.362,1103018000.0,41544000.0,1782000000.0,1841297750.0,522024000.0,0.0,0.0,0.0,1571591000.0,497064000.0,1074527000.0,6291087810.0,98401000.0,-112001000.0,9395000.0,-39040000.0,0.0,-41918000.0,-170078000.0,2630000.0,308887000.0,1510000.0,252007000.0,252007000.0,252007000.0,0.0,301000.0,0.114,425589000.0,372163000.0,261977000.0,0.0,6.094,24.964,24.594,363889000.0,0.0,100.59,2.854,2.826,319538000.0,1084383000.0,2204336000.0,2204336000.0,68394000.0,0.098,0.277,0.196,0.164,14431000.0,328551000.0,1.0,62541881.0,61926986.0,62865446.0,35.596,1562651000.0,2933000.0,67299000.0,96328000.0,25.234,698765000.0
2,GNRC,MRY,2018-12-31,2018-12-31,2018-12-31,2021-08-03,-23813000.0,2426314000.0,2261432500.0,1120769000.0,1305545000.0,0.895,12.334,-47387000.0,224482000.0,224482000.0,1298424000.0,241220000.0,1.999,2.109,1019603000.0,47560000.0,972043000.0,1019603000.0,0.0,47408000.0,0.0,0.0,0.0,349069000.0,396477000.0,0.196,396477000.0,349069000.0,308113000.0,3.57,3.54,3.57,760549000.0,661448000.0,760549000.0,3857649155.0,11.0,9.73,199840000.0,3.241,1.0,725040000.0,0.358,1011145000.0,40956000.0,1649584000.0,1553441500.0,544750000.0,0.0,0.0,0.0,1604049000.0,560706000.0,1043343000.0,3084381155.0,86010000.0,-65440000.0,-20042000.0,-26019000.0,0.0,-52034000.0,-108894000.0,3933000.0,247227000.0,-289000.0,238257000.0,238257000.0,238257000.0,0.0,2963000.0,0.118,367859000.0,357181000.0,328091000.0,0.0,4.055,12.946,13.922,294237000.0,0.0,49.7,1.524,1.515,326133000.0,831123000.0,2023464000.0,2023464000.0,50019000.0,0.105,0.36,0.225,0.173,12686000.0,295728000.0,1.0,62059983.0,61662031.0,62233225.0,32.815,1415169000.0,163000.0,69856000.0,71300000.0,22.95,560063000.0
3,GNRC,MRY,2017-12-31,2017-12-31,2017-12-31,2021-08-03,-21198000.0,2025965000.0,1945433500.0,824557000.0,1201408000.0,0.863,8.93,-33179000.0,138472000.0,138472000.0,1094587000.0,159557000.0,2.08,2.577,928722000.0,22174000.0,906548000.0,928722000.0,0.0,51988000.0,0.0,0.0,0.0,244617000.0,296605000.0,0.177,296605000.0,244617000.0,201950000.0,2.56,2.53,2.56,554041000.0,468894250.0,554041000.0,3988566213.0,16.0,13.447,224143000.0,3.613,1.0,584786000.0,0.348,957288000.0,42667000.0,1462504000.0,1528393750.0,387049000.0,0.0,0.0,0.0,1427716000.0,396423000.0,1031293000.0,3078337213.0,71200000.0,1257000.0,-23061000.0,-131190000.0,0.0,-160143000.0,-28128000.0,3794000.0,257322000.0,2149000.0,157808000.0,157808000.0,157808000.0,0.0,1749000.0,0.094,334152000.0,250634000.0,233639000.0,0.0,5.556,19.507,19.344,230380000.0,0.0,49.52,1.833,1.829,279295000.0,610836000.0,1679373000.0,1679373000.0,42869000.0,0.081,0.337,0.16,0.146,7053000.0,262422000.0,1.0,62163514.0,62040704.0,62642872.0,27.069,1068677000.0,3238000.0,44142000.0,41852000.0,17.225,428134000.0
4,GNRC,MRY,2016-12-31,2016-12-31,2016-12-31,2021-08-03,-40163000.0,1861684000.0,1895057250.0,683509000.0,1178175000.0,0.764,6.18,-29107000.0,67272000.0,67272000.0,935322000.0,97178000.0,1.999,3.559,1052921000.0,46163000.0,1006758000.0,1052921000.0,0.0,54418000.0,0.0,0.0,0.0,198241000.0,252659000.0,0.175,252659000.0,198241000.0,153673000.0,1.48,1.47,1.48,401122000.0,434963500.0,401122000.0,3634470313.0,18.0,14.385,212015000.0,3.267,1.0,512421000.0,0.354,959812000.0,44568000.0,1545582000.0,1599308750.0,349731000.0,0.0,0.0,0.0,1427434000.0,341939000.0,1085495000.0,2600733313.0,-48585000.0,-76715000.0,-148314000.0,-41227000.0,-76000.0,-195705000.0,-93535000.0,12287000.0,241122000.0,-467000.0,97154000.0,97154000.0,97154000.0,0.0,24000.0,0.067,309669000.0,202752000.0,181519000.0,0.0,6.484,26.769,27.527,212793000.0,0.0,40.74,1.796,1.826,241857000.0,456052000.0,1447743000.0,1447743000.0,37163000.0,0.051,0.223,0.124,0.137,1573000.0,239553000.0,1.0,63837342.0,64905793.0,65382774.0,22.305,901872000.0,3337000.0,56519000.0,17278000.0,13.895,341570000.0
5,GNRC,MRY,2015-12-31,2015-12-31,2015-12-31,2021-08-03,-22475000.0,1778635000.0,1832493250.0,632017000.0,1146618000.0,0.719,6.841,-30546000.0,115857000.0,115857000.0,857349000.0,77747000.0,2.964,2.818,1046383000.0,9251000.0,1037132000.0,1046383000.0,0.0,40333000.0,0.0,0.0,0.0,165826000.0,206159000.0,0.157,206159000.0,165826000.0,122983000.0,1.14,1.12,1.14,465871000.0,494411500.0,465871000.0,3007904583.0,18.0,14.59,158073000.0,2.321,1.0,459950000.0,0.349,926629000.0,42843000.0,1569308000.0,1598228500.0,325375000.0,0.0,0.0,0.0,1312764000.0,213224000.0,1099540000.0,1999448583.0,-73904000.0,-73782000.0,-99942000.0,-49708000.0,-1436000.0,-154483000.0,-104328000.0,0.0,188619000.0,-3712000.0,77747000.0,77747000.0,77747000.0,0.0,0.0,0.059,280389000.0,179561000.0,108332000.0,0.0,4.292,25.717,26.114,184213000.0,0.0,29.77,1.518,1.539,182185000.0,358173000.0,1317299000.0,1317299000.0,32922000.0,0.042,0.157,0.104,0.126,-1318000.0,183189000.0,1.0,67163204.0,68096051.0,69200297.0,19.345,852006000.0,34812000.0,45236000.0,4950000.0,12.512,418793000.0
6,GNRC,MRY,2014-12-31,2014-12-31,2014-12-31,2021-08-03,-15767000.0,1882542000.0,1839545750.0,730478000.0,1152064000.0,0.794,7.146,-34295000.0,189761000.0,189761000.0,944700000.0,174613000.0,3.037,2.843,1088017000.0,5916000.0,1082101000.0,1088017000.0,0.0,34730000.0,0.0,0.0,0.0,305577000.0,340307000.0,0.233,340307000.0,305577000.0,258362000.0,2.55,2.49,2.55,489799000.0,424830500.0,489799000.0,4159256473.0,14.0,12.222,218691000.0,3.191,1.0,516219000.0,0.353,920443000.0,47215000.0,1619833000.0,1673370500.0,319385000.0,0.0,0.0,0.0,1392743000.0,240522000.0,1152221000.0,3220307473.0,39614000.0,-61196000.0,0.0,-113933000.0,-902000.0,-116023000.0,-95491000.0,0.0,252986000.0,-1858000.0,174613000.0,174613000.0,174613000.0,0.0,0.0,0.12,227721000.0,288498000.0,132248000.0,0.0,6.575,18.443,18.337,168821000.0,0.0,46.76,2.204,2.194,189107000.0,280426000.0,1460919000.0,1460919000.0,31494000.0,0.095,0.411,0.183,0.209,1640000.0,175203000.0,1.0,68868851.0,68538248.0,70171044.0,21.315,962099000.0,69350000.0,83749000.0,13449000.0,14.037,489956000.0
7,GNRC,MRY,2013-12-31,2013-12-31,2013-12-31,2021-08-03,-2415000.0,1798205000.0,1699588250.0,654179000.0,1144026000.0,0.874,4.657,-30690000.0,156792000.0,156792000.0,916205000.0,174539000.0,2.608,4.671,1197395000.0,22046000.0,1175349000.0,1197395000.0,0.0,36774000.0,0.0,0.088,5.0,333151000.0,369925000.0,0.249,369925000.0,333151000.0,278716000.0,2.56,2.51,2.56,317071000.0,323986500.0,317071000.0,4967704346.0,15.0,13.429,229254000.0,3.367,1.0,569560000.0,0.383,891112000.0,54435000.0,1696851000.0,1593268750.0,300253000.0,0.0,0.0,0.0,1481134000.0,250845000.0,1230289000.0,3883006346.0,42124000.0,-113859000.0,0.0,273465000.0,-343429000.0,-73399000.0,-144549000.0,0.0,259944000.0,128000.0,174539000.0,174539000.0,174539000.0,0.0,0.0,0.117,218095000.0,351465000.0,109238000.0,1.953,12.246,22.247,22.125,146390000.0,0.0,56.64,2.613,2.595,164907000.0,105813000.0,1485765000.0,1485765000.0,29271000.0,0.103,0.539,0.209,0.224,815000.0,163005000.0,1.0,68555903.0,68081632.0,69667529.0,21.823,907093000.0,111973000.0,104177000.0,0.0,13.324,403334000.0
8,GNRC,MRY,2012-12-31,2012-12-31,2012-12-31,2021-08-03,-14496000.0,1603847000.0,1543628000.0,522553000.0,1081294000.0,0.762,6.883,-22301000.0,108023000.0,108023000.0,735906000.0,93223000.0,1.772,2.459,893818000.0,94800000.0,799018000.0,893818000.0,0.0,54160000.0,0.0,0.175,6.0,205466000.0,259626000.0,0.221,259626000.0,205466000.0,156352000.0,1.38,1.35,1.38,463628000.0,525636250.0,463628000.0,3161765932.0,15.0,12.178,213293000.0,3.166,1.0,440400000.0,0.374,825682000.0,49114000.0,1269101000.0,1261818250.0,225817000.0,0.0,0.0,0.0,1140219000.0,294859000.0,845360000.0,2336866932.0,14897000.0,-47044000.0,0.0,254817000.0,-404332000.0,-151352000.0,-69345000.0,0.0,235594000.0,0.0,93223000.0,93223000.0,93223000.0,0.0,0.0,0.079,216845000.0,223555000.0,94543000.0,4.348,5.04,25.067,24.862,104718000.0,0.0,34.31,1.987,1.965,134978000.0,-63792000.0,1176306000.0,1176306000.0,23499000.0,0.06,0.177,0.163,0.175,6192000.0,147479000.0,1.0,68110374.0,67360632.0,69193138.0,17.463,778165000.0,185441000.0,63129000.0,0.0,11.552,227694000.0
9,GNRC,MRY,2011-12-31,2011-12-31,2011-12-31,2021-08-03,-15357000.0,1552793000.0,1312565500.0,383265000.0,1169528000.0,0.603,11.454,-12046000.0,93126000.0,93126000.0,497322000.0,324643000.0,2.317,1.02,597874000.0,22874000.0,575000000.0,597874000.0,0.0,56123000.0,0.0,0.0,0.0,110684000.0,166807000.0,0.211,166807000.0,110684000.0,86966000.0,4.84,4.79,4.84,768889000.0,545651250.0,768889000.0,2388697238.0,22.0,14.32,157666000.0,2.349,1.0,294654000.0,0.372,854244000.0,23718000.0,1037907000.0,886116750.0,162124000.0,0.0,0.0,0.0,783904000.0,165390000.0,618514000.0,1894919238.0,14543000.0,-83907000.0,310000.0,-59355000.0,0.0,-59216000.0,-95953000.0,0.0,169712000.0,0.0,324643000.0,324643000.0,324643000.0,0.0,0.0,0.41,181673000.0,112981000.0,81053000.0,0.0,2.464,5.837,5.791,84384000.0,0.0,28.03,2.393,2.376,109705000.0,-157015000.0,791976000.0,791976000.0,16476000.0,0.247,0.595,0.125,0.14,8446000.0,107788000.0,1.0,67603255.0,67130356.0,67797371.0,11.798,698549000.0,241758000.0,-237677000.0,0.0,10.406,217875000.0
10,GNRC,MRY,2010-12-31,2010-12-31,2010-12-31,2021-08-03,-9752000.0,1209883000.0,1232547750.0,272519000.0,937364000.0,0.481,7.427,-9555000.0,78583000.0,78583000.0,355523000.0,56913000.0,3.144,1.743,657229000.0,0.0,657229000.0,657229000.0,0.0,59440000.0,0.0,0.0,0.0,84617000.0,144057000.0,0.243,144057000.0,84617000.0,57220000.0,-1.65,-1.65,-1.65,441067000.0,411438250.0,441067000.0,1694920292.0,20.0,11.766,104926000.0,1.767,1.0,237357000.0,0.4,855558000.0,27397000.0,846286000.0,893728000.0,127137000.0,0.0,0.0,0.0,768816000.0,86685000.0,682131000.0,1091832292.0,-82724000.0,-1649000.0,248309000.0,-434310000.0,0.0,-186001000.0,-11204000.0,0.0,114481000.0,0.0,56913000.0,-97952000.0,-97952000.0,0.0,0.0,-0.165,147061000.0,90296000.0,41809000.0,0.0,2.475,-11.147,-9.8,75287000.0,154865000.0,16.17,1.842,1.62,63154000.0,-481658000.0,592880000.0,592880000.0,14700000.0,-0.079,-0.238,0.095,0.143,6363000.0,80553000.0,1.0,67522096.0,59388976.0,59388976.0,9.983,354325000.0,0.0,307000.0,0.0,5.966,185834000.0
11,GNRC,MRY,2009-12-31,2009-12-31,2009-12-31,2021-08-03,-4492000.0,1337243000.0,1331728500.0,345017000.0,992226000.0,0.442,-28844.905,-4456000.0,161307000.0,161307000.0,352398000.0,43055000.0,2.614,-1.618,1091539000.0,39076000.0,1052463000.0,1091539000.0,0.0,59675000.0,0.0,,0.0,114256000.0,173931000.0,0.296,173931000.0,114256000.0,43394000.0,-41111.0,-41111.0,-41111.0,-742814000.0,-776504000.0,-742814000.0,,,,70151000.0,2724.099,1.0,235850000.0,0.401,905500000.0,70862000.0,1230004000.0,1260242500.0,123700000.0,0.0,0.0,0.0,1201852000.0,131971000.0,1069881000.0,,80078000.0,0.0,0.0,-9500000.0,0.0,9822000.0,-4351000.0,105000.0,74607000.0,0.0,43055000.0,-71287000.0,-71287000.0,0.0,0.0,-0.121,137338000.0,98512000.0,33639000.0,0.0,,,,73374000.0,114342000.0,,,,54130000.0,-538571000.0,588248000.0,588248000.0,10842000.0,-0.054,0.092,0.091,0.194,38000.0,74536000.0,1.0,66992853.0,25752.0,25752.0,22842.808,431743000.0,0.0,339000.0,0.0,16765.416,213046000.0
12,GNRC,MRY,2008-12-31,2008-12-31,2008-12-31,2021-08-03,-28650000.0,1326214000.0,,274997000.0,1051217000.0,,-31438.206,-5094000.0,81229000.0,81229000.0,372199000.0,-555955000.0,2.149,-1.596,1130937000.0,9500000.0,1121437000.0,1130937000.0,0.0,54770000.0,0.0,,0.0,-447533000.0,-392763000.0,-0.684,-392763000.0,-447533000.0,-555555000.0,-357628.0,-357628.0,-357628.0,-810194000.0,,-810194000.0,,,,5130000.0,199.061,1.0,202030000.0,0.352,957460000.0,108022000.0,1290481000.0,,123980000.0,0.0,0.0,0.0,1292957000.0,127981000.0,1164976000.0,,9914000.0,0.0,-413000.0,-10396000.0,0.0,4728000.0,-5038000.0,56000.0,10224000.0,0.0,-555955000.0,-647307000.0,-647307000.0,0.0,0.0,-1.127,714331000.0,-512301000.0,54525000.0,0.0,,,,76674000.0,91352000.0,,,,66241000.0,-581626000.0,574229000.0,574229000.0,9925000.0,,,,-0.779,40000.0,73318000.0,1.0,,25771.0,25771.0,22281.984,368754000.0,0.0,400000.0,0.0,14308.874,147016000.0
13,GNRC,MRY,2007-12-31,2007-12-31,2007-12-31,2021-08-03,,,,,,,,-13135000.0,,,333428000.0,-9714000.0,,,,,,,,53783000.0,,,0.0,115081000.0,168864000.0,0.304,168864000.0,115081000.0,-10285000.0,,,,,,,,,,25378000.0,,1.0,222277000.0,0.4,,125366000.0,,,,,,,,,,,16844000.0,0.0,758000.0,-9500000.0,0.0,-8937000.0,-12732000.0,403000.0,38513000.0,0.0,-9714000.0,-83390000.0,-83390000.0,0.0,0.0,-0.15,127441000.0,94836000.0,,,,,,,73676000.0,,,,,,555705000.0,555705000.0,9606000.0,,,,0.207,357000.0,70233000.0,1.0,,,,,,,-571000.0,,,
0,GNRC,MRQ,2021-06-30,2021-06-30,2021-06-30,2021-08-03,-37583000.0,3706926000.0,,1692533000.0,2014393000.0,,26.45,-26684000.0,390086000.0,390086000.0,580246000.0,127909000.0,2.024,1.216,1046965000.0,27993000.0,1018972000.0,1046965000.0,0.0,21229000.0,0.0,0.0,0.0,181119000.0,202348000.0,0.22,202348000.0,181119000.0,173398000.0,2.06,2.01,2.06,1655900000.0,,1655900000.0,26423203866.0,38.0,34.07,95766000.0,1.53,1.0,339735000.0,0.369,1549441000.0,7721000.0,1978115000.0,,772861000.0,0.0,0.0,0.0,2013743000.0,836249000.0,1177494000.0,26135576866.0,-354728000.0,-419017000.0,5556000.0,-6998000.0,0.0,-32672000.0,-445266000.0,435000.0,122450000.0,760000.0,127036000.0,127036000.0,127036000.0,0.0,873000.0,0.138,156783000.0,182952000.0,526375000.0,0.0,15.783,50.65,49.838,462706000.0,0.0,415.15,8.193,8.148,480889000.0,1710464000.0,919981000.0,919981000.0,25344000.0,,,,,4840000.0,120387000.0,1.0,62954539.0,62605166.0,64088709.0,14.695,2157485000.0,2246000.0,46362000.0,158522000.0,34.462,856284000.0
1,GNRC,MRQ,2021-03-31,2021-03-31,2021-03-31,2021-08-03,-31499000.0,3422138000.0,,1857607000.0,1564531000.0,,24.404,-27464000.0,744814000.0,744814000.0,485620000.0,149945000.0,2.615,1.203,1032441000.0,30587000.0,1001854000.0,1032441000.0,0.0,18237000.0,0.0,0.0,0.0,192084000.0,210321000.0,0.26,210321000.0,192084000.0,184361000.0,2.39,2.33,2.39,1524730000.0,,1524730000.0,20993999183.0,34.0,30.758,125079000.0,2.002,1.0,321814000.0,0.399,1130276000.0,7723000.0,1869224000.0,,644576000.0,0.0,0.0,0.0,1834315000.0,710265000.0,1124050000.0,20583979183.0,89686000.0,0.0,13011000.0,-13368000.0,0.0,-40008000.0,-21850000.0,5614000.0,152543000.0,-999000.0,148993000.0,148993000.0,148993000.0,0.0,952000.0,0.185,132690000.0,189124000.0,387933000.0,0.0,13.5,45.229,44.795,432895000.0,0.0,327.45,7.308,7.263,428702000.0,1581681000.0,807434000.0,807434000.0,22388000.0,,,,,-13944000.0,101323000.0,1.0,62861442.0,62478734.0,64099073.0,12.923,2291862000.0,1360000.0,35368000.0,122196000.0,36.682,1147342000.0
2,GNRC,MRQ,2020-12-31,2020-12-31,2020-12-31,2021-08-03,-34254000.0,3235423000.0,,1669733000.0,1565690000.0,,22.284,-28035000.0,655128000.0,655128000.0,460880000.0,124980000.0,2.603,1.28,1065148000.0,43429000.0,1021719000.0,1065148000.0,0.0,18686000.0,0.0,0.0,0.0,171917000.0,190603000.0,0.25,190603000.0,171917000.0,164007000.0,2.02,1.97,2.02,1390293000.0,,1390293000.0,14843829143.0,31.0,26.925,190188000.0,3.048,1.0,300202000.0,0.394,1147251000.0,7910000.0,1856668000.0,,603317000.0,0.0,0.0,0.0,1779012000.0,641524000.0,1137488000.0,14290696143.0,141184000.0,-41982000.0,1098000.0,-8553000.0,0.0,-8832000.0,-69364000.0,653000.0,218223000.0,1157000.0,125001000.0,125001000.0,125001000.0,0.0,-21000.0,0.164,129148000.0,171054000.0,330247000.0,0.0,10.279,40.763,40.537,416942000.0,0.0,227.41,5.75,5.699,374906000.0,1432565000.0,761082000.0,761082000.0,21489000.0,,,,,5809000.0,98719000.0,1.0,62841107.0,62388940.0,64312540.0,12.199,2088172000.0,1497000.0,39006000.0,115769000.0,33.47,1028209000.0
3,GNRC,MRQ,2020-09-30,2020-09-30,2020-09-30,2021-08-03,-62039000.0,2974075000.0,,1480336000.0,1493739000.0,,19.729,-7594000.0,513944000.0,513944000.0,425206000.0,115235000.0,2.661,1.366,1067077000.0,48221000.0,1018856000.0,1067077000.0,0.0,17168000.0,0.0,0.0,0.0,155116000.0,172284000.0,0.246,172284000.0,155116000.0,147020000.0,1.86,1.82,1.86,1230192000.0,,1230192000.0,12843305280.0,32.0,27.214,147602000.0,2.367,1.0,276149000.0,0.394,1091779000.0,8096000.0,1879171000.0,,532952000.0,0.0,0.0,0.0,1680634000.0,556258000.0,1124376000.0,12158592280.0,117210000.0,-22815000.0,4421000.0,-10419000.0,0.0,-8580000.0,-29735000.0,674000.0,155196000.0,329000.0,114970000.0,114970000.0,114970000.0,0.0,265000.0,0.164,120512000.0,155637000.0,272745000.0,0.0,9.883,41.189,40.939,398364000.0,0.0,193.64,5.252,5.215,398240000.0,1306530000.0,701355000.0,701355000.0,20658000.0,,,,,2837000.0,91962000.0,1.0,62789673.0,62353473.0,63761380.0,11.248,1882296000.0,3596000.0,32050000.0,105520000.0,30.188,924078000.0
4,GNRC,MRQ,2020-06-30,2020-06-30,2020-06-30,2021-08-03,-72526000.0,2767625000.0,,1297106000.0,1470519000.0,,17.629,-13426000.0,396734000.0,396734000.0,337865000.0,63592000.0,2.665,1.466,1081447000.0,55375000.0,1026072000.0,1081447000.0,0.0,16803000.0,0.0,0.0,0.0,92550000.0,109353000.0,0.2,109353000.0,92550000.0,84618000.0,1.04,1.02,1.04,1097730000.0,,1097730000.0,8383477563.0,24.0,19.89,88342000.0,1.419,1.0,208983000.0,0.382,1072800000.0,7932000.0,1892818000.0,,544372000.0,0.0,0.0,0.0,1609331000.0,486720000.0,1122611000.0,7642754563.0,89278000.0,0.0,5980000.0,373000.0,0.0,3068000.0,-12720000.0,706000.0,101768000.0,-2838000.0,66145000.0,66145000.0,66145000.0,0.0,-2553000.0,0.121,119430000.0,89553000.0,230229000.0,0.0,6.962,29.879,29.958,395590000.0,0.0,121.93,3.451,3.428,322937000.0,1190749000.0,546848000.0,546848000.0,19455000.0,,,,,3897000.0,92308000.0,1.0,62681494.0,62267083.0,63364253.0,8.782,1694825000.0,2129000.0,18473000.0,96539000.0,27.219,810386000.0
5,GNRC,MRQ,2020-03-31,2020-03-31,2020-03-31,2021-08-03,-73944000.0,2654077000.0,,1208721000.0,1445356000.0,,16.477,-12894000.0,307456000.0,307456000.0,303595000.0,43411000.0,2.502,1.534,1048179000.0,54139000.0,994040000.0,1048179000.0,0.0,16116000.0,0.0,0.0,0.0,62957000.0,79073000.0,0.166,79073000.0,62957000.0,53904000.0,0.69,0.68,0.69,1023642000.0,,1023642000.0,6545829304.0,19.0,15.656,-1548000.0,-0.025,1.0,172320000.0,0.362,1077080000.0,9053000.0,1834704000.0,,559695000.0,0.0,0.0,0.0,1570486000.0,483016000.0,1087470000.0,5829416304.0,-15427000.0,0.0,1590000.0,-6008000.0,0.0,-16084000.0,-12276000.0,618000.0,11346000.0,1587000.0,44460000.0,44460000.0,44460000.0,0.0,-1049000.0,0.093,109458000.0,62862000.0,266917000.0,0.0,5.695,23.169,23.177,364202000.0,0.0,93.17,2.638,2.619,312013000.0,1126174000.0,475915000.0,475915000.0,18649000.0,,,,,1371000.0,83028000.0,1.0,62567525.0,62126481.0,63283737.0,7.66,1576997000.0,4074000.0,9444000.0,93430000.0,25.384,725705000.0
6,GNRC,MRQ,2019-12-31,2019-12-31,2019-12-31,2021-08-03,-24917000.0,2665669000.0,,1195829000.0,1469840000.0,,16.632,-15343000.0,322883000.0,322883000.0,368710000.0,69936000.0,2.406,1.522,1039296000.0,61097000.0,978199000.0,1039296000.0,0.0,18068000.0,0.0,0.0,0.0,93153000.0,111221000.0,0.188,111221000.0,93153000.0,83037000.0,1.14,1.11,1.14,1032382000.0,,1032382000.0,7174394810.0,20.0,17.011,159742000.0,2.573,1.0,222222000.0,0.376,1103018000.0,10116000.0,1782000000.0,,522024000.0,0.0,0.0,0.0,1571591000.0,497064000.0,1074527000.0,6291087810.0,106845000.0,8862000.0,1438000.0,-59295000.0,0.0,-64096000.0,-5887000.0,594000.0,175085000.0,1743000.0,69614000.0,69614000.0,69614000.0,0.0,322000.0,0.118,117714000.0,104508000.0,261977000.0,0.0,6.094,24.964,24.594,363889000.0,0.0,100.59,2.854,2.826,319538000.0,1084383000.0,590932000.0,590932000.0,19488000.0,,,,,4862000.0,89581000.0,1.0,62541881.0,62072444.0,63904169.0,9.52,1562651000.0,2933000.0,13423000.0,96328000.0,25.175,698765000.0
7,GNRC,MRQ,2019-09-30,2019-09-30,2019-09-30,2021-08-03,-46363000.0,2594121000.0,,1137431000.0,1456690000.0,,15.075,-11037000.0,216038000.0,216038000.0,383618000.0,74897000.0,2.389,1.711,1099345000.0,69539000.0,1029806000.0,1099345000.0,0.0,15494000.0,0.0,0.0,0.0,106342000.0,121836000.0,0.203,121836000.0,106342000.0,95638000.0,1.2,1.18,1.2,934264000.0,,934264000.0,5862844235.0,16.0,13.685,100151000.0,1.616,1.0,217517000.0,0.362,1104308000.0,10704000.0,1897104000.0,,517232000.0,0.0,0.0,0.0,1598342000.0,476016000.0,1122326000.0,4886298235.0,105671000.0,-7922000.0,4538000.0,10790000.0,0.0,14020000.0,-18319000.0,640000.0,111188000.0,-1218000.0,75574000.0,75574000.0,75574000.0,0.0,-677000.0,0.126,111961000.0,105556000.0,241290000.0,0.0,5.23,18.941,18.787,349165000.0,0.0,78.34,2.245,2.23,373591000.0,1013707000.0,601135000.0,601135000.0,17603000.0,,,,,3096000.0,86952000.0,1.0,62372967.0,61973447.0,62770592.0,9.7,1489813000.0,3217000.0,20064000.0,92520000.0,24.04,661415000.0
8,GNRC,MRQ,2019-06-30,2019-06-30,2019-06-30,2021-08-03,-33831000.0,2523109000.0,,1051710000.0,1471399000.0,,13.984,-18448000.0,110367000.0,110367000.0,346078000.0,61706000.0,2.189,1.84,1086913000.0,59487000.0,1027426000.0,1086913000.0,0.0,14740000.0,0.0,0.0,0.0,91237000.0,105977000.0,0.196,105977000.0,91237000.0,80785000.0,0.99,0.98,0.99,865940000.0,,865940000.0,5221888793.0,14.0,12.314,-10405000.0,-0.168,1.0,195838000.0,0.361,1119166000.0,10452000.0,1900126000.0,,570327000.0,0.0,0.0,0.0,1592981000.0,480363000.0,1112618000.0,4324156793.0,-50899000.0,-51392000.0,1226000.0,10124000.0,0.0,9780000.0,-69187000.0,653000.0,8043000.0,465000.0,61958000.0,61958000.0,61958000.0,0.0,-252000.0,0.114,104912000.0,90926000.0,259696000.0,0.0,4.994,16.749,16.971,348842000.0,0.0,69.41,2.022,2.01,341535000.0,939618000.0,541916000.0,541916000.0,17694000.0,,,,,3619000.0,79967000.0,1.0,62298758.0,61921711.0,62405863.0,8.752,1403943000.0,3391000.0,18827000.0,85192000.0,22.673,571347000.0
9,GNRC,MRQ,2019-03-31,2019-03-31,2019-03-31,2021-08-03,-29870000.0,2473722000.0,,1062795000.0,1410927000.0,,13.024,-15879000.0,161266000.0,161266000.0,308178000.0,45769000.0,2.06,1.997,1058998000.0,47444000.0,1011554000.0,1058998000.0,0.0,12607000.0,0.0,0.0,0.0,70118000.0,82725000.0,0.176,82725000.0,70118000.0,59846000.0,0.77,0.76,0.77,804420000.0,,804420000.0,3882374484.0,11.0,9.415,-1308000.0,-0.021,1.0,162175000.0,0.345,1069514000.0,10272000.0,1785961000.0,,588380000.0,0.0,0.0,0.0,1606410000.0,515979000.0,1090431000.0,3182900484.0,-63216000.0,-61549000.0,2193000.0,-659000.0,0.0,-1622000.0,-76685000.0,743000.0,14571000.0,520000.0,44861000.0,44861000.0,44861000.0,0.0,908000.0,0.095,91002000.0,71173000.0,290871000.0,0.0,3.957,12.758,13.036,337028000.0,0.0,51.23,1.52,1.511,284612000.0,878416000.0,470353000.0,470353000.0,13609000.0,,,,,2854000.0,72051000.0,1.0,62129621.0,61762260.0,62223638.0,7.616,1404208000.0,4385000.0,14985000.0,78877000.0,22.736,546816000.0
10,GNRC,MRQ,2018-12-31,2018-12-31,2018-12-31,2021-08-03,-23813000.0,2426314000.0,,1120769000.0,1305545000.0,,12.333,-22023000.0,224482000.0,224482000.0,359098000.0,76697000.0,1.999,2.109,1019603000.0,47560000.0,972043000.0,1019603000.0,0.0,12284000.0,0.0,0.0,0.0,105578000.0,117862000.0,0.209,117862000.0,105578000.0,95561000.0,1.21,1.2,1.21,760549000.0,,760549000.0,3857649155.0,11.0,9.73,86206000.0,1.398,1.0,204306000.0,0.363,1011145000.0,10017000.0,1649584000.0,,544750000.0,0.0,0.0,0.0,1604049000.0,560706000.0,1043343000.0,3084381155.0,50481000.0,6486000.0,423000.0,-40432000.0,0.0,-42891000.0,-14429000.0,1108000.0,108229000.0,-428000.0,75575000.0,75575000.0,75575000.0,0.0,1122000.0,0.134,95458000.0,108848000.0,328091000.0,0.0,4.055,12.946,13.922,294237000.0,0.0,49.7,1.524,1.515,326133000.0,831123000.0,563404000.0,563404000.0,11897000.0,,,,,3208000.0,78241000.0,1.0,62059983.0,61668673.0,62134480.0,9.136,1415169000.0,163000.0,19986000.0,71300000.0,22.948,560063000.0
11,GNRC,MRQ,2018-09-30,2018-09-30,2018-09-30,2021-08-03,-9557000.0,2332673000.0,,1039957000.0,1292716000.0,,11.338,-13234000.0,174001000.0,174001000.0,362054000.0,76522000.0,1.88,2.255,947269000.0,87644000.0,859625000.0,947269000.0,0.0,11841000.0,0.0,0.0,0.0,105672000.0,117513000.0,0.209,117513000.0,105672000.0,95848000.0,1.12,1.11,1.12,698163000.0,,698163000.0,4318827955.0,13.0,11.213,46107000.0,0.749,1.0,200334000.0,0.356,1022941000.0,9824000.0,1529887000.0,,496088000.0,0.0,0.0,0.0,1574141000.0,553113000.0,1021028000.0,3497108955.0,62287000.0,0.0,3067000.0,12722000.0,0.0,14737000.0,-12338000.0,896000.0,59341000.0,547000.0,75776000.0,75776000.0,75776000.0,0.0,746000.0,0.135,93815000.0,106519000.0,287718000.0,0.0,5.009,14.357,15.329,243362000.0,0.0,56.41,1.786,1.774,341758000.0,756636000.0,562388000.0,562388000.0,13653000.0,,,,,2675000.0,74484000.0,1.0,61994486.0,61579564.0,62220298.0,9.133,1309732000.0,1207000.0,20072000.0,68380000.0,21.269,486844000.0
12,GNRC,MRQ,2018-06-30,2018-06-30,2018-06-30,2021-08-03,-16900000.0,2209275000.0,,930436000.0,1278839000.0,,10.027,-5635000.0,111714000.0,111714000.0,319108000.0,54231000.0,1.938,2.494,933433000.0,25367000.0,908066000.0,933433000.0,0.0,11600000.0,0.0,0.0,0.0,82645000.0,94245000.0,0.189,94245000.0,82645000.0,71643000.0,0.83,0.82,0.83,617012000.0,,617012000.0,3999148002.0,13.0,11.385,45054000.0,0.732,1.0,178473000.0,0.359,1020479000.0,11002000.0,1530466000.0,,479880000.0,0.0,0.0,0.0,1538985000.0,480049000.0,1058936000.0,3204844002.0,-34448000.0,-71557000.0,724000.0,-8305000.0,0.0,-7680000.0,-76130000.0,1062000.0,50689000.0,-1327000.0,53261000.0,53261000.0,53261000.0,0.0,970000.0,0.107,93006000.0,85467000.0,274234000.0,0.0,5.194,15.464,16.166,233433000.0,0.0,51.73,1.731,1.719,311668000.0,687772000.0,497581000.0,497581000.0,12616000.0,,,,,3893000.0,74908000.0,1.0,61953296.0,61534423.0,62054447.0,8.086,1188796000.0,1633000.0,18382000.0,57506000.0,19.319,450387000.0
13,GNRC,MRQ,2018-03-31,2018-03-31,2018-03-31,2021-08-03,-8372000.0,2077468000.0,,866845000.0,1210623000.0,,9.203,-6495000.0,146162000.0,146162000.0,258164000.0,33770000.0,2.101,2.549,940466000.0,33007000.0,907459000.0,940466000.0,0.0,11683000.0,0.0,0.0,0.0,55174000.0,66857000.0,0.167,66857000.0,55174000.0,45061000.0,0.42,0.42,0.42,570068000.0,,570068000.0,3651623622.0,14.0,11.409,22473000.0,0.363,1.0,141927000.0,0.355,955306000.0,10113000.0,1503829000.0,,439745000.0,0.0,0.0,0.0,1452870000.0,412637000.0,1040233000.0,2861373622.0,7690000.0,-369000.0,-24256000.0,9996000.0,0.0,-16200000.0,-5997000.0,867000.0,28968000.0,919000.0,33645000.0,33645000.0,33645000.0,0.0,125000.0,0.084,85580000.0,56347000.0,228070000.0,0.0,5.019,15.961,16.514,232023000.0,0.0,45.91,1.636,1.626,262170000.0,636814000.0,400091000.0,400091000.0,11853000.0,,,,,2910000.0,68095000.0,1.0,62325716.0,61943495.0,62474936.0,6.459,1122162000.0,3466000.0,11416000.0,49140000.0,18.116,454208000.0
14,GNRC,MRQ,2017-12-31,2017-12-31,2017-12-31,2021-08-03,-21198000.0,2025965000.0,,824557000.0,1201408000.0,,8.954,-16598000.0,138472000.0,138472000.0,311340000.0,82223000.0,2.08,2.577,928722000.0,22174000.0,906548000.0,928722000.0,0.0,13297000.0,0.0,0.0,0.0,93258000.0,106555000.0,0.214,106555000.0,93258000.0,82944000.0,1.31,1.29,1.31,554041000.0,,554041000.0,3988566213.0,16.0,13.447,120107000.0,1.941,1.0,186834000.0,0.375,957288000.0,10314000.0,1462504000.0,,387049000.0,0.0,0.0,0.0,1427716000.0,396423000.0,1031293000.0,3078337213.0,9692000.0,0.0,5234000.0,-113182000.0,0.0,-111361000.0,-14906000.0,1692000.0,136705000.0,-746000.0,80907000.0,80907000.0,80907000.0,0.0,1316000.0,0.162,91460000.0,95374000.0,233639000.0,0.0,5.556,19.507,19.344,230380000.0,0.0,49.52,1.833,1.829,279295000.0,610836000.0,498174000.0,498174000.0,11179000.0,,,,,-688000.0,72974000.0,1.0,62163514.0,61878395.0,62461681.0,8.051,1068677000.0,3238000.0,2037000.0,41852000.0,17.271,428134000.0
15,GNRC,MRQ,2017-09-30,2017-09-30,2017-09-30,2021-08-03,-22802000.0,2000974000.0,,810149000.0,1190825000.0,,7.661,-6596000.0,128780000.0,128780000.0,299608000.0,39776000.0,1.766,3.141,1039009000.0,130908000.0,908101000.0,1039009000.0,0.0,13108000.0,0.0,0.0,0.0,70511000.0,83619000.0,0.183,83619000.0,70511000.0,59839000.0,0.64,0.63,0.64,473147000.0,,473147000.0,3824616956.0,17.0,13.796,59745000.0,0.967,1.0,156231000.0,0.343,962632000.0,10672000.0,1489828000.0,,349023000.0,0.0,0.0,0.0,1485928000.0,458743000.0,1027185000.0,2854597956.0,61709000.0,97000.0,463000.0,782000.0,0.0,724000.0,-5795000.0,704000.0,66341000.0,439000.0,39435000.0,39435000.0,39435000.0,0.0,341000.0,0.087,83683000.0,72548000.0,190207000.0,0.0,6.033,24.445,24.561,218658000.0,0.0,45.93,1.782,1.771,320626000.0,535172000.0,455839000.0,455839000.0,10850000.0,,,,,2326000.0,65591000.0,1.0,62151055.0,61758190.0,62316788.0,7.381,1038342000.0,4310000.0,20404000.0,49528000.0,16.813,351406000.0
16,GNRC,MRQ,2017-06-30,2017-06-30,2017-06-30,2021-08-03,-27209000.0,1887530000.0,,697780000.0,1189750000.0,,6.886,-6472000.0,67071000.0,67071000.0,261954000.0,25376000.0,2.249,3.322,1037090000.0,29855000.0,1007235000.0,1037090000.0,0.0,12986000.0,0.0,0.0,0.0,50062000.0,63048000.0,0.16,63048000.0,50062000.0,39169000.0,0.41,0.41,0.41,427922000.0,,427922000.0,3263213013.0,16.0,12.479,52979000.0,0.852,1.0,132921000.0,0.337,965237000.0,10893000.0,1581990000.0,,378110000.0,0.0,0.0,0.0,1421765000.0,310322000.0,1111443000.0,2270216013.0,9577000.0,-450000.0,-29865000.0,-14822000.0,0.0,-44742000.0,-6153000.0,769000.0,59451000.0,1021000.0,25291000.0,25291000.0,25291000.0,0.0,85000.0,0.064,81099000.0,51822000.0,163359000.0,0.0,5.305,21.929,22.03,217056000.0,0.0,36.13,1.494,1.478,243285000.0,495463000.0,394875000.0,394875000.0,10553000.0,,,,,3219000.0,63417000.0,1.0,62834653.0,62146393.0,62635437.0,6.354,922293000.0,4261000.0,13878000.0,37575000.0,14.841,387458000.0
17,GNRC,MRQ,2017-03-31,2017-03-31,2017-03-31,2021-08-03,-36123000.0,1867265000.0,,680694000.0,1186571000.0,,6.742,-3513000.0,57494000.0,57494000.0,221685000.0,12182000.0,2.155,3.361,1050491000.0,42593000.0,1007898000.0,1050491000.0,0.0,12597000.0,0.0,0.0,0.0,30786000.0,43383000.0,0.131,43383000.0,30786000.0,19998000.0,0.21,0.2,0.21,420467000.0,,420467000.0,3324432056.0,16.0,12.972,-8688000.0,-0.139,1.0,108800000.0,0.329,965109000.0,10788000.0,1579253000.0,,390908000.0,0.0,0.0,0.0,1413303000.0,315900000.0,1097403000.0,2338783056.0,-9778000.0,1610000.0,1107000.0,-3968000.0,0.0,-4764000.0,-1274000.0,629000.0,-5175000.0,1435000.0,12175000.0,12175000.0,12175000.0,0.0,7000.0,0.037,77910000.0,30890000.0,159448000.0,0.0,5.562,23.595,24.052,215390000.0,0.0,37.28,1.568,1.559,223031000.0,469508000.0,330485000.0,330485000.0,10287000.0,,,,,2196000.0,60440000.0,1.0,62735597.0,62366263.0,62936126.0,5.299,902156000.0,3915000.0,7823000.0,27376000.0,14.465,364794000.0
18,GNRC,MRQ,2016-12-31,2016-12-31,2016-12-31,2021-08-03,-40163000.0,1861684000.0,,683509000.0,1178175000.0,,6.357,-9609000.0,67272000.0,67272000.0,268269000.0,40011000.0,1.999,3.559,1052921000.0,46163000.0,1006758000.0,1052921000.0,0.0,13075000.0,0.0,0.0,0.0,74094000.0,87169000.0,0.207,87169000.0,74094000.0,63240000.0,0.61,0.6,0.61,401122000.0,,401122000.0,3634470313.0,18.0,14.385,102000000.0,1.616,1.0,152442000.0,0.362,959812000.0,10854000.0,1545582000.0,,349731000.0,0.0,0.0,0.0,1427434000.0,341939000.0,1085495000.0,2600733313.0,13109000.0,-15329000.0,-48380000.0,-36124000.0,0.0,-85038000.0,-12651000.0,12287000.0,111609000.0,-811000.0,39875000.0,39875000.0,39875000.0,0.0,136000.0,0.095,77076000.0,75366000.0,181519000.0,0.0,6.484,26.769,27.527,212793000.0,0.0,40.74,1.796,1.826,241857000.0,456052000.0,420711000.0,420711000.0,9651000.0,,,,,522000.0,59997000.0,1.0,63837342.0,63103765.0,63554715.0,6.667,901872000.0,3337000.0,23365000.0,17278000.0,14.292,341570000.0
19,GNRC,MRQ,2016-09-30,2016-09-30,2016-09-30,2021-08-03,-34031000.0,1868513000.0,,671433000.0,1197080000.0,,6.406,-5541000.0,54163000.0,54163000.0,235349000.0,26012000.0,2.013,3.427,1087900000.0,74229000.0,1013671000.0,1087900000.0,0.0,14900000.0,0.0,0.0,0.0,52996000.0,67896000.0,0.182,67896000.0,52996000.0,41697000.0,0.41,0.4,0.41,413915000.0,,413915000.0,3396639738.0,23.0,16.797,42737000.0,0.661,1.0,137772000.0,0.369,976772000.0,11299000.0,1591899000.0,,359363000.0,0.0,0.0,0.0,1418386000.0,333579000.0,1084807000.0,2390898738.0,-21478000.0,-500000.0,-65358000.0,1598000.0,0.0,-63944000.0,-6041000.0,0.0,48278000.0,229000.0,26183000.0,26183000.0,26183000.0,0.0,-171000.0,0.07,81432000.0,56340000.0,145894000.0,0.0,5.776,35.974,35.588,207504000.0,0.0,36.3,1.726,1.694,244722000.0,415452000.0,373121000.0,373121000.0,9426000.0,,,,,2394000.0,62495000.0,1.0,65864979.0,64615935.0,65126117.0,5.774,891741000.0,9298000.0,15514000.0,8806000.0,13.801,337854000.0
20,GNRC,MRQ,2016-06-30,2016-06-30,2016-06-30,2021-08-03,-34495000.0,1916535000.0,,698598000.0,1217937000.0,,6.837,-6871000.0,75641000.0,75641000.0,243229000.0,20943000.0,2.156,3.176,1081382000.0,46546000.0,1034836000.0,1081382000.0,0.0,13650000.0,0.0,0.0,0.0,44189000.0,57839000.0,0.157,57839000.0,44189000.0,32809000.0,0.32,0.31,0.32,450391000.0,,450391000.0,3349126801.0,21.0,16.072,52213000.0,0.793,1.0,124147000.0,0.338,983868000.0,11380000.0,1614367000.0,,366745000.0,0.0,0.0,0.0,1430512000.0,324041000.0,1106471000.0,2326320801.0,6271000.0,394000.0,-34576000.0,-11012000.0,0.0,-45617000.0,-6477000.0,0.0,59084000.0,-719000.0,20888000.0,20888000.0,20888000.0,0.0,55000.0,0.057,80065000.0,44082000.0,166693000.0,0.0,5.165,31.304,31.495,206700000.0,0.0,34.96,1.697,1.68,243087000.0,389269000.0,367376000.0,367376000.0,9889000.0,,,,,2901000.0,61959000.0,1.0,66542357.0,65870714.0,66388581.0,5.577,932667000.0,24421000.0,11921000.0,8745000.0,14.159,374557000.0
21,GNRC,MRQ,2016-03-31,2016-03-31,2016-03-31,2021-08-03,-21229000.0,1933497000.0,,686256000.0,1247241000.0,,7.177,-7086000.0,69370000.0,69370000.0,188475000.0,10212000.0,2.269,3.002,1092176000.0,45030000.0,1047146000.0,1092176000.0,0.0,12793000.0,0.0,0.0,0.0,26962000.0,39755000.0,0.139,39755000.0,26962000.0,15927000.0,0.15,0.15,0.15,474426000.0,,474426000.0,3414996181.0,23.0,17.521,15065000.0,0.228,1.0,98060000.0,0.342,1008446000.0,11035000.0,1645387000.0,,374709000.0,0.0,0.0,0.0,1423991000.0,302470000.0,1121521000.0,2471505181.0,-46487000.0,-61280000.0,0.0,4311000.0,-76000.0,-1106000.0,-68366000.0,0.0,22151000.0,834000.0,10208000.0,10208000.0,10208000.0,0.0,4000.0,0.036,71096000.0,26964000.0,148357000.0,0.0,5.209,36.202,36.871,197623000.0,0.0,37.24,1.913,1.905,230338000.0,368381000.0,286535000.0,286535000.0,8197000.0,,,,,-4244000.0,55102000.0,1.0,66366949.0,66099755.0,66600040.0,4.335,925051000.0,36713000.0,5719000.0,13241000.0,13.995,383786000.0
22,GNRC,MRQ,2015-12-31,2015-12-31,2015-12-31,2021-08-03,-22475000.0,1778635000.0,,632017000.0,1146618000.0,,7.01,-10543000.0,115857000.0,115857000.0,226706000.0,9182000.0,2.964,2.818,1046383000.0,9251000.0,1037132000.0,1046383000.0,0.0,10573000.0,0.0,0.0,0.0,26156000.0,36729000.0,0.103,36729000.0,26156000.0,15554000.0,0.14,0.14,0.14,465871000.0,,465871000.0,3007904583.0,18.0,14.59,101217000.0,1.523,1.0,131124000.0,0.366,926629000.0,10602000.0,1569308000.0,,325375000.0,0.0,0.0,0.0,1312764000.0,213224000.0,1099540000.0,1999448583.0,69403000.0,695000.0,-35564000.0,3832000.0,-7000.0,-31729000.0,-9848000.0,0.0,111760000.0,-780000.0,9182000.0,9182000.0,9182000.0,0.0,0.0,0.026,103808000.0,27316000.0,108332000.0,0.0,4.292,25.717,26.114,184213000.0,0.0,29.77,1.518,1.539,182185000.0,358173000.0,357830000.0,357830000.0,8015000.0,,,,,766000.0,48975000.0,1.0,67163204.0,66456767.0,67457288.0,5.384,852006000.0,34812000.0,6372000.0,4950000.0,12.82,418793000.0
23,GNRC,MRQ,2015-09-30,2015-09-30,2015-09-30,2021-08-03,-24393000.0,1837579000.0,,654368000.0,1183211000.0,,7.177,-5833000.0,46454000.0,46454000.0,228965000.0,34036000.0,2.908,2.756,1054910000.0,4783000.0,1050127000.0,1054910000.0,0.0,10597000.0,0.0,0.0,0.0,63464000.0,74061000.0,0.206,74061000.0,63464000.0,53254000.0,0.5,0.49,0.5,489272000.0,,489272000.0,2966710940.0,14.0,11.54,29447000.0,0.432,1.0,130326000.0,0.363,979998000.0,10210000.0,1641051000.0,,362268000.0,0.0,0.0,0.0,1348307000.0,224986000.0,1123321000.0,2083648940.0,-109121000.0,-74710000.0,-64378000.0,1339000.0,-2000.0,-63002000.0,-80543000.0,0.0,35280000.0,-856000.0,34036000.0,34036000.0,34036000.0,0.0,0.0,0.095,62459000.0,67867000.0,123186000.0,0.0,4.259,17.665,17.393,178120000.0,0.0,30.09,1.528,1.505,207205000.0,348991000.0,359291000.0,359291000.0,8332000.0,,,,,1720000.0,47842000.0,1.0,69247223.0,68175466.0,69182465.0,5.27,857581000.0,36614000.0,19218000.0,15014000.0,12.579,429382000.0
24,GNRC,MRQ,2015-06-30,2015-06-30,2015-06-30,2021-08-03,-22256000.0,1871387000.0,,746930000.0,1124457000.0,,7.538,-7671000.0,155575000.0,155575000.0,192463000.0,14844000.0,3.036,2.6,1038637000.0,3400000.0,1035237000.0,1038637000.0,0.0,10129000.0,0.0,0.0,0.0,34235000.0,44364000.0,0.154,44364000.0,34235000.0,23472000.0,0.22,0.21,0.22,519810000.0,,519810000.0,3635893405.0,16.0,14.041,8651000.0,0.125,1.0,95897000.0,0.333,905507000.0,10763000.0,1602940000.0,,385848000.0,0.0,0.0,0.0,1351577000.0,246002000.0,1105575000.0,2748759405.0,5490000.0,-141000.0,0.0,-2248000.0,0.0,-3196000.0,-7812000.0,0.0,16322000.0,176000.0,14844000.0,14844000.0,14844000.0,0.0,0.0,0.051,56430000.0,39467000.0,149445000.0,0.0,5.288,22.827,22.585,174655000.0,0.0,39.75,2.026,2.021,160475000.0,314955000.0,288360000.0,288360000.0,8412000.0,,,,,494000.0,42038000.0,1.0,69151180.0,68961877.0,70063063.0,4.181,965880000.0,62788000.0,8628000.0,14809000.0,14.006,500928000.0
25,GNRC,MRQ,2015-03-31,2015-03-31,2015-03-31,2021-08-03,-22585000.0,1842372000.0,,704528000.0,1137844000.0,,7.306,-6499000.0,150085000.0,150085000.0,209215000.0,19685000.0,3.003,2.665,1037219000.0,3609000.0,1033610000.0,1037219000.0,0.0,9034000.0,0.0,0.0,0.0,41971000.0,51005000.0,0.164,51005000.0,41971000.0,30703000.0,0.29,0.28,0.29,502693000.0,,502693000.0,4262431905.0,15.0,13.454,18758000.0,0.273,1.0,102603000.0,0.329,915294000.0,11268000.0,1579615000.0,,356929000.0,0.0,0.0,0.0,1339679000.0,234597000.0,1105082000.0,3364175905.0,-39676000.0,374000.0,0.0,-52631000.0,-1427000.0,-56556000.0,-6125000.0,0.0,25257000.0,-2252000.0,19685000.0,19685000.0,19685000.0,0.0,0.0,0.063,57692000.0,44911000.0,135099000.0,0.0,6.692,21.079,20.897,171384000.0,0.0,48.69,2.351,2.342,158190000.0,300111000.0,311818000.0,311818000.0,8163000.0,,,,,-4298000.0,44334000.0,1.0,69093775.0,68806337.0,70088935.0,4.532,927078000.0,66416000.0,11018000.0,15134000.0,13.474,469931000.0
26,GNRC,MRQ,2014-12-31,2014-12-31,2014-12-31,2021-08-03,-15767000.0,1882542000.0,,730478000.0,1152064000.0,,7.138,-11580000.0,189761000.0,189761000.0,265587000.0,49390000.0,3.037,2.843,1088017000.0,5916000.0,1082101000.0,1088017000.0,0.0,8985000.0,0.0,0.0,0.0,78658000.0,87643000.0,0.217,87643000.0,78658000.0,66854000.0,0.72,0.7,0.72,489799000.0,,489799000.0,4159256473.0,14.0,12.222,98895000.0,1.441,1.0,138410000.0,0.343,920443000.0,11804000.0,1619833000.0,,319385000.0,0.0,0.0,0.0,1392743000.0,240522000.0,1152221000.0,3220307473.0,16599000.0,-55887000.0,-21000.0,-25183000.0,-197000.0,-25501000.0,-67467000.0,0.0,110475000.0,-908000.0,49390000.0,49390000.0,49390000.0,0.0,0.0,0.122,59295000.0,79115000.0,132248000.0,0.0,6.575,18.443,18.337,168821000.0,0.0,46.76,2.204,2.194,189107000.0,280426000.0,403997000.0,403997000.0,7914000.0,,,,,1404000.0,46078000.0,1.0,68868851.0,68618765.0,70531317.0,5.888,962099000.0,69350000.0,17464000.0,13449000.0,14.021,489956000.0
27,GNRC,MRQ,2014-09-30,2014-09-30,2014-09-30,2021-08-03,-5164000.0,1833904000.0,,732263000.0,1101641000.0,,6.534,-9405000.0,173162000.0,173162000.0,222022000.0,36497000.0,3.191,3.094,1112111000.0,5818000.0,1106293000.0,1112111000.0,0.0,8789000.0,0.0,0.0,0.0,67156000.0,75945000.0,0.216,75945000.0,67156000.0,54862000.0,0.53,0.52,0.53,447917000.0,,447917000.0,3754542661.0,12.0,10.654,47821000.0,0.698,1.0,130283000.0,0.37,875241000.0,12294000.0,1668136000.0,,327581000.0,0.0,0.0,0.0,1385987000.0,229476000.0,1156511000.0,2791240661.0,-24797000.0,-4880000.0,21000.0,-67113000.0,-246000.0,-66705000.0,-14285000.0,0.0,57226000.0,-1033000.0,36497000.0,36497000.0,36497000.0,0.0,0.0,0.104,59489000.0,70794000.0,131445000.0,0.0,6.232,16.066,15.961,159058000.0,0.0,40.54,1.948,1.939,199884000.0,231036000.0,352305000.0,352305000.0,7822000.0,,,,,1262000.0,46390000.0,1.0,68851521.0,68556051.0,70033224.0,5.139,958663000.0,75485000.0,18365000.0,0.0,13.984,502787000.0
28,GNRC,MRQ,2014-06-30,2014-06-30,2014-06-30,2021-08-03,-4139000.0,1829168000.0,,717155000.0,1112013000.0,,5.961,-8391000.0,197959000.0,197959000.0,234597000.0,54025000.0,3.35,3.477,1161261000.0,6945000.0,1154316000.0,1161261000.0,0.0,8381000.0,0.0,0.0,0.0,93850000.0,102231000.0,0.282,102231000.0,93850000.0,82422000.0,0.79,0.77,0.79,408562000.0,,408562000.0,4366371169.0,13.0,11.711,40541000.0,0.592,1.0,128012000.0,0.353,878953000.0,11428000.0,1699468000.0,,287233000.0,0.0,0.0,0.0,1420606000.0,214049000.0,1206557000.0,3354841169.0,24219000.0,-429000.0,0.0,-15736000.0,-125000.0,-15958000.0,-8820000.0,0.0,48932000.0,65000.0,54025000.0,54025000.0,54025000.0,0.0,0.0,0.149,54729000.0,73283000.0,116149000.0,0.0,8.211,18.199,18.052,153063000.0,0.0,48.74,2.323,2.313,203692000.0,194539000.0,362609000.0,362609000.0,8012000.0,,,,,2180000.0,41618000.0,1.0,68831374.0,68538251.0,70087976.0,5.291,950215000.0,83783000.0,28397000.0,0.0,13.864,503106000.0
29,GNRC,MRQ,2014-03-31,2014-03-31,2014-03-31,2021-08-03,-2844000.0,1812569000.0,,686530000.0,1126039000.0,,5.16,-4919000.0,180385000.0,180385000.0,222494000.0,34701000.0,2.942,4.134,1191915000.0,19547000.0,1172368000.0,1191915000.0,0.0,8575000.0,0.0,0.085,0.0,65913000.0,74488000.0,0.218,74488000.0,65913000.0,54224000.0,0.51,0.5,0.51,353044000.0,,353044000.0,5096556298.0,17.0,14.965,31434000.0,0.459,1.0,119514000.0,0.349,884664000.0,11689000.0,1706045000.0,,292307000.0,0.0,0.0,0.0,1459525000.0,233390000.0,1226135000.0,4055953298.0,23593000.0,0.0,0.0,-5901000.0,-334000.0,-7859000.0,-4919000.0,0.0,36353000.0,18000.0,34701000.0,34701000.0,34701000.0,0.0,0.0,0.101,54208000.0,65306000.0,113744000.0,0.0,11.489,25.579,25.418,148017000.0,0.0,58.97,2.84,2.825,182168000.0,140514000.0,342008000.0,342008000.0,7746000.0,,,,,-3206000.0,41117000.0,1.0,68779944.0,68421800.0,70008490.0,4.999,927905000.0,99022000.0,19523000.0,0.0,13.562,453140000.0
30,GNRC,MRQ,2013-12-31,2013-12-31,2013-12-31,2021-08-03,-2415000.0,1798205000.0,,654179000.0,1144026000.0,,4.646,-16508000.0,156792000.0,156792000.0,230554000.0,48518000.0,2.608,4.671,1197395000.0,22046000.0,1175349000.0,1197395000.0,0.0,9272000.0,0.0,0.088,0.0,90461000.0,99733000.0,0.265,99733000.0,90461000.0,78458000.0,0.71,0.7,0.71,317071000.0,,317071000.0,4967704346.0,15.0,13.429,88223000.0,1.293,1.0,145682000.0,0.387,891112000.0,12003000.0,1696851000.0,,300253000.0,0.0,0.0,0.0,1481134000.0,250845000.0,1230289000.0,3883006346.0,33626000.0,-42152000.0,-32000.0,-12131000.0,-5000.0,-12626000.0,-58660000.0,0.0,104731000.0,181000.0,48518000.0,48518000.0,48518000.0,0.0,0.0,0.129,54464000.0,91218000.0,109238000.0,0.0,12.246,22.247,22.125,146390000.0,0.0,56.64,2.613,2.595,164907000.0,105813000.0,376236000.0,376236000.0,8379000.0,,,,,835000.0,39799000.0,1.0,68555903.0,68246413.0,69788471.0,5.513,907093000.0,111973000.0,29940000.0,0.0,13.291,403334000.0
31,GNRC,MRQ,2013-09-30,2013-09-30,2013-09-30,2021-08-03,-11229000.0,1733055000.0,,615960000.0,1117095000.0,,3.773,-4166000.0,123166000.0,123166000.0,223806000.0,47093000.0,2.557,5.734,1207864000.0,30193000.0,1177671000.0,1207864000.0,0.0,9846000.0,0.0,0.117,0.0,86539000.0,96385000.0,0.265,96385000.0,86539000.0,74045000.0,0.69,0.67,0.69,257340000.0,,257340000.0,4001764744.0,13.0,11.512,76729000.0,1.125,1.0,139463000.0,0.384,874594000.0,12494000.0,1702263000.0,,296048000.0,0.0,0.0,0.0,1475715000.0,240896000.0,1234819000.0,2917986744.0,-10077000.0,-80239000.0,32000.0,-6453000.0,-3000.0,-6543000.0,-84405000.0,0.0,80895000.0,-24000.0,47093000.0,47093000.0,47093000.0,0.0,0.0,0.13,52174000.0,87289000.0,101707000.0,0.0,11.339,18.91,18.784,120812000.0,0.0,42.64,2.01,2.003,164698000.0,57295000.0,363269000.0,363269000.0,7183000.0,,,,,2189000.0,37988000.0,1.0,68433085.0,68198006.0,69887025.0,5.327,858461000.0,128137000.0,26952000.0,0.0,12.588,375064000.0
32,GNRC,MRQ,2013-06-30,2013-06-30,2013-06-30,2021-08-03,-12472000.0,1675367000.0,,611069000.0,1064298000.0,,3.022,-5694000.0,126598000.0,126598000.0,215735000.0,28254000.0,2.499,7.135,1210376000.0,33047000.0,1177329000.0,1210376000.0,0.0,8906000.0,0.0,0.297,5.0,61052000.0,69958000.0,0.202,69958000.0,61052000.0,46789000.0,0.41,0.4,0.41,205941000.0,,205941000.0,3290316936.0,12.0,10.138,30358000.0,0.446,1.0,130953000.0,0.378,813652000.0,14263000.0,1700966000.0,,287258000.0,0.0,0.0,0.0,1469426000.0,244527000.0,1224899000.0,2531419936.0,72261000.0,8532000.0,0.0,374317000.0,-340772000.0,33410000.0,2838000.0,0.0,36052000.0,-39000.0,28254000.0,28254000.0,28254000.0,0.0,0.0,0.081,54520000.0,76433000.0,112155000.0,12.195,12.292,19.068,18.883,109481000.0,0.0,37.01,1.823,1.816,162711000.0,10202000.0,346688000.0,346688000.0,7064000.0,,,,,2554000.0,41111000.0,1.0,68398269.0,68140330.0,69809599.0,5.088,861715000.0,150698000.0,18535000.0,0.0,12.646,366542000.0
33,GNRC,MRQ,2013-03-31,2013-03-31,2013-03-31,2021-08-03,-13494000.0,1591726000.0,,525195000.0,1066531000.0,,7.597,-4322000.0,54337000.0,54337000.0,246110000.0,50674000.0,2.035,2.087,813234000.0,42532000.0,770702000.0,813234000.0,0.0,8750000.0,0.0,0.17,0.0,95099000.0,103849000.0,0.26,103849000.0,95099000.0,79424000.0,0.75,0.73,0.75,515594000.0,,515594000.0,3198760653.0,13.0,10.862,33944000.0,0.5,1.0,153462000.0,0.384,819497000.0,15675000.0,1272995000.0,,258821000.0,0.0,0.0,0.0,1076132000.0,258131000.0,818001000.0,2412965653.0,-53686000.0,0.0,0.0,-82268000.0,-2649000.0,-87640000.0,-4322000.0,0.0,38266000.0,10000.0,50674000.0,50674000.0,50674000.0,0.0,0.0,0.127,56937000.0,96525000.0,117134000.0,0.0,4.68,21.197,20.911,106474000.0,0.0,35.34,1.883,1.872,169388000.0,-13118000.0,399572000.0,399572000.0,6645000.0,,,,,-4763000.0,44107000.0,1.0,68278598.0,67864475.0,69554941.0,5.888,772229000.0,165421000.0,28750000.0,0.0,11.379,267064000.0
34,GNRC,MRQ,2012-12-31,2012-12-31,2012-12-31,2021-08-03,-14496000.0,1603847000.0,,522553000.0,1081294000.0,,6.867,-8895000.0,108023000.0,108023000.0,215869000.0,28287000.0,1.772,2.459,893818000.0,94800000.0,799018000.0,893818000.0,0.0,11142000.0,0.0,0.175,0.0,66295000.0,77437000.0,0.226,77437000.0,66295000.0,49682000.0,0.42,0.41,0.42,463628000.0,,463628000.0,3161765932.0,15.0,12.178,97475000.0,1.444,1.0,126153000.0,0.369,825682000.0,16613000.0,1269101000.0,,225817000.0,0.0,0.0,0.0,1140219000.0,294859000.0,845360000.0,2336866932.0,50057000.0,-44769000.0,0.0,-2232000.0,0.0,-2649000.0,-53664000.0,0.0,106370000.0,0.0,28287000.0,28287000.0,28287000.0,0.0,0.0,0.083,58373000.0,67780000.0,94543000.0,0.0,5.04,25.067,24.862,104718000.0,0.0,34.31,1.987,1.965,134978000.0,-63792000.0,342022000.0,342022000.0,6285000.0,,,,,31000.0,43123000.0,1.0,68110374.0,67516254.0,69829642.0,5.066,778165000.0,185441000.0,21395000.0,0.0,11.526,227694000.0
35,GNRC,MRQ,2012-09-30,2012-09-30,2012-09-30,2021-08-03,-13913000.0,1507173000.0,,400772000.0,1106401000.0,,6.431,-7918000.0,57966000.0,57966000.0,184773000.0,25541000.0,2.556,2.476,882865000.0,9000000.0,873865000.0,882865000.0,0.0,14510000.0,0.0,0.262,6.0,58800000.0,73310000.0,0.244,73310000.0,58800000.0,41867000.0,0.38,0.37,0.38,433538000.0,,433538000.0,2442933521.0,14.0,10.543,61599000.0,0.914,1.0,115813000.0,0.385,818544000.0,16933000.0,1356710000.0,,187114000.0,0.0,0.0,0.0,1073635000.0,156818000.0,916817000.0,1557977521.0,47659000.0,4000.0,0.0,-13763000.0,0.0,-13944000.0,-7914000.0,0.0,69517000.0,0.0,25541000.0,25541000.0,25541000.0,0.0,0.0,0.085,56689000.0,59124000.0,57996000.0,15.789,3.594,4.692,4.624,91568000.0,0.0,22.89,1.414,1.401,129119000.0,-92078000.0,300586000.0,300586000.0,6456000.0,,,,,2450000.0,37844000.0,1.0,68063675.0,67415363.0,69166501.0,4.459,688629000.0,203064000.0,16326000.0,0.0,10.215,243954000.0
36,GNRC,MRQ,2012-06-30,2012-06-30,2012-06-30,2021-08-03,-14722000.0,1491775000.0,,358956000.0,1132819000.0,,6.011,-3350000.0,10307000.0,10307000.0,151708000.0,9335000.0,2.144,2.687,895263000.0,19750000.0,875513000.0,895263000.0,0.0,14290000.0,0.0,0.0,0.0,25593000.0,39883000.0,0.167,39883000.0,25593000.0,15699000.0,0.14,0.14,0.14,404606000.0,,404606000.0,2116705008.0,13.0,9.803,17773000.0,0.264,1.0,87429000.0,0.366,831011000.0,9894000.0,1378293000.0,,227038000.0,0.0,0.0,0.0,1087169000.0,167427000.0,919742000.0,1634784008.0,-81423000.0,0.0,0.0,305828000.0,-404332000.0,-99196000.0,-3350000.0,0.0,21123000.0,0.0,9335000.0,9335000.0,9335000.0,0.0,0.0,0.039,50271000.0,37158000.0,75391000.0,0.0,4.04,4.754,4.69,85786000.0,0.0,24.06,1.571,1.557,100108000.0,-117620000.0,239137000.0,239137000.0,5703000.0,,,,,2003000.0,32280000.0,1.0,67946135.0,67309260.0,68645533.0,3.553,660764000.0,217900000.0,6364000.0,0.0,9.817,191529000.0
37,GNRC,MRQ,2012-03-31,2012-03-31,2012-03-31,2021-08-03,-15426000.0,1571717000.0,,425924000.0,1145793000.0,,11.916,-2138000.0,91730000.0,91730000.0,183556000.0,30060000.0,2.547,0.963,573651000.0,14063000.0,559588000.0,573651000.0,0.0,14218000.0,0.0,0.0,0.0,54778000.0,68996000.0,0.234,68996000.0,54778000.0,49104000.0,0.45,0.44,0.45,800773000.0,,800773000.0,2171857632.0,14.0,10.283,36446000.0,0.542,1.0,111005000.0,0.377,843228000.0,5674000.0,1043169000.0,,200129000.0,0.0,0.0,0.0,770944000.0,167241000.0,603703000.0,1667109632.0,-1396000.0,-2279000.0,0.0,-35016000.0,0.0,-35563000.0,-4417000.0,0.0,38584000.0,0.0,30060000.0,30060000.0,30060000.0,0.0,0.0,0.102,51512000.0,59493000.0,91097000.0,0.0,2.082,4.765,4.703,84422000.0,0.0,24.55,1.732,1.714,114027000.0,-126955000.0,294561000.0,294561000.0,5055000.0,,,,,1708000.0,34232000.0,1.0,67906706.0,67200480.0,68637927.0,4.383,728489000.0,223562000.0,19044000.0,0.0,10.841,258683000.0
38,GNRC,MRQ,2011-12-31,2011-12-31,2011-12-31,2021-08-03,-15357000.0,1552793000.0,,383265000.0,1169528000.0,,11.451,-7589000.0,93126000.0,93126000.0,168843000.0,267131000.0,2.317,1.02,597874000.0,22874000.0,575000000.0,597874000.0,0.0,14489000.0,0.0,0.0,0.0,35036000.0,49525000.0,0.185,49525000.0,35036000.0,29148000.0,3.98,3.94,3.98,768889000.0,,768889000.0,2388697238.0,22.0,14.32,73108000.0,1.089,1.0,98465000.0,0.368,854244000.0,5888000.0,1037907000.0,,162124000.0,0.0,0.0,0.0,783904000.0,165390000.0,618514000.0,1894919238.0,-45594000.0,-83907000.0,0.0,-34624000.0,0.0,-34795000.0,-91496000.0,0.0,80697000.0,0.0,267131000.0,267131000.0,267131000.0,0.0,0.0,0.999,62605000.0,35860000.0,81053000.0,0.0,2.464,5.837,5.791,84384000.0,0.0,28.03,2.393,2.376,109705000.0,-157015000.0,267308000.0,267308000.0,4807000.0,,,,,2984000.0,35959000.0,1.0,67603255.0,67143565.0,68888264.0,3.981,698549000.0,241758000.0,-237983000.0,0.0,10.404,217875000.0
39,GNRC,MRQ,2011-09-30,2011-09-30,2011-09-30,2021-08-03,-12242000.0,1260376000.0,,362522000.0,897854000.0,,7.475,-1057000.0,138720000.0,138720000.0,150665000.0,37379000.0,3.642,1.511,632498000.0,0.0,632498000.0,632498000.0,0.0,14111000.0,0.0,0.0,0.0,43400000.0,57511000.0,0.24,57511000.0,43400000.0,37505000.0,0.56,0.55,0.56,501861000.0,,501861000.0,1824922865.0,18.0,11.585,59974000.0,0.893,1.0,88659000.0,0.37,819976000.0,5895000.0,834635000.0,,103633000.0,0.0,0.0,0.0,758515000.0,99543000.0,658972000.0,1271170865.0,59974000.0,0.0,0.0,0.0,0.0,0.0,-1057000.0,0.0,61031000.0,0.0,37379000.0,37379000.0,37379000.0,0.0,0.0,0.156,44481000.0,44178000.0,41179000.0,0.0,2.533,16.698,14.929,73663000.0,0.0,18.81,1.854,1.842,117593000.0,-424146000.0,239324000.0,239324000.0,4176000.0,,,,,1745000.0,28318000.0,1.0,67579525.0,67134999.0,67646423.0,3.565,440400000.0,0.0,126000.0,0.0,6.56,262979000.0
40,GNRC,MRQ,2011-06-30,2011-06-30,2011-06-30,2021-08-03,-11899000.0,1212775000.0,,301327000.0,911448000.0,,6.898,-1834000.0,78746000.0,78746000.0,101010000.0,15289000.0,3.314,1.619,632498000.0,0.0,632498000.0,632498000.0,0.0,13860000.0,0.0,0.0,0.0,21310000.0,35170000.0,0.218,35170000.0,21310000.0,15376000.0,0.23,0.23,0.23,463080000.0,,463080000.0,1877995988.0,22.0,12.984,13479000.0,0.201,1.0,60353000.0,0.374,831963000.0,5934000.0,843628000.0,,139728000.0,0.0,0.0,0.0,749695000.0,90936000.0,658759000.0,1310763988.0,-11251000.0,0.0,1000.0,-24731000.0,0.0,-24730000.0,-1834000.0,0.0,15313000.0,0.0,15289000.0,15289000.0,15289000.0,0.0,0.0,0.095,38553000.0,21800000.0,44736000.0,0.0,2.831,21.229,18.654,74729000.0,0.0,19.4,2.159,2.145,79810000.0,-461525000.0,161363000.0,161363000.0,3608000.0,,,,,1717000.0,23089000.0,1.0,67565154.0,67134999.0,67718654.0,2.404,380812000.0,0.0,87000.0,0.0,5.672,210391000.0
41,GNRC,MRQ,2011-03-31,2011-03-31,2011-03-31,2021-08-03,-9197000.0,1224318000.0,,299994000.0,924324000.0,,6.687,-1566000.0,89997000.0,89997000.0,76804000.0,4844000.0,2.512,1.728,657229000.0,24731000.0,632498000.0,657229000.0,0.0,13663000.0,0.0,0.0,0.0,10938000.0,24601000.0,0.198,24601000.0,10938000.0,4937000.0,0.07,0.07,0.07,448775000.0,,448775000.0,1948720053.0,23.0,13.631,11105000.0,0.165,1.0,47177000.0,0.381,843831000.0,6001000.0,828297000.0,,143787000.0,0.0,0.0,0.0,775543000.0,119422000.0,656121000.0,1370074053.0,11414000.0,0.0,309000.0,0.0,0.0,309000.0,-1566000.0,0.0,12671000.0,0.0,4844000.0,4844000.0,4844000.0,0.0,0.0,0.039,36034000.0,11143000.0,52212000.0,0.0,3.053,23.108,20.29,74914000.0,0.0,20.29,2.337,2.323,62410000.0,-476814000.0,123981000.0,123981000.0,3885000.0,,,,,2000000.0,20422000.0,1.0,67524596.0,67107560.0,67344349.0,1.847,380487000.0,0.0,93000.0,0.0,5.67,180572000.0
42,GNRC,MRQ,2010-12-31,2010-12-31,2010-12-31,2021-08-03,-9752000.0,1209883000.0,,272519000.0,937364000.0,,6.563,-5269000.0,78583000.0,78583000.0,97209000.0,18613000.0,3.144,1.743,657229000.0,0.0,657229000.0,657229000.0,0.0,14918000.0,0.0,0.0,0.0,25328000.0,40246000.0,0.25,40246000.0,25328000.0,18683000.0,0.4,0.4,0.4,441067000.0,,441067000.0,1694920292.0,20.0,11.766,26091000.0,0.388,1.0,63832000.0,0.396,855558000.0,6645000.0,846286000.0,,127137000.0,0.0,0.0,0.0,768816000.0,86685000.0,682131000.0,1091832292.0,-49751000.0,-1649000.0,0.0,-74193000.0,0.0,-74193000.0,-6918000.0,0.0,31360000.0,0.0,18613000.0,18613000.0,18613000.0,0.0,0.0,0.116,37624000.0,26208000.0,41809000.0,0.0,2.475,-11.147,-9.8,75287000.0,0.0,16.17,1.842,1.62,63154000.0,-481658000.0,161041000.0,161041000.0,3916000.0,,,,,1729000.0,20645000.0,1.0,67522096.0,67203400.0,67203400.0,2.396,354325000.0,0.0,70000.0,0.0,5.272,185834000.0
43,GNRC,MRQ,2010-09-30,2010-09-30,2010-09-30,2021-08-03,-9610000.0,1279159000.0,,333005000.0,946154000.0,,6.273,-1251000.0,128334000.0,128334000.0,93304000.0,22998000.0,3.206,2.039,731422000.0,0.0,731422000.0,731422000.0,0.0,15011000.0,0.0,0.0,0.0,29616000.0,44627000.0,0.278,44627000.0,29616000.0,23076000.0,0.34,0.34,0.34,420867000.0,,420867000.0,1559314471.0,18.0,10.537,35225000.0,0.525,1.0,67362000.0,0.419,866755000.0,6540000.0,911609000.0,,127358000.0,0.0,0.0,0.0,858292000.0,103883000.0,754409000.0,921001471.0,35225000.0,0.0,0.0,0.0,0.0,0.0,-1251000.0,0.0,36476000.0,0.0,22998000.0,22998000.0,22998000.0,0.0,0.0,0.143,37592000.0,29770000.0,61487000.0,0.0,2.188,-6.826,-0.001,71852000.0,0.0,13.64,1.572,1.562,73787000.0,-500271000.0,160666000.0,160666000.0,3580000.0,,,,,1675000.0,20949000.0,1.0,67522102.0,67094447.0,67231403.0,2.395,412404000.0,0.0,78000.0,0.0,6.147,229122000.0
44,GNRC,MRQ,2010-06-30,2010-06-30,2010-06-30,2021-08-03,-7602000.0,1236427000.0,,276367000.0,960060000.0,,5.935,-1471000.0,93109000.0,93109000.0,85710000.0,12834000.0,3.215,2.105,731422000.0,0.0,731422000.0,731422000.0,0.0,14859000.0,0.0,0.0,0.0,18631000.0,33490000.0,0.238,33490000.0,18631000.0,12911000.0,0.19,0.19,0.19,398202000.0,,398202000.0,1611173563.0,18.0,10.738,26738000.0,0.399,1.0,54745000.0,0.39,879818000.0,5720000.0,908948000.0,,111436000.0,0.0,0.0,0.0,838225000.0,85974000.0,752251000.0,946122563.0,26738000.0,0.0,0.0,0.0,0.0,0.0,-1471000.0,0.0,28209000.0,0.0,12834000.0,12834000.0,12834000.0,0.0,0.0,0.091,35891000.0,18854000.0,42985000.0,0.0,2.376,-5.479,-0.001,72580000.0,0.0,14.01,1.662,1.651,68410000.0,-523269000.0,140455000.0,140455000.0,3482000.0,,,,,1713000.0,19488000.0,1.0,67531946.0,67093250.0,67200565.0,2.093,356609000.0,0.0,77000.0,0.0,5.315,190393000.0
45,GNRC,MRQ,2010-03-31,2010-03-31,2010-03-31,2021-08-03,-5640000.0,1204722000.0,,230650000.0,974072000.0,,10.78,-1564000.0,66371000.0,66371000.0,79300000.0,2468000.0,3.344,2.124,731422000.0,0.0,731422000.0,731422000.0,0.0,14652000.0,0.0,0.0,0.0,11042000.0,25694000.0,0.197,25694000.0,11042000.0,2550000.0,-4.26,-4.26,-4.26,385617000.0,,385617000.0,1876317353.0,18.0,11.652,16872000.0,0.472,1.0,51418000.0,0.393,892739000.0,8492000.0,908069000.0,,107089000.0,0.0,0.0,0.0,819105000.0,68965000.0,750140000.0,946085353.0,-94936000.0,0.0,248309000.0,-360117000.0,0.0,-111808000.0,-1564000.0,0.0,18436000.0,0.0,2468000.0,-152397000.0,-152397000.0,0.0,0.0,-1.166,35954000.0,15464000.0,27739000.0,0.0,2.453,-4.671,0.0,73047000.0,154865000.0,14.01,1.635,0.866,52682000.0,-536103000.0,130718000.0,130718000.0,3722000.0,,,,,1246000.0,19471000.0,1.0,67529290.0,35772308.0,35772308.0,3.654,311983000.0,0.0,82000.0,0.0,8.721,161685000.0
46,GNRC,MRQ,2009-12-31,2009-12-31,2009-12-31,2021-08-03,-4492000.0,1337243000.0,,345017000.0,992226000.0,,-28851.627,-1610000.0,161307000.0,161307000.0,90320000.0,11948000.0,2.614,-1.618,1091539000.0,39076000.0,1052463000.0,1091539000.0,0.0,14994000.0,0.0,,0.0,29173000.0,44167000.0,0.287,44167000.0,29173000.0,11963000.0,-10626.0,-10626.0,-10626.0,-742814000.0,,-742814000.0,,,,27866000.0,1082.343,1.0,63644000.0,0.413,905500000.0,17210000.0,1230004000.0,,123700000.0,0.0,0.0,0.0,1201852000.0,131971000.0,1069881000.0,,27188000.0,0.0,0.0,0.0,0.0,-678000.0,-1610000.0,0.0,29476000.0,0.0,11948000.0,-18365000.0,-18365000.0,0.0,0.0,-0.119,34322000.0,29322000.0,33639000.0,0.0,,,,73374000.0,30313000.0,,,,54130000.0,-538571000.0,153964000.0,153964000.0,3090000.0,,,,,10000.0,18135000.0,1.0,66992853.0,25746.0,25746.0,5980.113,431743000.0,0.0,15000.0,0.0,16769.323,213046000.0
47,GNRC,MRQ,2009-09-30,2009-09-30,2009-09-30,2021-08-03,-10483000.0,1346326000.0,,340069000.0,1006257000.0,,-29544.614,-1017000.0,134119000.0,134119000.0,79770000.0,14316000.0,2.683,-1.615,1091539000.0,7125000.0,1084414000.0,1091539000.0,0.0,15060000.0,0.0,,0.0,31632000.0,46692000.0,0.324,46692000.0,31632000.0,14428000.0,-8492.0,-8492.0,-8492.0,-760892000.0,,-760892000.0,,,,23293000.0,904.442,1.0,64491000.0,0.447,918597000.0,17204000.0,1258384000.0,,143691000.0,29000.0,29000.0,0.0,1229013000.0,126765000.0,1102248000.0,,43293000.0,0.0,0.0,0.0,0.0,20000000.0,-1017000.0,0.0,24310000.0,0.0,14316000.0,-14742000.0,-14742000.0,0.0,0.0,-0.102,33903000.0,30588000.0,63946000.0,0.0,,,,73666000.0,29058000.0,,,,59924000.0,-550519000.0,144261000.0,144261000.0,2515000.0,,,,,9000.0,18291000.0,1.0,66992853.0,25754.0,25754.0,5601.499,427729000.0,0.0,112000.0,0.0,16608.255,213304000.0
48,GNRC,MRQ,2009-06-30,2009-06-30,2009-06-30,2021-08-03,,,,,,,,-1505000.0,,,89389000.0,10997000.0,,,,,,,,14894000.0,,,0.0,29586000.0,44480000.0,0.297,44480000.0,29586000.0,11104000.0,-9824.0,-9824.0,-9824.0,,,,,,,19205000.0,745.709,1.0,60188000.0,0.402,,18482000.0,,,,,,,,,,,19310000.0,0.0,0.0,0.0,0.0,0.0,-1400000.0,105000.0,20710000.0,0.0,10997000.0,-17054000.0,-17054000.0,0.0,0.0,-0.114,35402000.0,24786000.0,,0.0,,,,,28051000.0,,,,,,149577000.0,149577000.0,2625000.0,,,,,10000.0,19823000.0,1.0,,25754.0,25754.0,5807.913,,,107000.0,,,
49,GNRC,MRQ,2009-03-31,2009-03-31,2009-03-31,2021-08-03,,,,,,,,-324000.0,,,92919000.0,5794000.0,,,,,,,,14727000.0,,,0.0,23865000.0,38592000.0,0.275,38592000.0,23865000.0,5899000.0,-12169.0,-12169.0,-12169.0,,,,,,,-213000.0,-8.271,1.0,47527000.0,0.338,,17966000.0,,,,,,,,,,,-9713000.0,0.0,0.0,-9500000.0,0.0,-9500000.0,-324000.0,0.0,111000.0,0.0,5794000.0,-21126000.0,-21126000.0,0.0,0.0,-0.15,33711000.0,13816000.0,,0.0,,,,,26920000.0,,,,,,140446000.0,140446000.0,2612000.0,,,,,9000.0,18287000.0,1.0,,25754.0,25754.0,5453.366,,,105000.0,,,
50,GNRC,MRQ,2008-12-31,2008-12-31,2008-12-31,2021-08-03,-28650000.0,1326214000.0,,274997000.0,1051217000.0,,-31438.206,-1299000.0,81229000.0,81229000.0,114463000.0,-515765000.0,2.149,-1.596,1130937000.0,9500000.0,1121437000.0,1130937000.0,0.0,13880000.0,0.0,,0.0,-501578000.0,-487698000.0,-2.825,-487698000.0,-501578000.0,-528134000.0,,,,-810194000.0,,-810194000.0,,,,27770000.0,1077.568,1.0,58161000.0,0.337,957460000.0,26556000.0,1290481000.0,,123980000.0,0.0,0.0,0.0,1292957000.0,127981000.0,1164976000.0,,43260000.0,0.0,-66000.0,0.0,0.0,15471000.0,-1280000.0,19000.0,29069000.0,0.0,-515765000.0,-540090000.0,-540090000.0,0.0,0.0,-3.129,618474000.0,-560313000.0,54525000.0,,,,,76674000.0,24325000.0,,,,66241000.0,-581626000.0,172624000.0,172624000.0,2448000.0,,,,,10000.0,20542000.0,1.0,,25771.0,,6698.382,368754000.0,0.0,-12369000.0,0.0,14308.874,147016000.0
0,GNRC,MRT,2021-06-30,2021-06-30,2021-06-30,2021-08-03,-37583000.0,3706926000.0,3334640500.0,1692533000.0,2014393000.0,0.957,26.45,-89777000.0,390086000.0,390086000.0,1951952000.0,518069000.0,2.024,1.216,1046965000.0,27993000.0,1018972000.0,1046965000.0,0.0,75320000.0,0.0,0.0,0.0,700236000.0,775556000.0,0.243,775556000.0,700236000.0,668786000.0,8.33,8.13,8.33,1655900000.0,1450278750.0,1655900000.0,26423203866.0,38.0,34.07,558635000.0,8.923,1.0,1237900000.0,0.388,1549441000.0,31450000.0,1978115000.0,1895794500.0,772861000.0,0.0,0.0,0.0,2013743000.0,836249000.0,1177494000.0,26135576866.0,-6648000.0,-483814000.0,24086000.0,-39338000.0,0.0,-90092000.0,-566215000.0,7376000.0,648412000.0,1247000.0,516000000.0,516000000.0,516000000.0,0.0,2069000.0,0.162,539133000.0,698767000.0,526375000.0,0.0,15.783,50.65,49.838,462706000.0,0.0,415.15,8.193,8.148,480889000.0,1710464000.0,3189852000.0,3189852000.0,89879000.0,0.155,0.356,0.369,0.22,-458000.0,412391000.0,1.0,62954539.0,62605166.0,64088709.0,50.952,2157485000.0,2246000.0,152786000.0,158522000.0,34.462,856284000.0
1,GNRC,MRT,2021-03-31,2021-03-31,2021-03-31,2021-08-03,-31499000.0,3422138000.0,3099815250.0,1857607000.0,1564531000.0,0.909,24.404,-76519000.0,744814000.0,744814000.0,1709571000.0,453752000.0,2.615,1.203,1032441000.0,30587000.0,1001854000.0,1032441000.0,0.0,70894000.0,0.0,0.0,0.0,611667000.0,682561000.0,0.242,682561000.0,611667000.0,580006000.0,7.31,7.14,7.31,1524730000.0,1310736250.0,1524730000.0,20993999183.0,34.0,30.758,551211000.0,8.822,1.0,1107148000.0,0.393,1130276000.0,31661000.0,1869224000.0,1874470250.0,644576000.0,0.0,0.0,0.0,1834315000.0,710265000.0,1124050000.0,20583979183.0,437358000.0,-64797000.0,24510000.0,-31967000.0,0.0,-54352000.0,-133669000.0,7647000.0,627730000.0,-2351000.0,455109000.0,455109000.0,455109000.0,0.0,-1357000.0,0.162,501780000.0,605368000.0,387933000.0,0.0,13.5,45.229,44.795,432895000.0,0.0,327.45,7.308,7.263,428702000.0,1581681000.0,2816719000.0,2816719000.0,83990000.0,0.147,0.347,0.326,0.217,-1401000.0,384312000.0,1.0,62861442.0,62478734.0,64099073.0,45.083,2291862000.0,1360000.0,124897000.0,122196000.0,36.682,1147342000.0
2,GNRC,MRT,2020-12-31,2020-12-31,2020-12-31,2021-08-03,-34254000.0,3235423000.0,2907800000.0,1669733000.0,1565690000.0,0.855,22.323,-61949000.0,655128000.0,655128000.0,1527546000.0,347218000.0,2.603,1.28,1065148000.0,43429000.0,1021719000.0,1065148000.0,0.0,68773000.0,0.0,0.0,0.0,482540000.0,551313000.0,0.222,551313000.0,482540000.0,449549000.0,5.61,5.48,5.61,1390293000.0,1185464250.0,1390293000.0,14843829143.0,31.0,26.925,424584000.0,6.817,1.0,957654000.0,0.385,1147251000.0,32991000.0,1856668000.0,1865840250.0,603317000.0,0.0,0.0,0.0,1779012000.0,641524000.0,1137488000.0,14290696143.0,332245000.0,-64797000.0,13089000.0,-24607000.0,0.0,-30428000.0,-124095000.0,2651000.0,486533000.0,235000.0,350576000.0,350576000.0,350576000.0,0.0,-3358000.0,0.141,478548000.0,479106000.0,330247000.0,0.0,10.279,40.763,40.537,416942000.0,0.0,227.41,5.75,5.699,374906000.0,1432565000.0,2485200000.0,2485200000.0,80251000.0,0.121,0.296,0.259,0.194,13914000.0,366017000.0,1.0,62841107.0,62280889.0,63737734.0,39.903,2088172000.0,1497000.0,98973000.0,115769000.0,33.528,1028209000.0
3,GNRC,MRT,2020-09-30,2020-09-30,2020-09-30,2021-08-03,-62039000.0,2974075000.0,2765361500.0,1480336000.0,1493739000.0,0.837,19.729,-49257000.0,513944000.0,513944000.0,1435376000.0,292174000.0,2.661,1.366,1067077000.0,48221000.0,1018856000.0,1067077000.0,0.0,68155000.0,0.0,0.0,0.0,403776000.0,471931000.0,0.204,471931000.0,403776000.0,368579000.0,4.73,4.63,4.73,1230192000.0,1095986500.0,1230192000.0,12843305280.0,32.0,27.214,394138000.0,6.321,1.0,879674000.0,0.38,1091779000.0,35197000.0,1879171000.0,1847173250.0,532952000.0,0.0,0.0,0.0,1680634000.0,556258000.0,1124376000.0,12158592280.0,297906000.0,-13953000.0,13429000.0,-75349000.0,0.0,-85692000.0,-60618000.0,2592000.0,443395000.0,821000.0,295189000.0,295189000.0,295189000.0,0.0,-3015000.0,0.128,467114000.0,412560000.0,272745000.0,0.0,9.883,41.189,40.939,398364000.0,0.0,193.64,5.252,5.215,398240000.0,1306530000.0,2315050000.0,2315050000.0,78250000.0,0.107,0.269,0.219,0.174,12967000.0,356879000.0,1.0,62789673.0,62353473.0,63761380.0,37.128,1882296000.0,3596000.0,73390000.0,105520000.0,30.188,924078000.0
4,GNRC,MRT,2020-06-30,2020-06-30,2020-06-30,2021-08-03,-72526000.0,2767625000.0,2670373000.0,1297106000.0,1470519000.0,0.829,17.629,-52700000.0,396734000.0,396734000.0,1393788000.0,251836000.0,2.665,1.466,1081447000.0,55375000.0,1026072000.0,1081447000.0,0.0,66481000.0,0.0,0.0,0.0,355002000.0,421483000.0,0.19,421483000.0,355002000.0,317197000.0,4.07,3.99,4.07,1097730000.0,1022004500.0,1097730000.0,8383477563.0,24.0,19.89,346687000.0,5.568,1.0,821042000.0,0.371,1072800000.0,37805000.0,1892818000.0,1851656500.0,544372000.0,0.0,0.0,0.0,1609331000.0,486720000.0,1122611000.0,7642754563.0,286367000.0,940000.0,13546000.0,-54140000.0,0.0,-63092000.0,-49202000.0,2558000.0,399387000.0,-726000.0,255793000.0,255793000.0,255793000.0,0.0,-3957000.0,0.115,458563000.0,362479000.0,230229000.0,0.0,6.962,29.879,29.958,395590000.0,0.0,121.93,3.451,3.428,322937000.0,1190749000.0,2214830000.0,2214830000.0,75195000.0,0.096,0.25,0.192,0.16,13226000.0,351869000.0,1.0,62681494.0,62267083.0,63364253.0,35.57,1694825000.0,2129000.0,61404000.0,96539000.0,27.219,810386000.0
5,GNRC,MRT,2020-03-31,2020-03-31,2020-03-31,2021-08-03,-73944000.0,2654077000.0,2609244000.0,1208721000.0,1445356000.0,0.847,16.477,-57722000.0,307456000.0,307456000.0,1402001000.0,249950000.0,2.502,1.534,1048179000.0,54139000.0,994040000.0,1048179000.0,0.0,64418000.0,0.0,0.0,0.0,353689000.0,418107000.0,0.189,418107000.0,353689000.0,313364000.0,4.02,3.95,4.02,1023642000.0,964057000.0,1023642000.0,6545829304.0,19.0,15.656,247940000.0,3.991,1.0,807897000.0,0.366,1077080000.0,40325000.0,1834704000.0,1853483500.0,559695000.0,0.0,0.0,0.0,1570486000.0,483016000.0,1087470000.0,5829416304.0,146190000.0,-50452000.0,8792000.0,-44389000.0,0.0,-56380000.0,-105669000.0,2505000.0,305662000.0,2577000.0,251606000.0,251606000.0,251606000.0,0.0,-1656000.0,0.114,444045000.0,363852000.0,266917000.0,0.0,5.695,23.169,23.177,364202000.0,0.0,93.17,2.638,2.619,312013000.0,1126174000.0,2209898000.0,2209898000.0,73434000.0,0.096,0.261,0.191,0.16,12948000.0,339528000.0,1.0,62567525.0,62126481.0,63283737.0,35.571,1576997000.0,4074000.0,61758000.0,93430000.0,25.384,725705000.0
6,GNRC,MRT,2019-12-31,2019-12-31,2019-12-31,2021-08-03,-24917000.0,2665669000.0,2564155250.0,1195829000.0,1469840000.0,0.86,16.671,-60707000.0,322883000.0,322883000.0,1406584000.0,252308000.0,2.406,1.522,1039296000.0,61097000.0,978199000.0,1039296000.0,0.0,60909000.0,0.0,0.0,0.0,360850000.0,421759000.0,0.191,421759000.0,360850000.0,319306000.0,4.09,4.03,4.09,1032382000.0,909251500.0,1032382000.0,7174394810.0,20.0,17.011,248180000.0,4.008,1.0,797752000.0,0.362,1103018000.0,41544000.0,1782000000.0,1841297750.0,522024000.0,0.0,0.0,0.0,1571591000.0,497064000.0,1074527000.0,6291087810.0,98401000.0,-112001000.0,9395000.0,-39040000.0,0.0,-41918000.0,-170078000.0,2630000.0,308887000.0,1510000.0,252007000.0,252007000.0,252007000.0,0.0,301000.0,0.114,425589000.0,372163000.0,261977000.0,0.0,6.094,24.964,24.594,363889000.0,0.0,100.59,2.854,2.826,319538000.0,1084383000.0,2204336000.0,2204336000.0,68394000.0,0.098,0.277,0.196,0.164,14431000.0,328551000.0,1.0,62541881.0,61926986.0,62865446.0,35.596,1562651000.0,2933000.0,67299000.0,96328000.0,25.234,698765000.0
7,GNRC,MRT,2019-09-30,2019-09-30,2019-09-30,2021-08-03,-46363000.0,2594121000.0,2504316500.0,1137431000.0,1456690000.0,0.869,15.075,-67387000.0,216038000.0,216038000.0,1396972000.0,259069000.0,2.389,1.711,1099345000.0,69539000.0,1029806000.0,1099345000.0,0.0,55125000.0,0.0,0.0,0.0,373275000.0,428400000.0,0.197,428400000.0,373275000.0,331830000.0,4.17,4.12,4.17,934264000.0,841293250.0,934264000.0,5862844235.0,16.0,13.685,174644000.0,2.818,1.0,779836000.0,0.358,1104308000.0,41445000.0,1897104000.0,1808193750.0,517232000.0,0.0,0.0,0.0,1598342000.0,476016000.0,1122326000.0,4886298235.0,42037000.0,-114377000.0,8380000.0,-20177000.0,0.0,-20713000.0,-178620000.0,3144000.0,242031000.0,-661000.0,257968000.0,257968000.0,257968000.0,0.0,1101000.0,0.119,403333000.0,376503000.0,241290000.0,0.0,5.23,18.941,18.787,349165000.0,0.0,78.34,2.245,2.23,373591000.0,1013707000.0,2176808000.0,2176808000.0,60803000.0,0.103,0.307,0.206,0.171,12777000.0,317211000.0,1.0,62372967.0,61973447.0,62770592.0,35.125,1489813000.0,3217000.0,73862000.0,92520000.0,24.04,661415000.0
8,GNRC,MRT,2019-06-30,2019-06-30,2019-06-30,2021-08-03,-33831000.0,2523109000.0,2438954500.0,1051710000.0,1471399000.0,0.877,13.984,-69584000.0,110367000.0,110367000.0,1375408000.0,260694000.0,2.189,1.84,1086913000.0,59487000.0,1027426000.0,1086913000.0,0.0,51472000.0,0.0,0.0,0.0,372605000.0,424077000.0,0.198,424077000.0,372605000.0,332040000.0,4.09,4.05,4.09,865940000.0,782268000.0,865940000.0,5221888793.0,14.0,12.314,120600000.0,1.948,1.0,762653000.0,0.357,1119166000.0,40565000.0,1900126000.0,1716389500.0,570327000.0,0.0,0.0,0.0,1592981000.0,480363000.0,1112618000.0,4324156793.0,-1347000.0,-106455000.0,6909000.0,-18245000.0,0.0,-19996000.0,-172639000.0,3400000.0,190184000.0,1104000.0,258170000.0,258170000.0,258170000.0,0.0,2524000.0,0.121,385187000.0,377466000.0,259696000.0,0.0,4.994,16.749,16.971,348842000.0,0.0,69.41,2.022,2.01,341535000.0,939618000.0,2138061000.0,2138061000.0,56853000.0,0.106,0.33,0.217,0.174,12356000.0,304743000.0,1.0,62298758.0,61921711.0,62405863.0,34.528,1403943000.0,3391000.0,73870000.0,85192000.0,22.673,571347000.0
9,GNRC,MRT,2019-03-31,2019-03-31,2019-03-31,2021-08-03,-29870000.0,2473722000.0,2360496000.0,1062795000.0,1410927000.0,0.887,13.024,-56771000.0,161266000.0,161266000.0,1348438000.0,253219000.0,2.06,1.997,1058998000.0,47444000.0,1011554000.0,1058998000.0,0.0,48332000.0,0.0,0.0,0.0,364013000.0,412345000.0,0.197,412345000.0,364013000.0,322898000.0,3.93,3.89,3.93,804420000.0,720036000.0,804420000.0,3882374484.0,11.0,9.415,176059000.0,2.851,1.0,745288000.0,0.356,1069514000.0,41115000.0,1785961000.0,1623974500.0,588380000.0,0.0,0.0,0.0,1606410000.0,515979000.0,1090431000.0,3182900484.0,15104000.0,-126620000.0,6407000.0,-36674000.0,0.0,-37456000.0,-179582000.0,3809000.0,232830000.0,-688000.0,249473000.0,249473000.0,249473000.0,0.0,3746000.0,0.119,373281000.0,372007000.0,290871000.0,0.0,3.957,12.758,13.036,337028000.0,0.0,51.23,1.52,1.511,284612000.0,878416000.0,2093726000.0,2093726000.0,51775000.0,0.106,0.346,0.224,0.174,12630000.0,299684000.0,1.0,62129621.0,61762260.0,62223638.0,33.9,1404208000.0,4385000.0,73425000.0,78877000.0,22.736,546816000.0
10,GNRC,MRT,2018-12-31,2018-12-31,2018-12-31,2021-08-03,-23813000.0,2426314000.0,2261432500.0,1120769000.0,1305545000.0,0.895,12.334,-47387000.0,224482000.0,224482000.0,1298424000.0,241220000.0,1.999,2.109,1019603000.0,47560000.0,972043000.0,1019603000.0,0.0,47408000.0,0.0,0.0,0.0,349069000.0,396477000.0,0.196,396477000.0,349069000.0,308113000.0,3.57,3.54,3.57,760549000.0,661448000.0,760549000.0,3857649155.0,11.0,9.73,199840000.0,3.241,1.0,725040000.0,0.358,1011145000.0,40956000.0,1649584000.0,1553441500.0,544750000.0,0.0,0.0,0.0,1604049000.0,560706000.0,1043343000.0,3084381155.0,86010000.0,-65440000.0,-20042000.0,-26019000.0,0.0,-52034000.0,-108894000.0,3933000.0,247227000.0,-289000.0,238257000.0,238257000.0,238257000.0,0.0,2963000.0,0.118,367859000.0,357181000.0,328091000.0,0.0,4.055,12.946,13.922,294237000.0,0.0,49.7,1.524,1.515,326133000.0,831123000.0,2023464000.0,2023464000.0,50019000.0,0.105,0.36,0.225,0.173,12686000.0,295728000.0,1.0,62059983.0,61662031.0,62233225.0,32.815,1415169000.0,163000.0,69856000.0,71300000.0,22.95,560063000.0
11,GNRC,MRT,2018-09-30,2018-09-30,2018-09-30,2021-08-03,-9557000.0,2332673000.0,2161345250.0,1039957000.0,1292716000.0,0.906,11.338,-41962000.0,174001000.0,174001000.0,1250666000.0,246746000.0,1.88,2.255,947269000.0,87644000.0,859625000.0,947269000.0,0.0,48421000.0,0.0,0.0,0.0,336749000.0,385170000.0,0.197,385170000.0,336749000.0,295496000.0,3.68,3.64,3.68,698163000.0,609821000.0,698163000.0,4318827955.0,13.0,11.213,233741000.0,3.796,1.0,707568000.0,0.361,1022941000.0,41253000.0,1529887000.0,1506671500.0,496088000.0,0.0,0.0,0.0,1574141000.0,553113000.0,1021028000.0,3497108955.0,45221000.0,-71926000.0,-15231000.0,-98769000.0,0.0,-120504000.0,-109371000.0,4517000.0,275703000.0,-607000.0,243589000.0,243589000.0,243589000.0,0.0,3157000.0,0.124,363861000.0,343707000.0,287718000.0,0.0,5.009,14.357,15.329,243362000.0,0.0,56.41,1.786,1.774,341758000.0,756636000.0,1958234000.0,1958234000.0,49301000.0,0.113,0.399,0.224,0.172,8790000.0,290461000.0,1.0,61994486.0,61579564.0,62220298.0,31.8,1309732000.0,1207000.0,51907000.0,68380000.0,21.269,486844000.0
12,GNRC,MRT,2018-06-30,2018-06-30,2018-06-30,2021-08-03,-16900000.0,2209275000.0,2078420500.0,930436000.0,1278839000.0,0.891,10.027,-35324000.0,111714000.0,111714000.0,1188220000.0,210000000.0,1.938,2.494,933433000.0,25367000.0,908066000.0,933433000.0,0.0,49688000.0,0.0,0.0,0.0,301588000.0,351276000.0,0.19,351276000.0,301588000.0,259487000.0,3.2,3.16,3.2,617012000.0,553567000.0,617012000.0,3999148002.0,13.0,11.385,247379000.0,4.02,1.0,663465000.0,0.358,1020479000.0,42101000.0,1530466000.0,1496656750.0,479880000.0,0.0,0.0,0.0,1538985000.0,480049000.0,1058936000.0,3204844002.0,44643000.0,-71829000.0,-17835000.0,-110709000.0,0.0,-134517000.0,-102828000.0,4325000.0,282703000.0,-715000.0,207248000.0,207248000.0,207248000.0,0.0,2752000.0,0.112,353729000.0,309736000.0,274234000.0,0.0,5.194,15.464,16.166,233433000.0,0.0,51.73,1.731,1.719,311668000.0,687772000.0,1851685000.0,1851685000.0,46498000.0,0.1,0.374,0.202,0.163,8441000.0,281568000.0,1.0,61953296.0,61534423.0,62054447.0,30.092,1188796000.0,1633000.0,52239000.0,57506000.0,19.319,450387000.0
13,GNRC,MRT,2018-03-31,2018-03-31,2018-03-31,2021-08-03,-8372000.0,2077468000.0,1997984250.0,866845000.0,1210623000.0,0.875,9.203,-36161000.0,146162000.0,146162000.0,1131066000.0,181145000.0,2.101,2.549,940466000.0,33007000.0,907459000.0,940466000.0,0.0,51074000.0,0.0,0.0,0.0,269005000.0,320079000.0,0.183,320079000.0,269005000.0,227013000.0,2.78,2.75,2.78,570068000.0,506294500.0,570068000.0,3651623622.0,14.0,11.409,255304000.0,4.122,1.0,617913000.0,0.353,955306000.0,41992000.0,1503829000.0,1509537750.0,439745000.0,0.0,0.0,0.0,1452870000.0,412637000.0,1040233000.0,2861373622.0,88668000.0,-722000.0,-48424000.0,-117226000.0,0.0,-171579000.0,-32851000.0,4032000.0,291465000.0,1633000.0,179278000.0,179278000.0,179278000.0,0.0,1867000.0,0.103,341822000.0,276091000.0,228070000.0,0.0,5.019,15.961,16.514,232023000.0,0.0,45.91,1.636,1.626,262170000.0,636814000.0,1748979000.0,1748979000.0,44435000.0,0.09,0.354,0.178,0.154,7767000.0,270077000.0,1.0,62325716.0,61943495.0,62474936.0,28.235,1122162000.0,3466000.0,47735000.0,49140000.0,18.116,454208000.0
14,GNRC,MRT,2017-12-31,2017-12-31,2017-12-31,2021-08-03,-21198000.0,2025965000.0,1945433500.0,824557000.0,1201408000.0,0.863,8.93,-33179000.0,138472000.0,138472000.0,1094587000.0,159557000.0,2.08,2.577,928722000.0,22174000.0,906548000.0,928722000.0,0.0,51988000.0,0.0,0.0,0.0,244617000.0,296605000.0,0.177,296605000.0,244617000.0,201950000.0,2.56,2.53,2.56,554041000.0,468894250.0,554041000.0,3988566213.0,16.0,13.447,224143000.0,3.613,1.0,584786000.0,0.348,957288000.0,42667000.0,1462504000.0,1528393750.0,387049000.0,0.0,0.0,0.0,1427716000.0,396423000.0,1031293000.0,3078337213.0,71200000.0,1257000.0,-23061000.0,-131190000.0,0.0,-160143000.0,-28128000.0,3794000.0,257322000.0,2149000.0,157808000.0,157808000.0,157808000.0,0.0,1749000.0,0.094,334152000.0,250634000.0,233639000.0,0.0,5.556,19.507,19.344,230380000.0,0.0,49.52,1.833,1.829,279295000.0,610836000.0,1679373000.0,1679373000.0,42869000.0,0.081,0.337,0.16,0.146,7053000.0,262422000.0,1.0,62163514.0,62040704.0,62642872.0,27.069,1068677000.0,3238000.0,44142000.0,41852000.0,17.225,428134000.0
15,GNRC,MRT,2017-09-30,2017-09-30,2017-09-30,2021-08-03,-22802000.0,2000974000.0,1904363250.0,810149000.0,1190825000.0,0.841,7.661,-26190000.0,128780000.0,128780000.0,1051516000.0,117345000.0,1.766,3.141,1039009000.0,130908000.0,908101000.0,1039009000.0,0.0,51766000.0,0.0,0.0,0.0,225453000.0,277219000.0,0.173,277219000.0,225453000.0,182246000.0,1.87,1.84,1.87,473147000.0,430664500.0,473147000.0,3824616956.0,17.0,13.796,206036000.0,3.336,1.0,550394000.0,0.344,962632000.0,43207000.0,1489828000.0,1549163250.0,349023000.0,0.0,0.0,0.0,1485928000.0,458743000.0,1027185000.0,2854597956.0,74617000.0,-14072000.0,-76675000.0,-54132000.0,0.0,-133820000.0,-25873000.0,14389000.0,232226000.0,2084000.0,116776000.0,116776000.0,116776000.0,0.0,569000.0,0.073,319768000.0,230626000.0,190207000.0,0.0,6.033,24.445,24.561,218658000.0,0.0,45.93,1.782,1.771,320626000.0,535172000.0,1601910000.0,1601910000.0,41341000.0,0.061,0.271,0.146,0.141,8263000.0,249445000.0,1.0,62151055.0,61758190.0,62316788.0,25.938,1038342000.0,4310000.0,65470000.0,49528000.0,16.813,351406000.0
16,GNRC,MRT,2017-06-30,2017-06-30,2017-06-30,2021-08-03,-27209000.0,1887530000.0,1871248000.0,697780000.0,1189750000.0,0.812,6.886,-25135000.0,67071000.0,67071000.0,987257000.0,103581000.0,2.249,3.322,1037090000.0,29855000.0,1007235000.0,1037090000.0,0.0,53558000.0,0.0,0.0,0.0,207938000.0,261496000.0,0.172,261496000.0,207938000.0,164104000.0,1.64,1.61,1.64,427922000.0,415856500.0,427922000.0,3263213013.0,16.0,12.479,189028000.0,3.042,1.0,531935000.0,0.35,965237000.0,43834000.0,1581990000.0,1574681000.0,378110000.0,0.0,0.0,0.0,1421765000.0,310322000.0,1111443000.0,2270216013.0,-8570000.0,-14669000.0,-142496000.0,-53316000.0,0.0,-198488000.0,-26119000.0,13685000.0,214163000.0,1874000.0,103524000.0,103524000.0,103524000.0,0.0,57000.0,0.068,317517000.0,214418000.0,163359000.0,0.0,5.305,21.929,22.03,217056000.0,0.0,36.13,1.494,1.478,243285000.0,495463000.0,1519192000.0,1519192000.0,39917000.0,0.055,0.249,0.132,0.137,8331000.0,246349000.0,1.0,62834653.0,62146393.0,62635437.0,24.445,922293000.0,4261000.0,60580000.0,37575000.0,14.841,387458000.0
17,GNRC,MRT,2017-03-31,2017-03-31,2017-03-31,2021-08-03,-36123000.0,1867265000.0,1878499250.0,680694000.0,1186571000.0,0.794,6.742,-25534000.0,57494000.0,57494000.0,968532000.0,99148000.0,2.155,3.361,1050491000.0,42593000.0,1007898000.0,1050491000.0,0.0,54222000.0,0.0,0.0,0.0,202065000.0,256287000.0,0.172,256287000.0,202065000.0,157744000.0,1.55,1.51,1.55,420467000.0,421473750.0,420467000.0,3324432056.0,16.0,12.972,188262000.0,3.019,1.0,523161000.0,0.351,965109000.0,44321000.0,1579253000.0,1582775250.0,390908000.0,0.0,0.0,0.0,1413303000.0,315900000.0,1097403000.0,2338783056.0,-11876000.0,-13825000.0,-147207000.0,-49506000.0,0.0,-199363000.0,-26443000.0,12916000.0,213796000.0,134000.0,99121000.0,99121000.0,99121000.0,0.0,27000.0,0.066,316483000.0,206678000.0,159448000.0,0.0,5.562,23.595,24.052,215390000.0,0.0,37.28,1.568,1.559,223031000.0,469508000.0,1491693000.0,1491693000.0,39253000.0,0.053,0.235,0.128,0.135,8013000.0,244891000.0,1.0,62735597.0,62366263.0,62936126.0,23.918,902156000.0,3915000.0,58623000.0,27376000.0,14.465,364794000.0
18,GNRC,MRT,2016-12-31,2016-12-31,2016-12-31,2021-08-03,-40163000.0,1861684000.0,1895057250.0,683509000.0,1178175000.0,0.764,6.18,-29107000.0,67272000.0,67272000.0,935322000.0,97178000.0,1.999,3.559,1052921000.0,46163000.0,1006758000.0,1052921000.0,0.0,54418000.0,0.0,0.0,0.0,198241000.0,252659000.0,0.175,252659000.0,198241000.0,153673000.0,1.48,1.47,1.48,401122000.0,434963500.0,401122000.0,3634470313.0,18.0,14.385,212015000.0,3.267,1.0,512421000.0,0.354,959812000.0,44568000.0,1545582000.0,1599308750.0,349731000.0,0.0,0.0,0.0,1427434000.0,341939000.0,1085495000.0,2600733313.0,-48585000.0,-76715000.0,-148314000.0,-41227000.0,-76000.0,-195705000.0,-93535000.0,12287000.0,241122000.0,-467000.0,97154000.0,97154000.0,97154000.0,0.0,24000.0,0.067,309669000.0,202752000.0,181519000.0,0.0,6.484,26.769,27.527,212793000.0,0.0,40.74,1.796,1.826,241857000.0,456052000.0,1447743000.0,1447743000.0,37163000.0,0.051,0.223,0.124,0.137,1573000.0,239553000.0,1.0,63837342.0,64905793.0,65382774.0,22.305,901872000.0,3337000.0,56519000.0,17278000.0,13.895,341570000.0
19,GNRC,MRT,2016-09-30,2016-09-30,2016-09-30,2021-08-03,-34031000.0,1868513000.0,1874295000.0,671433000.0,1197080000.0,0.739,6.406,-30041000.0,54163000.0,54163000.0,893759000.0,66349000.0,2.013,3.427,1087900000.0,74229000.0,1013671000.0,1087900000.0,0.0,51916000.0,0.0,0.0,0.0,150303000.0,202219000.0,0.146,202219000.0,150303000.0,105987000.0,1.02,1.0,1.02,413915000.0,451150750.0,413915000.0,3396639738.0,23.0,16.797,211232000.0,3.269,1.0,491103000.0,0.355,976772000.0,44316000.0,1591899000.0,1605240250.0,359363000.0,0.0,0.0,0.0,1418386000.0,333579000.0,1084807000.0,2390898738.0,7709000.0,-60691000.0,-135498000.0,-1271000.0,-83000.0,-142396000.0,-90732000.0,0.0,241273000.0,-436000.0,66461000.0,66461000.0,66461000.0,0.0,-112000.0,0.048,336401000.0,154702000.0,145894000.0,0.0,5.776,35.974,35.588,207504000.0,0.0,36.3,1.726,1.694,244722000.0,415452000.0,1384862000.0,1384862000.0,35527000.0,0.035,0.147,0.094,0.109,1817000.0,228531000.0,1.0,65864979.0,64615935.0,65126117.0,21.432,891741000.0,9298000.0,39526000.0,8806000.0,13.801,337854000.0
20,GNRC,MRT,2016-06-30,2016-06-30,2016-06-30,2021-08-03,-34495000.0,1916535000.0,1866561500.0,698598000.0,1217937000.0,0.735,6.837,-30333000.0,75641000.0,75641000.0,887375000.0,74373000.0,2.156,3.176,1081382000.0,46546000.0,1034836000.0,1081382000.0,0.0,47613000.0,0.0,0.0,0.0,160771000.0,208384000.0,0.152,208384000.0,160771000.0,117544000.0,1.11,1.09,1.11,450391000.0,469990000.0,450391000.0,3349126801.0,21.0,16.072,197942000.0,3.005,1.0,483657000.0,0.353,983868000.0,43227000.0,1614367000.0,1617528250.0,366745000.0,0.0,0.0,0.0,1430512000.0,324041000.0,1106471000.0,2326320801.0,-79934000.0,-134901000.0,-134518000.0,-1530000.0,-85000.0,-141454000.0,-165234000.0,0.0,228275000.0,-1521000.0,74314000.0,74314000.0,74314000.0,0.0,59000.0,0.054,317428000.0,166229000.0,166693000.0,0.0,5.165,31.304,31.495,206700000.0,0.0,34.96,1.697,1.68,243087000.0,389269000.0,1371032000.0,1371032000.0,34433000.0,0.04,0.158,0.099,0.117,1143000.0,213878000.0,1.0,66542357.0,65870714.0,66388581.0,20.814,932667000.0,24421000.0,43230000.0,8745000.0,14.159,374557000.0
21,GNRC,MRT,2016-03-31,2016-03-31,2016-03-31,2021-08-03,-21229000.0,1933497000.0,1855274500.0,686256000.0,1247241000.0,0.696,7.177,-31133000.0,69370000.0,69370000.0,836609000.0,68274000.0,2.269,3.002,1092176000.0,45030000.0,1047146000.0,1092176000.0,0.0,44092000.0,0.0,0.0,0.0,150817000.0,194909000.0,0.151,194909000.0,150817000.0,108207000.0,1.01,0.99,1.01,474426000.0,487344750.0,474426000.0,3414996181.0,23.0,17.521,154380000.0,2.336,1.0,455407000.0,0.352,1008446000.0,42610000.0,1645387000.0,1614671500.0,374709000.0,0.0,0.0,0.0,1423991000.0,302470000.0,1121521000.0,2471505181.0,-80715000.0,-135436000.0,-99942000.0,7234000.0,-85000.0,-99033000.0,-166569000.0,0.0,185513000.0,-626000.0,68270000.0,68270000.0,68270000.0,0.0,4000.0,0.053,293793000.0,161614000.0,148357000.0,0.0,5.209,36.202,36.871,197623000.0,0.0,37.24,1.913,1.905,230338000.0,368381000.0,1292016000.0,1292016000.0,32956000.0,0.037,0.14,0.093,0.117,-1264000.0,193957000.0,1.0,66366949.0,66099755.0,66600040.0,19.546,925051000.0,36713000.0,39937000.0,13241000.0,13.995,383786000.0
22,GNRC,MRT,2015-12-31,2015-12-31,2015-12-31,2021-08-03,-22475000.0,1778635000.0,1832493250.0,632017000.0,1146618000.0,0.719,6.841,-30546000.0,115857000.0,115857000.0,857349000.0,77747000.0,2.964,2.818,1046383000.0,9251000.0,1037132000.0,1046383000.0,0.0,40333000.0,0.0,0.0,0.0,165826000.0,206159000.0,0.157,206159000.0,165826000.0,122983000.0,1.14,1.12,1.14,465871000.0,494411500.0,465871000.0,3007904583.0,18.0,14.59,158073000.0,2.321,1.0,459950000.0,0.349,926629000.0,42843000.0,1569308000.0,1598228500.0,325375000.0,0.0,0.0,0.0,1312764000.0,213224000.0,1099540000.0,1999448583.0,-73904000.0,-73782000.0,-99942000.0,-49708000.0,-1436000.0,-154483000.0,-104328000.0,0.0,188619000.0,-3712000.0,77747000.0,77747000.0,77747000.0,0.0,0.0,0.059,280389000.0,179561000.0,108332000.0,0.0,4.292,25.717,26.114,184213000.0,0.0,29.77,1.518,1.539,182185000.0,358173000.0,1317299000.0,1317299000.0,32922000.0,0.042,0.157,0.104,0.126,-1318000.0,183189000.0,1.0,67163204.0,68096051.0,69200297.0,19.345,852006000.0,34812000.0,45236000.0,4950000.0,12.512,418793000.0
23,GNRC,MRT,2015-09-30,2015-09-30,2015-09-30,2021-08-03,-24393000.0,1837579000.0,1858470000.0,654368000.0,1183211000.0,0.734,7.177,-31583000.0,46454000.0,46454000.0,896230000.0,117955000.0,2.908,2.756,1054910000.0,4783000.0,1050127000.0,1054910000.0,0.0,38745000.0,0.0,0.0,0.0,218328000.0,257073000.0,0.189,257073000.0,218328000.0,174283000.0,1.73,1.68,1.73,489272000.0,500393500.0,489272000.0,2966710940.0,14.0,11.54,155751000.0,2.285,1.0,467236000.0,0.343,979998000.0,44045000.0,1641051000.0,1610859750.0,362268000.0,0.0,0.0,0.0,1348307000.0,224986000.0,1123321000.0,2083648940.0,-126708000.0,-130364000.0,-64399000.0,-78723000.0,-1626000.0,-148255000.0,-161947000.0,0.0,187334000.0,-3840000.0,117955000.0,117955000.0,117955000.0,0.0,0.0,0.087,235876000.0,231360000.0,123186000.0,0.0,4.259,17.665,17.393,178120000.0,0.0,30.09,1.528,1.505,207205000.0,348991000.0,1363466000.0,1363466000.0,32821000.0,0.063,0.236,0.136,0.16,-680000.0,180292000.0,1.0,69247223.0,68175466.0,69182465.0,19.999,857581000.0,36614000.0,56328000.0,15014000.0,12.579,429382000.0
24,GNRC,MRT,2015-06-30,2015-06-30,2015-06-30,2021-08-03,-22256000.0,1871387000.0,1857551250.0,746930000.0,1124457000.0,0.73,7.538,-35155000.0,155575000.0,155575000.0,889287000.0,120416000.0,3.036,2.6,1038637000.0,3400000.0,1035237000.0,1038637000.0,0.0,36937000.0,0.0,0.0,0.0,222020000.0,258957000.0,0.191,258957000.0,222020000.0,175891000.0,1.76,1.71,1.76,519810000.0,490054750.0,519810000.0,3635893405.0,16.0,14.041,174125000.0,2.525,1.0,467193000.0,0.344,905507000.0,46129000.0,1602940000.0,1617631000.0,385848000.0,0.0,0.0,0.0,1351577000.0,246002000.0,1105575000.0,2748759405.0,-42384000.0,-60534000.0,0.0,-147175000.0,-1870000.0,-151958000.0,-95689000.0,0.0,209280000.0,-4017000.0,120416000.0,120416000.0,120416000.0,0.0,0.0,0.089,232906000.0,234287000.0,149445000.0,0.0,5.288,22.827,22.585,174655000.0,0.0,39.75,2.026,2.021,160475000.0,314955000.0,1356480000.0,1356480000.0,32311000.0,0.065,0.246,0.137,0.164,-1138000.0,178840000.0,1.0,69151180.0,68961877.0,70063063.0,19.67,965880000.0,62788000.0,55475000.0,14809000.0,14.006,500928000.0
25,GNRC,MRT,2015-03-31,2015-03-31,2015-03-31,2021-08-03,-22585000.0,1842372000.0,1846996500.0,704528000.0,1137844000.0,0.775,7.306,-35875000.0,150085000.0,150085000.0,931421000.0,159597000.0,3.003,2.665,1037219000.0,3609000.0,1033610000.0,1037219000.0,0.0,35189000.0,0.0,0.0,0.0,281635000.0,316824000.0,0.221,316824000.0,281635000.0,234841000.0,2.33,2.27,2.33,502693000.0,462242750.0,502693000.0,4262431905.0,15.0,13.454,206015000.0,2.994,1.0,499308000.0,0.349,915294000.0,46794000.0,1579615000.0,1641763000.0,356929000.0,0.0,0.0,0.0,1339679000.0,234597000.0,1105082000.0,3364175905.0,-23655000.0,-60822000.0,0.0,-160663000.0,-1995000.0,-164720000.0,-96697000.0,0.0,241890000.0,-4128000.0,159597000.0,159597000.0,159597000.0,0.0,0.0,0.112,231205000.0,268103000.0,135099000.0,0.0,6.692,21.079,20.897,171384000.0,0.0,48.69,2.351,2.342,158190000.0,300111000.0,1430729000.0,1430729000.0,31911000.0,0.086,0.345,0.172,0.197,548000.0,178420000.0,1.0,69093775.0,68806337.0,70088935.0,20.794,927078000.0,66416000.0,75244000.0,15134000.0,13.474,469931000.0
26,GNRC,MRT,2014-12-31,2014-12-31,2014-12-31,2021-08-03,-15767000.0,1882542000.0,1839545750.0,730478000.0,1152064000.0,0.794,7.146,-34295000.0,189761000.0,189761000.0,944700000.0,174613000.0,3.037,2.843,1088017000.0,5916000.0,1082101000.0,1088017000.0,0.0,34730000.0,0.0,0.0,0.0,305577000.0,340307000.0,0.233,340307000.0,305577000.0,258362000.0,2.55,2.49,2.55,489799000.0,424830500.0,489799000.0,4159256473.0,14.0,12.222,218691000.0,3.191,1.0,516219000.0,0.353,920443000.0,47215000.0,1619833000.0,1673370500.0,319385000.0,0.0,0.0,0.0,1392743000.0,240522000.0,1152221000.0,3220307473.0,39614000.0,-61196000.0,0.0,-113933000.0,-902000.0,-116023000.0,-95491000.0,0.0,252986000.0,-1858000.0,174613000.0,174613000.0,174613000.0,0.0,0.0,0.12,227721000.0,288498000.0,132248000.0,0.0,6.575,18.443,18.337,168821000.0,0.0,46.76,2.204,2.194,189107000.0,280426000.0,1460919000.0,1460919000.0,31494000.0,0.095,0.411,0.183,0.209,1640000.0,175203000.0,1.0,68868851.0,68538248.0,70171044.0,21.315,962099000.0,69350000.0,83749000.0,13449000.0,14.037,489956000.0
27,GNRC,MRT,2014-09-30,2014-09-30,2014-09-30,2021-08-03,-5164000.0,1833904000.0,1818461500.0,732263000.0,1101641000.0,0.788,6.534,-39223000.0,173162000.0,173162000.0,909667000.0,173741000.0,3.191,3.094,1112111000.0,5818000.0,1106293000.0,1112111000.0,0.0,35017000.0,0.0,0.0,0.0,317380000.0,352397000.0,0.246,352397000.0,317380000.0,269966000.0,2.54,2.49,2.54,447917000.0,381648500.0,447917000.0,3754542661.0,12.0,10.654,208019000.0,3.034,1.0,523491000.0,0.365,875241000.0,47414000.0,1668136000.0,1692625000.0,327581000.0,0.0,0.0,0.0,1385987000.0,229476000.0,1156511000.0,2791240661.0,56641000.0,-47461000.0,-11000.0,-100881000.0,-710000.0,-103148000.0,-86684000.0,0.0,247242000.0,-769000.0,173741000.0,173741000.0,173741000.0,0.0,0.0,0.121,222890000.0,300601000.0,131445000.0,0.0,6.232,16.066,15.961,159058000.0,0.0,40.54,1.948,1.939,199884000.0,231036000.0,1433158000.0,1433158000.0,31959000.0,0.096,0.455,0.188,0.221,1071000.0,168924000.0,1.0,68851521.0,68556051.0,70033224.0,20.905,958663000.0,75485000.0,96225000.0,0.0,13.984,502787000.0
28,GNRC,MRT,2014-06-30,2014-06-30,2014-06-30,2021-08-03,-4139000.0,1829168000.0,1793249250.0,717155000.0,1112013000.0,0.805,5.961,-33984000.0,197959000.0,197959000.0,911451000.0,184337000.0,3.35,3.477,1161261000.0,6945000.0,1154316000.0,1161261000.0,0.0,36074000.0,0.0,0.0,0.0,336763000.0,372837000.0,0.258,372837000.0,336763000.0,289149000.0,2.7,2.64,2.7,408562000.0,334004250.0,408562000.0,4366371169.0,13.0,11.711,236927000.0,3.457,1.0,532671000.0,0.369,878953000.0,47614000.0,1699468000.0,1701156750.0,287233000.0,0.0,0.0,0.0,1420606000.0,214049000.0,1206557000.0,3354841169.0,71361000.0,-122820000.0,0.0,-40221000.0,-467000.0,-42986000.0,-156804000.0,0.0,270911000.0,240000.0,184337000.0,184337000.0,184337000.0,0.0,0.0,0.128,215575000.0,317096000.0,116149000.0,0.0,8.211,18.199,18.052,153063000.0,0.0,48.74,2.323,2.313,203692000.0,194539000.0,1444122000.0,1444122000.0,31320000.0,0.103,0.552,0.198,0.233,1998000.0,160522000.0,1.0,68831374.0,68538251.0,70087976.0,21.07,950215000.0,83783000.0,104812000.0,0.0,13.864,503106000.0
29,GNRC,MRT,2014-03-31,2014-03-31,2014-03-31,2021-08-03,-2844000.0,1812569000.0,1754799000.0,686530000.0,1126039000.0,0.814,5.16,-31287000.0,180385000.0,180385000.0,892589000.0,158566000.0,2.942,4.134,1191915000.0,19547000.0,1172368000.0,1191915000.0,0.0,36599000.0,0.0,0.085,5.0,303965000.0,340564000.0,0.238,340564000.0,303965000.0,253516000.0,2.32,2.27,2.32,353044000.0,283349000.0,353044000.0,5096556298.0,17.0,14.965,226744000.0,3.314,1.0,535612000.0,0.375,884664000.0,50449000.0,1706045000.0,1701531250.0,292307000.0,0.0,0.0,0.0,1459525000.0,233390000.0,1226135000.0,4055953298.0,119403000.0,-113859000.0,0.0,349832000.0,-341114000.0,6382000.0,-145146000.0,0.0,258031000.0,136000.0,158566000.0,158566000.0,158566000.0,0.0,0.0,0.111,215366000.0,320246000.0,113744000.0,2.155,11.489,25.579,25.418,148017000.0,0.0,58.97,2.84,2.825,182168000.0,140514000.0,1428201000.0,1428201000.0,30372000.0,0.09,0.56,0.179,0.213,2372000.0,160015000.0,1.0,68779944.0,68421800.0,70008490.0,20.873,927905000.0,99022000.0,94950000.0,0.0,13.562,453140000.0
30,GNRC,MRT,2013-12-31,2013-12-31,2013-12-31,2021-08-03,-2415000.0,1798205000.0,1699588250.0,654179000.0,1144026000.0,0.874,4.657,-30690000.0,156792000.0,156792000.0,916205000.0,174539000.0,2.608,4.671,1197395000.0,22046000.0,1175349000.0,1197395000.0,0.0,36774000.0,0.0,0.088,5.0,333151000.0,369925000.0,0.249,369925000.0,333151000.0,278716000.0,2.56,2.51,2.56,317071000.0,323986500.0,317071000.0,4967704346.0,15.0,13.429,229254000.0,3.367,1.0,569560000.0,0.383,891112000.0,54435000.0,1696851000.0,1593268750.0,300253000.0,0.0,0.0,0.0,1481134000.0,250845000.0,1230289000.0,3883006346.0,42124000.0,-113859000.0,0.0,273465000.0,-343429000.0,-73399000.0,-144549000.0,0.0,259944000.0,128000.0,174539000.0,174539000.0,174539000.0,0.0,0.0,0.117,218095000.0,351465000.0,109238000.0,1.953,12.246,22.247,22.125,146390000.0,0.0,56.64,2.613,2.595,164907000.0,105813000.0,1485765000.0,1485765000.0,29271000.0,0.103,0.539,0.209,0.224,815000.0,163005000.0,1.0,68555903.0,68081632.0,69667529.0,21.823,907093000.0,111973000.0,104177000.0,0.0,13.324,403334000.0
31,GNRC,MRT,2013-09-30,2013-09-30,2013-09-30,2021-08-03,-11229000.0,1733055000.0,1650998750.0,615960000.0,1117095000.0,0.879,3.773,-23077000.0,123166000.0,123166000.0,901520000.0,154308000.0,2.557,5.734,1207864000.0,30193000.0,1177671000.0,1207864000.0,0.0,38644000.0,0.0,0.117,5.0,308985000.0,347629000.0,0.239,347629000.0,308985000.0,249940000.0,2.27,2.21,2.27,257340000.0,360625750.0,257340000.0,4001764744.0,13.0,11.512,238506000.0,3.497,1.0,550031000.0,0.379,874594000.0,59045000.0,1702263000.0,1486331250.0,296048000.0,0.0,0.0,0.0,1475715000.0,240896000.0,1234819000.0,2917986744.0,58555000.0,-116476000.0,32000.0,283364000.0,-343424000.0,-63422000.0,-139553000.0,0.0,261583000.0,-53000.0,154308000.0,154308000.0,154308000.0,0.0,0.0,0.106,222004000.0,328027000.0,101707000.0,2.203,11.339,18.91,18.784,120812000.0,0.0,42.64,2.01,2.003,164698000.0,57295000.0,1451551000.0,1451551000.0,27177000.0,0.093,0.428,0.208,0.213,11000.0,166329000.0,1.0,68433085.0,68198006.0,69887025.0,21.284,858461000.0,128137000.0,95632000.0,0.0,12.588,375064000.0
32,GNRC,MRT,2013-06-30,2013-06-30,2013-06-30,2021-08-03,-12472000.0,1675367000.0,1594528250.0,611069000.0,1064298000.0,0.871,3.022,-26829000.0,126598000.0,126598000.0,862487000.0,132756000.0,2.499,7.135,1210376000.0,33047000.0,1177329000.0,1210376000.0,0.0,43308000.0,0.0,0.297,11.0,281246000.0,324554000.0,0.234,324554000.0,281246000.0,217762000.0,1.96,1.91,1.96,205941000.0,404675250.0,205941000.0,3290316936.0,12.0,10.138,223376000.0,3.278,1.0,526381000.0,0.379,813652000.0,63484000.0,1700966000.0,1399943000.0,287258000.0,0.0,0.0,0.0,1469426000.0,244527000.0,1224899000.0,2531419936.0,116291000.0,-36233000.0,0.0,276054000.0,-343421000.0,-70823000.0,-63062000.0,0.0,250205000.0,-29000.0,132756000.0,132756000.0,132756000.0,0.0,0.0,0.096,226519000.0,299862000.0,112155000.0,5.612,12.292,19.068,18.883,109481000.0,0.0,37.01,1.823,1.816,162711000.0,10202000.0,1388868000.0,1388868000.0,26450000.0,0.083,0.328,0.201,0.203,272000.0,166185000.0,1.0,68398269.0,68140330.0,69809599.0,20.382,861715000.0,150698000.0,85006000.0,0.0,12.646,366542000.0
33,GNRC,MRT,2013-03-31,2013-03-31,2013-03-31,2021-08-03,-13494000.0,1591726000.0,1548630250.0,525195000.0,1066531000.0,0.827,7.597,-24485000.0,54337000.0,54337000.0,798460000.0,113837000.0,2.035,2.087,813234000.0,42532000.0,770702000.0,813234000.0,0.0,48692000.0,0.0,0.17,6.0,245787000.0,294479000.0,0.23,294479000.0,245787000.0,186672000.0,1.69,1.65,1.69,515594000.0,454341500.0,515594000.0,3198760653.0,13.0,10.862,210791000.0,3.106,1.0,482857000.0,0.377,819497000.0,59115000.0,1272995000.0,1319274750.0,258821000.0,0.0,0.0,0.0,1076132000.0,258131000.0,818001000.0,2412965653.0,-37393000.0,-44765000.0,0.0,207565000.0,-406981000.0,-203429000.0,-69250000.0,0.0,235276000.0,10000.0,113837000.0,113837000.0,113837000.0,0.0,0.0,0.089,222270000.0,260587000.0,117134000.0,3.55,4.68,21.197,20.911,106474000.0,0.0,35.34,1.883,1.872,169388000.0,-13118000.0,1281317000.0,1281317000.0,25089000.0,0.074,0.251,0.186,0.192,-279000.0,157354000.0,1.0,68278598.0,67864475.0,69554941.0,18.881,772229000.0,165421000.0,72835000.0,0.0,11.379,267064000.0
34,GNRC,MRT,2012-12-31,2012-12-31,2012-12-31,2021-08-03,-14496000.0,1603847000.0,1543628000.0,522553000.0,1081294000.0,0.762,6.883,-22301000.0,108023000.0,108023000.0,735906000.0,93223000.0,1.772,2.459,893818000.0,94800000.0,799018000.0,893818000.0,0.0,54160000.0,0.0,0.175,6.0,205466000.0,259626000.0,0.221,259626000.0,205466000.0,156352000.0,1.38,1.35,1.38,463628000.0,525636250.0,463628000.0,3161765932.0,15.0,12.178,213293000.0,3.166,1.0,440400000.0,0.374,825682000.0,49114000.0,1269101000.0,1261818250.0,225817000.0,0.0,0.0,0.0,1140219000.0,294859000.0,845360000.0,2336866932.0,14897000.0,-47044000.0,0.0,254817000.0,-404332000.0,-151352000.0,-69345000.0,0.0,235594000.0,0.0,93223000.0,93223000.0,93223000.0,0.0,0.0,0.079,216845000.0,223555000.0,94543000.0,4.348,5.04,25.067,24.862,104718000.0,0.0,34.31,1.987,1.965,134978000.0,-63792000.0,1176306000.0,1176306000.0,23499000.0,0.06,0.177,0.163,0.175,6192000.0,147479000.0,1.0,68110374.0,67360632.0,69193138.0,17.463,778165000.0,185441000.0,63129000.0,0.0,11.552,227694000.0
35,GNRC,MRT,2012-09-30,2012-09-30,2012-09-30,2021-08-03,-13913000.0,1507173000.0,1530864500.0,400772000.0,1106401000.0,0.72,6.431,-20995000.0,57966000.0,57966000.0,688880000.0,332067000.0,2.556,2.476,882865000.0,9000000.0,873865000.0,882865000.0,0.0,57507000.0,0.0,0.262,6.0,174207000.0,231714000.0,0.21,231714000.0,174207000.0,135818000.0,4.95,4.89,4.95,433538000.0,601951500.0,433538000.0,2442933521.0,14.0,10.543,188926000.0,2.802,1.0,412712000.0,0.375,818544000.0,38389000.0,1356710000.0,1204019750.0,187114000.0,0.0,0.0,0.0,1073635000.0,156818000.0,916817000.0,1557977521.0,-80754000.0,-86182000.0,0.0,222425000.0,-404332000.0,-183498000.0,-107177000.0,0.0,209921000.0,0.0,332067000.0,332067000.0,332067000.0,0.0,0.0,0.301,221077000.0,191635000.0,57996000.0,1.212,3.594,4.692,4.624,91568000.0,0.0,22.89,1.414,1.401,129119000.0,-92078000.0,1101592000.0,1101592000.0,22021000.0,0.217,0.552,0.145,0.158,9145000.0,140315000.0,1.0,68063675.0,67415363.0,69166501.0,16.34,688629000.0,203064000.0,-196249000.0,0.0,10.215,243954000.0
36,GNRC,MRT,2012-06-30,2012-06-30,2012-06-30,2021-08-03,-14722000.0,1491775000.0,1469165250.0,358956000.0,1132819000.0,0.708,6.011,-14134000.0,10307000.0,10307000.0,654772000.0,343905000.0,2.144,2.687,895263000.0,19750000.0,875513000.0,895263000.0,0.0,57108000.0,0.0,0.0,0.0,158807000.0,215915000.0,0.208,215915000.0,158807000.0,131456000.0,5.13,5.07,5.13,404606000.0,619032250.0,404606000.0,2116705008.0,13.0,9.803,187301000.0,2.783,1.0,385558000.0,0.371,831011000.0,27351000.0,1378293000.0,1073501000.0,227038000.0,0.0,0.0,0.0,1087169000.0,167427000.0,919742000.0,1634784008.0,-68439000.0,-86186000.0,0.0,236188000.0,-404332000.0,-169554000.0,-100320000.0,0.0,201435000.0,0.0,343905000.0,343905000.0,343905000.0,0.0,0.0,0.331,208869000.0,176689000.0,75391000.0,0.0,4.04,4.754,4.69,85786000.0,0.0,24.06,1.571,1.557,100108000.0,-117620000.0,1040330000.0,1040330000.0,19741000.0,0.234,0.556,0.148,0.153,8440000.0,130789000.0,1.0,67946135.0,67309260.0,68645533.0,15.456,660764000.0,217900000.0,-212449000.0,0.0,9.817,191529000.0
37,GNRC,MRT,2012-03-31,2012-03-31,2012-03-31,2021-08-03,-15426000.0,1571717000.0,1399415250.0,425924000.0,1145793000.0,0.688,11.916,-12618000.0,91730000.0,91730000.0,604074000.0,349859000.0,2.547,0.963,573651000.0,14063000.0,559588000.0,573651000.0,0.0,56678000.0,0.0,0.0,0.0,154524000.0,211202000.0,0.219,211202000.0,154524000.0,131133000.0,5.22,5.16,5.22,800773000.0,633650750.0,800773000.0,2171857632.0,14.0,10.283,183007000.0,2.723,1.0,358482000.0,0.372,843228000.0,23391000.0,1043169000.0,939834750.0,200129000.0,0.0,0.0,0.0,770944000.0,167241000.0,603703000.0,1667109632.0,1733000.0,-86186000.0,1000.0,-94371000.0,0.0,-95088000.0,-98804000.0,0.0,195625000.0,0.0,349859000.0,349859000.0,349859000.0,0.0,0.0,0.363,197151000.0,161331000.0,91097000.0,0.0,2.082,4.765,4.703,84422000.0,0.0,24.55,1.732,1.714,114027000.0,-126955000.0,962556000.0,962556000.0,17646000.0,0.25,0.552,0.164,0.161,8154000.0,121598000.0,1.0,67906706.0,67200480.0,68637927.0,14.324,728489000.0,223562000.0,-218726000.0,0.0,10.841,258683000.0
38,GNRC,MRT,2011-12-31,2011-12-31,2011-12-31,2021-08-03,-15357000.0,1552793000.0,1312565500.0,383265000.0,1169528000.0,0.603,11.454,-12046000.0,93126000.0,93126000.0,497322000.0,324643000.0,2.317,1.02,597874000.0,22874000.0,575000000.0,597874000.0,0.0,56123000.0,0.0,0.0,0.0,110684000.0,166807000.0,0.211,166807000.0,110684000.0,86966000.0,4.84,4.79,4.84,768889000.0,545651250.0,768889000.0,2388697238.0,22.0,14.32,157666000.0,2.349,1.0,294654000.0,0.372,854244000.0,23718000.0,1037907000.0,886116750.0,162124000.0,0.0,0.0,0.0,783904000.0,165390000.0,618514000.0,1894919238.0,14543000.0,-83907000.0,310000.0,-59355000.0,0.0,-59216000.0,-95953000.0,0.0,169712000.0,0.0,324643000.0,324643000.0,324643000.0,0.0,0.0,0.41,181673000.0,112981000.0,81053000.0,0.0,2.464,5.837,5.791,84384000.0,0.0,28.03,2.393,2.376,109705000.0,-157015000.0,791976000.0,791976000.0,16476000.0,0.247,0.595,0.125,0.14,8446000.0,107788000.0,1.0,67603255.0,67130356.0,67797371.0,11.798,698549000.0,241758000.0,-237677000.0,0.0,10.406,217875000.0
39,GNRC,MRT,2011-09-30,2011-09-30,2011-09-30,2021-08-03,-12242000.0,1260376000.0,1226838000.0,362522000.0,897854000.0,0.559,7.475,-9726000.0,138720000.0,138720000.0,425688000.0,76125000.0,3.642,1.511,632498000.0,0.0,632498000.0,632498000.0,0.0,56552000.0,0.0,0.0,0.0,100976000.0,157528000.0,0.23,157528000.0,100976000.0,76501000.0,1.26,1.25,1.26,501861000.0,463695750.0,501861000.0,1824922865.0,18.0,11.585,110649000.0,1.648,1.0,260021000.0,0.379,819976000.0,24475000.0,834635000.0,838211500.0,103633000.0,0.0,0.0,0.0,758515000.0,99543000.0,658972000.0,1271170865.0,10386000.0,-1649000.0,310000.0,-98924000.0,0.0,-98614000.0,-11375000.0,0.0,120375000.0,0.0,76125000.0,76125000.0,76125000.0,0.0,0.0,0.111,156692000.0,103329000.0,41179000.0,0.0,2.533,16.698,14.929,73663000.0,0.0,18.81,1.854,1.842,117593000.0,-424146000.0,685709000.0,685709000.0,15585000.0,0.062,0.164,0.12,0.147,7191000.0,92474000.0,1.0,67579525.0,67134999.0,67646423.0,10.214,440400000.0,0.0,376000.0,0.0,6.56,262979000.0
40,GNRC,MRT,2011-06-30,2011-06-30,2011-06-30,2021-08-03,-11899000.0,1212775000.0,1231533750.0,301327000.0,911448000.0,0.493,6.898,-9920000.0,78746000.0,78746000.0,368327000.0,61744000.0,3.314,1.619,632498000.0,0.0,632498000.0,632498000.0,0.0,57452000.0,0.0,0.0,0.0,87192000.0,144644000.0,0.238,144644000.0,87192000.0,62072000.0,1.04,1.04,1.04,463080000.0,443447250.0,463080000.0,1877995988.0,22.0,12.984,85900000.0,1.28,1.0,238724000.0,0.393,831963000.0,25120000.0,843628000.0,857455000.0,139728000.0,0.0,0.0,0.0,749695000.0,90936000.0,658759000.0,1310763988.0,-14363000.0,-1649000.0,310000.0,-98924000.0,0.0,-98614000.0,-11569000.0,0.0,95820000.0,0.0,61744000.0,61744000.0,61744000.0,0.0,0.0,0.102,149803000.0,88921000.0,44736000.0,0.0,2.831,21.229,18.654,74729000.0,0.0,19.4,2.159,2.145,79810000.0,-461525000.0,607051000.0,607051000.0,14989000.0,0.05,0.139,0.102,0.144,7121000.0,85105000.0,1.0,67565154.0,67134999.0,67718654.0,9.042,380812000.0,0.0,328000.0,0.0,5.672,210391000.0
41,GNRC,MRT,2011-03-31,2011-03-31,2011-03-31,2021-08-03,-9197000.0,1224318000.0,1237446750.0,299994000.0,924324000.0,0.474,6.687,-9557000.0,89997000.0,89997000.0,353027000.0,59289000.0,2.512,1.728,657229000.0,24731000.0,632498000.0,657229000.0,0.0,58451000.0,0.0,0.0,0.0,84513000.0,142964000.0,0.244,142964000.0,84513000.0,59607000.0,1.0,1.0,1.0,448775000.0,427227750.0,448775000.0,1948720053.0,23.0,13.631,99159000.0,1.478,1.0,233116000.0,0.398,843831000.0,24906000.0,828297000.0,873785000.0,143787000.0,0.0,0.0,0.0,775543000.0,119422000.0,656121000.0,1370074053.0,23626000.0,-1649000.0,309000.0,-74193000.0,0.0,-73884000.0,-11206000.0,0.0,108716000.0,0.0,59289000.0,59289000.0,59289000.0,0.0,0.0,0.101,147141000.0,85975000.0,52212000.0,0.0,3.053,23.108,20.29,74914000.0,0.0,20.29,2.337,2.323,62410000.0,-476814000.0,586143000.0,586143000.0,14863000.0,0.048,0.139,0.097,0.144,7117000.0,81504000.0,1.0,67524596.0,67107560.0,67344349.0,8.734,380487000.0,0.0,318000.0,0.0,5.67,180572000.0
42,GNRC,MRT,2010-12-31,2010-12-31,2010-12-31,2021-08-03,-9752000.0,1209883000.0,1232547750.0,272519000.0,937364000.0,0.481,7.427,-9555000.0,78583000.0,78583000.0,355523000.0,56913000.0,3.144,1.743,657229000.0,0.0,657229000.0,657229000.0,0.0,59440000.0,0.0,0.0,0.0,84617000.0,144057000.0,0.243,144057000.0,84617000.0,57220000.0,-1.65,-1.65,-1.65,441067000.0,411438250.0,441067000.0,1694920292.0,20.0,11.766,104926000.0,1.767,1.0,237357000.0,0.4,855558000.0,27397000.0,846286000.0,893728000.0,127137000.0,0.0,0.0,0.0,768816000.0,86685000.0,682131000.0,1091832292.0,-82724000.0,-1649000.0,248309000.0,-434310000.0,0.0,-186001000.0,-11204000.0,0.0,114481000.0,0.0,56913000.0,-97952000.0,-97952000.0,0.0,0.0,-0.165,147061000.0,90296000.0,41809000.0,0.0,2.475,-11.147,-9.8,75287000.0,154865000.0,16.17,1.842,1.62,63154000.0,-481658000.0,592880000.0,592880000.0,14700000.0,-0.079,-0.238,0.095,0.143,6363000.0,80553000.0,1.0,67522096.0,59388976.0,59388976.0,9.983,354325000.0,0.0,307000.0,0.0,5.966,185834000.0
43,GNRC,MRT,2010-09-30,2010-09-30,2010-09-30,2021-08-03,-9610000.0,1279159000.0,1264387750.0,333005000.0,946154000.0,0.463,6.273,-5896000.0,128334000.0,128334000.0,348634000.0,50248000.0,3.206,2.039,731422000.0,0.0,731422000.0,731422000.0,0.0,59516000.0,0.0,0.0,0.0,88462000.0,147978000.0,0.253,147978000.0,88462000.0,50500000.0,-10629.73,-10629.73,-10629.73,420867000.0,115468000.0,420867000.0,1559314471.0,18.0,10.537,106701000.0,1.59,1.0,237169000.0,0.405,866755000.0,37962000.0,911609000.0,989657500.0,127358000.0,0.0,0.0,0.0,858292000.0,103883000.0,754409000.0,921001471.0,-5785000.0,0.0,248309000.0,-360117000.0,0.0,-112486000.0,-5896000.0,0.0,112597000.0,0.0,50248000.0,-134930000.0,-134930000.0,0.0,0.0,-0.23,143759000.0,93410000.0,61487000.0,0.0,2.188,-6.826,-0.001,71852000.0,185178000.0,13.64,1.572,1.562,73787000.0,-500271000.0,585803000.0,585803000.0,13874000.0,-0.107,-1.169,0.089,0.151,4644000.0,78043000.0,1.0,67522102.0,67094447.0,67231403.0,8.731,412404000.0,0.0,252000.0,0.0,6.147,229122000.0
44,GNRC,MRT,2010-06-30,2010-06-30,2010-06-30,2021-08-03,-7602000.0,1236427000.0,1281179500.0,276367000.0,960060000.0,0.444,5.935,-5662000.0,93109000.0,93109000.0,335100000.0,41566000.0,3.215,2.105,731422000.0,0.0,731422000.0,731422000.0,0.0,59565000.0,0.0,0.0,0.0,90478000.0,150043000.0,0.264,150043000.0,90478000.0,41852000.0,-19122.07,-19122.07,-19122.07,398202000.0,-179971750.0,398202000.0,1611173563.0,18.0,10.738,94769000.0,1.412,1.0,234298000.0,0.411,879818000.0,48626000.0,908948000.0,1076351250.0,111436000.0,0.0,0.0,0.0,838225000.0,85974000.0,752251000.0,946122563.0,2283000.0,0.0,248309000.0,-360117000.0,0.0,-92486000.0,-5662000.0,0.0,100431000.0,0.0,41566000.0,-172670000.0,-172670000.0,0.0,0.0,-0.303,140070000.0,94228000.0,42985000.0,0.0,2.376,-5.479,-0.001,72580000.0,214236000.0,14.01,1.662,1.651,68410000.0,-523269000.0,569398000.0,569398000.0,12809000.0,-0.135,0.959,0.084,0.159,2978000.0,75385000.0,1.0,67531946.0,67093250.0,67200565.0,8.487,356609000.0,0.0,286000.0,0.0,5.315,190393000.0
45,GNRC,MRT,2010-03-31,2010-03-31,2010-03-31,2021-08-03,-5640000.0,1204722000.0,,230650000.0,974072000.0,,10.78,-5696000.0,66371000.0,66371000.0,338779000.0,39729000.0,3.344,2.124,731422000.0,0.0,731422000.0,731422000.0,0.0,59600000.0,0.0,0.0,0.0,101433000.0,161033000.0,0.278,161033000.0,101433000.0,40045000.0,-28946.26,-28946.26,-28946.26,385617000.0,,385617000.0,1876317353.0,18.0,11.652,87236000.0,2.439,1.0,239741000.0,0.414,892739000.0,61388000.0,908069000.0,,107089000.0,0.0,0.0,0.0,819105000.0,68965000.0,750140000.0,946085353.0,-5145000.0,0.0,248309000.0,-360117000.0,0.0,-92486000.0,-5591000.0,105000.0,92932000.0,0.0,39729000.0,-202558000.0,-202558000.0,0.0,0.0,-0.35,139581000.0,100160000.0,27739000.0,0.0,2.453,-4.671,0.0,73047000.0,242287000.0,14.01,1.635,0.866,52682000.0,-536103000.0,578520000.0,578520000.0,11952000.0,,,,0.175,1275000.0,75720000.0,1.0,67529290.0,35772308.0,35772308.0,16.172,311983000.0,0.0,316000.0,0.0,8.721,161685000.0
46,GNRC,MRT,2009-12-31,2009-12-31,2009-12-31,2021-08-03,-4492000.0,1337243000.0,1331728500.0,345017000.0,992226000.0,0.442,-28844.905,-4456000.0,161307000.0,161307000.0,352398000.0,43055000.0,2.614,-1.618,1091539000.0,39076000.0,1052463000.0,1091539000.0,0.0,59675000.0,0.0,,0.0,114256000.0,173931000.0,0.296,173931000.0,114256000.0,43394000.0,-41111.0,-41111.0,-41111.0,-742814000.0,-776504000.0,-742814000.0,,,,70151000.0,2724.099,1.0,235850000.0,0.401,905500000.0,70862000.0,1230004000.0,1260242500.0,123700000.0,0.0,0.0,0.0,1201852000.0,131971000.0,1069881000.0,,80078000.0,0.0,0.0,-9500000.0,0.0,9822000.0,-4351000.0,105000.0,74607000.0,0.0,43055000.0,-71287000.0,-71287000.0,0.0,0.0,-0.121,137338000.0,98512000.0,33639000.0,0.0,,,,73374000.0,114342000.0,,,,54130000.0,-538571000.0,588248000.0,588248000.0,10842000.0,-0.054,0.092,0.091,0.194,38000.0,74536000.0,1.0,66992853.0,25752.0,25752.0,22842.808,431743000.0,0.0,339000.0,0.0,16765.416,213046000.0
47,GNRC,MRT,2009-09-30,2009-09-30,2009-09-30,2021-08-03,-10483000.0,1346326000.0,,340069000.0,1006257000.0,,-29544.614,-4145000.0,134119000.0,134119000.0,376541000.0,-484658000.0,2.683,-1.615,1091539000.0,7125000.0,1084414000.0,1091539000.0,0.0,58561000.0,0.0,,0.0,-416495000.0,-357934000.0,-0.59,-357934000.0,-416495000.0,-496703000.0,,,,-760892000.0,,-760892000.0,,,,70055000.0,2720.16,1.0,230367000.0,0.38,918597000.0,80208000.0,1258384000.0,,143691000.0,29000.0,29000.0,0.0,1229013000.0,126765000.0,1102248000.0,,96150000.0,0.0,-66000.0,-9500000.0,0.0,25971000.0,-4021000.0,124000.0,74200000.0,0.0,-484658000.0,-593012000.0,-593012000.0,0.0,0.0,-0.977,721490000.0,-491123000.0,63946000.0,,,,,73666000.0,108354000.0,,,,59924000.0,-550519000.0,606908000.0,606908000.0,10200000.0,,,,-0.686,38000.0,76943000.0,1.0,66992853.0,25754.0,,23565.582,427729000.0,0.0,-12045000.0,0.0,16608.255,213304000.0
48,GNRC,MRT,2009-06-30,2009-06-30,2009-06-30,2021-08-03,,,,,,,,,,,,,,,,,,,,,,,0.0,,,,,,,,,,,,,,,,,,1.0,,,,,,,,,,,,,,,,,,,,,,,,,,,,,,,,,,,,,,,,,,,,,,,,,,,,,,1.0,,25754.0,,,,,,,,
49,GNRC,MRT,2009-03-31,2009-03-31,2009-03-31,2021-08-03,,,,,,,,,,,,,,,,,,,,,,,0.0,,,,,,,,,,,,,,,,,,1.0,,,,,,,,,,,,,,,,,,,,,,,,,,,,,,,,,,,,,,,,,,,,,,,,,,,,,,1.0,,25754.0,,,,,,,,
50,GNRC,MRT,2008-12-31,2008-12-31,2008-12-31,2021-08-03,-28650000.0,1326214000.0,,274997000.0,1051217000.0,,-31438.206,-5094000.0,81229000.0,81229000.0,372199000.0,-555955000.0,2.149,-1.596,1130937000.0,9500000.0,1121437000.0,1130937000.0,0.0,54770000.0,0.0,,0.0,-447533000.0,-392763000.0,-0.684,-392763000.0,-447533000.0,-555555000.0,-357628.0,-357628.0,-357628.0,-810194000.0,,-810194000.0,,,,5130000.0,199.061,1.0,202030000.0,0.352,957460000.0,108022000.0,1290481000.0,,123980000.0,0.0,0.0,0.0,1292957000.0,127981000.0,1164976000.0,,9914000.0,0.0,-413000.0,-10396000.0,0.0,4728000.0,-5038000.0,56000.0,10224000.0,0.0,-555955000.0,-647307000.0,-647307000.0,0.0,0.0,-1.127,714331000.0,-512301000.0,54525000.0,0.0,,,,76674000.0,91352000.0,,,,66241000.0,-581626000.0,574229000.0,574229000.0,9925000.0,,,,-0.779,40000.0,73318000.0,1.0,,25771.0,25771.0,22281.984,368754000.0,0.0,400000.0,0.0,14308.874,147016000.0
51,GNRC,MRT,2007-12-31,2007-12-31,2007-12-31,2021-08-03,,,,,,,,-13135000.0,,,333428000.0,-9714000.0,,,,,,,,53783000.0,,,0.0,115081000.0,168864000.0,0.304,168864000.0,115081000.0,-10285000.0,,,,,,,,,,25378000.0,,1.0,222277000.0,0.4,,125366000.0,,,,,,,,,,,16844000.0,0.0,758000.0,-9500000.0,0.0,-8937000.0,-12732000.0,403000.0,38513000.0,0.0,-9714000.0,-83390000.0,-83390000.0,0.0,0.0,-0.15,127441000.0,94836000.0,,,,,,,73676000.0,,,,,,555705000.0,555705000.0,9606000.0,,,,0.207,357000.0,70233000.0,1.0,,,,,,,-571000.0,,,
