None,ticker,dimension,calendardate,datekey,reportperiod,lastupdated,accoci,assets,assetsavg,assetsc,assetsnc,assetturnover,bvps,capex,cashneq,cashnequsd,cor,consolinc,currentratio,de,debt,debtc,debtnc,debtusd,deferredrev,depamor,deposits,divyield,dps,ebit,ebitda,ebitdamargin,ebitdausd,ebitusd,ebt,eps,epsdil,epsusd,equity,equityavg,equityusd,ev,evebit,evebitda,fcf,fcfps,fxusd,gp,grossmargin,intangibles,intexp,invcap,invcapavg,inventory,investments,investmentsc,investmentsnc,liabilities,liabilitiesc,liabilitiesnc,marketcap,ncf,ncfbus,ncfcommon,ncfdebt,ncfdiv,ncff,ncfi,ncfinv,ncfo,ncfx,netinc,netinccmn,netinccmnusd,netincdis,netincnci,netmargin,opex,opinc,payables,payoutratio,pb,pe,pe1,ppnenet,prefdivis,price,ps,ps1,receivables,retearn,revenue,revenueusd,rnd,roa,roe,roic,ros,sbcomp,sgna,sharefactor,sharesbas,shareswa,shareswadil,sps,tangibles,taxassets,taxexp,taxliabilities,tbvps,workingcapital
0,PLL1,MRY,2014-12-31,2014-07-31,2014-07-31,2021-09-13,-14921000.0,3850480000.0,3618631250.0,2137223000.0,1713257000.0,0.771,17.11,-68638000.0,964110000.0,964110000.0,1362984000.0,363956000.0,1.947,1.032,886691000.0,512898000.0,373793000.0,886691000.0,0.0,116392000.0,0.0,0.014,1.1,468947000.0,585339000.0,0.21,585339000.0,468947000.0,451415000.0,3.29,3.25,3.29,1895357000.0,1814438500.0,1895357000.0,8395162353.0,18.0,14.342,435274000.0,3.929,1.0,1426163000.0,0.511,733885000.0,17532000.0,1941530000.0,2001922250.0,404878000.0,0.0,0.0,0.0,1955123000.0,1097646000.0,857477000.0,8497005353.0,27224000.0,-318978000.0,-237375000.0,250331000.0,-118758000.0,-92912000.0,-393509000.0,0.0,503912000.0,9733000.0,363956000.0,363956000.0,363956000.0,0.0,0.0,0.13,957216000.0,468947000.0,493770000.0,0.334,4.483,23.346,23.547,805327000.0,0.0,77.47,3.046,3.077,615713000.0,2512961000.0,2789147000.0,2789147000.0,102601000.0,0.101,0.201,0.234,0.168,18793000.0,814461000.0,1.0,109681236.0,110776000,111949000.0,25.178,3116595000.0,0.0,87459000.0,278562000.0,28.134,1039577000.0
1,PLL1,MRY,2013-12-31,2013-07-31,2013-07-31,2021-09-13,-40792000.0,3472839000.0,3473400250.0,2050029000.0,1422810000.0,0.762,16.09,427443000.0,936886000.0,936886000.0,1276060000.0,574935000.0,2.812,0.913,637706000.0,170387000.0,467319000.0,637706000.0,0.0,106284000.0,0.0,0.014,1.0,672220000.0,778504000.0,0.294,778504000.0,672220000.0,656599000.0,5.1,5.03,5.1,1814956000.0,1764080500.0,1814956000.0,7584684199.0,11.0,9.743,811902000.0,7.198,1.0,1372003000.0,0.518,479735000.0,15621000.0,1964853000.0,1992941250.0,381047000.0,0.0,0.0,0.0,1657883000.0,729071000.0,928812000.0,7805648199.0,436612000.0,-21970000.0,-213760000.0,-35420000.0,-108054000.0,-344465000.0,399300000.0,0.0,384459000.0,-2682000.0,574935000.0,574935000.0,574935000.0,-244973000.0,0.0,0.217,944756000.0,427247000.0,470005000.0,0.196,4.301,13.577,13.718,774948000.0,0.0,69.96,2.948,2.98,566335000.0,2285031000.0,2648063000.0,2648063000.0,94216000.0,0.166,0.326,0.337,0.254,13966000.0,810358000.0,1.0,111573016.0,112803000,114236000.0,23.475,2993104000.0,0.0,81664000.0,234099000.0,26.534,1320958000.0
2,PLL1,MRY,2012-12-31,2012-07-31,2012-07-31,2021-09-13,-62907000.0,3347892000.0,3295476250.0,1852457000.0,1495435000.0,0.811,13.011,-132358000.0,500274000.0,500274000.0,1291558000.0,319309000.0,2.174,1.217,696099000.0,205393000.0,490706000.0,696099000.0,0.0,111105000.0,0.0,0.015,0.805,425449000.0,536554000.0,0.201,536554000.0,425449000.0,405272000.0,2.75,2.71,2.75,1510035000.0,1570678250.0,1510035000.0,6358852748.0,15.0,11.851,342490000.0,2.951,1.0,1380098000.0,0.517,490085000.0,20177000.0,2201504000.0,2231231500.0,364766000.0,0.0,0.0,0.0,1837857000.0,852128000.0,985729000.0,6206372748.0,-57492000.0,-167638000.0,-81602000.0,-10422000.0,-88955000.0,-173222000.0,-309825000.0,0.0,474848000.0,-49293000.0,319309000.0,319309000.0,319309000.0,-38362000.0,0.0,0.12,993011000.0,387087000.0,565334000.0,0.293,4.11,19.437,19.422,750993000.0,0.0,53.41,2.323,2.32,655436000.0,1840926000.0,2671656000.0,2671656000.0,82932000.0,0.097,0.203,0.191,0.159,24107000.0,843221000.0,1.0,116202448.0,116061000,117663000.0,23.019,2857807000.0,0.0,85963000.0,227986000.0,24.623,1000329000.0
3,PLL1,MRY,2011-12-31,2011-07-31,2011-07-31,2021-09-13,95147000.0,3232416000.0,3136426750.0,1809208000.0,1423208000.0,0.803,12.786,-158800000.0,557766000.0,557766000.0,1232283000.0,315496000.0,2.29,1.17,707422000.0,215468000.0,491954000.0,707422000.0,0.0,98106000.0,0.0,0.014,0.685,423921000.0,522027000.0,0.207,522027000.0,423921000.0,405018000.0,2.71,2.67,2.71,1489821000.0,1401200000.0,1489821000.0,5912733459.0,14.0,11.326,271187000.0,2.327,1.0,1284912000.0,0.51,352341000.0,18903000.0,2239724000.0,2256314500.0,444842000.0,0.0,0.0,0.0,1742595000.0,790007000.0,952588000.0,5767085459.0,59203000.0,0.0,-89578000.0,-88743000.0,-77641000.0,-243185000.0,-176541000.0,0.0,429987000.0,48942000.0,315496000.0,315496000.0,315496000.0,-36299000.0,0.0,0.125,897290000.0,387622000.0,519883000.0,0.253,3.871,18.279,18.295,794599000.0,0.0,49.58,2.291,2.295,646769000.0,1619051000.0,2517195000.0,2517195000.0,80506000.0,0.101,0.225,0.188,0.168,13656000.0,790279000.0,1.0,116318787.0,116521000,118266000.0,21.603,2880075000.0,0.0,89522000.0,220382000.0,24.717,1019201000.0
4,PLL1,MRY,2010-12-31,2010-07-31,2010-07-31,2021-09-13,-29904000.0,2999212000.0,2903325750.0,1702759000.0,1296453000.0,0.753,10.068,-134710000.0,498563000.0,498563000.0,1064133000.0,241248000.0,2.672,1.537,783381000.0,42028000.0,741353000.0,783381000.0,0.0,93628000.0,0.0,0.017,0.64,325714000.0,419342000.0,0.192,419342000.0,325714000.0,311390000.0,2.05,2.03,2.05,1182350000.0,1195601000.0,1182350000.0,4705474550.0,14.0,11.221,243150000.0,2.07,1.0,1121546000.0,0.513,352649000.0,14324000.0,2294176000.0,2190214500.0,415046000.0,0.0,0.0,0.0,1816862000.0,637205000.0,1179657000.0,4461271550.0,84552000.0,-8984000.0,-76070000.0,30331000.0,-71284000.0,-120663000.0,-168734000.0,0.0,377860000.0,-3911000.0,241248000.0,241248000.0,241248000.0,-38795000.0,0.0,0.11,803114000.0,318432000.0,456651000.0,0.312,3.773,18.492,18.654,706435000.0,0.0,38.24,2.041,2.055,566499000.0,1394321000.0,2185679000.0,2185679000.0,68796000.0,0.083,0.202,0.149,0.149,21945000.0,716654000.0,1.0,116665051.0,117437000,118846000.0,18.612,2646563000.0,0.0,70142000.0,262766000.0,22.536,1065554000.0
5,PLL1,MRY,2009-12-31,2009-07-31,2009-07-31,2021-09-13,21017000.0,2840812000.0,2658947250.0,1570450000.0,1270362000.0,0.876,9.396,-128808000.0,414011000.0,414011000.0,1228468000.0,195619000.0,2.189,1.549,717469000.0,139803000.0,577666000.0,717469000.0,0.0,89439000.0,0.0,0.019,0.58,298922000.0,388361000.0,0.167,388361000.0,298922000.0,270786000.0,1.65,1.64,1.65,1114598000.0,1054195750.0,1114598000.0,3946575495.0,13.0,10.162,198687000.0,1.675,1.0,1100690000.0,0.473,346528000.0,28136000.0,2080352000.0,2116159000.0,413278000.0,0.0,0.0,0.0,1726214000.0,717390000.0,1008824000.0,3547366495.0,-40054000.0,-37249000.0,-80682000.0,-23471000.0,-64914000.0,-168610000.0,-182030000.0,0.0,327495000.0,-16909000.0,195619000.0,195619000.0,195619000.0,0.0,0.0,0.084,801768000.0,298922000.0,422794000.0,0.352,3.183,18.134,18.23,681658000.0,0.0,30.08,1.523,1.532,561063000.0,1237735000.0,2329158000.0,2329158000.0,71213000.0,0.074,0.186,0.141,0.128,23027000.0,699832000.0,1.0,117931067.0,118631000,119571000.0,19.634,2494284000.0,0.0,75167000.0,281058000.0,21.026,853060000.0
6,PLL1,MRY,2008-12-31,2008-07-31,2008-07-31,2021-09-13,120173000.0,2956746000.0,2895635000.0,1659639000.0,1297107000.0,0.888,9.304,-113717000.0,454065000.0,454065000.0,1360810000.0,217279000.0,2.892,1.595,776365000.0,29314000.0,747051000.0,776365000.0,0.0,93205000.0,0.0,0.015,0.62,358131000.0,451336000.0,0.176,451336000.0,358131000.0,325555000.0,1.77,1.76,1.77,1139235000.0,1136904750.0,1139235000.0,5215554869.0,15.0,11.556,77089000.0,0.63,1.0,1210835000.0,0.471,312097000.0,32576000.0,2392986000.0,2352986250.0,492977000.0,0.0,0.0,0.0,1817511000.0,573963000.0,1243548000.0,4845386869.0,11029000.0,0.0,-130443000.0,112245000.0,-59945000.0,-76341000.0,-121687000.0,0.0,190806000.0,18251000.0,217279000.0,217279000.0,217279000.0,0.0,0.0,0.084,852704000.0,358131000.0,471266000.0,0.35,4.253,22.3,22.836,662985000.0,0.0,40.42,1.884,1.925,617079000.0,1118616000.0,2571645000.0,2571645000.0,71647000.0,0.075,0.191,0.152,0.139,14257000.0,749519000.0,1.0,119875974.0,122445000,123686000.0,21.002,2644649000.0,0.0,108276000.0,302281000.0,21.599,1085676000.0
7,PLL1,MRY,2007-12-31,2007-07-31,2007-07-31,2021-09-13,78373000.0,2708846000.0,2602241750.0,1606377000.0,1102469000.0,0.865,8.615,-50029000.0,443036000.0,443036000.0,1190549000.0,127497000.0,1.93,1.554,633311000.0,41720000.0,591591000.0,633311000.0,0.0,93977000.0,0.0,0.008,0.35,299585000.0,393562000.0,0.175,393562000.0,299585000.0,260529000.0,1.04,1.02,1.04,1060601000.0,1209087250.0,1060601000.0,5337757355.0,18.0,13.563,282899000.0,2.298,1.0,1059356000.0,0.471,308138000.0,39056000.0,1758793000.0,1951672000.0,471467000.0,0.0,0.0,0.0,1648245000.0,832190000.0,816055000.0,5090263355.0,125379000.0,-406000.0,-22184000.0,-91965000.0,-56228000.0,-162448000.0,-55427000.0,0.0,332928000.0,10326000.0,127497000.0,127497000.0,127497000.0,0.0,0.0,0.057,759771000.0,299585000.0,499075000.0,0.337,4.799,39.925,39.923,607900000.0,0.0,41.52,2.262,2.272,551393000.0,974945000.0,2249905000.0,2249905000.0,62414000.0,0.049,0.105,0.154,0.133,6193000.0,675005000.0,1.0,122597865.0,123115000,124393000.0,18.275,2400708000.0,0.0,133032000.0,326361000.0,19.5,774187000.0
8,PLL1,MRY,2006-12-31,2006-07-31,2006-07-31,2021-09-13,35412000.0,2461286000.0,2362797250.0,1334115000.0,1127171000.0,0.854,7.501,-86017000.0,317657000.0,317657000.0,1072750000.0,52140000.0,1.96,1.627,703397000.0,63382000.0,640015000.0,703397000.0,0.0,95658000.0,0.0,0.016,0.43,233353000.0,329011000.0,0.163,329011000.0,233353000.0,203230000.0,0.42,0.41,0.42,937097000.0,1131709000.0,937097000.0,3566198290.0,15.0,10.839,132811000.0,1.063,1.0,944080000.0,0.468,297953000.0,30123000.0,1868230000.0,1904954250.0,408273000.0,0.0,0.0,0.0,1524189000.0,680843000.0,843346000.0,3255651290.0,152729000.0,-75000.0,-71763000.0,166621000.0,-52379000.0,44416000.0,-116102000.0,7387000.0,218828000.0,5587000.0,52140000.0,52140000.0,52140000.0,0.0,0.0,0.026,710727000.0,233353000.0,403079000.0,1.024,3.474,62.441,62.095,620979000.0,0.0,26.08,1.614,1.616,517632000.0,909810000.0,2016830000.0,2016830000.0,57371000.0,0.022,0.046,0.122,0.116,9928000.0,641030000.0,1.0,124833255.0,124931000,125819000.0,16.144,2163333000.0,0.0,151090000.0,208582000.0,17.316,653272000.0
9,PLL1,MRY,2005-12-31,2005-07-31,2005-07-31,2021-09-13,31085000.0,2265301000.0,2228032500.0,1160392000.0,1104909000.0,0.854,9.146,-81026000.0,164928000.0,164928000.0,978916000.0,113703000.0,2.538,0.987,535819000.0,25658000.0,510161000.0,535819000.0,0.0,90921000.0,0.0,0.013,0.39,207021000.0,297942000.0,0.157,297942000.0,207021000.0,177024000.0,0.91,0.91,0.91,1139977000.0,1130501000.0,1139977000.0,4259658999.0,21.0,14.297,80582000.0,0.646,1.0,923368000.0,0.485,302908000.0,29997000.0,1876145000.0,1879995750.0,365929000.0,0.0,0.0,0.0,1125324000.0,457139000.0,668185000.0,3852401999.0,-42349000.0,-30879000.0,-1756000.0,-34607000.0,-47075000.0,-93482000.0,-114563000.0,915000.0,161608000.0,4088000.0,113703000.0,113703000.0,113703000.0,0.0,0.0,0.06,716347000.0,207021000.0,360119000.0,0.429,3.379,33.881,34.033,608758000.0,0.0,30.97,2.025,2.029,493650000.0,1066848000.0,1902284000.0,1902284000.0,56183000.0,0.051,0.101,0.11,0.109,0.0,621401000.0,1.0,124391411.0,124645000,125598000.0,15.262,1962393000.0,0.0,63321000.0,69249000.0,15.744,703253000.0
10,PLL1,MRY,2004-12-31,2004-07-31,2004-07-31,2021-09-13,36392000.0,2182727000.0,2095508750.0,1112159000.0,1070568000.0,0.845,8.39,-57147000.0,207277000.0,207277000.0,899119000.0,151573000.0,2.303,1.07,548168000.0,59482000.0,488686000.0,548168000.0,0.0,88935000.0,0.0,0.016,0.36,218333000.0,307268000.0,0.174,307268000.0,218333000.0,197832000.0,1.21,1.2,1.21,1054439000.0,1030477500.0,1054439000.0,3284373967.0,15.0,10.689,134799000.0,1.073,1.0,871628000.0,0.492,283789000.0,20501000.0,1756969000.0,1789963250.0,302861000.0,0.0,0.0,0.0,1128288000.0,482860000.0,645428000.0,2898531967.0,57524000.0,-4130000.0,-23228000.0,-21964000.0,-45097000.0,-90289000.0,-51251000.0,21344000.0,191946000.0,7118000.0,151573000.0,151573000.0,151573000.0,0.0,0.0,0.086,653295000.0,218333000.0,327230000.0,0.298,2.749,19.123,19.149,600383000.0,0.0,23.17,1.637,1.645,468905000.0,984117000.0,1770747000.0,1770747000.0,57279000.0,0.072,0.147,0.122,0.123,0.0,583539000.0,1.0,125098488.0,125685000,126737000.0,14.089,1898938000.0,0.0,46259000.0,100991000.0,15.109,629299000.0
11,PLL1,MRY,2003-12-31,2003-08-02,2003-08-02,2021-09-13,-413000.0,2016726000.0,1980678250.0,938434000.0,1078292000.0,0.815,7.581,-50456000.0,126653000.0,126653000.0,810039000.0,103202000.0,2.226,1.158,553661000.0,63791000.0,489870000.0,553661000.0,0.0,83939000.0,0.0,0.016,0.36,167674000.0,251613000.0,0.156,251613000.0,167674000.0,143236000.0,0.84,0.83,0.84,934536000.0,863781750.0,934536000.0,3353484933.0,20.0,13.328,179897000.0,1.459,1.0,803596000.0,0.498,291326000.0,24438000.0,1730912000.0,1841806750.0,274442000.0,23100000.0,23100000.0,0.0,1082190000.0,421496000.0,660694000.0,2814881933.0,4329000.0,-20654000.0,30133000.0,-160097000.0,-44376000.0,-153340000.0,-80947000.0,0.0,230353000.0,8263000.0,103202000.0,103202000.0,103202000.0,0.0,0.0,0.064,635922000.0,167674000.0,296625000.0,0.429,3.012,27.275,27.0,600153000.0,0.0,22.68,1.744,1.733,423467000.0,884690000.0,1613635000.0,1613635000.0,52204000.0,0.052,0.119,0.091,0.104,0.0,536194000.0,1.0,124112960.0,123275000,124214000.0,13.09,1725400000.0,0.0,40034000.0,64247000.0,13.996,516938000.0
12,PLL1,MRY,2002-12-31,2002-08-03,2002-08-03,2021-09-13,-22071000.0,2010443000.0,1705438000.0,913134000.0,1097309000.0,0.757,6.7,-64328000.0,105224000.0,105224000.0,654889000.0,73234000.0,2.098,1.453,723251000.0,103546000.0,619705000.0,723251000.0,0.0,74003000.0,0.0,0.032,0.52,114306000.0,188309000.0,0.146,188309000.0,114306000.0,99975000.0,0.6,0.59,0.6,819720000.0,779349500.0,819720000.0,2669406951.0,23.0,14.176,91763000.0,0.75,1.0,635931000.0,0.493,302921000.0,14331000.0,1890226000.0,1580736750.0,256910000.0,40200000.0,40200000.0,0.0,1190723000.0,435323000.0,755400000.0,2023868951.0,50297000.0,-348967000.0,10939000.0,259681000.0,-73359000.0,198261000.0,-310013000.0,106400000.0,156091000.0,5958000.0,73234000.0,73234000.0,73234000.0,0.0,0.0,0.057,521625000.0,114306000.0,279188000.0,0.867,2.469,27.636,27.483,605095000.0,0.0,16.49,1.568,1.563,415853000.0,832308000.0,1290820000.0,1290820000.0,54778000.0,0.043,0.094,0.072,0.089,0.0,440025000.0,1.0,122733108.0,122353000,123532000.0,10.55,1707522000.0,0.0,26741000.0,65878000.0,13.956,477811000.0
13,PLL1,MRY,2001-12-31,2001-07-28,2001-07-28,2021-09-13,-51099000.0,1548510000.0,1503329000.0,778988000.0,769522000.0,0.822,6.282,-73800000.0,54927000.0,54927000.0,591146000.0,118010000.0,2.482,1.011,441765000.0,82671000.0,359094000.0,441765000.0,0.0,71490000.0,0.0,0.029,0.675,166963000.0,238453000.0,0.193,238453000.0,166963000.0,150320000.0,0.96,0.95,0.96,770042000.0,758580500.0,770042000.0,3243362527.0,19.0,13.602,127522000.0,1.04,1.0,644277000.0,0.522,91726000.0,16643000.0,1529773000.0,1473991500.0,209499000.0,146600000.0,146600000.0,0.0,778468000.0,313849000.0,464619000.0,2898063527.0,-26081000.0,-1691000.0,-13995000.0,39125000.0,-82148000.0,-57018000.0,-168247000.0,-83629000.0,201322000.0,-2138000.0,118010000.0,118010000.0,118010000.0,0.0,0.0,0.096,477314000.0,166963000.0,182841000.0,0.703,3.764,24.558,24.635,503016000.0,0.0,23.65,2.346,2.347,309171000.0,825247000.0,1235423000.0,1235423000.0,56041000.0,0.078,0.156,0.113,0.135,0.0,404025000.0,1.0,122539684.0,122580000,123735000.0,10.079,1456784000.0,0.0,32310000.0,47831000.0,11.884,465139000.0
14,PLL1,MRY,2000-12-31,2000-07-29,2000-07-29,2021-09-13,-38707000.0,1507252000.0,1464713000.0,753176000.0,754076000.0,0.836,6.149,-63384000.0,81008000.0,81008000.0,565496000.0,146636000.0,1.779,0.98,416460000.0,192545000.0,223915000.0,416460000.0,0.0,71961000.0,0.0,0.032,0.655,202481000.0,274442000.0,0.224,274442000.0,202481000.0,188404000.0,1.18,1.18,1.18,761306000.0,744666750.0,761306000.0,2871781446.0,14.0,10.464,153539000.0,1.24,1.0,658605000.0,0.538,0.0,14077000.0,1419254000.0,1297074750.0,202959000.0,60700000.0,60700000.0,0.0,745946000.0,423450000.0,322496000.0,2529257446.0,-5669000.0,-15380000.0,-16829000.0,-32845000.0,-80574000.0,-128199000.0,-92303000.0,-10200000.0,216923000.0,-2090000.0,146636000.0,146636000.0,146636000.0,0.0,0.0,0.12,456124000.0,202481000.0,68419000.0,0.555,3.322,17.249,17.373,503755000.0,0.0,20.5,2.066,2.073,337806000.0,793491000.0,1224101000.0,1224101000.0,51434000.0,0.1,0.197,0.156,0.165,0.0,396124000.0,1.0,123378412.0,123810000,124709000.0,9.887,1507252000.0,0.0,41768000.0,52050000.0,12.174,329726000.0
15,PLL1,MRY,1999-12-31,1999-07-31,1999-07-31,2021-09-13,-18496000.0,1488327000.0,1417060250.0,744189000.0,744138000.0,0.809,5.877,-65523000.0,86677000.0,86677000.0,555292000.0,51507000.0,1.333,1.037,455968000.0,339153000.0,116815000.0,455968000.0,0.0,74771000.0,0.0,0.03,0.63,71919000.0,146690000.0,0.128,146690000.0,71919000.0,58904000.0,0.41,0.41,0.41,730664000.0,740292250.0,730664000.0,2933329529.0,41.0,19.997,45538000.0,0.366,1.0,591774000.0,0.516,0.0,13015000.0,1299339000.0,1264555250.0,205867000.0,50500000.0,50500000.0,0.0,757663000.0,558279000.0,199384000.0,2613799529.0,74552000.0,-1231000.0,438000.0,146583000.0,-78311000.0,68710000.0,-105288000.0,-33700000.0,111061000.0,69000.0,51507000.0,51507000.0,51507000.0,0.0,0.0,0.045,519855000.0,71919000.0,63525000.0,1.537,3.577,50.746,51.372,507016000.0,0.0,21.062,2.279,2.283,326197000.0,729052000.0,1147066000.0,1147066000.0,56490000.0,0.036,0.07,0.057,0.063,0.0,398670000.0,1.0,124097307.0,124329000,124755000.0,9.226,1488327000.0,33412000.0,7397000.0,41379000.0,11.971,185910000.0
16,PLL1,MRY,1998-12-31,1998-08-01,1998-08-01,2021-09-13,-10580000.0,1363212000.0,1339373750.0,602489000.0,760723000.0,0.812,6.121,-81449000.0,12125000.0,12125000.0,473859000.0,93633000.0,1.468,0.781,296376000.0,184907000.0,111469000.0,296376000.0,0.0,73079000.0,0.0,0.027,0.605,142855000.0,215934000.0,0.199,215934000.0,142855000.0,134985000.0,0.75,0.75,0.75,765615000.0,767983500.0,765615000.0,3034412375.0,21.0,14.052,79333000.0,0.634,1.0,613426000.0,0.564,0.0,7870000.0,1237080000.0,1215621500.0,227254000.0,16800000.0,16800000.0,0.0,597597000.0,410383000.0,187214000.0,2789913375.0,-5847000.0,-64747000.0,-75892000.0,115049000.0,-56299000.0,-17142000.0,-148137000.0,20700000.0,160782000.0,-1350000.0,93633000.0,93633000.0,93633000.0,0.0,0.0,0.086,470571000.0,142855000.0,66773000.0,0.807,3.644,29.796,30.0,520592000.0,0.0,22.5,2.566,2.588,291535000.0,764927000.0,1087285000.0,1087285000.0,58540000.0,0.07,0.122,0.118,0.131,0.0,392809000.0,1.0,123996150.0,125070000,125681000.0,8.693,1363212000.0,22856000.0,41352000.0,59746000.0,10.9,192106000.0
17,PLL1,MRY,1997-12-31,1997-08-02,1997-08-02,2021-09-13,-9122000.0,1265624000.0,1278405000.0,606604000.0,659020000.0,0.831,6.53,-87305000.0,17972000.0,17972000.0,468413000.0,67318000.0,2.015,0.534,190777000.0,128651000.0,62126000.0,190777000.0,0.0,62826000.0,0.0,0.017,0.42,88963000.0,151789000.0,0.143,151789000.0,88963000.0,86127000.0,0.53,0.53,0.53,824833000.0,810910500.0,824833000.0,3354743084.0,38.0,22.101,11426000.0,0.09,1.0,593595000.0,0.559,0.0,2836000.0,1137400000.0,1117854500.0,198080000.0,37500000.0,37500000.0,0.0,440791000.0,301029000.0,139762000.0,3164735084.0,-26146000.0,0.0,32780000.0,-8680000.0,-80061000.0,-55961000.0,-68539000.0,33950000.0,98731000.0,-377000.0,67318000.0,67318000.0,67318000.0,0.0,0.0,0.063,504632000.0,88963000.0,53200000.0,0.792,3.837,47.012,46.934,504046000.0,0.0,24.875,2.98,2.959,266604000.0,749923000.0,1062008000.0,1062008000.0,53747000.0,0.053,0.083,0.08,0.084,0.0,376904000.0,1.0,127225531.0,126319000,127470000.0,8.407,1265624000.0,61233000.0,18809000.0,55298000.0,10.019,305575000.0
18,PLL1,MRY,1996-12-31,1996-08-03,1996-08-03,2021-09-13,-2797000.0,1291186000.0,,651201000.0,639985000.0,,6.37,-83039000.0,44118000.0,44118000.0,429728000.0,142834000.0,1.807,0.62,211699000.0,157283000.0,54416000.0,211699000.0,0.0,57845000.0,0.0,0.0,0.0,207324000.0,265169000.0,0.247,265169000.0,207324000.0,203737000.0,1.14,1.13,1.14,796988000.0,,796988000.0,,,,75966000.0,0.607,1.0,642705000.0,0.599,0.0,3587000.0,1098309000.0,,205515000.0,71450000.0,71450000.0,0.0,494198000.0,360458000.0,133740000.0,,3195000.0,0.0,8211000.0,18270000.0,-52224000.0,-25743000.0,-128780000.0,1400000.0,159005000.0,-1287000.0,142834000.0,142834000.0,142834000.0,0.0,0.0,0.133,435381000.0,207324000.0,66060000.0,0.0,,,21.711,498029000.0,0.0,24.75,,2.887,268599000.0,755864000.0,1072433000.0,1072433000.0,53772000.0,,,,0.193,0.0,378809000.0,1.0,,125114000,126730000.0,8.572,1291186000.0,36188000.0,60903000.0,77419000.0,10.32,290743000.0
19,PLL1,MRY,1995-12-31,1995-07-29,1995-07-29,2021-09-13,,,,,,,,-69738000.0,,,355159000.0,125058000.0,,,,,,,,50555000.0,,0.0,0.0,181018000.0,231573000.0,0.25,231573000.0,181018000.0,176911000.0,1.0,,1.0,,,,,,,92548000.0,0.743,1.0,571167000.0,0.617,,4107000.0,,,,,,,,,,,1174000.0,-230000.0,-25545000.0,1682000.0,-45564000.0,-69427000.0,-94617000.0,-22050000.0,162286000.0,2932000.0,125058000.0,125058000.0,125058000.0,0.0,0.0,0.135,389369000.0,181798000.0,,0.0,,,22.875,,0.0,22.875,,3.078,,,926326000.0,926326000.0,50640000.0,,,,0.195,0.0,338729000.0,1.0,,124624000,,7.433,,,51853000.0,,,
0,PLL1,MRQ,2015-03-31,2015-04-30,2015-04-30,2021-09-13,-197120000.0,3740373000.0,,2182730000.0,1557643000.0,,15.253,-14077000.0,1094504000.0,1094504000.0,325747000.0,96177000.0,1.689,1.288,1174224000.0,800752000.0,373472000.0,1174224000.0,0.0,0.0,0.0,0.012,0.305,119559000.0,119559000.0,0.176,119559000.0,119559000.0,118289000.0,0.9,0.89,0.9,1634557000.0,,1634557000.0,10525578619.0,21.0,16.927,108154000.0,1.009,1.0,355398000.0,0.522,699359000.0,1270000.0,1828185000.0,,385994000.0,0.0,0.0,0.0,2105816000.0,1292549000.0,813267000.0,10378701619.0,64831000.0,-7641000.0,4681000.0,-111000.0,-32525000.0,-29824000.0,-29350000.0,0.0,122231000.0,1774000.0,96177000.0,96177000.0,96177000.0,0.0,0.0,0.141,235839000.0,119559000.0,437945000.0,0.339,6.35,26.685,27.033,725260000.0,0.0,97.32,3.64,3.658,547295000.0,2681965000.0,681145000.0,681145000.0,24025000.0,,,,,0.0,197683000.0,1.0,106645105.0,107162000,108557000.0,6.356,3041014000.0,0.0,22112000.0,229004000.0,28.378,890181000.0
1,PLL1,MRQ,2014-12-31,2015-01-31,2015-01-31,2021-09-13,-202404000.0,3667908000.0,,2088627000.0,1579281000.0,,14.468,-14209000.0,1029673000.0,1029673000.0,332776000.0,84399000.0,1.61,1.366,1176550000.0,801208000.0,375342000.0,1176550000.0,0.0,0.0,0.0,0.015,0.305,113192000.0,113192000.0,0.168,113192000.0,113192000.0,106954000.0,0.79,0.78,0.79,1550132000.0,,1550132000.0,10489877225.0,21.0,17.166,109420000.0,1.021,1.0,341018000.0,0.506,688419000.0,6238000.0,1829153000.0,,377210000.0,0.0,0.0,0.0,2117776000.0,1297213000.0,820563000.0,10308245225.0,28192000.0,-1741000.0,2926000.0,-72000.0,-32594000.0,-29958000.0,-16664000.0,0.0,123629000.0,-48815000.0,84399000.0,84399000.0,84399000.0,0.0,0.0,0.125,227826000.0,113192000.0,406945000.0,0.386,6.65,27.024,27.646,741845000.0,0.0,96.76,3.614,3.634,527847000.0,2618509000.0,673794000.0,673794000.0,24458000.0,,,,,0.0,191834000.0,1.0,106534159.0,107139000,108507000.0,6.289,2979489000.0,0.0,22555000.0,262122000.0,27.81,791414000.0
2,PLL1,MRQ,2014-09-30,2014-10-31,2014-10-31,2021-09-13,-91714000.0,3775534000.0,,2120873000.0,1654661000.0,,14.756,-8831000.0,1001481000.0,1001481000.0,335084000.0,88273000.0,1.584,1.367,1183113000.0,807520000.0,375593000.0,1183113000.0,0.0,0.0,0.0,0.012,0.305,124735000.0,124735000.0,0.179,124735000.0,124735000.0,118033000.0,0.82,0.81,0.82,1594841000.0,,1594841000.0,9688656889.0,20.0,15.839,105706000.0,0.978,1.0,361408000.0,0.519,717611000.0,6702000.0,1900736000.0,,401524000.0,0.0,0.0,0.0,2180693000.0,1338819000.0,841874000.0,9764042889.0,37371000.0,0.0,-298862000.0,299645000.0,-30202000.0,-29719000.0,-10275000.0,0.0,114537000.0,-37172000.0,88273000.0,88273000.0,88273000.0,0.0,0.0,0.127,236673000.0,124735000.0,430028000.0,0.372,6.122,25.647,26.346,773373000.0,0.0,91.42,3.419,3.46,561013000.0,2567609000.0,696492000.0,696492000.0,24777000.0,,,,,0.0,202656000.0,1.0,106804232.0,108081000,109219000.0,6.444,3057923000.0,0.0,29760000.0,279075000.0,28.293,782054000.0
3,PLL1,MRQ,2014-06-30,2014-07-31,2014-07-31,2021-09-13,-14921000.0,3850480000.0,,2137223000.0,1713257000.0,,17.189,-23955000.0,964110000.0,964110000.0,391838000.0,120086000.0,1.947,1.032,886691000.0,512898000.0,373793000.0,886691000.0,0.0,116392000.0,0.0,0.014,0.275,147928000.0,264320000.0,0.33,264320000.0,147928000.0,146315000.0,1.09,1.08,1.09,1895357000.0,,1895357000.0,8395162353.0,18.0,14.342,137793000.0,1.25,1.0,408116000.0,0.51,733885000.0,1613000.0,1941530000.0,,404878000.0,0.0,0.0,0.0,1955123000.0,1097646000.0,857477000.0,8497005353.0,93236000.0,-123716000.0,-1189000.0,119811000.0,-30162000.0,90023000.0,-150899000.0,0.0,161748000.0,-7636000.0,120086000.0,120086000.0,120086000.0,0.0,0.0,0.15,260188000.0,147928000.0,493770000.0,0.252,4.483,23.346,23.547,805327000.0,0.0,77.47,3.046,3.077,615713000.0,2512961000.0,799954000.0,799954000.0,27711000.0,,,,,18793000.0,222233000.0,1.0,109681236.0,110266000,111151000.0,7.255,3116595000.0,0.0,26229000.0,278562000.0,28.264,1039577000.0
4,PLL1,MRQ,2014-03-31,2014-04-30,2014-04-30,2021-09-13,10303000.0,3646265000.0,,2027348000.0,1618917000.0,,16.529,-11973000.0,870874000.0,870874000.0,334371000.0,88691000.0,2.356,1.002,769031000.0,305365000.0,463666000.0,769031000.0,0.0,0.0,0.0,0.013,0.55,108843000.0,108843000.0,0.159,108843000.0,108843000.0,104096000.0,0.8,0.8,0.8,1821170000.0,,1821170000.0,9054809916.0,21.0,16.691,124596000.0,1.131,1.0,348074000.0,0.51,656616000.0,4747000.0,2027294000.0,,428648000.0,0.0,0.0,0.0,1825095000.0,860512000.0,964583000.0,9237634916.0,-80960000.0,-189963000.0,6684000.0,-141000.0,-30188000.0,-21762000.0,-206957000.0,0.0,136569000.0,11190000.0,88691000.0,88691000.0,88691000.0,0.0,0.0,0.13,239231000.0,108843000.0,467979000.0,0.688,5.072,28.035,28.333,799197000.0,0.0,84.15,3.414,3.426,564782000.0,2424552000.0,682445000.0,682445000.0,26644000.0,,,,,0.0,201045000.0,1.0,109775816.0,110183000,111466000.0,6.194,2989649000.0,0.0,15405000.0,557926000.0,27.133,1166836000.0
5,PLL1,MRQ,2013-12-31,2014-01-31,2014-01-31,2021-09-13,-14961000.0,3473514000.0,,2038849000.0,1434665000.0,,15.779,-14266000.0,951834000.0,951834000.0,332710000.0,83666000.0,2.623,0.988,769009000.0,305335000.0,463674000.0,769009000.0,0.0,0.0,0.0,0.01,0.0,113811000.0,113811000.0,0.168,113811000.0,113811000.0,108616000.0,0.76,0.75,0.76,1747028000.0,,1747028000.0,8634277942.0,20.0,16.245,105432000.0,0.952,1.0,344259000.0,0.509,485465000.0,5195000.0,2027960000.0,,394865000.0,0.0,0.0,0.0,1726486000.0,777264000.0,949222000.0,8874296942.0,-16142000.0,-3839000.0,-133121000.0,44776000.0,-30461000.0,-112484000.0,-18398000.0,0.0,119698000.0,-4958000.0,83666000.0,83666000.0,83666000.0,0.0,0.0,0.124,230448000.0,113811000.0,418394000.0,0.0,5.08,28.274,28.404,789342000.0,0.0,80.1,3.33,3.328,536755000.0,2397826000.0,676969000.0,676969000.0,24979000.0,,,,,0.0,196299000.0,1.0,110790224.0,110720000,111980000.0,6.114,2988049000.0,0.0,24950000.0,539083000.0,26.987,1261585000.0
6,PLL1,MRQ,2013-09-30,2013-10-31,2013-10-31,2021-09-13,4214000.0,3504266000.0,,2053755000.0,1450511000.0,,16.038,-18444000.0,967976000.0,967976000.0,304065000.0,71513000.0,2.676,0.953,727957000.0,260395000.0,467562000.0,727957000.0,0.0,0.0,0.0,0.013,0.275,98365000.0,98365000.0,0.156,98365000.0,98365000.0,92388000.0,0.64,0.63,0.64,1794199000.0,,1794199000.0,8705796987.0,21.0,16.668,67453000.0,0.603,1.0,325714000.0,0.517,485844000.0,5977000.0,2010905000.0,,408161000.0,0.0,0.0,0.0,1710067000.0,767498000.0,942569000.0,9004976987.0,31090000.0,-1460000.0,-109749000.0,85885000.0,-27947000.0,-48689000.0,-17255000.0,0.0,85897000.0,11137000.0,71513000.0,71513000.0,71513000.0,0.0,0.0,0.114,227349000.0,98365000.0,426833000.0,0.43,5.019,29.334,29.387,796946000.0,0.0,80.52,3.398,3.399,532804000.0,2317422000.0,629779000.0,629779000.0,23267000.0,,,,,0.0,194884000.0,1.0,111835283.0,111870000,113135000.0,5.63,3018422000.0,0.0,20875000.0,524815000.0,26.982,1286257000.0
7,PLL1,MRQ,2013-06-30,2013-07-31,2013-07-31,2021-09-13,-40792000.0,3472839000.0,,2050029000.0,1422810000.0,,16.165,-43454000.0,936886000.0,936886000.0,347940000.0,85628000.0,2.812,0.913,637706000.0,170387000.0,467319000.0,637706000.0,0.0,106284000.0,0.0,0.014,0.25,115191000.0,221475000.0,0.309,221475000.0,115191000.0,110317000.0,0.77,0.75,0.77,1814956000.0,,1814956000.0,7584684199.0,11.0,9.743,134115000.0,1.195,1.0,368878000.0,0.515,479735000.0,4874000.0,1964853000.0,,381047000.0,0.0,0.0,0.0,1657883000.0,729071000.0,928812000.0,7805648199.0,32919000.0,-21970000.0,5186000.0,-45102000.0,-27857000.0,-63735000.0,-70921000.0,0.0,177569000.0,-9994000.0,85628000.0,85628000.0,85628000.0,579000.0,0.0,0.119,253108000.0,115770000.0,470005000.0,0.325,4.301,13.577,13.718,774948000.0,0.0,69.96,2.948,2.98,566335000.0,2285031000.0,716818000.0,716818000.0,25634000.0,,,,,13966000.0,208789000.0,1.0,111573016.0,112275000,113699000.0,6.384,2993104000.0,0.0,24689000.0,234099000.0,26.659,1320958000.0
8,PLL1,MRQ,2013-03-31,2013-04-30,2013-04-30,2021-09-13,-48324000.0,3447241000.0,,2051730000.0,1395511000.0,,15.496,-28788000.0,903967000.0,903967000.0,307111000.0,73065000.0,2.671,0.987,683003000.0,215387000.0,467616000.0,683003000.0,0.0,0.0,0.0,0.014,0.25,97846000.0,97846000.0,0.153,97846000.0,97846000.0,92548000.0,0.65,0.64,0.65,1734984000.0,,1734984000.0,7263988932.0,11.0,9.288,88720000.0,0.792,1.0,334079000.0,0.521,483335000.0,5298000.0,1974659000.0,,406123000.0,0.0,0.0,0.0,1712257000.0,768283000.0,943974000.0,7424307932.0,33735000.0,0.0,6431000.0,-20118000.0,-27563000.0,-40945000.0,-30526000.0,0.0,117508000.0,-12302000.0,73065000.0,73065000.0,73065000.0,1206000.0,0.0,0.114,235027000.0,99052000.0,455610000.0,0.385,4.279,12.9,13.262,757339000.0,0.0,66.71,2.798,2.815,554125000.0,2234667000.0,641190000.0,641190000.0,22608000.0,,,,,0.0,199595000.0,1.0,111292279.0,111964000,113311000.0,5.727,2963906000.0,0.0,19483000.0,545786000.0,26.472,1283447000.0
9,PLL1,MRQ,2012-12-31,2013-01-31,2013-01-31,2021-09-13,-20736000.0,3453093000.0,,2040156000.0,1412937000.0,,15.154,-12518000.0,870232000.0,870232000.0,320492000.0,76770000.0,2.539,1.027,709913000.0,235421000.0,474492000.0,709913000.0,0.0,0.0,0.0,0.013,0.25,104607000.0,104607000.0,0.158,104607000.0,104607000.0,98590000.0,0.68,0.67,0.68,1703573000.0,,1703573000.0,7297022215.0,11.0,9.263,37906000.0,0.337,1.0,341963000.0,0.516,487852000.0,6017000.0,2001444000.0,,404651000.0,0.0,0.0,0.0,1749520000.0,803478000.0,946042000.0,7587545215.0,-39448000.0,0.0,-163905000.0,104834000.0,-28655000.0,-84079000.0,-10312000.0,0.0,50424000.0,4519000.0,76770000.0,76770000.0,76770000.0,3549000.0,0.0,0.116,233807000.0,108156000.0,445266000.0,0.368,4.454,13.051,13.498,764182000.0,0.0,68.3,2.841,2.875,580031000.0,2192519000.0,662455000.0,662455000.0,23399000.0,,,,,0.0,206009000.0,1.0,111091438.0,112420000,113809000.0,5.893,2965241000.0,0.0,21820000.0,566537000.0,26.376,1236678000.0
10,PLL1,MRQ,2012-09-30,2012-10-31,2012-10-31,2021-09-13,-29512000.0,3520428000.0,,2096832000.0,1423596000.0,,15.733,512203000.0,909680000.0,909680000.0,300517000.0,339472000.0,2.953,0.953,619157000.0,130474000.0,488683000.0,619157000.0,0.0,0.0,0.0,0.014,0.25,354576000.0,354576000.0,0.565,354576000.0,354576000.0,355144000.0,2.96,2.92,2.96,1802809000.0,,1802809000.0,7400761206.0,11.0,9.29,551161000.0,4.81,1.0,327083000.0,0.521,488986000.0,-568000.0,2030809000.0,,398641000.0,0.0,0.0,0.0,1717619000.0,710110000.0,1007509000.0,7204936206.0,409406000.0,0.0,-61472000.0,-75034000.0,-23979000.0,-155706000.0,511059000.0,0.0,38958000.0,15095000.0,339472000.0,339472000.0,339472000.0,-250307000.0,0.0,0.541,222814000.0,104269000.0,483656000.0,0.084,3.997,12.226,12.321,771242000.0,0.0,62.96,2.721,2.725,603771000.0,2149033000.0,627600000.0,627600000.0,22575000.0,,,,,0.0,195965000.0,1.0,114436725.0,114589000,116097000.0,5.477,3031442000.0,0.0,15672000.0,586403000.0,26.455,1386722000.0
11,PLL1,MRQ,2012-06-30,2012-07-31,2012-07-31,2021-09-13,-62907000.0,3347892000.0,,1852457000.0,1495435000.0,,13.054,-31039000.0,500274000.0,500274000.0,350216000.0,86207000.0,2.174,1.217,696099000.0,205393000.0,490706000.0,696099000.0,0.0,111105000.0,0.0,0.015,0.21,113974000.0,225079000.0,0.312,225079000.0,113974000.0,111479000.0,0.74,0.73,0.74,1510035000.0,,1510035000.0,6358852748.0,15.0,11.851,117392000.0,1.015,1.0,372155000.0,0.515,490085000.0,2495000.0,2201504000.0,,364766000.0,0.0,0.0,0.0,1837857000.0,852128000.0,985729000.0,6206372748.0,-35617000.0,0.0,-116447000.0,4868000.0,-24401000.0,-132400000.0,-30819000.0,0.0,148431000.0,-20829000.0,86207000.0,86207000.0,86207000.0,-10496000.0,0.0,0.119,268677000.0,103478000.0,565334000.0,0.284,4.11,19.437,19.422,750993000.0,0.0,53.41,2.323,2.32,655436000.0,1840926000.0,722371000.0,722371000.0,22581000.0,,,,,24107000.0,210239000.0,1.0,116202448.0,115674000,117201000.0,6.245,2857807000.0,0.0,25272000.0,227986000.0,24.706,1000329000.0
12,PLL1,MRQ,2012-03-31,2012-04-30,2012-04-30,2021-09-13,40713000.0,3394854000.0,,1887392000.0,1507462000.0,,14.273,-26890000.0,535891000.0,535891000.0,323550000.0,78918000.0,2.291,1.04,688371000.0,200435000.0,487936000.0,688371000.0,0.0,0.0,0.0,0.013,0.21,103539000.0,103539000.0,0.157,103539000.0,103539000.0,97188000.0,0.68,0.67,0.68,1663794000.0,,1663794000.0,7009043831.0,17.0,13.579,95544000.0,0.82,1.0,334426000.0,0.508,500041000.0,6351000.0,2223288000.0,,402292000.0,0.0,0.0,0.0,1731060000.0,824005000.0,907055000.0,6902753831.0,7987000.0,-141969000.0,18183000.0,59879000.0,-24280000.0,55902000.0,-169288000.0,0.0,122434000.0,-1061000.0,78918000.0,78918000.0,78918000.0,-7980000.0,0.0,0.12,238867000.0,95559000.0,535888000.0,0.309,4.149,20.889,20.916,772293000.0,0.0,59.61,2.587,2.604,614900000.0,1780468000.0,657976000.0,657976000.0,20780000.0,,,,,0.0,215226000.0,1.0,115798588.0,116567000,118358000.0,5.645,2894813000.0,0.0,18270000.0,482399000.0,24.834,1063387000.0
13,PLL1,MRQ,2011-12-31,2012-01-31,2012-01-31,2021-09-13,31362000.0,3206186000.0,,1760300000.0,1445886000.0,,13.545,-37617000.0,527904000.0,527904000.0,301882000.0,84729000.0,2.384,1.037,634194000.0,140457000.0,493737000.0,634194000.0,0.0,0.0,0.0,0.012,0.21,113466000.0,113466000.0,0.177,113466000.0,113466000.0,108080000.0,0.73,0.72,0.73,1573834000.0,,1573834000.0,7052565540.0,17.0,13.463,88010000.0,0.757,1.0,338165000.0,0.528,371742000.0,5386000.0,2202228000.0,,445631000.0,0.0,0.0,0.0,1632352000.0,738506000.0,893846000.0,6887728540.0,52510000.0,2331000.0,6903000.0,-5072000.0,-20149000.0,-16793000.0,-40542000.0,0.0,125627000.0,-15782000.0,84729000.0,84729000.0,84729000.0,-10083000.0,0.0,0.132,234782000.0,103383000.0,495508000.0,0.288,4.376,21.35,21.468,824550000.0,0.0,59.68,2.586,2.603,594910000.0,1726924000.0,640047000.0,640047000.0,20050000.0,,,,,0.0,209576000.0,1.0,115411001.0,116196000,117914000.0,5.508,2834444000.0,0.0,23351000.0,478370000.0,24.394,1021794000.0
14,PLL1,MRQ,2011-09-30,2011-10-31,2011-10-31,2021-09-13,69098000.0,3232973000.0,,1768710000.0,1464263000.0,,13.253,-36812000.0,475394000.0,475394000.0,315910000.0,69455000.0,2.445,1.106,640231000.0,145460000.0,494771000.0,640231000.0,0.0,0.0,0.0,0.014,0.175,94470000.0,94470000.0,0.145,94470000.0,94470000.0,88525000.0,0.6,0.59,0.6,1535050000.0,,1535050000.0,6035737927.0,14.0,11.603,41544000.0,0.359,1.0,335352000.0,0.515,376371000.0,5945000.0,2297906000.0,,456664000.0,0.0,0.0,0.0,1697923000.0,723533000.0,974390000.0,5886081927.0,-82372000.0,-28000000.0,9759000.0,-70097000.0,-20125000.0,-79931000.0,-69176000.0,0.0,78356000.0,-11621000.0,69455000.0,69455000.0,69455000.0,-9803000.0,0.0,0.107,250685000.0,84667000.0,532598000.0,0.292,3.834,18.773,18.952,824519000.0,0.0,51.17,2.205,2.221,638062000.0,1669244000.0,651262000.0,651262000.0,19521000.0,,,,,0.0,208180000.0,1.0,115029938.0,115824000,117224000.0,5.623,2856602000.0,0.0,19070000.0,504945000.0,24.663,1045177000.0
15,PLL1,MRQ,2011-06-30,2011-07-31,2011-07-31,2021-09-13,95147000.0,3232416000.0,,1809208000.0,1423208000.0,,12.8,-56188000.0,557766000.0,557766000.0,365196000.0,97354000.0,2.29,1.17,707422000.0,215468000.0,491954000.0,707422000.0,0.0,98106000.0,0.0,0.014,0.175,106582000.0,204688000.0,0.285,204688000.0,106582000.0,106855000.0,0.84,0.83,0.84,1489821000.0,,1489821000.0,5912733459.0,14.0,11.326,92843000.0,0.798,1.0,353520000.0,0.492,352341000.0,-273000.0,2239724000.0,,444842000.0,0.0,0.0,0.0,1742595000.0,790007000.0,952588000.0,5767085459.0,66270000.0,0.0,-79541000.0,64835000.0,-20354000.0,-33082000.0,-57698000.0,0.0,149031000.0,8019000.0,97354000.0,97354000.0,97354000.0,-7207000.0,0.0,0.135,254145000.0,99375000.0,519883000.0,0.208,3.871,18.279,18.295,794599000.0,0.0,49.58,2.291,2.295,646769000.0,1619051000.0,718716000.0,718716000.0,23308000.0,,,,,13656000.0,218253000.0,1.0,116318787.0,116389000,118176000.0,6.175,2880075000.0,0.0,9501000.0,220382000.0,24.745,1019201000.0
16,PLL1,MRQ,2011-03-31,2011-04-30,2011-04-30,2021-09-13,82098000.0,3217832000.0,,1823980000.0,1393852000.0,,12.615,-43077000.0,491496000.0,491496000.0,321526000.0,71069000.0,2.334,1.182,637144000.0,150512000.0,486632000.0,637144000.0,0.0,0.0,0.0,0.011,0.175,111219000.0,111219000.0,0.17,111219000.0,111219000.0,105151000.0,0.61,0.6,0.61,1474650000.0,,1474650000.0,7007278241.0,18.0,14.31,82356000.0,0.705,1.0,332266000.0,0.508,358427000.0,6068000.0,2223459000.0,,476109000.0,0.0,0.0,0.0,1743182000.0,781594000.0,961588000.0,6786066241.0,56235000.0,0.0,-8788000.0,-20516000.0,-20311000.0,-45304000.0,-44893000.0,0.0,125433000.0,20999000.0,71069000.0,71069000.0,71069000.0,-9311000.0,0.0,0.109,230358000.0,101908000.0,515083000.0,0.287,4.602,24.849,24.974,770108000.0,0.0,58.44,2.867,2.886,604893000.0,1541405000.0,653792000.0,653792000.0,19308000.0,,,,,0.0,203327000.0,1.0,116120230.0,116899000,118723000.0,5.593,2859405000.0,0.0,34082000.0,570601000.0,24.46,1042386000.0
17,PLL1,MRQ,2010-12-31,2011-01-31,2011-01-31,2021-09-13,15721000.0,3016404000.0,,1670820000.0,1345584000.0,,11.637,-34477000.0,435261000.0,435261000.0,312747000.0,75664000.0,2.285,1.225,656473000.0,170836000.0,485637000.0,656473000.0,0.0,0.0,0.0,0.012,0.175,109823000.0,109823000.0,0.17,109823000.0,109823000.0,104009000.0,0.65,0.64,0.65,1355407000.0,,1355407000.0,6694673686.0,17.0,13.842,62360000.0,0.535,1.0,332485000.0,0.515,353425000.0,5814000.0,2153071000.0,,464047000.0,0.0,0.0,0.0,1660997000.0,731120000.0,929877000.0,6398303686.0,-44116000.0,0.0,9762000.0,-116236000.0,0.0,-101274000.0,-36562000.0,0.0,96837000.0,-3117000.0,75664000.0,75664000.0,75664000.0,0.0,0.0,0.117,222662000.0,109823000.0,440784000.0,0.269,4.721,23.548,23.884,734353000.0,0.0,55.41,2.747,2.771,545436000.0,1495302000.0,645232000.0,645232000.0,20773000.0,,,,,0.0,197100000.0,1.0,115472003.0,116476000,118266000.0,5.54,2662979000.0,0.0,28345000.0,543440000.0,22.863,939700000.0
18,PLL1,MRQ,2010-09-30,2010-10-31,2010-10-31,2021-09-13,22439000.0,3079055000.0,,1738085000.0,1340970000.0,,11.049,-25058000.0,479377000.0,479377000.0,296804000.0,71409000.0,2.849,1.396,775747000.0,46064000.0,729683000.0,775747000.0,0.0,0.0,0.0,0.015,0.16,104797000.0,104797000.0,0.173,104797000.0,104797000.0,97503000.0,0.61,0.61,0.61,1284922000.0,,1284922000.0,5215945785.0,15.0,11.542,33628000.0,0.289,1.0,308673000.0,0.51,356346000.0,7294000.0,2409004000.0,,454410000.0,0.0,0.0,0.0,1794133000.0,610075000.0,1184058000.0,4931127785.0,-19186000.0,0.0,-11011000.0,-16826000.0,-36976000.0,-63525000.0,-37388000.0,0.0,58686000.0,23041000.0,71409000.0,71409000.0,71409000.0,0.0,0.0,0.118,203876000.0,104797000.0,459384000.0,0.262,3.838,20.072,20.416,725499000.0,0.0,42.67,2.197,2.211,565438000.0,1444482000.0,605477000.0,605477000.0,20169000.0,,,,,0.0,182298000.0,1.0,115564279.0,116292000,117821000.0,5.207,2722709000.0,0.0,26094000.0,559002000.0,23.413,1128010000.0
19,PLL1,MRQ,2010-06-30,2010-07-31,2010-07-31,2021-09-13,-29904000.0,2999212000.0,,1702759000.0,1296453000.0,,10.139,-41197000.0,498563000.0,498563000.0,208826000.0,54955000.0,2.672,1.537,783381000.0,42028000.0,741353000.0,783381000.0,0.0,93628000.0,0.0,0.017,0.16,70205000.0,163833000.0,0.354,163833000.0,70205000.0,62223000.0,0.47,0.47,0.47,1182350000.0,,1182350000.0,4705474550.0,14.0,11.221,79622000.0,0.683,1.0,253531000.0,0.548,352649000.0,7982000.0,2294176000.0,,415046000.0,0.0,0.0,0.0,1816862000.0,637205000.0,1179657000.0,4461271550.0,14679000.0,0.0,-62630000.0,19024000.0,-18684000.0,-67398000.0,-43598000.0,0.0,120819000.0,4856000.0,54955000.0,54955000.0,54955000.0,-38795000.0,0.0,0.119,190608000.0,62923000.0,456651000.0,0.34,3.773,18.492,18.654,706435000.0,0.0,38.24,2.041,2.055,566499000.0,1394321000.0,462357000.0,462357000.0,13922000.0,,,,,21945000.0,165681000.0,1.0,116665051.0,116609000,118063000.0,3.965,2646563000.0,0.0,7268000.0,262766000.0,22.696,1065554000.0
20,PLL1,MRQ,2010-03-31,2010-04-30,2010-04-30,2021-09-13,-9699000.0,2889282000.0,,1616471000.0,1272811000.0,,10.4,-30054000.0,483884000.0,483884000.0,302450000.0,69691000.0,2.795,1.363,728087000.0,42112000.0,685975000.0,728087000.0,0.0,0.0,0.0,0.016,0.16,105213000.0,105213000.0,0.171,105213000.0,105213000.0,101959000.0,0.59,0.58,0.59,1222963000.0,,1222963000.0,4836107373.0,14.0,11.039,70979000.0,0.604,1.0,313532000.0,0.509,353852000.0,3254000.0,2201275000.0,,430194000.0,0.0,0.0,0.0,1666319000.0,578358000.0,1087961000.0,4558381373.0,41927000.0,0.0,2121000.0,13122000.0,-18687000.0,-2660000.0,-49506000.0,0.0,101033000.0,-6940000.0,69691000.0,69691000.0,69691000.0,0.0,0.0,0.113,208319000.0,105213000.0,414129000.0,0.271,3.727,17.821,17.968,687002000.0,0.0,38.99,1.919,1.93,517558000.0,1360136000.0,615982000.0,615982000.0,18986000.0,,,,,0.0,187303000.0,1.0,116911551.0,117589000,119204000.0,5.238,2535430000.0,0.0,32268000.0,505418000.0,21.562,1038113000.0
21,PLL1,MRQ,2009-12-31,2010-01-31,2010-01-31,2021-09-13,9685000.0,2843452000.0,,1570059000.0,1273393000.0,,10.026,-26378000.0,441957000.0,441957000.0,276116000.0,49619000.0,2.372,1.406,719683000.0,143418000.0,576265000.0,719683000.0,0.0,0.0,0.0,0.018,0.16,78062000.0,78062000.0,0.139,78062000.0,78062000.0,72368000.0,0.42,0.42,0.42,1181838000.0,,1181838000.0,4337135071.0,14.0,10.741,56590000.0,0.48,1.0,284285000.0,0.507,351986000.0,5694000.0,2107293000.0,,415808000.0,0.0,0.0,0.0,1661614000.0,661899000.0,999715000.0,4045468071.0,8423000.0,-8984000.0,-23723000.0,-3905000.0,0.0,-27235000.0,-37327000.0,0.0,82968000.0,-9983000.0,49619000.0,49619000.0,49619000.0,0.0,0.0,0.089,206223000.0,78062000.0,388058000.0,0.381,3.423,17.569,17.677,688748000.0,0.0,34.47,1.747,1.755,518296000.0,1313064000.0,560401000.0,560401000.0,18639000.0,,,,,0.0,187012000.0,1.0,117361998.0,117875000,119290000.0,4.754,2491466000.0,0.0,22749000.0,535187000.0,21.137,908160000.0
22,PLL1,MRQ,2009-09-30,2009-10-31,2009-10-31,2021-09-13,36906000.0,2881357000.0,,1596496000.0,1284861000.0,,10.156,-37081000.0,433534000.0,433534000.0,276741000.0,66983000.0,2.391,1.411,725201000.0,147436000.0,577765000.0,725201000.0,0.0,0.0,0.0,0.019,0.16,72234000.0,72234000.0,0.132,72234000.0,72234000.0,74840000.0,0.57,0.56,0.57,1195253000.0,,1195253000.0,4013619824.0,13.0,10.323,35959000.0,0.306,1.0,270198000.0,0.494,347103000.0,-2606000.0,2158114000.0,,419180000.0,0.0,0.0,0.0,1686104000.0,667807000.0,1018297000.0,3710161824.0,19523000.0,0.0,8162000.0,2090000.0,-33913000.0,-23370000.0,-38303000.0,0.0,73040000.0,8156000.0,66983000.0,66983000.0,66983000.0,0.0,0.0,0.122,197964000.0,72234000.0,403038000.0,0.281,3.104,16.902,17.065,698896000.0,0.0,31.74,1.614,1.625,546225000.0,1283180000.0,546939000.0,546939000.0,17249000.0,,,,,0.0,176658000.0,1.0,116892307.0,117686000,118847000.0,4.647,2534254000.0,0.0,7857000.0,557865000.0,21.534,928689000.0
23,PLL1,MRQ,2009-06-30,2009-07-31,2009-07-31,2021-09-13,21017000.0,2840812000.0,,1570450000.0,1270362000.0,,9.425,-36277000.0,414011000.0,414011000.0,351237000.0,69499000.0,2.189,1.549,717469000.0,139803000.0,577666000.0,717469000.0,0.0,89439000.0,0.0,0.019,0.145,93150000.0,182589000.0,0.28,182589000.0,93150000.0,87569000.0,0.59,0.59,0.59,1114598000.0,,1114598000.0,3946575495.0,13.0,10.162,136306000.0,1.153,1.0,300720000.0,0.461,346528000.0,5581000.0,2080352000.0,,413278000.0,0.0,0.0,0.0,1726214000.0,717390000.0,1008824000.0,3547366495.0,93948000.0,0.0,-31127000.0,-9687000.0,-17052000.0,-57827000.0,-38736000.0,0.0,172583000.0,17928000.0,69499000.0,69499000.0,69499000.0,0.0,0.0,0.107,207570000.0,93150000.0,422794000.0,0.246,3.183,18.134,18.23,681658000.0,0.0,30.08,1.523,1.532,561063000.0,1237735000.0,651957000.0,651957000.0,18643000.0,,,,,23027000.0,183495000.0,1.0,117931067.0,118265000,119217000.0,5.513,2494284000.0,0.0,18070000.0,281058000.0,21.091,853060000.0
24,PLL1,MRQ,2009-03-31,2009-04-30,2009-04-30,2021-09-13,3044000.0,2660178000.0,,1454560000.0,1205618000.0,,9.043,-37136000.0,320063000.0,320063000.0,291653000.0,44162000.0,2.724,1.487,719272000.0,17228000.0,702044000.0,719272000.0,0.0,0.0,0.0,0.021,0.145,70896000.0,70896000.0,0.128,70896000.0,70896000.0,64320000.0,0.37,0.37,0.37,1069842000.0,,1069842000.0,3560090653.0,11.0,8.651,55883000.0,0.472,1.0,264230000.0,0.475,342017000.0,6576000.0,2183356000.0,,455164000.0,0.0,0.0,0.0,1590336000.0,534014000.0,1056322000.0,3105637653.0,98577000.0,-35000.0,8144000.0,49852000.0,-17048000.0,40677000.0,-36388000.0,0.0,93019000.0,1269000.0,44162000.0,44162000.0,44162000.0,0.0,0.0,0.079,193334000.0,70896000.0,381593000.0,0.392,2.903,15.842,16.202,640173000.0,0.0,26.41,1.294,1.302,501803000.0,1186032000.0,555883000.0,555883000.0,16218000.0,,,,,0.0,168747000.0,1.0,117593247.0,118305000,119065000.0,4.699,2318161000.0,0.0,20158000.0,472419000.0,19.595,920546000.0
25,PLL1,MRQ,2008-12-31,2009-01-31,2009-01-31,2021-09-13,-13945000.0,2545169000.0,,1355716000.0,1189453000.0,,8.548,-31161000.0,221486000.0,221486000.0,286947000.0,38871000.0,2.579,1.514,675939000.0,21168000.0,654771000.0,675939000.0,0.0,0.0,0.0,0.021,0.145,63099000.0,63099000.0,0.116,63099000.0,63099000.0,56546000.0,0.33,0.33,0.33,1012324000.0,,1012324000.0,3472021463.0,10.0,7.819,-20122000.0,-0.17,1.0,256349000.0,0.472,341755000.0,6553000.0,2132258000.0,,458742000.0,0.0,0.0,0.0,1532845000.0,525609000.0,1007236000.0,3078329463.0,-44817000.0,-382000.0,-14789000.0,19409000.0,-15313000.0,-10453000.0,-43864000.0,0.0,11039000.0,-1539000.0,38871000.0,38871000.0,38871000.0,0.0,0.0,0.072,193250000.0,63099000.0,360952000.0,0.439,3.041,14.308,14.729,623528000.0,0.0,26.07,1.228,1.232,502282000.0,1162939000.0,543296000.0,543296000.0,17419000.0,,,,,0.0,167084000.0,1.0,118079381.0,118428000,119213000.0,4.588,2203414000.0,0.0,17675000.0,478907000.0,18.606,830107000.0
26,PLL1,MRQ,2008-09-30,2008-10-31,2008-10-31,2021-09-13,7202000.0,2589630000.0,,1417408000.0,1172222000.0,,8.546,-24234000.0,266303000.0,266303000.0,298631000.0,43087000.0,2.437,1.539,659995000.0,40236000.0,619759000.0,659995000.0,0.0,0.0,0.0,0.02,0.145,71777000.0,71777000.0,0.124,71777000.0,71777000.0,62351000.0,0.36,0.36,0.36,1020019000.0,,1020019000.0,3474532288.0,10.0,7.579,26620000.0,0.223,1.0,279391000.0,0.483,333135000.0,9426000.0,2068670000.0,,469971000.0,0.0,0.0,0.0,1569611000.0,581517000.0,988094000.0,3152232288.0,-187762000.0,-36832000.0,-42910000.0,-83045000.0,-15501000.0,-141007000.0,-63042000.0,0.0,50854000.0,-34567000.0,43087000.0,43087000.0,43087000.0,0.0,0.0,0.075,207614000.0,71777000.0,398330000.0,0.403,3.09,14.056,14.432,619307000.0,0.0,26.41,1.218,1.218,520317000.0,1142108000.0,578022000.0,578022000.0,18933000.0,,,,,0.0,180506000.0,1.0,119357527.0,119363000,120520000.0,4.843,2256495000.0,0.0,19264000.0,495973000.0,18.904,835891000.0
27,PLL1,MRQ,2008-06-30,2008-07-31,2008-07-31,2021-09-13,120173000.0,2956746000.0,,1659639000.0,1297107000.0,,9.458,-37251000.0,454065000.0,454065000.0,384934000.0,69915000.0,2.892,1.595,776365000.0,29314000.0,747051000.0,776365000.0,0.0,93205000.0,0.0,0.015,0.13,112537000.0,205742000.0,0.284,205742000.0,112537000.0,105689000.0,0.57,0.57,0.57,1139235000.0,,1139235000.0,5215554869.0,15.0,11.556,137100000.0,1.138,1.0,338277000.0,0.468,312097000.0,6848000.0,2392986000.0,,492977000.0,0.0,0.0,0.0,1817511000.0,573963000.0,1243548000.0,4845386869.0,57228000.0,0.0,-67700000.0,13705000.0,-15775000.0,-68766000.0,-44660000.0,0.0,174351000.0,-3697000.0,69915000.0,69915000.0,69915000.0,0.0,0.0,0.097,225740000.0,112537000.0,471266000.0,0.228,4.253,22.3,22.836,662985000.0,0.0,40.42,1.884,1.925,617079000.0,1118616000.0,723211000.0,723211000.0,18123000.0,,,,,14257000.0,204202000.0,1.0,119875974.0,120447000,121796000.0,6.004,2644649000.0,0.0,35774000.0,302281000.0,21.957,1085676000.0
28,PLL1,MRQ,2008-03-31,2008-04-30,2008-04-30,2021-09-13,119138000.0,2903638000.0,,1638239000.0,1265399000.0,,9.322,-28390000.0,396837000.0,396837000.0,338714000.0,63274000.0,2.821,1.534,767005000.0,49621000.0,717384000.0,767005000.0,0.0,0.0,0.0,0.014,0.13,103449000.0,103449000.0,0.156,103449000.0,103449000.0,93505000.0,0.51,0.51,0.51,1145903000.0,,1145903000.0,4619440839.0,13.0,10.442,62970000.0,0.512,1.0,322966000.0,0.488,313289000.0,9944000.0,2379877000.0,,524867000.0,0.0,0.0,0.0,1757735000.0,580640000.0,1177095000.0,4272261839.0,-13428000.0,0.0,-70205000.0,-2913000.0,-14745000.0,-87825000.0,-24162000.0,0.0,91360000.0,7199000.0,63274000.0,63274000.0,63274000.0,0.0,0.0,0.096,219517000.0,103449000.0,498878000.0,0.255,3.728,26.028,26.143,637986000.0,0.0,34.77,1.712,1.713,590374000.0,1066608000.0,661680000.0,661680000.0,18537000.0,,,,,0.0,195485000.0,1.0,122872069.0,122929000,124159000.0,5.383,2590349000.0,0.0,30231000.0,491852000.0,21.072,1057599000.0
29,PLL1,MRQ,2007-12-31,2008-01-31,2008-01-31,2021-09-13,104595000.0,2878696000.0,,1626777000.0,1251919000.0,,9.322,-27172000.0,410265000.0,410265000.0,337471000.0,47988000.0,2.776,1.503,757444000.0,65014000.0,692430000.0,757444000.0,0.0,0.0,0.0,0.013,0.12,77480000.0,77480000.0,0.124,77480000.0,77480000.0,69417000.0,0.39,0.39,0.39,1150090000.0,,1150090000.0,4760321411.0,14.0,11.225,23729000.0,0.192,1.0,288276000.0,0.461,312403000.0,8063000.0,2327352000.0,,506365000.0,0.0,0.0,0.0,1728606000.0,586120000.0,1142486000.0,4512827411.0,2488000.0,0.0,240000.0,-7328000.0,-14710000.0,-21592000.0,-30330000.0,0.0,50901000.0,3509000.0,47988000.0,47988000.0,47988000.0,0.0,0.0,0.077,210796000.0,77480000.0,481855000.0,0.308,3.924,29.839,29.927,628071000.0,0.0,36.81,1.886,1.898,576204000.0,1019471000.0,625747000.0,625747000.0,18092000.0,,,,,0.0,178845000.0,1.0,122597865.0,123372000,124572000.0,5.072,2566293000.0,0.0,21429000.0,489307000.0,20.801,1040657000.0
30,PLL1,MRQ,2007-09-30,2007-10-31,2007-10-31,2021-09-13,105108000.0,2843460000.0,,1594036000.0,1249424000.0,,9.032,-20904000.0,407777000.0,407777000.0,299691000.0,36102000.0,2.808,1.556,756553000.0,45147000.0,711406000.0,756553000.0,0.0,0.0,0.0,0.012,0.24,64665000.0,64665000.0,0.115,64665000.0,64665000.0,56944000.0,0.29,0.29,0.29,1112391000.0,,1112391000.0,5159990451.0,16.0,12.191,-146710000.0,-1.191,1.0,261316000.0,0.466,312849000.0,7721000.0,2311730000.0,,522494000.0,0.0,0.0,0.0,1731069000.0,567657000.0,1163412000.0,4912496451.0,-35259000.0,0.0,7222000.0,108781000.0,-14715000.0,101842000.0,-22535000.0,0.0,-125806000.0,11240000.0,36102000.0,36102000.0,36102000.0,0.0,0.0,0.064,196651000.0,64665000.0,494704000.0,0.828,4.416,33.283,33.392,620746000.0,0.0,40.07,2.125,2.135,538058000.0,986681000.0,561007000.0,561007000.0,16895000.0,,,,,0.0,170987000.0,1.0,122597865.0,123167000,124360000.0,4.555,2530611000.0,0.0,20842000.0,479812000.0,20.546,1026379000.0
31,PLL1,MRQ,2007-06-30,2007-07-31,2007-07-31,2021-09-13,78373000.0,2708846000.0,,1606377000.0,1102469000.0,,8.614,-40552000.0,443036000.0,443036000.0,344246000.0,16778000.0,1.93,1.554,633311000.0,41720000.0,591591000.0,633311000.0,0.0,93977000.0,0.0,0.008,0.0,102805000.0,196782000.0,0.304,196782000.0,102805000.0,93375000.0,0.14,0.13,0.14,1060601000.0,,1060601000.0,5337757355.0,18.0,13.563,78822000.0,0.64,1.0,302094000.0,0.467,308138000.0,9430000.0,1758793000.0,,471467000.0,0.0,0.0,0.0,1648245000.0,832190000.0,816055000.0,5090263355.0,78364000.0,0.0,-7780000.0,17837000.0,-14707000.0,-1515000.0,-42302000.0,0.0,119374000.0,2807000.0,16778000.0,16778000.0,16778000.0,0.0,0.0,0.026,199289000.0,102805000.0,499075000.0,0.0,4.799,39.925,39.923,607900000.0,0.0,41.52,2.262,2.272,551393000.0,974945000.0,646340000.0,646340000.0,17247000.0,,,,,6193000.0,181750000.0,1.0,122597865.0,123130000,123586000.0,5.249,2400708000.0,0.0,76597000.0,326361000.0,19.497,774187000.0
32,PLL1,MRQ,2007-03-31,2007-04-30,2007-04-30,2021-09-13,59504000.0,2628696000.0,,1494402000.0,1134294000.0,,10.603,-21235000.0,364672000.0,364672000.0,282227000.0,50371000.0,2.643,1.009,612166000.0,71667000.0,540499000.0,612166000.0,0.0,0.0,0.0,0.011,0.12,85167000.0,85167000.0,0.152,85167000.0,85167000.0,75996000.0,0.41,0.4,0.41,1308399000.0,,1308399000.0,5403363789.0,19.0,14.26,43444000.0,0.352,1.0,277120000.0,0.495,295792000.0,9171000.0,2015072000.0,,473418000.0,0.0,0.0,0.0,1320297000.0,565326000.0,754971000.0,5159966789.0,18986000.0,0.0,-27444000.0,11479000.0,-14636000.0,-28726000.0,-23071000.0,0.0,64679000.0,6104000.0,50371000.0,50371000.0,50371000.0,0.0,0.0,0.09,191953000.0,85167000.0,442049000.0,0.293,3.944,64.4,63.561,584440000.0,0.0,41.95,2.345,2.352,512673000.0,1244505000.0,559347000.0,559347000.0,15656000.0,,,,,0.0,167677000.0,1.0,123002784.0,123399000,124781000.0,4.533,2332904000.0,0.0,25625000.0,266082000.0,18.905,929076000.0
33,PLL1,MRQ,2006-12-31,2007-01-31,2007-01-31,2021-09-13,43903000.0,2511846000.0,,1398268000.0,1113578000.0,,10.232,24582000.0,345686000.0,345686000.0,288460000.0,44347000.0,2.742,0.993,589083000.0,55090000.0,533993000.0,589083000.0,0.0,0.0,0.0,0.013,0.12,76638000.0,76638000.0,0.141,76638000.0,76638000.0,66879000.0,0.36,0.36,0.36,1260442000.0,,1260442000.0,4584799764.0,18.0,14.992,100959000.0,0.82,1.0,256470000.0,0.471,297071000.0,9759000.0,1948174000.0,,434891000.0,0.0,0.0,0.0,1251404000.0,509998000.0,741406000.0,4255026764.0,-14909000.0,0.0,3093000.0,-107089000.0,-13449000.0,-115122000.0,22488000.0,0.0,76377000.0,1348000.0,44347000.0,44347000.0,44347000.0,0.0,0.0,0.081,179832000.0,76638000.0,401032000.0,0.333,3.376,77.446,77.244,576730000.0,0.0,34.76,1.978,1.99,476286000.0,1195240000.0,544930000.0,544930000.0,15277000.0,,,,,0.0,168203000.0,1.0,122411587.0,123185000,124504000.0,4.424,2214775000.0,0.0,22532000.0,261289000.0,17.979,888270000.0
34,PLL1,MRQ,2006-09-30,2006-10-31,2006-10-31,2021-09-13,40525000.0,2559579000.0,,1396996000.0,1162583000.0,,9.827,-12824000.0,360595000.0,360595000.0,275616000.0,16001000.0,2.753,1.121,690368000.0,49259000.0,641109000.0,690368000.0,0.0,0.0,0.0,0.014,0.11,34975000.0,34975000.0,0.07,34975000.0,34975000.0,24279000.0,0.13,0.13,0.13,1206907000.0,,1206907000.0,4285018732.0,19.0,14.219,59674000.0,0.486,1.0,223672000.0,0.448,297236000.0,10696000.0,2084649000.0,,424051000.0,0.0,0.0,0.0,1352672000.0,507467000.0,845205000.0,3899278732.0,42938000.0,-406000.0,9947000.0,-14192000.0,-13436000.0,-17085000.0,-12542000.0,0.0,72498000.0,67000.0,16001000.0,16001000.0,16001000.0,0.0,0.0,0.032,188697000.0,34975000.0,400026000.0,0.846,3.231,90.616,91.143,608868000.0,0.0,31.9,1.87,1.879,469102000.0,1160088000.0,499288000.0,499288000.0,14234000.0,,,,,0.0,157375000.0,1.0,122234443.0,122812000,123801000.0,4.065,2262343000.0,0.0,8278000.0,262278000.0,18.421,889529000.0
35,PLL1,MRQ,2006-06-30,2006-07-31,2006-07-31,2021-09-13,35412000.0,2461286000.0,,1334115000.0,1127171000.0,,7.558,-19797000.0,317657000.0,317657000.0,319259000.0,-30595000.0,1.96,1.627,703397000.0,63382000.0,640015000.0,703397000.0,0.0,95658000.0,0.0,0.016,0.11,86489000.0,182147000.0,0.305,182147000.0,86489000.0,72838000.0,-0.24,-0.25,-0.24,937097000.0,,937097000.0,3566198290.0,15.0,10.839,47364000.0,0.382,1.0,277992000.0,0.465,297953000.0,13651000.0,1868230000.0,,408273000.0,0.0,0.0,0.0,1524189000.0,680843000.0,843346000.0,3255651290.0,110298000.0,0.0,-92808000.0,185566000.0,-13768000.0,80204000.0,-36979000.0,0.0,67161000.0,-88000.0,-30595000.0,-30595000.0,-30595000.0,0.0,0.0,-0.051,191503000.0,86489000.0,403079000.0,-0.458,3.474,62.441,62.095,620979000.0,0.0,26.08,1.614,1.616,517632000.0,909810000.0,597251000.0,597251000.0,15396000.0,,,,,9928000.0,174780000.0,1.0,124833255.0,123995000,124913000.0,4.817,2163333000.0,0.0,103433000.0,208582000.0,17.447,653272000.0
36,PLL1,MRQ,2006-03-31,2006-04-30,2006-04-30,2021-09-13,58451000.0,2387329000.0,,1258374000.0,1128955000.0,,9.874,-17426000.0,207359000.0,207359000.0,271388000.0,25189000.0,2.646,0.925,517906000.0,29099000.0,488807000.0,517906000.0,0.0,-47298000.0,0.0,0.014,0.11,59362000.0,12064000.0,0.024,12064000.0,59362000.0,54271000.0,0.2,0.2,0.2,1240301000.0,,1240301000.0,4088727662.0,20.0,17.73,9221000.0,0.073,1.0,238593000.0,0.468,299242000.0,5091000.0,1923024000.0,,438848000.0,0.0,0.0,0.0,1147028000.0,475610000.0,671418000.0,3770159662.0,-20639000.0,0.0,12242000.0,-30596000.0,-13726000.0,-31665000.0,-19511000.0,0.0,26647000.0,3890000.0,25189000.0,25189000.0,25189000.0,0.0,0.0,0.049,179231000.0,59362000.0,387466000.0,0.55,3.04,38.076,38.203,619898000.0,0.0,30.18,1.939,1.95,464731000.0,1102089000.0,509981000.0,509981000.0,14511000.0,,,,,-5409000.0,157407000.0,1.0,124922454.0,125614000,126581000.0,4.06,2088087000.0,0.0,29082000.0,241656000.0,16.623,782764000.0
37,PLL1,MRQ,2005-12-31,2006-01-31,2006-01-31,2021-09-13,38968000.0,2334554000.0,,1219393000.0,1115161000.0,,9.534,-27690000.0,227998000.0,227998000.0,252618000.0,32436000.0,2.756,0.955,546566000.0,28457000.0,518109000.0,546566000.0,0.0,23627000.0,0.0,0.014,0.11,48548000.0,72175000.0,0.151,72175000.0,48548000.0,42906000.0,0.26,0.26,0.26,1193920000.0,,1193920000.0,3962174314.0,19.0,12.994,65860000.0,0.526,1.0,225818000.0,0.472,299926000.0,5642000.0,1910819000.0,,417035000.0,0.0,0.0,0.0,1140634000.0,442377000.0,698257000.0,3587918314.0,48310000.0,-61000.0,5083000.0,-7769000.0,-12451000.0,-14946000.0,-33338000.0,641000.0,93550000.0,3044000.0,32436000.0,32436000.0,32436000.0,0.0,0.0,0.068,177270000.0,48548000.0,361311000.0,0.423,3.005,30.534,30.638,615391000.0,0.0,28.8,1.861,1.871,431169000.0,1093996000.0,478436000.0,478436000.0,14398000.0,,,,,2828000.0,159136000.0,1.0,124580497.0,125225000,126090000.0,3.821,2034628000.0,0.0,10470000.0,232757000.0,16.248,777016000.0
38,PLL1,MRQ,2005-09-30,2005-10-31,2005-10-31,2021-09-13,27483000.0,2268020000.0,,1165181000.0,1102839000.0,,9.253,-21104000.0,179688000.0,179688000.0,229485000.0,25110000.0,2.753,0.963,553944000.0,25362000.0,528582000.0,553944000.0,0.0,23671000.0,0.0,0.015,0.1,38954000.0,62625000.0,0.145,62625000.0,38954000.0,33215000.0,0.2,0.2,0.2,1155518000.0,,1155518000.0,3621845631.0,17.0,11.935,10366000.0,0.083,1.0,201677000.0,0.468,301281000.0,5739000.0,1917744000.0,,402956000.0,0.0,0.0,0.0,1112502000.0,423251000.0,689251000.0,3250954631.0,14760000.0,-14000.0,3720000.0,19420000.0,-12434000.0,10823000.0,-26274000.0,6746000.0,31470000.0,-1259000.0,25110000.0,25110000.0,25110000.0,0.0,0.0,0.058,162723000.0,38954000.0,343748000.0,0.5,2.813,27.759,27.83,606167000.0,0.0,26.16,1.694,1.703,443021000.0,1077751000.0,431162000.0,431162000.0,13066000.0,,,,,2581000.0,149707000.0,1.0,124271966.0,124887000,125690000.0,3.452,1966739000.0,0.0,8105000.0,214810000.0,15.748,741930000.0
39,PLL1,MRQ,2005-06-30,2005-07-31,2005-07-31,2021-09-13,31085000.0,2265301000.0,,1160392000.0,1104909000.0,,9.122,-25320000.0,164928000.0,164928000.0,270961000.0,16281000.0,2.538,0.987,535819000.0,25658000.0,510161000.0,535819000.0,0.0,23248000.0,0.0,0.013,0.1,60505000.0,83753000.0,0.16,83753000.0,60505000.0,49445000.0,0.13,0.13,0.13,1139977000.0,,1139977000.0,4259658999.0,21.0,14.297,56174000.0,0.449,1.0,253575000.0,0.483,302908000.0,11060000.0,1876145000.0,,365929000.0,0.0,0.0,0.0,1125324000.0,457139000.0,668185000.0,3852401999.0,-17369000.0,-67000.0,5645000.0,-59358000.0,-12402000.0,-66115000.0,-26454000.0,0.0,81494000.0,-6294000.0,16281000.0,16281000.0,16281000.0,0.0,0.0,0.031,193070000.0,60505000.0,360119000.0,0.769,3.379,33.881,34.033,608758000.0,0.0,30.97,2.025,2.029,493650000.0,1066848000.0,524536000.0,524536000.0,13065000.0,,,,,-946000.0,156495000.0,1.0,124391411.0,124975000,125949000.0,4.197,1962393000.0,0.0,33164000.0,69249000.0,15.702,703253000.0
40,PLL1,MRQ,2005-03-31,2005-04-30,2005-04-30,2021-09-13,85978000.0,2251605000.0,,1140075000.0,1111530000.0,,9.283,-17908000.0,182297000.0,182297000.0,248554000.0,43678000.0,2.688,0.942,589554000.0,61449000.0,528105000.0,589554000.0,0.0,22643000.0,0.0,0.014,0.1,63738000.0,86381000.0,0.175,86381000.0,63738000.0,56654000.0,0.35,0.35,0.35,1159162000.0,,1159162000.0,3718386331.0,17.0,11.803,-3568000.0,-0.029,1.0,244989000.0,0.496,313506000.0,7084000.0,1921178000.0,,375001000.0,0.0,0.0,0.0,1092443000.0,424178000.0,668265000.0,3338961331.0,-44839000.0,1093000.0,-11777000.0,-15871000.0,-12440000.0,-40088000.0,-17470000.0,0.0,14340000.0,-1621000.0,43678000.0,43678000.0,43678000.0,0.0,0.0,0.088,181251000.0,63738000.0,351604000.0,0.286,2.88,21.829,21.813,620800000.0,0.0,26.83,1.774,1.78,484160000.0,1038537000.0,493543000.0,493543000.0,15498000.0,,,,,589000.0,161461000.0,1.0,124448801.0,124869000,125924000.0,3.952,1938099000.0,0.0,12976000.0,151285000.0,15.521,715897000.0
41,PLL1,MRQ,2004-12-31,2005-01-31,2005-01-31,2021-09-13,89695000.0,2234469000.0,,1113456000.0,1121013000.0,,9.179,-21628000.0,227136000.0,227136000.0,244541000.0,32045000.0,2.784,0.956,606561000.0,63046000.0,543515000.0,606561000.0,0.0,22892000.0,0.0,0.014,0.1,47822000.0,70714000.0,0.151,70714000.0,47822000.0,41676000.0,0.26,0.26,0.26,1142654000.0,,1142654000.0,3705171115.0,16.0,11.675,21286000.0,0.171,1.0,224932000.0,0.479,315672000.0,6146000.0,1898253000.0,,343053000.0,0.0,0.0,0.0,1091815000.0,399969000.0,691846000.0,3339303115.0,18748000.0,-32809000.0,24123000.0,24966000.0,-11071000.0,27974000.0,-55237000.0,0.0,42914000.0,3097000.0,32045000.0,32045000.0,32045000.0,0.0,0.0,0.068,177110000.0,47822000.0,318695000.0,0.385,2.922,21.434,21.544,623908000.0,0.0,26.93,1.803,1.81,443217000.0,1008165000.0,469473000.0,469473000.0,13907000.0,,,,,179000.0,157765000.0,1.0,123999373.0,124482000,125457000.0,3.771,1918797000.0,0.0,9631000.0,166559000.0,15.414,713487000.0
42,PLL1,MRQ,2004-09-30,2004-10-31,2004-10-31,2021-09-13,71156000.0,2160755000.0,,1078243000.0,1082512000.0,,8.699,-16170000.0,208388000.0,208388000.0,214860000.0,21699000.0,2.586,1.0,574256000.0,64583000.0,509673000.0,574256000.0,0.0,22138000.0,0.0,0.014,0.09,34956000.0,57094000.0,0.138,57094000.0,34956000.0,29249000.0,0.17,0.17,0.17,1080211000.0,,1080211000.0,3535027743.0,16.0,11.603,6690000.0,0.054,1.0,199872000.0,0.482,285196000.0,5707000.0,1824407000.0,,338136000.0,0.0,0.0,0.0,1080544000.0,417020000.0,663524000.0,3186036743.0,1111000.0,904000.0,-19747000.0,15656000.0,-11162000.0,-15253000.0,-15402000.0,915000.0,22860000.0,8906000.0,21699000.0,21699000.0,21699000.0,0.0,0.0,0.052,164916000.0,34956000.0,331666000.0,0.529,2.949,21.44,21.731,604670000.0,0.0,25.86,1.759,1.773,440382000.0,993196000.0,414732000.0,414732000.0,13713000.0,,,,,178000.0,145680000.0,1.0,123203277.0,124172000,125009000.0,3.34,1875559000.0,0.0,7550000.0,174622000.0,15.105,661223000.0
43,PLL1,MRQ,2004-06-30,2004-07-31,2004-07-31,2021-09-13,36392000.0,2182727000.0,,1112159000.0,1070568000.0,,8.424,-23495000.0,207277000.0,207277000.0,250048000.0,55535000.0,2.303,1.07,548168000.0,59482000.0,488686000.0,548168000.0,0.0,22369000.0,0.0,0.016,0.09,78475000.0,100844000.0,0.2,100844000.0,78475000.0,73014000.0,0.45,0.44,0.45,1054439000.0,,1054439000.0,3284373967.0,15.0,10.689,45879000.0,0.367,1.0,254407000.0,0.504,283789000.0,5461000.0,1756969000.0,,302861000.0,0.0,0.0,0.0,1128288000.0,482860000.0,645428000.0,2898531967.0,14763000.0,-2125000.0,-19844000.0,-12782000.0,-11252000.0,-43878000.0,-11152000.0,23472000.0,69374000.0,419000.0,55535000.0,55535000.0,55535000.0,0.0,0.0,0.11,175932000.0,78475000.0,327230000.0,0.2,2.749,19.123,19.149,600383000.0,0.0,23.17,1.637,1.645,468905000.0,984117000.0,504455000.0,504455000.0,14079000.0,,,,,0.0,160022000.0,1.0,125098488.0,125172000,126068000.0,4.03,1898938000.0,0.0,17479000.0,100991000.0,15.171,629299000.0
44,PLL1,MRQ,2004-03-31,2004-04-30,2004-04-30,2021-09-13,35389000.0,2092572000.0,,1021442000.0,1071130000.0,,8.163,-10341000.0,168714000.0,168714000.0,233634000.0,46514000.0,2.627,1.034,554556000.0,53599000.0,500957000.0,554556000.0,0.0,22777000.0,0.0,0.015,0.09,65927000.0,88704000.0,0.191,88704000.0,65927000.0,61130000.0,0.37,0.37,0.37,1028958000.0,,1028958000.0,3382976634.0,16.0,9.239,51122000.0,0.406,1.0,230287000.0,0.496,286061000.0,4797000.0,1803593000.0,,302300000.0,23800000.0,23800000.0,0.0,1063614000.0,388760000.0,674854000.0,2991281634.0,2718000.0,-3035000.0,-35214000.0,3943000.0,-11383000.0,-42654000.0,-12288000.0,-347000.0,61463000.0,-3803000.0,46514000.0,46514000.0,46514000.0,0.0,0.0,0.1,164360000.0,65927000.0,295334000.0,0.243,2.907,19.857,19.653,591916000.0,0.0,23.78,1.721,1.725,427652000.0,940459000.0,463921000.0,463921000.0,15707000.0,,,,,0.0,147972000.0,1.0,125789808.0,126053000,127190000.0,3.68,1806511000.0,0.0,14616000.0,213724000.0,14.331,632682000.0
45,PLL1,MRQ,2003-12-31,2004-01-31,2004-01-31,2021-09-13,60153000.0,2087507000.0,,988917000.0,1098590000.0,,8.343,-13314000.0,166696000.0,166696000.0,221216000.0,24856000.0,2.764,0.981,558391000.0,57033000.0,501358000.0,558391000.0,0.0,22232000.0,0.0,0.014,0.09,35778000.0,58010000.0,0.136,58010000.0,35778000.0,30687000.0,0.2,0.2,0.2,1053668000.0,,1053668000.0,3685854000.0,18.0,10.989,14862000.0,0.118,1.0,206869000.0,0.483,289500000.0,5091000.0,1831900000.0,,291710000.0,25313000.0,25313000.0,0.0,1033839000.0,357802000.0,676037000.0,3268850000.0,28715000.0,2454000.0,21757000.0,-27000.0,-11252000.0,10478000.0,-15744000.0,-1781000.0,28176000.0,5805000.0,24856000.0,24856000.0,24856000.0,0.0,0.0,0.058,171091000.0,35778000.0,261442000.0,0.45,3.102,22.624,22.222,607305000.0,0.0,26.0,1.928,1.937,405762000.0,907279000.0,428085000.0,428085000.0,13785000.0,,,,,0.0,143638000.0,1.0,125725000.0,126288000,127422000.0,3.39,1798007000.0,0.0,5831000.0,214006000.0,14.237,631115000.0
46,PLL1,MRQ,2003-09-30,2003-10-31,2003-10-31,2021-09-13,26454000.0,2019229000.0,,936881000.0,1082348000.0,,7.851,-9997000.0,134081000.0,134081000.0,194221000.0,24668000.0,2.474,1.05,551085000.0,55533000.0,495552000.0,551085000.0,0.0,21557000.0,0.0,0.015,0.09,38153000.0,59710000.0,0.16,59710000.0,38153000.0,33001000.0,0.2,0.19,0.2,984845000.0,,984845000.0,3351432688.0,15.0,10.355,22936000.0,0.183,1.0,180065000.0,0.481,290178000.0,5152000.0,1767391000.0,,291855000.0,27000000.0,27000000.0,0.0,1034384000.0,378664000.0,655720000.0,2924424688.0,11328000.0,-1424000.0,10073000.0,-13098000.0,-11210000.0,-14235000.0,-12067000.0,0.0,32933000.0,4697000.0,24668000.0,24668000.0,24668000.0,0.0,0.0,0.066,141912000.0,38153000.0,278381000.0,0.45,2.969,19.366,19.024,601656000.0,0.0,23.4,1.766,1.773,388991000.0,896832000.0,374286000.0,374286000.0,13708000.0,,,,,0.0,131907000.0,1.0,124975414.0,125436000,126507000.0,2.984,1729051000.0,0.0,8333000.0,204918000.0,13.784,558217000.0
47,PLL1,MRQ,2003-06-30,2003-08-02,2003-08-02,2021-09-13,-413000.0,2016726000.0,,938434000.0,1078292000.0,,7.527,-15263000.0,126653000.0,126653000.0,230106000.0,54606000.0,2.226,1.158,553661000.0,63791000.0,489870000.0,553661000.0,0.0,83939000.0,0.0,0.016,0.09,75795000.0,159734000.0,0.339,159734000.0,75795000.0,70595000.0,0.44,0.44,0.44,934536000.0,,934536000.0,3353484933.0,20.0,13.328,81473000.0,0.656,1.0,241306000.0,0.512,291326000.0,5200000.0,1730912000.0,,274442000.0,23100000.0,23100000.0,0.0,1082190000.0,421496000.0,660694000.0,2814881933.0,-15610000.0,-6559000.0,21710000.0,-92019000.0,-11201000.0,-68043000.0,-42515000.0,-13129000.0,96736000.0,-1788000.0,54606000.0,54606000.0,54606000.0,0.0,0.0,0.116,165511000.0,75795000.0,296625000.0,0.205,3.012,27.275,27.0,600153000.0,0.0,22.68,1.744,1.733,423467000.0,884690000.0,471412000.0,471412000.0,12489000.0,,,,,0.0,151833000.0,1.0,124112960.0,124151000,125621000.0,3.797,1725400000.0,0.0,15989000.0,64247000.0,13.898,516938000.0
48,PLL1,MRQ,2003-03-31,2003-05-03,2003-05-03,2021-09-13,18899000.0,2027847000.0,,943418000.0,1084429000.0,,7.217,-9665000.0,125163000.0,125163000.0,205587000.0,40355000.0,2.418,1.282,663766000.0,57627000.0,606139000.0,663766000.0,0.0,0.0,0.0,0.017,0.09,57949000.0,57949000.0,0.137,57949000.0,57949000.0,52184000.0,0.33,0.33,0.33,888805000.0,,888805000.0,3132483045.0,27.0,16.561,48855000.0,0.397,1.0,215904000.0,0.512,292700000.0,5765000.0,1883520000.0,,293529000.0,23600000.0,23600000.0,0.0,1139042000.0,390230000.0,748812000.0,2574562045.0,22978000.0,-5970000.0,4555000.0,-8822000.0,-11070000.0,-15337000.0,-23979000.0,-6071000.0,58520000.0,3774000.0,40355000.0,40355000.0,40355000.0,0.0,0.0,0.096,157955000.0,57949000.0,293076000.0,0.273,2.897,44.713,44.532,597993000.0,0.0,20.93,1.639,1.641,394166000.0,844638000.0,421491000.0,421491000.0,14255000.0,,,,,0.0,138664000.0,1.0,123008220.0,123146000,123891000.0,3.423,1735147000.0,0.0,11829000.0,182200000.0,14.09,553188000.0
49,PLL1,MRQ,2002-12-31,2003-02-01,2003-02-01,2021-09-13,11965000.0,1962921000.0,,872645000.0,1090276000.0,,6.862,-12190000.0,102185000.0,102185000.0,200085000.0,31379000.0,2.438,1.327,660106000.0,61268000.0,598838000.0,660106000.0,0.0,0.0,0.0,0.023,0.09,46261000.0,46261000.0,0.119,46261000.0,46261000.0,40054000.0,0.26,0.25,0.26,843705000.0,,843705000.0,2505464627.0,27.0,14.941,28140000.0,0.229,1.0,188437000.0,0.485,277363000.0,6207000.0,1885473000.0,,280547000.0,21000000.0,21000000.0,0.0,1119216000.0,358006000.0,761210000.0,1907316627.0,11678000.0,-126000.0,2720000.0,-22953000.0,-11056000.0,-23756000.0,-10716000.0,1600000.0,40330000.0,5820000.0,31379000.0,31379000.0,31379000.0,0.0,0.0,0.081,142176000.0,46261000.0,254039000.0,0.346,2.261,43.678,43.083,607727000.0,0.0,15.51,1.314,1.313,373015000.0,817167000.0,388522000.0,388522000.0,12415000.0,,,,,0.0,128837000.0,1.0,122973348.0,122948000,123551000.0,3.16,1685558000.0,0.0,8675000.0,205071000.0,13.71,514639000.0
50,PLL1,MRQ,2002-09-30,2002-11-02,2002-11-02,2021-09-13,-20610000.0,1915219000.0,,839343000.0,1075876000.0,,6.416,-13338000.0,90507000.0,90507000.0,174261000.0,-23138000.0,2.302,1.43,688655000.0,70751000.0,617904000.0,688655000.0,0.0,0.0,0.0,0.025,0.09,-12331000.0,-12331000.0,-0.037,-12331000.0,-12331000.0,-19597000.0,-0.19,-0.19,-0.19,788081000.0,,788081000.0,2776251918.0,38.0,18.777,21429000.0,0.174,1.0,157949000.0,0.475,281439000.0,7266000.0,1867322000.0,,279832000.0,22600000.0,22600000.0,0.0,1127138000.0,364606000.0,762532000.0,2158224918.0,-14717000.0,-7999000.0,1148000.0,-36303000.0,-11049000.0,-46204000.0,-3737000.0,17600000.0,34767000.0,457000.0,-23138000.0,-23138000.0,-23138000.0,0.0,0.0,-0.07,170280000.0,-12331000.0,264384000.0,-0.474,2.739,70.291,70.28,599587000.0,0.0,17.57,1.6,1.6,364293000.0,797954000.0,332210000.0,332210000.0,13045000.0,,,,,0.0,116860000.0,1.0,122835795.0,122825000,122825000.0,2.705,1633780000.0,0.0,3541000.0,174099000.0,13.302,474737000.0
51,PLL1,MRQ,2002-06-30,2002-08-03,2002-08-03,2021-09-13,-22071000.0,2010443000.0,,913134000.0,1097309000.0,,6.681,-20701000.0,105224000.0,105224000.0,228943000.0,8984000.0,2.098,1.453,723251000.0,103546000.0,619705000.0,723251000.0,0.0,74003000.0,0.0,0.032,0.09,23266000.0,97269000.0,0.227,97269000.0,23266000.0,17603000.0,0.07,0.07,0.07,819720000.0,,819720000.0,2669406951.0,23.0,14.176,30698000.0,0.25,1.0,199946000.0,0.466,302921000.0,5663000.0,1890226000.0,,256910000.0,40200000.0,40200000.0,0.0,1190723000.0,435323000.0,755400000.0,2023868951.0,30043000.0,-3477000.0,8799000.0,-12917000.0,-11022000.0,-14140000.0,-12934000.0,12800000.0,51399000.0,5718000.0,8984000.0,8984000.0,8984000.0,0.0,0.0,0.021,176680000.0,23266000.0,279188000.0,1.286,2.469,27.636,27.483,605095000.0,0.0,16.49,1.568,1.563,415853000.0,832308000.0,428889000.0,428889000.0,16304000.0,,,,,0.0,133554000.0,1.0,122733108.0,122686000,123694000.0,3.496,1707522000.0,0.0,8619000.0,65878000.0,13.918,477811000.0
52,PLL1,MRQ,2002-03-31,2002-04-27,2002-04-27,2021-09-13,-54364000.0,1909092000.0,,863622000.0,1045470000.0,,6.382,-10872000.0,75181000.0,75181000.0,145482000.0,26443000.0,1.245,1.445,720719000.0,411097000.0,309622000.0,720719000.0,0.0,0.0,0.0,0.029,0.09,36491000.0,36491000.0,0.121,36491000.0,36491000.0,33901000.0,0.22,0.21,0.22,780773000.0,,780773000.0,2830493166.0,22.0,14.277,30218000.0,0.247,1.0,156895000.0,0.519,284167000.0,2590000.0,1576576000.0,,272395000.0,53000000.0,53000000.0,0.0,1128319000.0,693887000.0,434432000.0,2511538166.0,16123000.0,-345490000.0,1146000.0,334025000.0,-20795000.0,314376000.0,-340662000.0,15700000.0,41090000.0,1319000.0,26443000.0,26443000.0,26443000.0,0.0,0.0,0.087,120404000.0,36491000.0,243450000.0,0.409,3.217,27.933,27.743,597319000.0,0.0,20.53,2.104,2.104,367477000.0,835469000.0,302377000.0,302377000.0,13159000.0,,,,,0.0,107245000.0,1.0,122335030.0,122336000,123512000.0,2.472,1624925000.0,0.0,7458000.0,164150000.0,13.282,169735000.0
53,PLL1,MRQ,2001-12-31,2002-01-26,2002-01-26,2021-09-13,-63282000.0,1422582000.0,,668671000.0,753911000.0,,6.184,-13976000.0,59058000.0,59058000.0,145394000.0,18415000.0,2.656,0.883,378013000.0,65997000.0,312016000.0,378013000.0,0.0,0.0,0.0,0.03,0.17,26421000.0,26421000.0,0.093,26421000.0,26421000.0,23606000.0,0.15,0.15,0.15,755399000.0,,755399000.0,3157483723.0,22.0,14.799,33012000.0,0.27,1.0,140041000.0,0.491,89860000.0,2815000.0,1399902000.0,,199244000.0,68700000.0,68700000.0,0.0,667183000.0,251775000.0,415408000.0,2805608723.0,7339000.0,0.0,7801000.0,-16427000.0,-20734000.0,-29360000.0,-9038000.0,6500000.0,46988000.0,-1251000.0,18415000.0,18415000.0,18415000.0,0.0,0.0,0.065,113620000.0,26421000.0,167004000.0,1.133,3.714,27.965,28.012,499391000.0,0.0,22.97,2.315,2.315,283306000.0,820239000.0,285435000.0,285435000.0,12468000.0,,,,,0.0,101152000.0,1.0,122142304.0,122151000,123408000.0,2.337,1332722000.0,0.0,5191000.0,122166000.0,10.91,416896000.0
54,PLL1,MRQ,2001-09-30,2001-10-27,2001-10-27,2021-09-13,-51865000.0,1479635000.0,,703940000.0,775695000.0,,6.232,-18779000.0,51719000.0,51719000.0,135070000.0,19392000.0,2.473,0.943,403594000.0,74593000.0,329001000.0,403594000.0,0.0,0.0,0.0,0.031,0.17,28128000.0,28128000.0,0.103,28128000.0,28128000.0,24865000.0,0.16,0.16,0.16,761506000.0,,761506000.0,3054073654.0,19.0,13.329,-2165000.0,-0.018,1.0,139049000.0,0.507,90568000.0,3263000.0,1456243000.0,,213648000.0,75200000.0,75200000.0,0.0,718129000.0,284699000.0,433430000.0,2667235654.0,-3208000.0,0.0,-6807000.0,-45000000.0,-20808000.0,-72615000.0,52621000.0,71400000.0,16614000.0,172000.0,19392000.0,19392000.0,19392000.0,0.0,0.0,0.071,110921000.0,28128000.0,187893000.0,1.062,3.503,23.853,24.033,506799000.0,0.0,21.87,2.166,2.17,304714000.0,823564000.0,274119000.0,274119000.0,12847000.0,,,,,0.0,98074000.0,1.0,121958649.0,122190000,123486000.0,2.243,1389067000.0,0.0,5473000.0,126642000.0,11.368,419241000.0
55,PLL1,MRQ,2001-06-30,2001-07-28,2001-07-28,2021-09-13,-51099000.0,1548510000.0,,778988000.0,769522000.0,,6.29,-19588000.0,54927000.0,54927000.0,162371000.0,25664000.0,2.482,1.011,441765000.0,82671000.0,359094000.0,441765000.0,0.0,71490000.0,0.0,0.029,0.17,35730000.0,107220000.0,0.323,107220000.0,35730000.0,31927000.0,0.21,0.2,0.21,770042000.0,,770042000.0,3243362527.0,19.0,13.602,61423000.0,0.502,1.0,169147000.0,0.51,91726000.0,3803000.0,1529773000.0,,209499000.0,146600000.0,146600000.0,0.0,778468000.0,313849000.0,464619000.0,2898063527.0,9402000.0,-265000.0,-1519000.0,50432000.0,-20814000.0,28099000.0,-99241000.0,-78429000.0,81011000.0,-467000.0,25664000.0,25664000.0,25664000.0,0.0,0.0,0.077,133417000.0,35730000.0,182841000.0,0.81,3.764,24.558,24.635,503016000.0,0.0,23.65,2.346,2.347,309171000.0,825247000.0,331518000.0,331518000.0,14012000.0,,,,,0.0,102157000.0,1.0,122539684.0,122427000,123825000.0,2.708,1456784000.0,0.0,6263000.0,47831000.0,11.899,465139000.0
56,PLL1,MRQ,2001-03-31,2001-04-28,2001-04-28,2021-09-13,-51930000.0,1490565000.0,,733654000.0,756911000.0,,6.254,-16211000.0,45525000.0,45525000.0,153855000.0,36855000.0,1.975,0.946,390824000.0,117489000.0,273335000.0,390824000.0,0.0,0.0,0.0,0.028,0.17,51593000.0,51593000.0,0.161,51593000.0,51593000.0,47250000.0,0.3,0.3,0.3,765947000.0,,765947000.0,3293844782.0,17.0,12.465,15619000.0,0.128,1.0,167202000.0,0.521,0.0,4343000.0,1464397000.0,,225055000.0,65900000.0,65900000.0,0.0,724618000.0,371467000.0,353151000.0,2940880782.0,-8336000.0,0.0,728000.0,-9527000.0,-20811000.0,-29610000.0,-9727000.0,6700000.0,31830000.0,-829000.0,36855000.0,36855000.0,36855000.0,0.0,0.0,0.115,115609000.0,51593000.0,222447000.0,0.567,3.84,21.239,21.384,502457000.0,0.0,23.95,2.356,2.35,327570000.0,821483000.0,321057000.0,321057000.0,14778000.0,,,,,0.0,100831000.0,1.0,122792517.0,122472000,123721000.0,2.621,1490565000.0,0.0,10395000.0,111347000.0,12.171,362187000.0
57,PLL1,MRQ,2000-12-31,2001-01-27,2001-01-27,2021-09-13,-44417000.0,1489726000.0,,724840000.0,764886000.0,,6.183,-20632000.0,53861000.0,53861000.0,145163000.0,29911000.0,1.862,0.969,406825000.0,143536000.0,263289000.0,406825000.0,0.0,0.0,0.0,0.028,0.17,42192000.0,42192000.0,0.138,42192000.0,42192000.0,37922000.0,0.24,0.24,0.24,756775000.0,,756775000.0,3321645383.0,17.0,12.267,29268000.0,0.239,1.0,159534000.0,0.524,0.0,4270000.0,1453367000.0,,221601000.0,72600000.0,72600000.0,0.0,732951000.0,389323000.0,343628000.0,2957692383.0,-12950000.0,0.0,-2414000.0,-21339000.0,-20165000.0,-43918000.0,-19937000.0,4700000.0,49900000.0,1005000.0,29911000.0,29911000.0,29911000.0,0.0,0.0,0.098,117342000.0,42192000.0,214803000.0,0.708,3.908,20.625,20.797,506320000.0,0.0,24.125,2.375,2.372,309410000.0,806561000.0,304697000.0,304697000.0,14147000.0,,,,,0.0,103195000.0,1.0,122598648.0,122402000,123347000.0,2.489,1489726000.0,0.0,8011000.0,111323000.0,12.171,335517000.0
58,PLL1,MRQ,2000-09-30,2000-10-28,2000-10-28,2021-09-13,-53287000.0,1484515000.0,,735463000.0,749052000.0,,6.032,-17369000.0,66811000.0,66811000.0,129757000.0,25580000.0,1.838,1.002,430764000.0,170105000.0,260659000.0,430764000.0,0.0,0.0,0.0,0.034,0.165,37448000.0,37448000.0,0.135,37448000.0,37448000.0,33221000.0,0.21,0.21,0.21,741558000.0,,741558000.0,2739068228.0,13.0,9.922,21212000.0,0.173,1.0,148394000.0,0.534,0.0,4227000.0,1448429000.0,,213143000.0,77300000.0,77300000.0,0.0,742957000.0,400039000.0,342918000.0,2403616228.0,-14197000.0,-1426000.0,-10790000.0,19559000.0,-20358000.0,-11589000.0,-39342000.0,-16600000.0,38581000.0,-1847000.0,25580000.0,25580000.0,25580000.0,0.0,0.0,0.092,110946000.0,37448000.0,205894000.0,0.786,3.241,16.316,16.492,499024000.0,0.0,19.625,1.946,1.953,303045000.0,798228000.0,278151000.0,278151000.0,13104000.0,,,,,0.0,97842000.0,1.0,122477260.0,122937000,123843000.0,2.263,1484515000.0,0.0,7641000.0,106299000.0,12.075,335424000.0
59,PLL1,MRQ,2000-06-30,2000-07-29,2000-07-29,2021-09-13,-38707000.0,1507252000.0,,753176000.0,754076000.0,,6.169,-24571000.0,81008000.0,81008000.0,160499000.0,46118000.0,1.779,0.98,416460000.0,192545000.0,223915000.0,416460000.0,0.0,71961000.0,0.0,0.032,0.165,61043000.0,133004000.0,0.386,133004000.0,61043000.0,57862000.0,0.37,0.37,0.37,761306000.0,,761306000.0,2871781446.0,14.0,10.464,32620000.0,0.264,1.0,183732000.0,0.534,0.0,3181000.0,1419254000.0,,202959000.0,60700000.0,60700000.0,0.0,745946000.0,423450000.0,322496000.0,2529257446.0,9384000.0,0.0,-15126000.0,5763000.0,-20430000.0,-27744000.0,-19962000.0,4700000.0,57191000.0,-101000.0,46118000.0,46118000.0,46118000.0,0.0,0.0,0.134,121369000.0,62363000.0,68419000.0,0.446,3.322,17.249,17.373,503755000.0,0.0,20.5,2.066,2.073,337806000.0,793491000.0,344231000.0,344231000.0,15174000.0,,,,,0.0,97629000.0,1.0,123378412.0,123399000,124292000.0,2.79,1507252000.0,0.0,11744000.0,52050000.0,12.214,329726000.0
60,PLL1,MRQ,2000-03-31,2000-04-29,2000-04-29,2021-09-13,-38341000.0,1467496000.0,,724925000.0,742571000.0,,6.056,-13564000.0,71624000.0,71624000.0,143568000.0,41792000.0,1.314,0.959,414148000.0,326383000.0,87765000.0,414148000.0,0.0,0.0,0.0,0.029,0.165,58134000.0,58134000.0,0.183,58134000.0,58134000.0,54274000.0,0.34,0.34,0.34,749023000.0,,749023000.0,3088222826.0,15.0,10.838,33350000.0,0.27,1.0,174481000.0,0.549,0.0,3860000.0,1258281000.0,,208315000.0,65400000.0,65400000.0,0.0,718473000.0,551739000.0,166734000.0,2758929826.0,-10321000.0,-15380000.0,7804000.0,9409000.0,-20405000.0,-3192000.0,-53844000.0,-24900000.0,46914000.0,-199000.0,41792000.0,41792000.0,41792000.0,0.0,0.0,0.131,116347000.0,58134000.0,197631000.0,0.485,3.683,18.282,18.44,503896000.0,0.0,22.312,2.301,2.302,303177000.0,771887000.0,318049000.0,318049000.0,12762000.0,,,,,0.0,103585000.0,1.0,123649516.0,123692000,124504000.0,2.571,1467496000.0,0.0,12482000.0,106694000.0,11.864,173186000.0
61,PLL1,MRQ,1999-12-31,2000-01-29,2000-01-29,2021-09-13,-25791000.0,1435989000.0,,688839000.0,747150000.0,,5.909,-9980000.0,81945000.0,81945000.0,136683000.0,33828000.0,1.336,0.961,411238000.0,310375000.0,100863000.0,411238000.0,0.0,0.0,0.0,0.035,0.165,47479000.0,47479000.0,0.161,47479000.0,47479000.0,43933000.0,0.27,0.27,0.27,732405000.0,,732405000.0,2629799112.0,24.0,14.174,30292000.0,0.244,1.0,158016000.0,0.536,0.0,3546000.0,1249496000.0,,203950000.0,40500000.0,40500000.0,0.0,703584000.0,515786000.0,187798000.0,2294055112.0,16942000.0,0.0,-10380000.0,16538000.0,-19868000.0,-13710000.0,-7773000.0,5455000.0,40272000.0,-1847000.0,33828000.0,33828000.0,33828000.0,0.0,0.0,0.115,110537000.0,47479000.0,179456000.0,0.611,3.132,28.392,28.906,506063000.0,0.0,18.5,1.943,1.942,283096000.0,750979000.0,294699000.0,294699000.0,11680000.0,,,,,0.0,98857000.0,1.0,124002979.0,123952000,124860000.0,2.378,1435989000.0,0.0,10105000.0,112890000.0,11.585,173053000.0
62,PLL1,MRQ,1999-09-30,1999-10-30,1999-10-30,2021-09-13,-19128000.0,1448115000.0,,695532000.0,752583000.0,,5.926,-15269000.0,65003000.0,65003000.0,124746000.0,24898000.0,1.331,0.968,400747000.0,298475000.0,102272000.0,400747000.0,0.0,0.0,0.0,0.029,0.16,35825000.0,35825000.0,0.134,35825000.0,35825000.0,32335000.0,0.2,0.2,0.2,735933000.0,,735933000.0,3093214061.0,36.0,19.114,57277000.0,0.461,1.0,142376000.0,0.533,0.0,3490000.0,1261268000.0,,210252000.0,45900000.0,45900000.0,0.0,712182000.0,522591000.0,189591000.0,2723923061.0,-21674000.0,0.0,873000.0,-64555000.0,-19871000.0,-83553000.0,-10724000.0,4545000.0,72546000.0,57000.0,24898000.0,24898000.0,24898000.0,0.0,0.0,0.093,107871000.0,34505000.0,64313000.0,0.8,3.701,43.275,43.875,514333000.0,0.0,21.938,2.339,2.34,296868000.0,737782000.0,267122000.0,267122000.0,11818000.0,,,,,0.0,96053000.0,1.0,124167433.0,124178000,125161000.0,2.151,1448115000.0,44967000.0,7437000.0,41917000.0,11.662,172941000.0
63,PLL1,MRQ,1999-06-30,1999-07-31,1999-07-31,2021-09-13,-18496000.0,1488327000.0,,744189000.0,744138000.0,,5.884,-13476000.0,86677000.0,86677000.0,144659000.0,50395000.0,1.333,1.037,455968000.0,339153000.0,116815000.0,455968000.0,0.0,74771000.0,0.0,0.03,0.16,68740000.0,143511000.0,0.45,143511000.0,68740000.0,65328000.0,0.4,0.4,0.4,730664000.0,,730664000.0,2933329529.0,41.0,19.997,-6810000.0,-0.055,1.0,174406000.0,0.547,0.0,3412000.0,1299339000.0,,205867000.0,50500000.0,50500000.0,0.0,757663000.0,558279000.0,199384000.0,2613799529.0,-924000.0,-6831000.0,5423000.0,43070000.0,-19878000.0,28615000.0,-36707000.0,-21000000.0,6666000.0,502000.0,50395000.0,50395000.0,50395000.0,0.0,0.0,0.158,105666000.0,68740000.0,63525000.0,0.4,3.577,50.746,51.372,507016000.0,0.0,21.062,2.279,2.283,326197000.0,729052000.0,319065000.0,319065000.0,13069000.0,,,,,0.0,92597000.0,1.0,124097307.0,124176000,124629000.0,2.569,1488327000.0,33412000.0,14933000.0,41379000.0,11.986,185910000.0
64,PLL1,MRQ,1999-03-31,1999-05-01,1999-05-01,2021-09-13,-20704000.0,1395196000.0,,671329000.0,723867000.0,,5.559,-16994000.0,87601000.0,87601000.0,159529000.0,-28323000.0,1.286,1.016,407131000.0,303635000.0,103496000.0,407131000.0,0.0,0.0,0.0,0.034,0.16,-41282000.0,-41282000.0,-0.138,-41282000.0,-41282000.0,-44902000.0,-0.23,-0.23,-0.23,692138000.0,,692138000.0,2648030047.0,46.0,20.235,43517000.0,0.349,1.0,140367000.0,0.468,0.0,3620000.0,1192897000.0,,201570000.0,29500000.0,29500000.0,0.0,703058000.0,521829000.0,181229000.0,2298111047.0,72325000.0,5600000.0,-8430000.0,47772000.0,-19952000.0,19390000.0,-6893000.0,4500000.0,60511000.0,-683000.0,-28323000.0,-28323000.0,-28323000.0,0.0,0.0,-0.094,181649000.0,-41282000.0,54460000.0,-0.696,3.32,56.274,55.871,504276000.0,0.0,18.438,2.034,2.032,289203000.0,699315000.0,299896000.0,299896000.0,13452000.0,,,,,0.0,103502000.0,1.0,124643311.0,124515000,124782000.0,2.409,1395196000.0,26580000.0,-16579000.0,22128000.0,11.205,149500000.0
65,PLL1,MRQ,1998-12-31,1999-01-30,1999-01-30,2021-09-13,-8230000.0,1396280000.0,,639724000.0,756556000.0,,6.14,-20352000.0,15276000.0,15276000.0,133764000.0,15974000.0,1.444,0.825,365195000.0,255442000.0,109753000.0,365195000.0,0.0,0.0,0.0,0.027,0.16,23773000.0,23773000.0,0.085,23773000.0,23773000.0,20738000.0,0.13,0.13,0.13,764991000.0,,764991000.0,3184019953.0,26.0,16.36,-13468000.0,-0.108,1.0,144491000.0,0.519,0.0,3035000.0,1303151000.0,,239867000.0,34000000.0,34000000.0,0.0,631289000.0,443048000.0,188241000.0,2884919953.0,-8516000.0,0.0,-2720000.0,44202000.0,-19279000.0,22203000.0,-37241000.0,-11700000.0,6884000.0,-362000.0,15974000.0,15974000.0,15974000.0,0.0,0.0,0.057,120718000.0,23773000.0,55562000.0,1.231,3.771,37.414,37.399,530569000.0,0.0,23.188,2.578,2.582,292191000.0,751295000.0,278255000.0,278255000.0,15034000.0,,,,,0.0,105684000.0,1.0,124417033.0,124595000,125067000.0,2.233,1396280000.0,22598000.0,4764000.0,38938000.0,11.207,196676000.0
66,PLL1,MRQ,1998-09-30,1998-10-31,1998-10-31,2021-09-13,-3814000.0,1388438000.0,,639002000.0,749436000.0,,6.232,-14701000.0,23792000.0,23792000.0,117340000.0,13461000.0,1.505,0.795,322892000.0,210032000.0,112860000.0,322892000.0,0.0,0.0,0.0,0.024,0.15,20688000.0,20688000.0,0.083,20688000.0,20688000.0,17740000.0,0.11,0.11,0.11,773376000.0,,773376000.0,3421487800.0,25.0,16.288,22299000.0,0.18,1.0,132510000.0,0.53,0.0,2948000.0,1262834000.0,,245472000.0,22300000.0,22300000.0,0.0,615062000.0,424704000.0,190358000.0,3137236800.0,11667000.0,0.0,6165000.0,11539000.0,-19202000.0,-1498000.0,-24447000.0,-5500000.0,37000000.0,612000.0,13461000.0,13461000.0,13461000.0,0.0,0.0,0.054,111822000.0,20688000.0,59469000.0,1.364,4.057,35.377,35.563,529156000.0,0.0,25.25,2.853,2.849,287962000.0,756477000.0,249850000.0,249850000.0,14935000.0,,,,,0.0,96887000.0,1.0,124247002.0,124107000,124618000.0,2.013,1388438000.0,23520000.0,4279000.0,42102000.0,11.187,214298000.0
67,PLL1,MRQ,1998-06-30,1998-08-01,1998-08-01,2021-09-13,-10580000.0,1363212000.0,,602489000.0,760723000.0,,6.166,-22641000.0,12125000.0,12125000.0,130073000.0,39726000.0,1.468,0.781,296376000.0,184907000.0,111469000.0,296376000.0,0.0,73079000.0,0.0,0.027,0.155,54606000.0,127685000.0,0.423,127685000.0,54606000.0,51709000.0,0.32,0.32,0.32,765615000.0,,765615000.0,3034412375.0,21.0,14.052,-15525000.0,-0.125,1.0,171686000.0,0.569,0.0,2897000.0,1237080000.0,,227254000.0,16800000.0,16800000.0,0.0,597597000.0,410383000.0,187214000.0,2789913375.0,-29251000.0,-2653000.0,-7988000.0,15071000.0,-19271000.0,-12188000.0,-23912000.0,8000000.0,7116000.0,-267000.0,39726000.0,39726000.0,39726000.0,0.0,0.0,0.132,117080000.0,54606000.0,66773000.0,0.484,3.644,29.796,30.0,520592000.0,0.0,22.5,2.566,2.588,291535000.0,764927000.0,301759000.0,301759000.0,14514000.0,,,,,0.0,102566000.0,1.0,123996150.0,124161000,124649000.0,2.43,1363212000.0,22856000.0,11983000.0,59746000.0,10.979,192106000.0
68,PLL1,MRQ,1998-03-31,1998-05-02,1998-05-02,2021-09-13,-8557000.0,1387160000.0,,671222000.0,715938000.0,,6.08,-22546000.0,41376000.0,41376000.0,122791000.0,7947000.0,1.692,0.837,285875000.0,135916000.0,149959000.0,285875000.0,0.0,0.0,0.0,0.03,0.155,22479000.0,22479000.0,0.078,22479000.0,22479000.0,20222000.0,0.06,0.06,0.06,755102000.0,,755102000.0,2712943738.0,18.0,12.855,65050000.0,0.524,1.0,166380000.0,0.575,0.0,2257000.0,1234872000.0,,230116000.0,24800000.0,24800000.0,0.0,632058000.0,396787000.0,235271000.0,2443031738.0,30562000.0,-62094000.0,4490000.0,6735000.0,-19227000.0,-8002000.0,-48601000.0,32900000.0,87596000.0,-431000.0,7947000.0,7947000.0,7947000.0,0.0,0.0,0.027,143901000.0,22479000.0,63031000.0,2.583,3.235,25.14,25.568,519345000.0,0.0,19.688,2.271,2.273,275495000.0,744774000.0,289171000.0,289171000.0,15271000.0,,,,,0.0,101630000.0,1.0,124090501.0,124186000,124742000.0,2.329,1387160000.0,66473000.0,12275000.0,60481000.0,11.17,274435000.0
69,PLL1,MRQ,1997-12-31,1998-01-31,1998-01-31,2021-09-13,-13579000.0,1307352000.0,,622018000.0,685334000.0,,6.069,-16200000.0,10814000.0,10814000.0,115384000.0,27546000.0,1.713,0.727,280726000.0,174812000.0,105914000.0,280726000.0,0.0,0.0,0.0,0.029,0.155,39207000.0,39207000.0,0.151,39207000.0,39207000.0,37479000.0,0.22,0.22,0.22,756915000.0,,756915000.0,2680932948.0,31.0,18.019,-7289000.0,-0.058,1.0,143620000.0,0.555,0.0,1728000.0,1214234000.0,,207094000.0,57700000.0,57700000.0,0.0,550437000.0,363030000.0,187407000.0,2487533948.0,-20619000.0,0.0,-34871000.0,60407000.0,-17801000.0,7735000.0,-36491000.0,-7300000.0,8911000.0,-774000.0,27546000.0,27546000.0,27546000.0,0.0,0.0,0.106,104413000.0,39207000.0,58678000.0,0.705,3.286,37.113,37.618,507516000.0,0.0,19.938,2.343,2.342,246439000.0,758219000.0,259004000.0,259004000.0,14565000.0,,,,,0.0,97626000.0,1.0,124766593.0,124714000,125461000.0,2.077,1307352000.0,59524000.0,9933000.0,57819000.0,10.483,258988000.0
70,PLL1,MRQ,1997-09-30,1997-11-01,1997-11-01,2021-09-13,-2743000.0,1299771000.0,,625413000.0,674358000.0,,6.257,-20062000.0,31433000.0,31433000.0,105611000.0,18414000.0,1.974,0.636,224832000.0,115234000.0,109598000.0,224832000.0,0.0,0.0,0.0,0.027,0.14,26563000.0,26563000.0,0.112,26563000.0,26563000.0,25575000.0,0.15,0.14,0.15,794302000.0,,794302000.0,2808813677.0,32.0,18.502,37097000.0,0.292,1.0,131740000.0,0.555,0.0,988000.0,1176300000.0,,203579000.0,50400000.0,50400000.0,0.0,505469000.0,316870000.0,188599000.0,2636008677.0,13461000.0,0.0,-37523000.0,32836000.0,0.0,-4687000.0,-39133000.0,-12900000.0,57159000.0,122000.0,18414000.0,18414000.0,18414000.0,0.0,0.0,0.078,105177000.0,26563000.0,55308000.0,0.933,3.319,38.511,38.31,511650000.0,0.0,20.688,2.478,2.469,248522000.0,750321000.0,237351000.0,237351000.0,14190000.0,,,,,0.0,90987000.0,1.0,127420359.0,126956000,127609000.0,1.87,1299771000.0,62051000.0,7161000.0,53530000.0,10.238,308543000.0
71,PLL1,MRQ,1997-06-30,1997-08-02,1997-08-02,2021-09-13,-9122000.0,1265624000.0,,606604000.0,659020000.0,,6.485,-18580000.0,17972000.0,17972000.0,121439000.0,43270000.0,2.015,0.534,190777000.0,128651000.0,62126000.0,190777000.0,0.0,62826000.0,0.0,0.017,0.14,59966000.0,122792000.0,0.423,122792000.0,59966000.0,59152000.0,0.34,0.34,0.34,824833000.0,,824833000.0,3354743084.0,38.0,22.101,17474000.0,0.137,1.0,168680000.0,0.581,0.0,814000.0,1137400000.0,,198080000.0,37500000.0,37500000.0,0.0,440791000.0,301029000.0,139762000.0,3164735084.0,-6181000.0,0.0,2884000.0,-23115000.0,-35631000.0,-55862000.0,13145000.0,38800000.0,36054000.0,482000.0,43270000.0,43270000.0,43270000.0,0.0,0.0,0.149,108714000.0,59966000.0,53200000.0,0.412,3.837,47.012,46.934,504046000.0,0.0,24.875,2.98,2.959,266604000.0,749923000.0,290119000.0,290119000.0,14178000.0,,,,,0.0,94536000.0,1.0,127225531.0,127195000,128001000.0,2.281,1265624000.0,61233000.0,15882000.0,55298000.0,9.95,305575000.0
72,PLL1,MRQ,1997-03-31,1997-05-03,1997-05-03,2021-09-13,-9332000.0,1252335000.0,,609546000.0,642789000.0,,6.286,-22694000.0,24153000.0,24153000.0,139099000.0,-22204000.0,1.855,0.573,214161000.0,158159000.0,56002000.0,214161000.0,0.0,0.0,0.0,0.012,0.14,-39781000.0,-39781000.0,-0.144,-39781000.0,-39781000.0,-40410000.0,-0.18,-0.18,-0.18,796289000.0,,796289000.0,3105922355.0,31.0,19.787,5379000.0,0.042,1.0,136240000.0,0.495,0.0,629000.0,1113828000.0,,201201000.0,76300000.0,76300000.0,0.0,456046000.0,328515000.0,127531000.0,2908715355.0,-7235000.0,0.0,11683000.0,-12751000.0,-16193000.0,-17261000.0,-18103000.0,10700000.0,28073000.0,56000.0,-22204000.0,-22204000.0,-22204000.0,0.0,0.0,-0.081,176021000.0,-39781000.0,49523000.0,-0.778,3.653,40.027,39.655,497422000.0,0.0,23.0,2.689,2.694,250191000.0,726311000.0,275339000.0,275339000.0,13761000.0,,,,,0.0,92190000.0,1.0,126465885.0,126684000,126684000.0,2.173,1252335000.0,15250000.0,-18206000.0,20326000.0,9.886,281031000.0
73,PLL1,MRQ,1996-12-31,1997-02-01,1997-02-01,2021-09-13,-6877000.0,1194496000.0,,576456000.0,618040000.0,,6.038,-23025000.0,24543000.0,24543000.0,109627000.0,28968000.0,1.888,0.57,221750000.0,170673000.0,51077000.0,221750000.0,0.0,0.0,0.0,0.006,0.14,42234000.0,42234000.0,0.162,42234000.0,42234000.0,41497000.0,0.23,0.23,0.23,760593000.0,,760593000.0,,,,-17887000.0,-0.142,1.0,151132000.0,0.58,0.0,737000.0,1086398000.0,,208714000.0,87000000.0,87000000.0,0.0,433903000.0,305305000.0,128598000.0,2845482412.0,10727000.0,0.0,13948000.0,43652000.0,-14104000.0,43496000.0,-37125000.0,-12100000.0,5138000.0,-782000.0,28968000.0,28968000.0,28968000.0,0.0,0.0,0.111,108898000.0,42234000.0,42680000.0,0.609,3.741,21.005,20.833,478378000.0,0.0,22.5,2.626,2.616,212416000.0,743221000.0,260759000.0,260759000.0,12670000.0,,,,,0.0,96228000.0,1.0,126465885.0,125974000,127288000.0,2.07,1194496000.0,17502000.0,12529000.0,49050000.0,9.482,271151000.0
74,PLL1,MRQ,1996-09-30,1996-11-02,1996-11-02,2021-09-13,,,,,,,,-23006000.0,,,98248000.0,17284000.0,,,,,,,,0.0,,0.0,0.0,26544000.0,26544000.0,0.113,26544000.0,26544000.0,25888000.0,0.14,,0.14,,,,,,,6460000.0,0.051,1.0,137543000.0,0.583,,656000.0,,,,,,,,,,,-23457000.0,0.0,4265000.0,-16466000.0,-14133000.0,-26334000.0,-26456000.0,-3450000.0,29466000.0,-133000.0,17284000.0,17284000.0,17284000.0,0.0,0.0,0.073,110999000.0,26544000.0,,0.0,,,22.788,,0.0,25.75,,3.041,,,235791000.0,235791000.0,13138000.0,,,,,0.0,93950000.0,1.0,,125437000,,1.88,,,8604000.0,,,
75,PLL1,MRQ,1996-06-30,1996-08-03,1996-08-03,2021-09-13,-2797000.0,1291186000.0,,651201000.0,639985000.0,,6.349,-29705000.0,44118000.0,44118000.0,122176000.0,48620000.0,1.807,0.62,211699000.0,157283000.0,54416000.0,211699000.0,0.0,57845000.0,0.0,0.0,0.0,70127000.0,127972000.0,0.413,127972000.0,70127000.0,69272000.0,0.39,,0.39,796988000.0,,796988000.0,,,,15348000.0,0.122,1.0,187556000.0,0.606,0.0,855000.0,1098309000.0,,205515000.0,71450000.0,71450000.0,0.0,494198000.0,360458000.0,133740000.0,,-7441000.0,43017000.0,-7438000.0,1862000.0,-14122000.0,-19698000.0,-33823000.0,-2590000.0,45053000.0,1027000.0,48620000.0,48620000.0,48620000.0,0.0,0.0,0.157,117429000.0,70127000.0,66060000.0,0.0,,,21.711,498029000.0,0.0,24.75,,2.887,268599000.0,755864000.0,309732000.0,309732000.0,14090000.0,,,,,0.0,100539000.0,1.0,,125537000,,2.467,1291186000.0,36188000.0,20652000.0,77419000.0,10.285,290743000.0
76,PLL1,MRQ,1996-03-31,1996-04-27,1996-04-27,2021-09-13,,,,,,,,-19575000.0,,,109696000.0,40598000.0,,,,,,,,0.0,,0.0,0.0,57404000.0,57404000.0,0.207,57404000.0,57404000.0,56514000.0,0.32,,0.32,,,,,,,31929000.0,0.255,1.0,167680000.0,0.605,,890000.0,,,,,,,,,,,17826000.0,0.0,9961000.0,-7279000.0,-14067000.0,-11385000.0,-21681000.0,490000.0,51504000.0,-612000.0,40598000.0,40598000.0,40598000.0,0.0,0.0,0.146,110276000.0,57404000.0,,0.0,,,,,0.0,28.5,,,,,277376000.0,277376000.0,14135000.0,,,,,0.0,96141000.0,1.0,,125373000,,2.212,,,15916000.0,,,
77,PLL1,MRQ,1995-12-31,1996-01-27,1996-01-27,2021-09-13,,,,,,,,,,,95488000.0,32086000.0,,,,,,,,,,0.0,0.0,47368000.0,,,,47368000.0,46502000.0,0.28,,0.28,,,,,,,,,1.0,143828000.0,0.601,,866000.0,,,,,,,,,,,,,,,,,,,,,32086000.0,32086000.0,32086000.0,0.0,0.0,0.134,96460000.0,47368000.0,,0.0,,,,,0.0,26.625,,,,,239316000.0,239316000.0,11664000.0,,,,,,84796000.0,1.0,,114624000,,2.088,,,14416000.0,,,
0,PLL1,MRT,2015-03-31,2015-04-30,2015-04-30,2021-09-13,-197120000.0,3740373000.0,3758573750.0,2182730000.0,1557643000.0,0.759,15.253,-61072000.0,1094504000.0,1094504000.0,1385445000.0,388935000.0,1.689,1.288,1174224000.0,800752000.0,373472000.0,1174224000.0,0.0,116392000.0,0.0,0.012,1.19,505414000.0,621806000.0,0.218,621806000.0,505414000.0,489591000.0,3.6,3.56,3.6,1634557000.0,1668721750.0,1634557000.0,10525578619.0,21.0,16.927,461073000.0,4.303,1.0,1465940000.0,0.514,699359000.0,15823000.0,1828185000.0,1874901000.0,385994000.0,0.0,0.0,0.0,2105816000.0,1292549000.0,813267000.0,10378701619.0,223630000.0,-133098000.0,-292444000.0,419273000.0,-125483000.0,522000.0,-207188000.0,0.0,522145000.0,-91849000.0,388935000.0,388935000.0,388935000.0,0.0,0.0,0.136,960526000.0,505414000.0,437945000.0,0.331,6.35,26.685,27.033,725260000.0,0.0,97.32,3.64,3.658,547295000.0,2681965000.0,2851385000.0,2851385000.0,100971000.0,0.103,0.233,0.27,0.177,18793000.0,814406000.0,1.0,106645105.0,107162000,108557000.0,26.608,3041014000.0,0.0,100656000.0,229004000.0,28.378,890181000.0
1,PLL1,MRT,2014-12-31,2015-01-31,2015-01-31,2021-09-13,-202404000.0,3667908000.0,3735046750.0,2088627000.0,1579281000.0,0.764,14.468,-58968000.0,1029673000.0,1029673000.0,1394069000.0,381449000.0,1.61,1.366,1176550000.0,801208000.0,375342000.0,1176550000.0,0.0,116392000.0,0.0,0.015,1.435,494698000.0,611090000.0,0.214,611090000.0,494698000.0,475398000.0,3.5,3.47,3.5,1550132000.0,1715375000.0,1550132000.0,10489877225.0,21.0,17.166,477515000.0,4.457,1.0,1458616000.0,0.511,688419000.0,19300000.0,1829153000.0,1924678250.0,377210000.0,0.0,0.0,0.0,2117776000.0,1297213000.0,820563000.0,10308245225.0,77839000.0,-315420000.0,-290441000.0,419243000.0,-123146000.0,8584000.0,-384795000.0,0.0,536483000.0,-82433000.0,381449000.0,381449000.0,381449000.0,0.0,0.0,0.134,963918000.0,494698000.0,406945000.0,0.41,6.65,27.024,27.646,741845000.0,0.0,96.76,3.614,3.634,527847000.0,2618509000.0,2852685000.0,2852685000.0,103590000.0,0.102,0.222,0.257,0.173,18793000.0,817768000.0,1.0,106534159.0,107139000,108507000.0,26.626,2979489000.0,0.0,93949000.0,262122000.0,27.81,791414000.0
2,PLL1,MRT,2014-09-30,2014-10-31,2014-10-31,2021-09-13,-91714000.0,3775534000.0,3686448250.0,2120873000.0,1654661000.0,0.775,14.756,-59025000.0,1001481000.0,1001481000.0,1394003000.0,380716000.0,1.584,1.367,1183113000.0,807520000.0,375593000.0,1183113000.0,0.0,116392000.0,0.0,0.012,1.13,495317000.0,611709000.0,0.214,611709000.0,495317000.0,477060000.0,3.47,3.44,3.47,1594841000.0,1764599000.0,1594841000.0,9688656889.0,20.0,15.839,473527000.0,4.381,1.0,1461857000.0,0.512,717611000.0,18257000.0,1900736000.0,1974380000.0,401524000.0,0.0,0.0,0.0,2180693000.0,1338819000.0,841874000.0,9764042889.0,33505000.0,-317518000.0,-426488000.0,464091000.0,-121013000.0,-73942000.0,-386529000.0,0.0,532552000.0,-38576000.0,380716000.0,380716000.0,380716000.0,0.0,0.0,0.133,966540000.0,495317000.0,430028000.0,0.326,6.122,25.647,26.346,773373000.0,0.0,91.42,3.419,3.46,561013000.0,2567609000.0,2855860000.0,2855860000.0,104111000.0,0.103,0.216,0.251,0.173,18793000.0,822233000.0,1.0,106804232.0,108081000,109219000.0,26.423,3057923000.0,0.0,96344000.0,279075000.0,28.293,782054000.0
3,PLL1,MRT,2014-06-30,2014-07-31,2014-07-31,2021-09-13,-14921000.0,3850480000.0,3618631250.0,2137223000.0,1713257000.0,0.771,17.11,-68638000.0,964110000.0,964110000.0,1362984000.0,363956000.0,1.947,1.032,886691000.0,512898000.0,373793000.0,886691000.0,0.0,116392000.0,0.0,0.014,1.1,468947000.0,585339000.0,0.21,585339000.0,468947000.0,451415000.0,3.29,3.25,3.29,1895357000.0,1814438500.0,1895357000.0,8395162353.0,18.0,14.342,435274000.0,3.929,1.0,1426163000.0,0.511,733885000.0,17532000.0,1941530000.0,2001922250.0,404878000.0,0.0,0.0,0.0,1955123000.0,1097646000.0,857477000.0,8497005353.0,27224000.0,-318978000.0,-237375000.0,250331000.0,-118758000.0,-92912000.0,-393509000.0,0.0,503912000.0,9733000.0,363956000.0,363956000.0,363956000.0,0.0,0.0,0.13,957216000.0,468947000.0,493770000.0,0.334,4.483,23.346,23.547,805327000.0,0.0,77.47,3.046,3.077,615713000.0,2512961000.0,2789147000.0,2789147000.0,102601000.0,0.101,0.201,0.234,0.168,18793000.0,814461000.0,1.0,109681236.0,110776000,111949000.0,25.178,3116595000.0,0.0,87459000.0,278562000.0,28.134,1039577000.0
4,PLL1,MRT,2014-03-31,2014-04-30,2014-04-30,2021-09-13,10303000.0,3646265000.0,3524221000.0,2027348000.0,1618917000.0,0.768,16.529,-88137000.0,870874000.0,870874000.0,1319086000.0,329498000.0,2.356,1.002,769031000.0,305365000.0,463666000.0,769031000.0,0.0,106284000.0,0.0,0.013,1.075,436210000.0,542494000.0,0.2,542494000.0,436210000.0,415417000.0,2.97,2.93,2.97,1821170000.0,1794338250.0,1821170000.0,9054809916.0,21.0,16.691,431596000.0,3.917,1.0,1386925000.0,0.513,656616000.0,20793000.0,2027294000.0,2007753000.0,428648000.0,0.0,0.0,0.0,1825095000.0,860512000.0,964583000.0,9237634916.0,-33093000.0,-217232000.0,-231000000.0,85418000.0,-116453000.0,-246670000.0,-313531000.0,0.0,519733000.0,7375000.0,329498000.0,329498000.0,329498000.0,579000.0,0.0,0.122,950136000.0,436789000.0,467979000.0,0.362,5.072,28.035,28.333,799197000.0,0.0,84.15,3.414,3.426,564782000.0,2424552000.0,2706011000.0,2706011000.0,100524000.0,0.093,0.184,0.217,0.161,13966000.0,801017000.0,1.0,109775816.0,110183000,111466000.0,24.559,2989649000.0,0.0,85919000.0,557926000.0,27.133,1166836000.0
5,PLL1,MRT,2013-12-31,2014-01-31,2014-01-31,2021-09-13,-14961000.0,3473514000.0,3474465000.0,2038849000.0,1434665000.0,0.767,15.779,-104952000.0,951834000.0,951834000.0,1291826000.0,313872000.0,2.623,0.988,769009000.0,305335000.0,463674000.0,769009000.0,0.0,106284000.0,0.0,0.01,0.775,425213000.0,531497000.0,0.199,531497000.0,425213000.0,403869000.0,2.82,2.77,2.82,1747028000.0,1772791750.0,1747028000.0,8634277942.0,20.0,16.245,395720000.0,3.574,1.0,1372930000.0,0.515,485465000.0,21344000.0,2027960000.0,1994594250.0,394865000.0,0.0,0.0,0.0,1726486000.0,777264000.0,949222000.0,8874296942.0,81602000.0,-27269000.0,-231253000.0,65441000.0,-113828000.0,-265853000.0,-137100000.0,0.0,500672000.0,-16117000.0,313872000.0,313872000.0,313872000.0,1785000.0,0.0,0.118,945932000.0,426998000.0,418394000.0,0.275,5.08,28.274,28.404,789342000.0,0.0,80.1,3.33,3.328,536755000.0,2397826000.0,2664756000.0,2664756000.0,96488000.0,0.09,0.177,0.213,0.16,13966000.0,799567000.0,1.0,110790224.0,110720000,111980000.0,24.068,2988049000.0,0.0,89997000.0,539083000.0,26.987,1261585000.0
6,PLL1,MRT,2013-09-30,2013-10-31,2013-10-31,2021-09-13,4214000.0,3504266000.0,3469359750.0,2053755000.0,1450511000.0,0.764,16.038,-103204000.0,967976000.0,967976000.0,1279608000.0,306976000.0,2.676,0.953,727957000.0,260395000.0,467562000.0,727957000.0,0.0,106284000.0,0.0,0.013,1.025,416009000.0,522293000.0,0.197,522293000.0,416009000.0,393843000.0,2.74,2.69,2.74,1794199000.0,1761928000.0,1794199000.0,8705796987.0,21.0,16.668,328194000.0,2.934,1.0,1370634000.0,0.517,485844000.0,22166000.0,2010905000.0,1987965250.0,408161000.0,0.0,0.0,0.0,1710067000.0,767498000.0,942569000.0,9004976987.0,58296000.0,-23430000.0,-262037000.0,125499000.0,-112022000.0,-237448000.0,-129014000.0,0.0,431398000.0,-6640000.0,306976000.0,306976000.0,306976000.0,5334000.0,0.0,0.116,949291000.0,421343000.0,426833000.0,0.374,5.019,29.334,29.387,796946000.0,0.0,80.52,3.398,3.399,532804000.0,2317422000.0,2650242000.0,2650242000.0,94908000.0,0.088,0.174,0.209,0.157,13966000.0,809277000.0,1.0,111835283.0,111870000,113135000.0,23.69,3018422000.0,0.0,86867000.0,524815000.0,26.982,1286257000.0
7,PLL1,MRT,2013-06-30,2013-07-31,2013-07-31,2021-09-13,-40792000.0,3472839000.0,3473400250.0,2050029000.0,1422810000.0,0.762,16.09,427443000.0,936886000.0,936886000.0,1276060000.0,574935000.0,2.812,0.913,637706000.0,170387000.0,467319000.0,637706000.0,0.0,106284000.0,0.0,0.014,1.0,672220000.0,778504000.0,0.294,778504000.0,672220000.0,656599000.0,5.1,5.03,5.1,1814956000.0,1764080500.0,1814956000.0,7584684199.0,11.0,9.743,811902000.0,7.198,1.0,1372003000.0,0.518,479735000.0,15621000.0,1964853000.0,1992941250.0,381047000.0,0.0,0.0,0.0,1657883000.0,729071000.0,928812000.0,7805648199.0,436612000.0,-21970000.0,-213760000.0,-35420000.0,-108054000.0,-344465000.0,399300000.0,0.0,384459000.0,-2682000.0,574935000.0,574935000.0,574935000.0,-244973000.0,0.0,0.217,944756000.0,427247000.0,470005000.0,0.196,4.301,13.577,13.718,774948000.0,0.0,69.96,2.948,2.98,566335000.0,2285031000.0,2648063000.0,2648063000.0,94216000.0,0.166,0.326,0.337,0.254,13966000.0,810358000.0,1.0,111573016.0,112803000,114236000.0,23.475,2993104000.0,0.0,81664000.0,234099000.0,26.534,1320958000.0
8,PLL1,MRT,2013-03-31,2013-04-30,2013-04-30,2021-09-13,-48324000.0,3447241000.0,3442163500.0,2051730000.0,1395511000.0,0.771,15.496,439858000.0,903967000.0,903967000.0,1278336000.0,575514000.0,2.671,0.987,683003000.0,215387000.0,467616000.0,683003000.0,0.0,111105000.0,0.0,0.014,0.96,671003000.0,782108000.0,0.295,782108000.0,671003000.0,657761000.0,5.03,4.96,5.03,1734984000.0,1687850250.0,1734984000.0,7263988932.0,11.0,9.288,795179000.0,7.102,1.0,1375280000.0,0.518,483335000.0,13242000.0,1974659000.0,2052104000.0,406123000.0,0.0,0.0,0.0,1712257000.0,768283000.0,943974000.0,7424307932.0,368076000.0,0.0,-335393000.0,14550000.0,-104598000.0,-413130000.0,439402000.0,0.0,355321000.0,-13517000.0,575514000.0,575514000.0,575514000.0,-256048000.0,0.0,0.217,960325000.0,414955000.0,455610000.0,0.191,4.279,12.9,13.262,757339000.0,0.0,66.71,2.798,2.815,554125000.0,2234667000.0,2653616000.0,2653616000.0,91163000.0,0.167,0.341,0.327,0.253,24107000.0,811808000.0,1.0,111292279.0,111964000,113311000.0,23.701,2963906000.0,0.0,82247000.0,545786000.0,26.472,1283447000.0
9,PLL1,MRT,2012-12-31,2013-01-31,2013-01-31,2021-09-13,-20736000.0,3453093000.0,3429066750.0,2040156000.0,1412937000.0,0.779,15.154,441756000.0,870232000.0,870232000.0,1294775000.0,581367000.0,2.539,1.027,709913000.0,235421000.0,474492000.0,709913000.0,0.0,111105000.0,0.0,0.013,0.92,676696000.0,787801000.0,0.295,787801000.0,676696000.0,662401000.0,5.06,4.99,5.06,1703573000.0,1670052750.0,1703573000.0,7297022215.0,11.0,9.263,802003000.0,7.134,1.0,1375627000.0,0.515,487852000.0,14295000.0,2001444000.0,2114261250.0,404651000.0,0.0,0.0,0.0,1749520000.0,803478000.0,946042000.0,7587545215.0,342328000.0,-141969000.0,-323641000.0,94547000.0,-101315000.0,-316283000.0,300640000.0,0.0,360247000.0,-2276000.0,581367000.0,581367000.0,581367000.0,-265234000.0,0.0,0.218,964165000.0,411462000.0,445266000.0,0.182,4.454,13.051,13.498,764182000.0,0.0,68.3,2.841,2.875,580031000.0,2192519000.0,2670402000.0,2670402000.0,89335000.0,0.17,0.348,0.32,0.253,24107000.0,827439000.0,1.0,111091438.0,112420000,113809000.0,23.754,2965241000.0,0.0,81034000.0,566537000.0,26.376,1236678000.0
10,PLL1,MRT,2012-09-30,2012-10-31,2012-10-31,2021-09-13,-29512000.0,3520428000.0,3367340000.0,2096832000.0,1423596000.0,0.786,15.733,416657000.0,909680000.0,909680000.0,1276165000.0,589326000.0,2.953,0.953,619157000.0,130474000.0,488683000.0,619157000.0,0.0,111105000.0,0.0,0.014,0.88,685555000.0,796660000.0,0.301,796660000.0,685555000.0,671891000.0,5.11,5.04,5.11,1802809000.0,1637618000.0,1802809000.0,7400761206.0,11.0,9.29,852107000.0,7.436,1.0,1371829000.0,0.518,488986000.0,13664000.0,2030809000.0,2164457250.0,398641000.0,0.0,0.0,0.0,1717619000.0,710110000.0,1007509000.0,7204936206.0,434286000.0,-139638000.0,-152833000.0,-15359000.0,-92809000.0,-248997000.0,270410000.0,0.0,435450000.0,-22577000.0,589326000.0,589326000.0,589326000.0,-278866000.0,0.0,0.223,965140000.0,406689000.0,483656000.0,0.172,3.997,12.226,12.321,771242000.0,0.0,62.96,2.721,2.725,603771000.0,2149033000.0,2647994000.0,2647994000.0,85986000.0,0.175,0.36,0.317,0.259,24107000.0,831006000.0,1.0,114436725.0,114589000,116097000.0,23.109,3031442000.0,0.0,82565000.0,586403000.0,26.455,1386722000.0
11,PLL1,MRT,2012-06-30,2012-07-31,2012-07-31,2021-09-13,-62907000.0,3347892000.0,3295476250.0,1852457000.0,1495435000.0,0.811,13.011,-132358000.0,500274000.0,500274000.0,1291558000.0,319309000.0,2.174,1.217,696099000.0,205393000.0,490706000.0,696099000.0,0.0,111105000.0,0.0,0.015,0.805,425449000.0,536554000.0,0.201,536554000.0,425449000.0,405272000.0,2.75,2.71,2.75,1510035000.0,1570678250.0,1510035000.0,6358852748.0,15.0,11.851,342490000.0,2.951,1.0,1380098000.0,0.517,490085000.0,20177000.0,2201504000.0,2231231500.0,364766000.0,0.0,0.0,0.0,1837857000.0,852128000.0,985729000.0,6206372748.0,-57492000.0,-167638000.0,-81602000.0,-10422000.0,-88955000.0,-173222000.0,-309825000.0,0.0,474848000.0,-49293000.0,319309000.0,319309000.0,319309000.0,-38362000.0,0.0,0.12,993011000.0,387087000.0,565334000.0,0.293,4.11,19.437,19.422,750993000.0,0.0,53.41,2.323,2.32,655436000.0,1840926000.0,2671656000.0,2671656000.0,82932000.0,0.097,0.203,0.191,0.159,24107000.0,843221000.0,1.0,116202448.0,116061000,117663000.0,23.019,2857807000.0,0.0,85963000.0,227986000.0,24.623,1000329000.0
12,PLL1,MRT,2012-03-31,2012-04-30,2012-04-30,2021-09-13,40713000.0,3394854000.0,3266607250.0,1887392000.0,1507462000.0,0.817,14.273,-157507000.0,535891000.0,535891000.0,1306538000.0,330456000.0,2.291,1.04,688371000.0,200435000.0,487936000.0,688371000.0,0.0,98106000.0,0.0,0.013,0.77,418057000.0,516163000.0,0.193,516163000.0,418057000.0,400648000.0,2.85,2.81,2.85,1663794000.0,1565624750.0,1663794000.0,7009043831.0,17.0,13.579,317941000.0,2.728,1.0,1361463000.0,0.51,500041000.0,17409000.0,2223288000.0,2240786500.0,402292000.0,0.0,0.0,0.0,1731060000.0,824005000.0,907055000.0,6902753831.0,44395000.0,-167638000.0,-44696000.0,49545000.0,-84908000.0,-73904000.0,-336704000.0,0.0,475448000.0,-20445000.0,330456000.0,330456000.0,330456000.0,-35073000.0,0.0,0.124,978479000.0,382984000.0,535888000.0,0.27,4.149,20.889,20.916,772293000.0,0.0,59.61,2.587,2.604,614900000.0,1780468000.0,2668001000.0,2668001000.0,83659000.0,0.101,0.211,0.187,0.157,13656000.0,851235000.0,1.0,115798588.0,116567000,118358000.0,22.888,2894813000.0,0.0,70192000.0,482399000.0,24.834,1063387000.0
13,PLL1,MRT,2011-12-31,2012-01-31,2012-01-31,2021-09-13,31362000.0,3206186000.0,3222351750.0,1760300000.0,1445886000.0,0.827,13.545,-173694000.0,527904000.0,527904000.0,1304514000.0,322607000.0,2.384,1.037,634194000.0,140457000.0,493737000.0,634194000.0,0.0,98106000.0,0.0,0.012,0.735,425737000.0,523843000.0,0.197,523843000.0,425737000.0,408611000.0,2.78,2.74,2.78,1573834000.0,1518338750.0,1573834000.0,7052565540.0,17.0,13.463,304753000.0,2.623,1.0,1359303000.0,0.51,371742000.0,17126000.0,2202228000.0,2240829250.0,445631000.0,0.0,0.0,0.0,1632352000.0,738506000.0,893846000.0,6887728540.0,92643000.0,-25669000.0,-71667000.0,-30850000.0,-80939000.0,-175110000.0,-212309000.0,0.0,478447000.0,1615000.0,322607000.0,322607000.0,322607000.0,-36404000.0,0.0,0.121,969970000.0,389333000.0,495508000.0,0.264,4.376,21.35,21.468,824550000.0,0.0,59.68,2.586,2.603,594910000.0,1726924000.0,2663817000.0,2663817000.0,82187000.0,0.1,0.212,0.19,0.16,13656000.0,839336000.0,1.0,115411001.0,116196000,117914000.0,22.925,2834444000.0,0.0,86004000.0,478370000.0,24.394,1021794000.0
14,PLL1,MRT,2011-09-30,2011-10-31,2011-10-31,2021-09-13,69098000.0,3232973000.0,3174906250.0,1768710000.0,1464263000.0,0.841,13.253,-170554000.0,475394000.0,475394000.0,1315379000.0,313542000.0,2.445,1.106,640231000.0,145460000.0,494771000.0,640231000.0,0.0,98106000.0,0.0,0.014,0.7,422094000.0,520200000.0,0.195,520200000.0,422094000.0,404540000.0,2.7,2.66,2.7,1535050000.0,1463732000.0,1535050000.0,6035737927.0,14.0,11.603,279103000.0,2.41,1.0,1353623000.0,0.507,376371000.0,17554000.0,2297906000.0,2228540000.0,456664000.0,0.0,0.0,0.0,1697923000.0,723533000.0,974390000.0,5886081927.0,-3983000.0,-28000000.0,-68808000.0,-142014000.0,-60790000.0,-259591000.0,-208329000.0,0.0,449657000.0,14280000.0,313542000.0,313542000.0,313542000.0,-26321000.0,0.0,0.117,957850000.0,395773000.0,532598000.0,0.259,3.834,18.773,18.952,824519000.0,0.0,51.17,2.205,2.221,638062000.0,1669244000.0,2669002000.0,2669002000.0,82910000.0,0.099,0.214,0.189,0.158,13656000.0,826860000.0,1.0,115029938.0,115824000,117224000.0,23.044,2856602000.0,0.0,90998000.0,504945000.0,24.663,1045177000.0
15,PLL1,MRT,2011-06-30,2011-07-31,2011-07-31,2021-09-13,95147000.0,3232416000.0,3136426750.0,1809208000.0,1423208000.0,0.803,12.786,-158800000.0,557766000.0,557766000.0,1232283000.0,315496000.0,2.29,1.17,707422000.0,215468000.0,491954000.0,707422000.0,0.0,98106000.0,0.0,0.014,0.685,423921000.0,522027000.0,0.207,522027000.0,423921000.0,405018000.0,2.71,2.67,2.71,1489821000.0,1401200000.0,1489821000.0,5912733459.0,14.0,11.326,271187000.0,2.327,1.0,1284912000.0,0.51,352341000.0,18903000.0,2239724000.0,2256314500.0,444842000.0,0.0,0.0,0.0,1742595000.0,790007000.0,952588000.0,5767085459.0,59203000.0,0.0,-89578000.0,-88743000.0,-77641000.0,-243185000.0,-176541000.0,0.0,429987000.0,48942000.0,315496000.0,315496000.0,315496000.0,-36299000.0,0.0,0.125,897290000.0,387622000.0,519883000.0,0.253,3.871,18.279,18.295,794599000.0,0.0,49.58,2.291,2.295,646769000.0,1619051000.0,2517195000.0,2517195000.0,80506000.0,0.101,0.225,0.188,0.168,13656000.0,790279000.0,1.0,116318787.0,116521000,118266000.0,21.603,2880075000.0,0.0,89522000.0,220382000.0,24.717,1019201000.0
16,PLL1,MRT,2011-03-31,2011-04-30,2011-04-30,2021-09-13,82098000.0,3217832000.0,3078125750.0,1823980000.0,1393852000.0,0.769,12.615,-143809000.0,491496000.0,491496000.0,1139903000.0,273097000.0,2.334,1.182,637144000.0,150512000.0,486632000.0,637144000.0,0.0,93628000.0,0.0,0.011,0.67,396044000.0,489672000.0,0.207,489672000.0,396044000.0,368886000.0,2.34,2.32,2.34,1474650000.0,1324332250.0,1474650000.0,7007278241.0,18.0,14.31,257966000.0,2.207,1.0,1226955000.0,0.518,358427000.0,27158000.0,2223459000.0,2269927500.0,476109000.0,0.0,0.0,0.0,1743182000.0,781594000.0,961588000.0,6786066241.0,7612000.0,0.0,-72667000.0,-134554000.0,-75971000.0,-277501000.0,-162441000.0,0.0,401775000.0,45779000.0,273097000.0,273097000.0,273097000.0,-48106000.0,0.0,0.115,847504000.0,379451000.0,515083000.0,0.286,4.602,24.849,24.974,770108000.0,0.0,58.44,2.867,2.886,604893000.0,1541405000.0,2366858000.0,2366858000.0,74172000.0,0.089,0.206,0.174,0.167,21945000.0,748406000.0,1.0,116120230.0,116899000,118723000.0,20.247,2859405000.0,0.0,95789000.0,570601000.0,24.46,1042386000.0
17,PLL1,MRT,2010-12-31,2011-01-31,2011-01-31,2021-09-13,15721000.0,3016404000.0,2995988250.0,1670820000.0,1345584000.0,0.777,11.637,-130786000.0,435261000.0,435261000.0,1120827000.0,271719000.0,2.285,1.225,656473000.0,170836000.0,485637000.0,656473000.0,0.0,93628000.0,0.0,0.012,0.655,390038000.0,483666000.0,0.208,483666000.0,390038000.0,365694000.0,2.32,2.3,2.32,1355407000.0,1261410500.0,1355407000.0,6694673686.0,17.0,13.842,246589000.0,2.117,1.0,1208221000.0,0.519,353425000.0,24344000.0,2153071000.0,2264381500.0,464047000.0,0.0,0.0,0.0,1660997000.0,731120000.0,929877000.0,6398303686.0,-6696000.0,0.0,-61758000.0,-100916000.0,-74347000.0,-234857000.0,-167054000.0,0.0,377375000.0,17840000.0,271719000.0,271719000.0,271719000.0,-38795000.0,0.0,0.117,825465000.0,382756000.0,440784000.0,0.282,4.721,23.548,23.884,734353000.0,0.0,55.41,2.747,2.771,545436000.0,1495302000.0,2329048000.0,2329048000.0,73850000.0,0.091,0.215,0.172,0.167,21945000.0,732382000.0,1.0,115472003.0,116476000,118266000.0,19.996,2662979000.0,0.0,93975000.0,543440000.0,22.863,939700000.0
18,PLL1,MRT,2010-09-30,2010-10-31,2010-10-31,2021-09-13,22439000.0,3079055000.0,2952750250.0,1738085000.0,1340970000.0,0.76,11.049,-122687000.0,479377000.0,479377000.0,1084196000.0,245674000.0,2.849,1.396,775747000.0,46064000.0,729683000.0,775747000.0,0.0,93628000.0,0.0,0.015,0.64,358277000.0,451905000.0,0.201,451905000.0,358277000.0,334053000.0,2.09,2.08,2.09,1284922000.0,1218018250.0,1284922000.0,5215945785.0,15.0,11.542,240819000.0,2.071,1.0,1160021000.0,0.517,356346000.0,24224000.0,2409004000.0,2252937000.0,454410000.0,0.0,0.0,0.0,1794133000.0,610075000.0,1184058000.0,4931127785.0,45843000.0,-8984000.0,-95243000.0,11415000.0,-74347000.0,-160818000.0,-167819000.0,0.0,363506000.0,10974000.0,245674000.0,245674000.0,245674000.0,-38795000.0,0.0,0.109,809026000.0,350995000.0,459384000.0,0.306,3.838,20.072,20.416,725499000.0,0.0,42.67,2.197,2.211,565438000.0,1444482000.0,2244217000.0,2244217000.0,71716000.0,0.083,0.202,0.159,0.16,21945000.0,722294000.0,1.0,115564279.0,116292000,117821000.0,19.298,2722709000.0,0.0,88379000.0,559002000.0,23.413,1128010000.0
19,PLL1,MRT,2010-06-30,2010-07-31,2010-07-31,2021-09-13,-29904000.0,2999212000.0,2903325750.0,1702759000.0,1296453000.0,0.753,10.068,-134710000.0,498563000.0,498563000.0,1064133000.0,241248000.0,2.672,1.537,783381000.0,42028000.0,741353000.0,783381000.0,0.0,93628000.0,0.0,0.017,0.64,325714000.0,419342000.0,0.192,419342000.0,325714000.0,311390000.0,2.05,2.03,2.05,1182350000.0,1195601000.0,1182350000.0,4705474550.0,14.0,11.221,243150000.0,2.07,1.0,1121546000.0,0.513,352649000.0,14324000.0,2294176000.0,2190214500.0,415046000.0,0.0,0.0,0.0,1816862000.0,637205000.0,1179657000.0,4461271550.0,84552000.0,-8984000.0,-76070000.0,30331000.0,-71284000.0,-120663000.0,-168734000.0,0.0,377860000.0,-3911000.0,241248000.0,241248000.0,241248000.0,-38795000.0,0.0,0.11,803114000.0,318432000.0,456651000.0,0.312,3.773,18.492,18.654,706435000.0,0.0,38.24,2.041,2.055,566499000.0,1394321000.0,2185679000.0,2185679000.0,68796000.0,0.083,0.202,0.149,0.149,21945000.0,716654000.0,1.0,116665051.0,117437000,118846000.0,18.612,2646563000.0,0.0,70142000.0,262766000.0,22.536,1065554000.0
20,PLL1,MRT,2010-03-31,2010-04-30,2010-04-30,2021-09-13,-9699000.0,2889282000.0,2863725750.0,1616471000.0,1272811000.0,0.829,10.4,-129790000.0,483884000.0,483884000.0,1206544000.0,255792000.0,2.795,1.363,728087000.0,42112000.0,685975000.0,728087000.0,0.0,89439000.0,0.0,0.016,0.625,348659000.0,438098000.0,0.184,438098000.0,348659000.0,336736000.0,2.17,2.15,2.17,1222963000.0,1178663000.0,1222963000.0,4836107373.0,14.0,11.039,299834000.0,2.55,1.0,1168735000.0,0.492,353852000.0,11923000.0,2201275000.0,2136758500.0,430194000.0,0.0,0.0,0.0,1666319000.0,578358000.0,1087961000.0,4558381373.0,163821000.0,-8984000.0,-44567000.0,1620000.0,-69652000.0,-111092000.0,-163872000.0,0.0,429624000.0,9161000.0,255792000.0,255792000.0,255792000.0,0.0,0.0,0.108,820076000.0,348659000.0,414129000.0,0.288,3.727,17.821,17.968,687002000.0,0.0,38.99,1.919,1.93,517558000.0,1360136000.0,2375279000.0,2375279000.0,73517000.0,0.089,0.217,0.163,0.147,23027000.0,734468000.0,1.0,116911551.0,117589000,119204000.0,20.2,2535430000.0,0.0,80944000.0,505418000.0,21.562,1038113000.0
21,PLL1,MRT,2009-12-31,2010-01-31,2010-01-31,2021-09-13,9685000.0,2843452000.0,2806449750.0,1570059000.0,1273393000.0,0.825,10.026,-136872000.0,441957000.0,441957000.0,1195747000.0,230263000.0,2.372,1.406,719683000.0,143418000.0,576265000.0,719683000.0,0.0,89439000.0,0.0,0.018,0.61,314342000.0,403781000.0,0.174,403781000.0,314342000.0,299097000.0,1.95,1.94,1.95,1181838000.0,1140382750.0,1181838000.0,4337135071.0,14.0,10.741,284738000.0,2.416,1.0,1119433000.0,0.484,351986000.0,15245000.0,2107293000.0,2132278750.0,415808000.0,0.0,0.0,0.0,1661614000.0,661899000.0,999715000.0,4045468071.0,220471000.0,-9019000.0,-38544000.0,38350000.0,-68013000.0,-67755000.0,-150754000.0,0.0,421610000.0,17370000.0,230263000.0,230263000.0,230263000.0,0.0,0.0,0.099,805091000.0,314342000.0,388058000.0,0.313,3.423,17.569,17.677,688748000.0,0.0,34.47,1.747,1.755,518296000.0,1313064000.0,2315180000.0,2315180000.0,70749000.0,0.082,0.202,0.147,0.136,23027000.0,715912000.0,1.0,117361998.0,117875000,119290000.0,19.641,2491466000.0,0.0,68834000.0,535187000.0,21.137,908160000.0
22,PLL1,MRT,2009-09-30,2009-10-31,2009-10-31,2021-09-13,36906000.0,2881357000.0,2731879000.0,1596496000.0,1284861000.0,0.841,10.156,-141655000.0,433534000.0,433534000.0,1206578000.0,219515000.0,2.391,1.411,725201000.0,147436000.0,577765000.0,725201000.0,0.0,89439000.0,0.0,0.019,0.595,299379000.0,388818000.0,0.169,388818000.0,299379000.0,283275000.0,1.86,1.85,1.86,1195253000.0,1098004250.0,1195253000.0,4013619824.0,13.0,10.323,208026000.0,1.768,1.0,1091497000.0,0.475,347103000.0,16104000.0,2158114000.0,2138520000.0,419180000.0,0.0,0.0,0.0,1686104000.0,667807000.0,1018297000.0,3710161824.0,167231000.0,-417000.0,-29610000.0,61664000.0,-83326000.0,-50973000.0,-157291000.0,0.0,349681000.0,25814000.0,219515000.0,219515000.0,219515000.0,0.0,0.0,0.096,792118000.0,299379000.0,403038000.0,0.32,3.104,16.902,17.065,698896000.0,0.0,31.74,1.614,1.625,546225000.0,1283180000.0,2298075000.0,2298075000.0,69529000.0,0.08,0.2,0.14,0.13,23027000.0,695984000.0,1.0,116892307.0,117686000,118847000.0,19.527,2534254000.0,0.0,63760000.0,557865000.0,21.534,928689000.0
23,PLL1,MRT,2009-06-30,2009-07-31,2009-07-31,2021-09-13,21017000.0,2840812000.0,2658947250.0,1570450000.0,1270362000.0,0.876,9.396,-128808000.0,414011000.0,414011000.0,1228468000.0,195619000.0,2.189,1.549,717469000.0,139803000.0,577666000.0,717469000.0,0.0,89439000.0,0.0,0.019,0.58,298922000.0,388361000.0,0.167,388361000.0,298922000.0,270786000.0,1.65,1.64,1.65,1114598000.0,1054195750.0,1114598000.0,3946575495.0,13.0,10.162,198687000.0,1.675,1.0,1100690000.0,0.473,346528000.0,28136000.0,2080352000.0,2116159000.0,413278000.0,0.0,0.0,0.0,1726214000.0,717390000.0,1008824000.0,3547366495.0,-40054000.0,-37249000.0,-80682000.0,-23471000.0,-64914000.0,-168610000.0,-182030000.0,0.0,327495000.0,-16909000.0,195619000.0,195619000.0,195619000.0,0.0,0.0,0.084,801768000.0,298922000.0,422794000.0,0.352,3.183,18.134,18.23,681658000.0,0.0,30.08,1.523,1.532,561063000.0,1237735000.0,2329158000.0,2329158000.0,71213000.0,0.074,0.186,0.141,0.128,23027000.0,699832000.0,1.0,117931067.0,118631000,119571000.0,19.634,2494284000.0,0.0,75167000.0,281058000.0,21.026,853060000.0
24,PLL1,MRT,2009-03-31,2009-04-30,2009-04-30,2021-09-13,3044000.0,2660178000.0,2687930750.0,1454560000.0,1205618000.0,0.893,9.043,-129782000.0,320063000.0,320063000.0,1262165000.0,196035000.0,2.724,1.487,719272000.0,17228000.0,702044000.0,719272000.0,0.0,93205000.0,0.0,0.021,0.565,318309000.0,411514000.0,0.171,411514000.0,318309000.0,288906000.0,1.63,1.63,1.63,1069842000.0,1060355000.0,1069842000.0,3560090653.0,11.0,8.651,199481000.0,1.686,1.0,1138247000.0,0.474,342017000.0,29403000.0,2183356000.0,2194317500.0,455164000.0,0.0,0.0,0.0,1590336000.0,534014000.0,1056322000.0,3105637653.0,-76774000.0,-37249000.0,-117255000.0,-79000.0,-63637000.0,-179549000.0,-187954000.0,0.0,329263000.0,-38534000.0,196035000.0,196035000.0,196035000.0,0.0,0.0,0.082,819938000.0,318309000.0,381593000.0,0.347,2.903,15.842,16.202,640173000.0,0.0,26.41,1.294,1.302,501803000.0,1186032000.0,2400412000.0,2400412000.0,70693000.0,0.073,0.185,0.145,0.133,14257000.0,720539000.0,1.0,117593247.0,118305000,119065000.0,20.29,2318161000.0,0.0,92871000.0,472419000.0,19.595,920546000.0
25,PLL1,MRT,2008-12-31,2009-01-31,2009-01-31,2021-09-13,-13945000.0,2545169000.0,2748795750.0,1355716000.0,1189453000.0,0.912,8.548,-121036000.0,221486000.0,221486000.0,1309226000.0,215147000.0,2.579,1.514,675939000.0,21168000.0,654771000.0,675939000.0,0.0,93205000.0,0.0,0.021,0.55,350862000.0,444067000.0,0.177,444067000.0,350862000.0,318091000.0,1.77,1.77,1.77,1012324000.0,1079370250.0,1012324000.0,3472021463.0,10.0,7.819,206568000.0,1.744,1.0,1196983000.0,0.478,341755000.0,32771000.0,2132258000.0,2243447750.0,458742000.0,0.0,0.0,0.0,1532845000.0,525609000.0,1007236000.0,3078329463.0,-188779000.0,-37214000.0,-195604000.0,-52844000.0,-61334000.0,-308051000.0,-175728000.0,0.0,327604000.0,-32604000.0,215147000.0,215147000.0,215147000.0,0.0,0.0,0.086,846121000.0,350862000.0,360952000.0,0.311,3.041,14.308,14.729,623528000.0,0.0,26.07,1.228,1.232,502282000.0,1162939000.0,2506209000.0,2506209000.0,73012000.0,0.078,0.199,0.156,0.14,14257000.0,747277000.0,1.0,118079381.0,118428000,119213000.0,21.162,2203414000.0,0.0,102944000.0,478907000.0,18.606,830107000.0
26,PLL1,MRT,2008-09-30,2008-10-31,2008-10-31,2021-09-13,7202000.0,2589630000.0,2832177500.0,1417408000.0,1172222000.0,0.914,8.546,-117047000.0,266303000.0,266303000.0,1359750000.0,224264000.0,2.437,1.539,659995000.0,40236000.0,619759000.0,659995000.0,0.0,93205000.0,0.0,0.02,0.525,365243000.0,458448000.0,0.177,458448000.0,365243000.0,330962000.0,1.83,1.83,1.83,1020019000.0,1113811750.0,1020019000.0,3474532288.0,10.0,7.579,250419000.0,2.098,1.0,1228910000.0,0.475,333135000.0,34281000.0,2068670000.0,2292221250.0,469971000.0,0.0,0.0,0.0,1569611000.0,581517000.0,988094000.0,3152232288.0,-141474000.0,-36832000.0,-180575000.0,-79581000.0,-60731000.0,-319190000.0,-162194000.0,0.0,367466000.0,-27556000.0,224264000.0,224264000.0,224264000.0,0.0,0.0,0.087,863667000.0,365243000.0,398330000.0,0.287,3.09,14.056,14.432,619307000.0,0.0,26.41,1.218,1.218,520317000.0,1142108000.0,2588660000.0,2588660000.0,73685000.0,0.079,0.201,0.159,0.141,14257000.0,759038000.0,1.0,119357527.0,119363000,120520000.0,21.687,2256495000.0,0.0,106698000.0,495973000.0,18.904,835891000.0
27,PLL1,MRT,2008-06-30,2008-07-31,2008-07-31,2021-09-13,120173000.0,2956746000.0,2895635000.0,1659639000.0,1297107000.0,0.888,9.304,-113717000.0,454065000.0,454065000.0,1360810000.0,217279000.0,2.892,1.595,776365000.0,29314000.0,747051000.0,776365000.0,0.0,93205000.0,0.0,0.015,0.62,358131000.0,451336000.0,0.176,451336000.0,358131000.0,325555000.0,1.77,1.76,1.77,1139235000.0,1136904750.0,1139235000.0,5215554869.0,15.0,11.556,77089000.0,0.63,1.0,1210835000.0,0.471,312097000.0,32576000.0,2392986000.0,2352986250.0,492977000.0,0.0,0.0,0.0,1817511000.0,573963000.0,1243548000.0,4845386869.0,11029000.0,0.0,-130443000.0,112245000.0,-59945000.0,-76341000.0,-121687000.0,0.0,190806000.0,18251000.0,217279000.0,217279000.0,217279000.0,0.0,0.0,0.084,852704000.0,358131000.0,471266000.0,0.35,4.253,22.3,22.836,662985000.0,0.0,40.42,1.884,1.925,617079000.0,1118616000.0,2571645000.0,2571645000.0,71647000.0,0.075,0.191,0.152,0.139,14257000.0,749519000.0,1.0,119875974.0,122445000,123686000.0,21.002,2644649000.0,0.0,108276000.0,302281000.0,21.599,1085676000.0
28,PLL1,MRT,2008-03-31,2008-04-30,2008-04-30,2021-09-13,119138000.0,2903638000.0,2833660000.0,1638239000.0,1265399000.0,0.88,9.322,-117018000.0,396837000.0,396837000.0,1320122000.0,164142000.0,2.821,1.534,767005000.0,49621000.0,717384000.0,767005000.0,0.0,93977000.0,0.0,0.014,0.49,348399000.0,442376000.0,0.177,442376000.0,348399000.0,313241000.0,1.33,1.32,1.33,1145903000.0,1117246250.0,1145903000.0,4619440839.0,13.0,10.442,18811000.0,0.153,1.0,1174652000.0,0.471,313289000.0,35158000.0,2379877000.0,2194438000.0,524867000.0,0.0,0.0,0.0,1757735000.0,580640000.0,1177095000.0,4272261839.0,32165000.0,0.0,-70523000.0,116377000.0,-58877000.0,-9090000.0,-119329000.0,0.0,135829000.0,24755000.0,164142000.0,164142000.0,164142000.0,0.0,0.0,0.066,826253000.0,348399000.0,498878000.0,0.368,3.728,26.028,26.143,637986000.0,0.0,34.77,1.712,1.713,590374000.0,1066608000.0,2494774000.0,2494774000.0,70771000.0,0.058,0.147,0.159,0.14,6193000.0,727067000.0,1.0,122872069.0,122929000,124159000.0,20.294,2590349000.0,0.0,149099000.0,491852000.0,21.072,1057599000.0
29,PLL1,MRT,2007-12-31,2008-01-31,2008-01-31,2021-09-13,104595000.0,2878696000.0,2764924500.0,1626777000.0,1251919000.0,0.865,9.322,-109863000.0,410265000.0,410265000.0,1263635000.0,151239000.0,2.776,1.503,757444000.0,65014000.0,692430000.0,757444000.0,0.0,93977000.0,0.0,0.013,0.48,330117000.0,424094000.0,0.177,424094000.0,330117000.0,295732000.0,1.23,1.21,1.23,1150090000.0,1157870250.0,1150090000.0,4760321411.0,14.0,11.225,-715000.0,-0.006,1.0,1128806000.0,0.472,312403000.0,34385000.0,2327352000.0,2103236750.0,506365000.0,0.0,0.0,0.0,1728606000.0,586120000.0,1142486000.0,4512827411.0,64579000.0,0.0,-27762000.0,130769000.0,-58768000.0,50009000.0,-118238000.0,0.0,109148000.0,23660000.0,151239000.0,151239000.0,151239000.0,0.0,0.0,0.063,798689000.0,330117000.0,481855000.0,0.39,3.924,29.839,29.927,628071000.0,0.0,36.81,1.886,1.898,576204000.0,1019471000.0,2392441000.0,2392441000.0,67890000.0,0.055,0.131,0.157,0.138,6193000.0,699259000.0,1.0,122597865.0,123372000,124572000.0,19.392,2566293000.0,0.0,144493000.0,489307000.0,20.801,1040657000.0
30,PLL1,MRT,2007-09-30,2007-10-31,2007-10-31,2021-09-13,105108000.0,2843460000.0,2673212000.0,1594036000.0,1249424000.0,0.865,9.032,-58109000.0,407777000.0,407777000.0,1214624000.0,147598000.0,2.808,1.556,756553000.0,45147000.0,711406000.0,756553000.0,0.0,93977000.0,0.0,0.012,0.48,329275000.0,423252000.0,0.183,423252000.0,329275000.0,293194000.0,1.2,1.18,1.2,1112391000.0,1185458250.0,1112391000.0,5159990451.0,16.0,12.191,76515000.0,0.621,1.0,1097000000.0,0.475,312849000.0,36081000.0,2311730000.0,2008442250.0,522494000.0,0.0,0.0,0.0,1731069000.0,567657000.0,1163412000.0,4912496451.0,47182000.0,0.0,-24909000.0,31008000.0,-57507000.0,-43521000.0,-65420000.0,0.0,134624000.0,21499000.0,147598000.0,147598000.0,147598000.0,0.0,0.0,0.064,767725000.0,329275000.0,494704000.0,0.4,4.416,33.283,33.392,620746000.0,0.0,40.07,2.125,2.135,538058000.0,986681000.0,2311624000.0,2311624000.0,65075000.0,0.055,0.125,0.164,0.142,6193000.0,688617000.0,1.0,122597865.0,123167000,124360000.0,18.768,2530611000.0,0.0,145596000.0,479812000.0,20.546,1026379000.0
31,PLL1,MRT,2007-06-30,2007-07-31,2007-07-31,2021-09-13,78373000.0,2708846000.0,2602241750.0,1606377000.0,1102469000.0,0.865,8.615,-50029000.0,443036000.0,443036000.0,1190549000.0,127497000.0,1.93,1.554,633311000.0,41720000.0,591591000.0,633311000.0,0.0,93977000.0,0.0,0.008,0.35,299585000.0,393562000.0,0.175,393562000.0,299585000.0,260529000.0,1.04,1.02,1.04,1060601000.0,1209087250.0,1060601000.0,5337757355.0,18.0,13.563,282899000.0,2.298,1.0,1059356000.0,0.471,308138000.0,39056000.0,1758793000.0,1951672000.0,471467000.0,0.0,0.0,0.0,1648245000.0,832190000.0,816055000.0,5090263355.0,125379000.0,-406000.0,-22184000.0,-91965000.0,-56228000.0,-162448000.0,-55427000.0,0.0,332928000.0,10326000.0,127497000.0,127497000.0,127497000.0,0.0,0.0,0.057,759771000.0,299585000.0,499075000.0,0.337,4.799,39.925,39.923,607900000.0,0.0,41.52,2.262,2.272,551393000.0,974945000.0,2249905000.0,2249905000.0,62414000.0,0.049,0.105,0.154,0.133,6193000.0,675005000.0,1.0,122597865.0,123115000,124393000.0,18.275,2400708000.0,0.0,133032000.0,326361000.0,19.5,774187000.0
32,PLL1,MRT,2007-03-31,2007-04-30,2007-04-30,2021-09-13,59504000.0,2628696000.0,2540351750.0,1494402000.0,1134294000.0,0.866,10.603,-29274000.0,364672000.0,364672000.0,1165562000.0,80124000.0,2.643,1.009,612166000.0,71667000.0,540499000.0,612166000.0,0.0,95658000.0,0.0,0.011,0.46,283269000.0,378927000.0,0.172,378927000.0,283269000.0,239992000.0,0.66,0.64,0.66,1308399000.0,1178211250.0,1308399000.0,5403363789.0,19.0,14.26,251441000.0,2.038,1.0,1035254000.0,0.47,295792000.0,43277000.0,2015072000.0,1979031250.0,473418000.0,0.0,0.0,0.0,1320297000.0,565326000.0,754971000.0,5159966789.0,157313000.0,-406000.0,-107212000.0,75764000.0,-55289000.0,-80729000.0,-50104000.0,0.0,280715000.0,7431000.0,80124000.0,80124000.0,80124000.0,0.0,0.0,0.036,751985000.0,283269000.0,442049000.0,0.697,3.944,64.4,63.561,584440000.0,0.0,41.95,2.345,2.352,512673000.0,1244505000.0,2200816000.0,2200816000.0,60563000.0,0.032,0.068,0.143,0.129,9928000.0,668035000.0,1.0,123002784.0,123399000,124781000.0,17.835,2332904000.0,0.0,159868000.0,266082000.0,18.905,929076000.0
33,PLL1,MRT,2006-12-31,2007-01-31,2007-01-31,2021-09-13,43903000.0,2511846000.0,2480010000.0,1398268000.0,1113578000.0,0.868,10.232,-25465000.0,345686000.0,345686000.0,1154723000.0,54942000.0,2.742,0.993,589083000.0,55090000.0,533993000.0,589083000.0,0.0,48360000.0,0.0,0.013,0.45,257464000.0,305824000.0,0.142,305824000.0,257464000.0,218267000.0,0.45,0.44,0.45,1260442000.0,1161186750.0,1260442000.0,4584799764.0,18.0,14.992,217218000.0,1.763,1.0,996727000.0,0.463,297071000.0,39197000.0,1948174000.0,1956019250.0,434891000.0,0.0,0.0,0.0,1251404000.0,509998000.0,741406000.0,4255026764.0,117688000.0,-406000.0,-67526000.0,33689000.0,-54379000.0,-83668000.0,-46544000.0,0.0,242683000.0,5217000.0,54942000.0,54942000.0,54942000.0,0.0,0.0,0.026,739263000.0,257464000.0,401032000.0,1.0,3.376,77.446,77.244,576730000.0,0.0,34.76,1.978,1.99,476286000.0,1195240000.0,2151450000.0,2151450000.0,59418000.0,0.022,0.047,0.132,0.12,4519000.0,657765000.0,1.0,122411587.0,123185000,124504000.0,17.465,2214775000.0,0.0,163325000.0,261289000.0,17.979,888270000.0
34,PLL1,MRT,2006-09-30,2006-10-31,2006-10-31,2021-09-13,40525000.0,2559579000.0,2435687000.0,1396996000.0,1162583000.0,0.856,9.827,-77737000.0,360595000.0,360595000.0,1118881000.0,43031000.0,2.753,1.121,690368000.0,49259000.0,641109000.0,690368000.0,0.0,71987000.0,0.0,0.014,0.44,229374000.0,301361000.0,0.145,301361000.0,229374000.0,194294000.0,0.35,0.34,0.35,1206907000.0,1144556250.0,1206907000.0,4285018732.0,19.0,14.219,182119000.0,1.483,1.0,966075000.0,0.463,297236000.0,35080000.0,2084649000.0,1946680500.0,424051000.0,0.0,0.0,0.0,1352672000.0,507467000.0,845205000.0,3899278732.0,180907000.0,-467000.0,-65536000.0,133009000.0,-53381000.0,16508000.0,-102370000.0,641000.0,259856000.0,6913000.0,43031000.0,43031000.0,43031000.0,0.0,0.0,0.021,736701000.0,229374000.0,400026000.0,1.257,3.231,90.616,91.143,608868000.0,0.0,31.9,1.87,1.879,469102000.0,1160088000.0,2084956000.0,2084956000.0,58539000.0,0.018,0.038,0.118,0.11,7347000.0,648698000.0,1.0,122234443.0,122812000,123801000.0,16.977,2262343000.0,0.0,151263000.0,262278000.0,18.421,889529000.0
35,PLL1,MRT,2006-06-30,2006-07-31,2006-07-31,2021-09-13,35412000.0,2461286000.0,2362797250.0,1334115000.0,1127171000.0,0.854,7.501,-86017000.0,317657000.0,317657000.0,1072750000.0,52140000.0,1.96,1.627,703397000.0,63382000.0,640015000.0,703397000.0,0.0,95658000.0,0.0,0.016,0.43,233353000.0,329011000.0,0.163,329011000.0,233353000.0,203230000.0,0.42,0.41,0.42,937097000.0,1131709000.0,937097000.0,3566198290.0,15.0,10.839,132811000.0,1.063,1.0,944080000.0,0.468,297953000.0,30123000.0,1868230000.0,1904954250.0,408273000.0,0.0,0.0,0.0,1524189000.0,680843000.0,843346000.0,3255651290.0,152729000.0,-75000.0,-71763000.0,166621000.0,-52379000.0,44416000.0,-116102000.0,7387000.0,218828000.0,5587000.0,52140000.0,52140000.0,52140000.0,0.0,0.0,0.026,710727000.0,233353000.0,403079000.0,1.024,3.474,62.441,62.095,620979000.0,0.0,26.08,1.614,1.616,517632000.0,909810000.0,2016830000.0,2016830000.0,57371000.0,0.022,0.046,0.122,0.116,9928000.0,641030000.0,1.0,124833255.0,124931000,125819000.0,16.144,2163333000.0,0.0,151090000.0,208582000.0,17.316,653272000.0
36,PLL1,MRT,2006-03-31,2006-04-30,2006-04-30,2021-09-13,58451000.0,2387329000.0,2313801000.0,1258374000.0,1128955000.0,0.84,9.874,-91540000.0,207359000.0,207359000.0,1024452000.0,99016000.0,2.646,0.925,517906000.0,29099000.0,488807000.0,517906000.0,0.0,23248000.0,0.0,0.014,0.42,207369000.0,230617000.0,0.119,230617000.0,207369000.0,179837000.0,0.79,0.79,0.79,1240301000.0,1182429000.0,1240301000.0,4088727662.0,20.0,17.73,141621000.0,1.127,1.0,919663000.0,0.473,299242000.0,27532000.0,1923024000.0,1906933000.0,438848000.0,0.0,0.0,0.0,1147028000.0,475610000.0,671418000.0,3770159662.0,25062000.0,-142000.0,26690000.0,-78303000.0,-51013000.0,-101903000.0,-105577000.0,7387000.0,233161000.0,-619000.0,99016000.0,99016000.0,99016000.0,0.0,0.0,0.051,712294000.0,207369000.0,387466000.0,0.532,3.04,38.076,38.203,619898000.0,0.0,30.18,1.939,1.95,464731000.0,1102089000.0,1944115000.0,1944115000.0,55040000.0,0.043,0.084,0.109,0.107,-946000.0,622745000.0,1.0,124922454.0,125614000,126581000.0,15.477,2088087000.0,0.0,80821000.0,241656000.0,16.623,782764000.0
37,PLL1,MRT,2005-12-31,2006-01-31,2006-01-31,2021-09-13,38968000.0,2334554000.0,2279870000.0,1219393000.0,1115161000.0,0.846,9.534,-92022000.0,227998000.0,227998000.0,1001618000.0,117505000.0,2.756,0.955,546566000.0,28457000.0,518109000.0,546566000.0,0.0,93189000.0,0.0,0.014,0.41,211745000.0,304934000.0,0.158,304934000.0,211745000.0,182220000.0,0.94,0.94,0.94,1193920000.0,1162144250.0,1193920000.0,3962174314.0,19.0,12.994,128832000.0,1.029,1.0,926059000.0,0.48,299926000.0,29525000.0,1910819000.0,1906471500.0,417035000.0,0.0,0.0,0.0,1140634000.0,442377000.0,698257000.0,3587918314.0,862000.0,951000.0,2671000.0,-63578000.0,-49727000.0,-110326000.0,-103536000.0,7387000.0,220854000.0,-6130000.0,117505000.0,117505000.0,117505000.0,0.0,0.0,0.061,714314000.0,211745000.0,361311000.0,0.436,3.005,30.534,30.638,615391000.0,0.0,28.8,1.861,1.871,431169000.0,1093996000.0,1927677000.0,1927677000.0,56027000.0,0.052,0.101,0.111,0.11,5052000.0,626799000.0,1.0,124580497.0,125225000,126090000.0,15.394,2034628000.0,0.0,64715000.0,232757000.0,16.248,777016000.0
38,PLL1,MRT,2005-09-30,2005-10-31,2005-10-31,2021-09-13,27483000.0,2268020000.0,2254848750.0,1165181000.0,1102839000.0,0.851,9.253,-85960000.0,179688000.0,179688000.0,993541000.0,117114000.0,2.753,0.963,553944000.0,25362000.0,528582000.0,553944000.0,0.0,92454000.0,0.0,0.015,0.4,211019000.0,303473000.0,0.158,303473000.0,211019000.0,180990000.0,0.94,0.94,0.94,1155518000.0,1149327750.0,1155518000.0,3621845631.0,17.0,11.935,84258000.0,0.675,1.0,925173000.0,0.482,301281000.0,30029000.0,1917744000.0,1903330000.0,402956000.0,0.0,0.0,0.0,1112502000.0,423251000.0,689251000.0,3250954631.0,-28700000.0,-31797000.0,21711000.0,-30843000.0,-48347000.0,-67406000.0,-125435000.0,6746000.0,170218000.0,-6077000.0,117114000.0,117114000.0,117114000.0,0.0,0.0,0.061,714154000.0,211019000.0,343748000.0,0.426,2.813,27.759,27.83,606167000.0,0.0,26.16,1.694,1.703,443021000.0,1077751000.0,1918714000.0,1918714000.0,55536000.0,0.052,0.102,0.111,0.11,2403000.0,625428000.0,1.0,124271966.0,124887000,125690000.0,15.364,1966739000.0,0.0,63876000.0,214810000.0,15.748,741930000.0
39,PLL1,MRT,2005-06-30,2005-07-31,2005-07-31,2021-09-13,31085000.0,2265301000.0,2228032500.0,1160392000.0,1104909000.0,0.854,9.146,-81026000.0,164928000.0,164928000.0,978916000.0,113703000.0,2.538,0.987,535819000.0,25658000.0,510161000.0,535819000.0,0.0,90921000.0,0.0,0.013,0.39,207021000.0,297942000.0,0.157,297942000.0,207021000.0,177024000.0,0.91,0.91,0.91,1139977000.0,1130501000.0,1139977000.0,4259658999.0,21.0,14.297,80582000.0,0.646,1.0,923368000.0,0.485,302908000.0,29997000.0,1876145000.0,1879995750.0,365929000.0,0.0,0.0,0.0,1125324000.0,457139000.0,668185000.0,3852401999.0,-42349000.0,-30879000.0,-1756000.0,-34607000.0,-47075000.0,-93482000.0,-114563000.0,915000.0,161608000.0,4088000.0,113703000.0,113703000.0,113703000.0,0.0,0.0,0.06,716347000.0,207021000.0,360119000.0,0.429,3.379,33.881,34.033,608758000.0,0.0,30.97,2.025,2.029,493650000.0,1066848000.0,1902284000.0,1902284000.0,56183000.0,0.051,0.101,0.11,0.109,0.0,621401000.0,1.0,124391411.0,124645000,125598000.0,15.262,1962393000.0,0.0,63321000.0,69249000.0,15.744,703253000.0
40,PLL1,MRT,2005-03-31,2005-04-30,2005-04-30,2021-09-13,85978000.0,2251605000.0,2207389000.0,1140075000.0,1111530000.0,0.853,9.283,-79201000.0,182297000.0,182297000.0,958003000.0,152957000.0,2.688,0.942,589554000.0,61449000.0,528105000.0,589554000.0,0.0,90042000.0,0.0,0.014,0.38,224991000.0,315033000.0,0.167,315033000.0,224991000.0,200593000.0,1.23,1.22,1.23,1159162000.0,1109116500.0,1159162000.0,3718386331.0,17.0,11.803,70287000.0,0.563,1.0,924200000.0,0.491,313506000.0,24398000.0,1921178000.0,1850201750.0,375001000.0,0.0,0.0,0.0,1092443000.0,424178000.0,668265000.0,3338961331.0,-10217000.0,-32937000.0,-27245000.0,11969000.0,-45925000.0,-71245000.0,-99261000.0,24387000.0,149488000.0,10801000.0,152957000.0,152957000.0,152957000.0,0.0,0.0,0.081,699209000.0,224991000.0,351604000.0,0.309,2.88,21.829,21.813,620800000.0,0.0,26.83,1.774,1.78,484160000.0,1038537000.0,1882203000.0,1882203000.0,57197000.0,0.069,0.138,0.122,0.12,946000.0,624928000.0,1.0,124448801.0,124869000,125924000.0,15.073,1938099000.0,0.0,47636000.0,151285000.0,15.521,715897000.0
41,PLL1,MRT,2004-12-31,2005-01-31,2005-01-31,2021-09-13,89695000.0,2234469000.0,2167630750.0,1113456000.0,1121013000.0,0.855,9.179,-71634000.0,227136000.0,227136000.0,943083000.0,155793000.0,2.784,0.956,606561000.0,63046000.0,543515000.0,606561000.0,0.0,90176000.0,0.0,0.014,0.37,227180000.0,317356000.0,0.171,317356000.0,227180000.0,205069000.0,1.25,1.24,1.25,1142654000.0,1076565500.0,1142654000.0,3705171115.0,16.0,11.675,124977000.0,1.004,1.0,909498000.0,0.491,315672000.0,22111000.0,1898253000.0,1820805500.0,343053000.0,0.0,0.0,0.0,1091815000.0,399969000.0,691846000.0,3339303115.0,37340000.0,-37065000.0,-50682000.0,31783000.0,-44868000.0,-73811000.0,-94079000.0,24040000.0,196611000.0,8619000.0,155793000.0,155793000.0,155793000.0,0.0,0.0,0.084,682318000.0,227180000.0,318695000.0,0.296,2.922,21.434,21.544,623908000.0,0.0,26.93,1.803,1.81,443217000.0,1008165000.0,1852581000.0,1852581000.0,57406000.0,0.072,0.145,0.125,0.123,357000.0,611439000.0,1.0,123999373.0,124482000,125457000.0,14.882,1918797000.0,0.0,49276000.0,166559000.0,15.414,713487000.0
42,PLL1,MRT,2004-09-30,2004-10-31,2004-10-31,2021-09-13,71156000.0,2160755000.0,2130890250.0,1078243000.0,1082512000.0,0.85,8.699,-63320000.0,208388000.0,208388000.0,919758000.0,148604000.0,2.586,1.0,574256000.0,64583000.0,509673000.0,574256000.0,0.0,89516000.0,0.0,0.014,0.36,215136000.0,304652000.0,0.168,304652000.0,215136000.0,194080000.0,1.19,1.18,1.19,1080211000.0,1054319000.0,1080211000.0,3535027743.0,16.0,11.603,118553000.0,0.955,1.0,891435000.0,0.492,285196000.0,21056000.0,1824407000.0,1804217250.0,338136000.0,0.0,0.0,0.0,1080544000.0,417020000.0,663524000.0,3186036743.0,47307000.0,-1802000.0,-53048000.0,6790000.0,-45049000.0,-91307000.0,-54586000.0,22259000.0,181873000.0,11327000.0,148604000.0,148604000.0,148604000.0,0.0,0.0,0.082,676299000.0,215136000.0,331666000.0,0.303,2.949,21.44,21.731,604670000.0,0.0,25.86,1.759,1.773,440382000.0,993196000.0,1811193000.0,1811193000.0,57284000.0,0.07,0.141,0.119,0.119,178000.0,597312000.0,1.0,123203277.0,124172000,125009000.0,14.586,1875559000.0,0.0,45476000.0,174622000.0,15.105,661223000.0
43,PLL1,MRT,2004-06-30,2004-07-31,2004-07-31,2021-09-13,36392000.0,2182727000.0,2095508750.0,1112159000.0,1070568000.0,0.845,8.39,-57147000.0,207277000.0,207277000.0,899119000.0,151573000.0,2.303,1.07,548168000.0,59482000.0,488686000.0,548168000.0,0.0,88935000.0,0.0,0.016,0.36,218333000.0,307268000.0,0.174,307268000.0,218333000.0,197832000.0,1.21,1.2,1.21,1054439000.0,1030477500.0,1054439000.0,3284373967.0,15.0,10.689,134799000.0,1.073,1.0,871628000.0,0.492,283789000.0,20501000.0,1756969000.0,1789963250.0,302861000.0,0.0,0.0,0.0,1128288000.0,482860000.0,645428000.0,2898531967.0,57524000.0,-4130000.0,-23228000.0,-21964000.0,-45097000.0,-90289000.0,-51251000.0,21344000.0,191946000.0,7118000.0,151573000.0,151573000.0,151573000.0,0.0,0.0,0.086,653295000.0,218333000.0,327230000.0,0.298,2.749,19.123,19.149,600383000.0,0.0,23.17,1.637,1.645,468905000.0,984117000.0,1770747000.0,1770747000.0,57279000.0,0.072,0.147,0.122,0.123,0.0,583539000.0,1.0,125098488.0,125685000,126737000.0,14.089,1898938000.0,0.0,46259000.0,100991000.0,15.109,629299000.0
44,PLL1,MRT,2004-03-31,2004-04-30,2004-04-30,2021-09-13,35389000.0,2092572000.0,2054008500.0,1021442000.0,1071130000.0,0.846,8.163,-48915000.0,168714000.0,168714000.0,879177000.0,150644000.0,2.627,1.034,554556000.0,53599000.0,500957000.0,554556000.0,0.0,150505000.0,0.0,0.015,0.36,215653000.0,366158000.0,0.211,366158000.0,215653000.0,195413000.0,1.21,1.2,1.21,1028958000.0,1000501750.0,1028958000.0,3382976634.0,16.0,9.239,170393000.0,1.352,1.0,858527000.0,0.494,286061000.0,20240000.0,1803593000.0,1783449000.0,302300000.0,23800000.0,23800000.0,0.0,1063614000.0,388760000.0,674854000.0,2991281634.0,27151000.0,-8564000.0,18326000.0,-101201000.0,-45046000.0,-114454000.0,-82614000.0,-15257000.0,219308000.0,4911000.0,150644000.0,150644000.0,150644000.0,0.0,0.0,0.087,642874000.0,215653000.0,295334000.0,0.298,2.907,19.857,19.653,591916000.0,0.0,23.78,1.721,1.725,427652000.0,940459000.0,1737704000.0,1737704000.0,55689000.0,0.073,0.151,0.121,0.124,0.0,575350000.0,1.0,125789808.0,126053000,127190000.0,13.786,1806511000.0,0.0,44769000.0,213724000.0,14.331,632682000.0
45,PLL1,MRT,2003-12-31,2004-01-31,2004-01-31,2021-09-13,60153000.0,2087507000.0,2037827250.0,988917000.0,1098590000.0,0.832,8.343,-48239000.0,166696000.0,166696000.0,851130000.0,144485000.0,2.764,0.981,558391000.0,57033000.0,501358000.0,558391000.0,0.0,127728000.0,0.0,0.014,0.36,207675000.0,335403000.0,0.198,335403000.0,207675000.0,186467000.0,1.17,1.16,1.17,1053668000.0,965463500.0,1053668000.0,3685854000.0,18.0,10.989,168126000.0,1.331,1.0,844144000.0,0.498,289500000.0,21208000.0,1831900000.0,1803430750.0,291710000.0,25313000.0,25313000.0,0.0,1033839000.0,357802000.0,676037000.0,3268850000.0,47411000.0,-11499000.0,58095000.0,-113966000.0,-44733000.0,-87137000.0,-94305000.0,-20981000.0,216365000.0,12488000.0,144485000.0,144485000.0,144485000.0,0.0,0.0,0.085,636469000.0,207675000.0,261442000.0,0.308,3.102,22.624,22.222,607305000.0,0.0,26.0,1.928,1.937,405762000.0,907279000.0,1695274000.0,1695274000.0,54237000.0,0.071,0.15,0.115,0.123,0.0,566042000.0,1.0,125725000.0,126288000,127422000.0,13.424,1798007000.0,0.0,41982000.0,214006000.0,14.237,631115000.0
46,PLL1,MRT,2003-09-30,2003-10-31,2003-10-31,2021-09-13,26454000.0,2019229000.0,2006680750.0,936881000.0,1082348000.0,0.825,7.851,-47115000.0,134081000.0,134081000.0,829999000.0,151008000.0,2.474,1.05,551085000.0,55533000.0,495552000.0,551085000.0,0.0,105496000.0,0.0,0.015,0.36,218158000.0,323654000.0,0.195,323654000.0,218158000.0,195834000.0,1.23,1.21,1.23,984845000.0,912972750.0,984845000.0,3351432688.0,15.0,10.355,181404000.0,1.446,1.0,825712000.0,0.499,290178000.0,22324000.0,1767391000.0,1816824000.0,291855000.0,27000000.0,27000000.0,0.0,1034384000.0,378664000.0,655720000.0,2924424688.0,30374000.0,-14079000.0,39058000.0,-136892000.0,-44537000.0,-121371000.0,-89277000.0,-17600000.0,228519000.0,12503000.0,151008000.0,151008000.0,151008000.0,0.0,0.0,0.091,607554000.0,218158000.0,278381000.0,0.293,2.969,19.366,19.024,601656000.0,0.0,23.4,1.766,1.773,388991000.0,896832000.0,1655711000.0,1655711000.0,52867000.0,0.075,0.165,0.12,0.132,0.0,551241000.0,1.0,124975414.0,125436000,126507000.0,13.2,1729051000.0,0.0,44826000.0,204918000.0,13.784,558217000.0
47,PLL1,MRT,2003-06-30,2003-08-02,2003-08-02,2021-09-13,-413000.0,2016726000.0,1980678250.0,938434000.0,1078292000.0,0.815,7.581,-50456000.0,126653000.0,126653000.0,810039000.0,103202000.0,2.226,1.158,553661000.0,63791000.0,489870000.0,553661000.0,0.0,83939000.0,0.0,0.016,0.36,167674000.0,251613000.0,0.156,251613000.0,167674000.0,143236000.0,0.84,0.83,0.84,934536000.0,863781750.0,934536000.0,3353484933.0,20.0,13.328,179897000.0,1.459,1.0,803596000.0,0.498,291326000.0,24438000.0,1730912000.0,1841806750.0,274442000.0,23100000.0,23100000.0,0.0,1082190000.0,421496000.0,660694000.0,2814881933.0,4329000.0,-20654000.0,30133000.0,-160097000.0,-44376000.0,-153340000.0,-80947000.0,0.0,230353000.0,8263000.0,103202000.0,103202000.0,103202000.0,0.0,0.0,0.064,635922000.0,167674000.0,296625000.0,0.429,3.012,27.275,27.0,600153000.0,0.0,22.68,1.744,1.733,423467000.0,884690000.0,1613635000.0,1613635000.0,52204000.0,0.052,0.119,0.091,0.104,0.0,536194000.0,1.0,124112960.0,123275000,124214000.0,13.09,1725400000.0,0.0,40034000.0,64247000.0,13.996,516938000.0
48,PLL1,MRT,2003-03-31,2003-05-03,2003-05-03,2021-09-13,18899000.0,2027847000.0,1979107500.0,943418000.0,1084429000.0,0.794,7.217,-55894000.0,125163000.0,125163000.0,808876000.0,57580000.0,2.418,1.282,663766000.0,57627000.0,606139000.0,663766000.0,0.0,74003000.0,0.0,0.017,0.36,115145000.0,189148000.0,0.12,189148000.0,115145000.0,90244000.0,0.47,0.46,0.47,888805000.0,835077750.0,888805000.0,3132483045.0,27.0,16.561,129122000.0,1.049,1.0,762236000.0,0.485,292700000.0,24901000.0,1883520000.0,1881635250.0,293529000.0,23600000.0,23600000.0,0.0,1139042000.0,390230000.0,748812000.0,2574562045.0,49982000.0,-17572000.0,17222000.0,-80995000.0,-44197000.0,-99437000.0,-51366000.0,25929000.0,185016000.0,15769000.0,57580000.0,57580000.0,57580000.0,0.0,0.0,0.037,647091000.0,115145000.0,293076000.0,0.766,2.897,44.713,44.532,597993000.0,0.0,20.93,1.639,1.641,394166000.0,844638000.0,1571112000.0,1571112000.0,56019000.0,0.029,0.069,0.061,0.073,0.0,517915000.0,1.0,123008220.0,123146000,123891000.0,12.758,1735147000.0,0.0,32664000.0,182200000.0,14.09,553188000.0
49,PLL1,MRT,2002-12-31,2003-02-01,2003-02-01,2021-09-13,11965000.0,1962921000.0,1949418750.0,872645000.0,1090276000.0,0.745,6.862,-57101000.0,102185000.0,102185000.0,748771000.0,43668000.0,2.438,1.327,660106000.0,61268000.0,598838000.0,660106000.0,0.0,74003000.0,0.0,0.023,0.36,93687000.0,167690000.0,0.115,167690000.0,93687000.0,71961000.0,0.36,0.34,0.36,843705000.0,808069750.0,843705000.0,2505464627.0,27.0,14.941,110485000.0,0.899,1.0,703227000.0,0.484,277363000.0,21726000.0,1885473000.0,1804899250.0,280547000.0,21000000.0,21000000.0,0.0,1119216000.0,358006000.0,761210000.0,1907316627.0,43127000.0,-357092000.0,13813000.0,261852000.0,-53922000.0,230276000.0,-368049000.0,47700000.0,167586000.0,13314000.0,43668000.0,43668000.0,43668000.0,0.0,0.0,0.03,609540000.0,93687000.0,254039000.0,1.0,2.261,43.678,43.083,607727000.0,0.0,15.51,1.314,1.313,373015000.0,817167000.0,1451998000.0,1451998000.0,54923000.0,0.022,0.054,0.052,0.065,0.0,486496000.0,1.0,122973348.0,122948000,123551000.0,11.81,1685558000.0,0.0,28293000.0,205071000.0,13.71,514639000.0
50,PLL1,MRT,2002-09-30,2002-11-02,2002-11-02,2021-09-13,-20610000.0,1915219000.0,1814334000.0,839343000.0,1075876000.0,0.743,6.416,-58887000.0,90507000.0,90507000.0,694080000.0,30704000.0,2.302,1.43,688655000.0,70751000.0,617904000.0,688655000.0,0.0,74003000.0,0.0,0.025,0.44,73847000.0,147850000.0,0.11,147850000.0,73847000.0,55513000.0,0.25,0.24,0.25,788081000.0,785993250.0,788081000.0,2776251918.0,38.0,18.777,115357000.0,0.939,1.0,654831000.0,0.485,281439000.0,18334000.0,1867322000.0,1683506500.0,279832000.0,22600000.0,22600000.0,0.0,1127138000.0,364606000.0,762532000.0,2158224918.0,38788000.0,-356966000.0,18894000.0,268378000.0,-63600000.0,224672000.0,-366371000.0,52600000.0,174244000.0,6243000.0,30704000.0,30704000.0,30704000.0,0.0,0.0,0.023,580984000.0,73847000.0,264384000.0,1.76,2.739,70.291,70.28,599587000.0,0.0,17.57,1.6,1.6,364293000.0,797954000.0,1348911000.0,1348911000.0,54976000.0,0.017,0.039,0.044,0.055,0.0,458811000.0,1.0,122835795.0,122825000,122825000.0,10.982,1633780000.0,0.0,24809000.0,174099000.0,13.302,474737000.0
51,PLL1,MRT,2002-06-30,2002-08-03,2002-08-03,2021-09-13,-22071000.0,2010443000.0,1705438000.0,913134000.0,1097309000.0,0.757,6.7,-64328000.0,105224000.0,105224000.0,654889000.0,73234000.0,2.098,1.453,723251000.0,103546000.0,619705000.0,723251000.0,0.0,74003000.0,0.0,0.032,0.52,114306000.0,188309000.0,0.146,188309000.0,114306000.0,99975000.0,0.6,0.59,0.6,819720000.0,779349500.0,819720000.0,2669406951.0,23.0,14.176,91763000.0,0.75,1.0,635931000.0,0.493,302921000.0,14331000.0,1890226000.0,1580736750.0,256910000.0,40200000.0,40200000.0,0.0,1190723000.0,435323000.0,755400000.0,2023868951.0,50297000.0,-348967000.0,10939000.0,259681000.0,-73359000.0,198261000.0,-310013000.0,106400000.0,156091000.0,5958000.0,73234000.0,73234000.0,73234000.0,0.0,0.0,0.057,521625000.0,114306000.0,279188000.0,0.867,2.469,27.636,27.483,605095000.0,0.0,16.49,1.568,1.563,415853000.0,832308000.0,1290820000.0,1290820000.0,54778000.0,0.043,0.094,0.072,0.089,0.0,440025000.0,1.0,122733108.0,122353000,123532000.0,10.55,1707522000.0,0.0,26741000.0,65878000.0,13.956,477811000.0
52,PLL1,MRT,2002-03-31,2002-04-27,2002-04-27,2021-09-13,-54364000.0,1909092000.0,1589954750.0,863622000.0,1045470000.0,0.751,6.382,-63215000.0,75181000.0,75181000.0,588317000.0,89914000.0,1.245,1.445,720719000.0,411097000.0,309622000.0,720719000.0,0.0,71490000.0,0.0,0.029,0.6,126770000.0,198260000.0,0.166,198260000.0,126770000.0,114299000.0,0.74,0.72,0.74,780773000.0,766930000.0,780773000.0,2830493166.0,22.0,14.277,122488000.0,1.001,1.0,605132000.0,0.507,284167000.0,12471000.0,1576576000.0,1490623500.0,272395000.0,53000000.0,53000000.0,0.0,1128319000.0,693887000.0,434432000.0,2511538166.0,29656000.0,-345755000.0,621000.0,323030000.0,-83151000.0,240500000.0,-396320000.0,15171000.0,185703000.0,-227000.0,89914000.0,89914000.0,89914000.0,0.0,0.0,0.075,478362000.0,126770000.0,243450000.0,0.811,3.217,27.933,27.743,597319000.0,0.0,20.53,2.104,2.104,367477000.0,835469000.0,1193449000.0,1193449000.0,52486000.0,0.057,0.117,0.085,0.106,0.0,408628000.0,1.0,122335030.0,122336000,123512000.0,9.756,1624925000.0,0.0,24385000.0,164150000.0,13.282,169735000.0
53,PLL1,MRT,2001-12-31,2002-01-26,2002-01-26,2021-09-13,-63282000.0,1422582000.0,1485323000.0,668671000.0,753911000.0,0.816,6.184,-68554000.0,59058000.0,59058000.0,596690000.0,100326000.0,2.656,0.883,378013000.0,65997000.0,312016000.0,378013000.0,0.0,71490000.0,0.0,0.03,0.68,141872000.0,213362000.0,0.176,213362000.0,141872000.0,127648000.0,0.82,0.81,0.82,755399000.0,763223500.0,755399000.0,3157483723.0,22.0,14.799,107889000.0,0.883,1.0,615439000.0,0.508,89860000.0,14224000.0,1399902000.0,1462578750.0,199244000.0,68700000.0,68700000.0,0.0,667183000.0,251775000.0,415408000.0,2805608723.0,5197000.0,-265000.0,203000.0,-20522000.0,-83167000.0,-103486000.0,-65385000.0,6171000.0,176443000.0,-2375000.0,100326000.0,100326000.0,100326000.0,0.0,0.0,0.083,473567000.0,141872000.0,167004000.0,0.829,3.714,27.965,28.012,499391000.0,0.0,22.97,2.315,2.315,283306000.0,820239000.0,1212129000.0,1212129000.0,54105000.0,0.068,0.131,0.097,0.117,0.0,402214000.0,1.0,122142304.0,122151000,123408000.0,9.923,1332722000.0,0.0,27322000.0,122166000.0,10.91,416896000.0
54,PLL1,MRT,2001-09-30,2001-10-27,2001-10-27,2021-09-13,-51865000.0,1479635000.0,1502109000.0,703940000.0,775695000.0,0.82,6.232,-75210000.0,51719000.0,51719000.0,596459000.0,111822000.0,2.473,0.943,403594000.0,74593000.0,329001000.0,403594000.0,0.0,71490000.0,0.0,0.031,0.68,157643000.0,229133000.0,0.186,229133000.0,157643000.0,141964000.0,0.91,0.9,0.91,761506000.0,763567500.0,761506000.0,3054073654.0,19.0,13.329,104145000.0,0.852,1.0,634932000.0,0.516,90568000.0,15679000.0,1456243000.0,1475945000.0,213648000.0,75200000.0,75200000.0,0.0,718129000.0,284699000.0,433430000.0,2667235654.0,-15092000.0,-265000.0,-10012000.0,-25434000.0,-82598000.0,-118044000.0,-76284000.0,4371000.0,179355000.0,-119000.0,111822000.0,111822000.0,111822000.0,0.0,0.0,0.091,477289000.0,157643000.0,187893000.0,0.747,3.503,23.853,24.033,506799000.0,0.0,21.87,2.166,2.17,304714000.0,823564000.0,1231391000.0,1231391000.0,55784000.0,0.074,0.146,0.107,0.128,0.0,404257000.0,1.0,121958649.0,122190000,123486000.0,10.078,1389067000.0,0.0,30142000.0,126642000.0,11.368,419241000.0
55,PLL1,MRT,2001-06-30,2001-07-28,2001-07-28,2021-09-13,-51099000.0,1548510000.0,1503329000.0,778988000.0,769522000.0,0.822,6.282,-73800000.0,54927000.0,54927000.0,591146000.0,118010000.0,2.482,1.011,441765000.0,82671000.0,359094000.0,441765000.0,0.0,71490000.0,0.0,0.029,0.675,166963000.0,238453000.0,0.193,238453000.0,166963000.0,150320000.0,0.96,0.95,0.96,770042000.0,758580500.0,770042000.0,3243362527.0,19.0,13.602,127522000.0,1.04,1.0,644277000.0,0.522,91726000.0,16643000.0,1529773000.0,1473991500.0,209499000.0,146600000.0,146600000.0,0.0,778468000.0,313849000.0,464619000.0,2898063527.0,-26081000.0,-1691000.0,-13995000.0,39125000.0,-82148000.0,-57018000.0,-168247000.0,-83629000.0,201322000.0,-2138000.0,118010000.0,118010000.0,118010000.0,0.0,0.0,0.096,477314000.0,166963000.0,182841000.0,0.703,3.764,24.558,24.635,503016000.0,0.0,23.65,2.346,2.347,309171000.0,825247000.0,1235423000.0,1235423000.0,56041000.0,0.078,0.156,0.113,0.135,0.0,404025000.0,1.0,122539684.0,122580000,123735000.0,10.079,1456784000.0,0.0,32310000.0,47831000.0,11.884,465139000.0
56,PLL1,MRT,2001-03-31,2001-04-28,2001-04-28,2021-09-13,-51930000.0,1490565000.0,1493014500.0,733654000.0,756911000.0,0.836,6.254,-78783000.0,45525000.0,45525000.0,589274000.0,138464000.0,1.975,0.946,390824000.0,117489000.0,273335000.0,390824000.0,0.0,71961000.0,0.0,0.028,0.67,192276000.0,264237000.0,0.212,264237000.0,192276000.0,176255000.0,1.12,1.12,1.12,765947000.0,756396500.0,765947000.0,3293844782.0,17.0,12.465,98719000.0,0.806,1.0,658862000.0,0.528,0.0,16021000.0,1464397000.0,1446361750.0,225055000.0,65900000.0,65900000.0,0.0,724618000.0,371467000.0,353151000.0,2940880782.0,-26099000.0,-1426000.0,-27602000.0,-5544000.0,-81764000.0,-112861000.0,-88968000.0,-500000.0,177502000.0,-1772000.0,138464000.0,138464000.0,138464000.0,0.0,0.0,0.111,465266000.0,193596000.0,222447000.0,0.598,3.84,21.239,21.384,502457000.0,0.0,23.95,2.356,2.35,327570000.0,821483000.0,1248136000.0,1248136000.0,57203000.0,0.093,0.183,0.133,0.154,0.0,399497000.0,1.0,122792517.0,122472000,123721000.0,10.191,1490565000.0,0.0,37791000.0,111347000.0,12.171,362187000.0
57,PLL1,MRT,2000-12-31,2001-01-27,2001-01-27,2021-09-13,-44417000.0,1489726000.0,1487247250.0,724840000.0,764886000.0,0.837,6.183,-76136000.0,53861000.0,53861000.0,578987000.0,143401000.0,1.862,0.969,406825000.0,143536000.0,263289000.0,406825000.0,0.0,71961000.0,0.0,0.028,0.665,198817000.0,270778000.0,0.217,270778000.0,198817000.0,183279000.0,1.16,1.16,1.16,756775000.0,752165500.0,756775000.0,3321645383.0,17.0,12.267,116450000.0,0.951,1.0,666141000.0,0.535,0.0,15538000.0,1453367000.0,1394832750.0,221601000.0,72600000.0,72600000.0,0.0,732951000.0,389323000.0,343628000.0,2957692383.0,-28084000.0,-16806000.0,-20526000.0,13392000.0,-81358000.0,-86443000.0,-133085000.0,-32100000.0,192586000.0,-1142000.0,143401000.0,143401000.0,143401000.0,0.0,0.0,0.115,466004000.0,200137000.0,214803000.0,0.573,3.908,20.625,20.797,506320000.0,0.0,24.125,2.375,2.372,309410000.0,806561000.0,1245128000.0,1245128000.0,55187000.0,0.096,0.191,0.143,0.16,0.0,402251000.0,1.0,122598648.0,122402000,123347000.0,10.172,1489726000.0,0.0,39878000.0,111323000.0,12.171,335517000.0
58,PLL1,MRT,2000-09-30,2000-10-28,2000-10-28,2021-09-13,-53287000.0,1484515000.0,1473813000.0,735463000.0,749052000.0,0.838,6.032,-65484000.0,66811000.0,66811000.0,570507000.0,147318000.0,1.838,1.002,430764000.0,170105000.0,260659000.0,430764000.0,0.0,71961000.0,0.0,0.034,0.66,204104000.0,276065000.0,0.224,276065000.0,204104000.0,189290000.0,1.19,1.19,1.19,741558000.0,746073000.0,741558000.0,2739068228.0,13.0,9.922,117474000.0,0.956,1.0,664623000.0,0.538,0.0,14814000.0,1448429000.0,1343865000.0,213143000.0,77300000.0,77300000.0,0.0,742957000.0,400039000.0,342918000.0,2403616228.0,1808000.0,-16806000.0,-28492000.0,51269000.0,-81061000.0,-56235000.0,-120921000.0,-31345000.0,182958000.0,-3994000.0,147318000.0,147318000.0,147318000.0,0.0,0.0,0.119,459199000.0,205424000.0,205894000.0,0.555,3.241,16.316,16.492,499024000.0,0.0,19.625,1.946,1.953,303045000.0,798228000.0,1235130000.0,1235130000.0,52720000.0,0.1,0.197,0.152,0.165,0.0,397913000.0,1.0,122477260.0,122937000,123843000.0,10.047,1484515000.0,0.0,41972000.0,106299000.0,12.075,335424000.0
59,PLL1,MRT,2000-06-30,2000-07-29,2000-07-29,2021-09-13,-38707000.0,1507252000.0,1464713000.0,753176000.0,754076000.0,0.836,6.149,-63384000.0,81008000.0,81008000.0,565496000.0,146636000.0,1.779,0.98,416460000.0,192545000.0,223915000.0,416460000.0,0.0,71961000.0,0.0,0.032,0.655,202481000.0,274442000.0,0.224,274442000.0,202481000.0,188404000.0,1.18,1.18,1.18,761306000.0,744666750.0,761306000.0,2871781446.0,14.0,10.464,153539000.0,1.24,1.0,658605000.0,0.538,0.0,14077000.0,1419254000.0,1297074750.0,202959000.0,60700000.0,60700000.0,0.0,745946000.0,423450000.0,322496000.0,2529257446.0,-5669000.0,-15380000.0,-16829000.0,-32845000.0,-80574000.0,-128199000.0,-92303000.0,-10200000.0,216923000.0,-2090000.0,146636000.0,146636000.0,146636000.0,0.0,0.0,0.12,456124000.0,202481000.0,68419000.0,0.555,3.322,17.249,17.373,503755000.0,0.0,20.5,2.066,2.073,337806000.0,793491000.0,1224101000.0,1224101000.0,51434000.0,0.1,0.197,0.156,0.165,0.0,396124000.0,1.0,123378412.0,123810000,124709000.0,9.887,1507252000.0,0.0,41768000.0,52050000.0,12.174,329726000.0
60,PLL1,MRT,2000-03-31,2000-04-29,2000-04-29,2021-09-13,-38341000.0,1467496000.0,1459981750.0,724925000.0,742571000.0,0.821,6.056,-52289000.0,71624000.0,71624000.0,549656000.0,150913000.0,1.314,0.959,414148000.0,326383000.0,87765000.0,414148000.0,0.0,74771000.0,0.0,0.029,0.65,210178000.0,284949000.0,0.238,284949000.0,210178000.0,195870000.0,1.21,1.21,1.21,749023000.0,737006250.0,749023000.0,3088222826.0,15.0,10.838,114109000.0,0.923,1.0,649279000.0,0.542,0.0,14308000.0,1258281000.0,1267096000.0,208315000.0,65400000.0,65400000.0,0.0,718473000.0,551739000.0,166734000.0,2758929826.0,-15977000.0,-22211000.0,3720000.0,4462000.0,-80022000.0,-71840000.0,-109048000.0,-35900000.0,166398000.0,-1487000.0,150913000.0,150913000.0,150913000.0,0.0,0.0,0.126,440421000.0,208858000.0,197631000.0,0.537,3.683,18.282,18.44,503896000.0,0.0,22.312,2.301,2.302,303177000.0,771887000.0,1198935000.0,1198935000.0,49329000.0,0.103,0.205,0.166,0.175,0.0,391092000.0,1.0,123649516.0,123692000,124504000.0,9.693,1467496000.0,0.0,44957000.0,106694000.0,11.864,173186000.0
61,PLL1,MRT,1999-12-31,2000-01-29,2000-01-29,2021-09-13,-25791000.0,1435989000.0,1441906750.0,688839000.0,747150000.0,0.819,5.909,-55719000.0,81945000.0,81945000.0,565617000.0,80798000.0,1.336,0.961,411238000.0,310375000.0,100863000.0,411238000.0,0.0,74771000.0,0.0,0.035,0.645,110762000.0,185533000.0,0.157,185533000.0,110762000.0,96694000.0,0.64,0.64,0.64,732405000.0,722785000.0,732405000.0,2629799112.0,24.0,14.174,124276000.0,1.003,1.0,615165000.0,0.521,0.0,14068000.0,1249496000.0,1250750000.0,203950000.0,40500000.0,40500000.0,0.0,703584000.0,515786000.0,187798000.0,2294055112.0,66669000.0,-1231000.0,-12514000.0,42825000.0,-79569000.0,-49258000.0,-62097000.0,-6500000.0,179995000.0,-1971000.0,80798000.0,80798000.0,80798000.0,0.0,0.0,0.068,505723000.0,109442000.0,179456000.0,1.008,3.132,28.392,28.906,506063000.0,0.0,18.5,1.943,1.942,283096000.0,750979000.0,1180782000.0,1180782000.0,50019000.0,0.056,0.112,0.089,0.094,0.0,391009000.0,1.0,124002979.0,123952000,124860000.0,9.526,1435989000.0,0.0,15896000.0,112890000.0,11.585,173053000.0
62,PLL1,MRT,1999-09-30,1999-10-30,1999-10-30,2021-09-13,-19128000.0,1448115000.0,1431979500.0,695532000.0,752583000.0,0.813,5.926,-66091000.0,65003000.0,65003000.0,562698000.0,62944000.0,1.331,0.968,400747000.0,298475000.0,102272000.0,400747000.0,0.0,74771000.0,0.0,0.029,0.64,87056000.0,161827000.0,0.139,161827000.0,87056000.0,73499000.0,0.5,0.5,0.5,735933000.0,730931500.0,735933000.0,3093214061.0,36.0,19.114,80516000.0,0.648,1.0,601640000.0,0.517,0.0,13557000.0,1261268000.0,1264163750.0,210252000.0,45900000.0,45900000.0,0.0,712182000.0,522591000.0,189591000.0,2723923061.0,41211000.0,-1231000.0,-4854000.0,70489000.0,-78980000.0,-13345000.0,-91565000.0,-23655000.0,146607000.0,-486000.0,62944000.0,62944000.0,62944000.0,0.0,0.0,0.054,515904000.0,85736000.0,64313000.0,1.28,3.701,43.275,43.875,514333000.0,0.0,21.938,2.339,2.34,296868000.0,737782000.0,1164338000.0,1164338000.0,53373000.0,0.044,0.086,0.069,0.075,0.0,397836000.0,1.0,124167433.0,124178000,125161000.0,9.376,1448115000.0,44967000.0,10555000.0,41917000.0,11.662,172941000.0
63,PLL1,MRT,1999-06-30,1999-07-31,1999-07-31,2021-09-13,-18496000.0,1488327000.0,1417060250.0,744189000.0,744138000.0,0.809,5.877,-65523000.0,86677000.0,86677000.0,555292000.0,51507000.0,1.333,1.037,455968000.0,339153000.0,116815000.0,455968000.0,0.0,74771000.0,0.0,0.03,0.63,71919000.0,146690000.0,0.128,146690000.0,71919000.0,58904000.0,0.41,0.41,0.41,730664000.0,740292250.0,730664000.0,2933329529.0,41.0,19.997,45538000.0,0.366,1.0,591774000.0,0.516,0.0,13015000.0,1299339000.0,1264555250.0,205867000.0,50500000.0,50500000.0,0.0,757663000.0,558279000.0,199384000.0,2613799529.0,74552000.0,-1231000.0,438000.0,146583000.0,-78311000.0,68710000.0,-105288000.0,-33700000.0,111061000.0,69000.0,51507000.0,51507000.0,51507000.0,0.0,0.0,0.045,519855000.0,71919000.0,63525000.0,1.537,3.577,50.746,51.372,507016000.0,0.0,21.062,2.279,2.283,326197000.0,729052000.0,1147066000.0,1147066000.0,56490000.0,0.036,0.07,0.057,0.063,0.0,398670000.0,1.0,124097307.0,124329000,124755000.0,9.226,1488327000.0,33412000.0,7397000.0,41379000.0,11.971,185910000.0
64,PLL1,MRT,1999-03-31,1999-05-01,1999-05-01,2021-09-13,-20704000.0,1395196000.0,1385781500.0,671329000.0,723867000.0,0.815,5.559,-74688000.0,87601000.0,87601000.0,540706000.0,40838000.0,1.286,1.016,407131000.0,303635000.0,103496000.0,407131000.0,0.0,73079000.0,0.0,0.034,0.625,57785000.0,130864000.0,0.116,130864000.0,57785000.0,45285000.0,0.33,0.33,0.33,692138000.0,749030000.0,692138000.0,2648030047.0,46.0,20.235,36823000.0,0.296,1.0,589054000.0,0.521,0.0,12500000.0,1192897000.0,1248990500.0,201570000.0,29500000.0,29500000.0,0.0,703058000.0,521829000.0,181229000.0,2298111047.0,46225000.0,2947000.0,-12973000.0,118584000.0,-77704000.0,27907000.0,-92493000.0,-4700000.0,111511000.0,-700000.0,40838000.0,40838000.0,40838000.0,0.0,0.0,0.036,531269000.0,57785000.0,54460000.0,1.894,3.32,56.274,55.871,504276000.0,0.0,18.438,2.034,2.032,289203000.0,699315000.0,1129760000.0,1129760000.0,57935000.0,0.029,0.055,0.046,0.051,0.0,408639000.0,1.0,124643311.0,124515000,124782000.0,9.073,1395196000.0,26580000.0,4447000.0,22128000.0,11.205,149500000.0
65,PLL1,MRT,1998-12-31,1999-01-30,1999-01-30,2021-09-13,-8230000.0,1396280000.0,1383772500.0,639724000.0,756556000.0,0.809,6.14,-80240000.0,15276000.0,15276000.0,503968000.0,77108000.0,1.444,0.825,365195000.0,255442000.0,109753000.0,365195000.0,0.0,73079000.0,0.0,0.027,0.62,121546000.0,194625000.0,0.174,194625000.0,121546000.0,110409000.0,0.62,0.62,0.62,764991000.0,764771000.0,764991000.0,3184019953.0,26.0,16.36,58356000.0,0.468,1.0,615067000.0,0.55,0.0,11137000.0,1303151000.0,1259484250.0,239867000.0,34000000.0,34000000.0,0.0,631289000.0,443048000.0,188241000.0,2884919953.0,4462000.0,-64747000.0,-53000.0,77547000.0,-76979000.0,515000.0,-134201000.0,23700000.0,138596000.0,-448000.0,77108000.0,77108000.0,77108000.0,0.0,0.0,0.069,493521000.0,121546000.0,55562000.0,1.0,3.771,37.414,37.399,530569000.0,0.0,23.188,2.578,2.582,292191000.0,751295000.0,1119035000.0,1119035000.0,59754000.0,0.056,0.101,0.097,0.109,0.0,406767000.0,1.0,124417033.0,124595000,125067000.0,8.981,1396280000.0,22598000.0,33301000.0,38938000.0,11.207,196676000.0
66,PLL1,MRT,1998-09-30,1998-10-31,1998-10-31,2021-09-13,-3814000.0,1388438000.0,1361540500.0,639002000.0,749436000.0,0.808,6.232,-76088000.0,23792000.0,23792000.0,485588000.0,88680000.0,1.505,0.795,322892000.0,210032000.0,112860000.0,322892000.0,0.0,73079000.0,0.0,0.024,0.615,136980000.0,210059000.0,0.191,210059000.0,136980000.0,127150000.0,0.71,0.71,0.71,773376000.0,762752000.0,773376000.0,3421487800.0,25.0,16.288,64535000.0,0.52,1.0,614196000.0,0.558,0.0,9830000.0,1262834000.0,1237255000.0,245472000.0,22300000.0,22300000.0,0.0,615062000.0,424704000.0,190358000.0,3137236800.0,-7641000.0,-64747000.0,-32204000.0,93752000.0,-75501000.0,-13953000.0,-133451000.0,28100000.0,140623000.0,-860000.0,88680000.0,88680000.0,88680000.0,0.0,0.0,0.081,477216000.0,136980000.0,59469000.0,0.866,4.057,35.377,35.563,529156000.0,0.0,25.25,2.853,2.849,287962000.0,756477000.0,1099784000.0,1099784000.0,59285000.0,0.065,0.116,0.111,0.125,0.0,398709000.0,1.0,124247002.0,124107000,124618000.0,8.862,1388438000.0,23520000.0,38470000.0,42102000.0,11.187,214298000.0
67,PLL1,MRT,1998-06-30,1998-08-01,1998-08-01,2021-09-13,-10580000.0,1363212000.0,1339373750.0,602489000.0,760723000.0,0.812,6.121,-81449000.0,12125000.0,12125000.0,473859000.0,93633000.0,1.468,0.781,296376000.0,184907000.0,111469000.0,296376000.0,0.0,73079000.0,0.0,0.027,0.605,142855000.0,215934000.0,0.199,215934000.0,142855000.0,134985000.0,0.75,0.75,0.75,765615000.0,767983500.0,765615000.0,3034412375.0,21.0,14.052,79333000.0,0.634,1.0,613426000.0,0.564,0.0,7870000.0,1237080000.0,1215621500.0,227254000.0,16800000.0,16800000.0,0.0,597597000.0,410383000.0,187214000.0,2789913375.0,-5847000.0,-64747000.0,-75892000.0,115049000.0,-56299000.0,-17142000.0,-148137000.0,20700000.0,160782000.0,-1350000.0,93633000.0,93633000.0,93633000.0,0.0,0.0,0.086,470571000.0,142855000.0,66773000.0,0.807,3.644,29.796,30.0,520592000.0,0.0,22.5,2.566,2.588,291535000.0,764927000.0,1087285000.0,1087285000.0,58540000.0,0.07,0.122,0.118,0.131,0.0,392809000.0,1.0,123996150.0,125070000,125681000.0,8.693,1363212000.0,22856000.0,41352000.0,59746000.0,10.9,192106000.0
68,PLL1,MRT,1998-03-31,1998-05-02,1998-05-02,2021-09-13,-8557000.0,1387160000.0,1314976750.0,671222000.0,715938000.0,0.818,6.08,-77388000.0,41376000.0,41376000.0,465225000.0,97177000.0,1.692,0.837,285875000.0,135916000.0,149959000.0,285875000.0,0.0,62826000.0,0.0,0.03,0.59,148215000.0,211041000.0,0.196,211041000.0,148215000.0,142428000.0,0.77,0.76,0.77,755102000.0,782788000.0,755102000.0,2712943738.0,18.0,12.855,112332000.0,0.905,1.0,610420000.0,0.567,0.0,5787000.0,1234872000.0,1190701500.0,230116000.0,24800000.0,24800000.0,0.0,632058000.0,396787000.0,235271000.0,2443031738.0,17223000.0,-62094000.0,-65020000.0,76863000.0,-72659000.0,-60816000.0,-111080000.0,51500000.0,189720000.0,-601000.0,97177000.0,97177000.0,97177000.0,0.0,0.0,0.09,462205000.0,148215000.0,63031000.0,0.766,3.235,25.14,25.568,519345000.0,0.0,19.688,2.271,2.273,275495000.0,744774000.0,1075645000.0,1075645000.0,58204000.0,0.074,0.124,0.124,0.138,0.0,384779000.0,1.0,124090501.0,124186000,124742000.0,8.662,1387160000.0,66473000.0,45251000.0,60481000.0,11.17,274435000.0
69,PLL1,MRT,1997-12-31,1998-01-31,1998-01-31,2021-09-13,-13579000.0,1307352000.0,1281270500.0,622018000.0,685334000.0,0.829,6.069,-77536000.0,10814000.0,10814000.0,481533000.0,67026000.0,1.713,0.727,280726000.0,174812000.0,105914000.0,280726000.0,0.0,62826000.0,0.0,0.029,0.575,85955000.0,148781000.0,0.14,148781000.0,85955000.0,81796000.0,0.53,0.52,0.53,756915000.0,793084750.0,756915000.0,2680932948.0,31.0,18.019,52661000.0,0.422,1.0,580280000.0,0.546,0.0,4159000.0,1214234000.0,1160440500.0,207094000.0,57700000.0,57700000.0,0.0,550437000.0,363030000.0,187407000.0,2487533948.0,-20574000.0,0.0,-57827000.0,57377000.0,-69625000.0,-70075000.0,-80582000.0,29300000.0,130197000.0,-114000.0,67026000.0,67026000.0,67026000.0,0.0,0.0,0.063,494325000.0,85955000.0,58678000.0,1.085,3.286,37.113,37.618,507516000.0,0.0,19.938,2.343,2.342,246439000.0,758219000.0,1061813000.0,1061813000.0,56694000.0,0.052,0.085,0.074,0.081,0.0,375339000.0,1.0,124766593.0,124714000,125461000.0,8.514,1307352000.0,59524000.0,14770000.0,57819000.0,10.483,258988000.0
70,PLL1,MRT,1997-09-30,1997-11-01,1997-11-01,2021-09-13,-2743000.0,1299771000.0,1253056500.0,625413000.0,674358000.0,0.849,6.257,-84361000.0,31433000.0,31433000.0,475776000.0,68448000.0,1.974,0.636,224832000.0,115234000.0,109598000.0,224832000.0,0.0,62826000.0,0.0,0.027,0.56,88982000.0,151808000.0,0.143,151808000.0,88982000.0,85814000.0,0.54,0.53,0.54,794302000.0,794004250.0,794302000.0,2808813677.0,32.0,18.502,42063000.0,0.331,1.0,587792000.0,0.553,0.0,3168000.0,1176300000.0,1128481500.0,203579000.0,50400000.0,50400000.0,0.0,505469000.0,316870000.0,188599000.0,2636008677.0,10772000.0,0.0,-9008000.0,40622000.0,-65928000.0,-34314000.0,-81216000.0,24500000.0,126424000.0,-122000.0,68448000.0,68448000.0,68448000.0,0.0,0.0,0.064,498810000.0,88982000.0,55308000.0,1.037,3.319,38.511,38.31,511650000.0,0.0,20.688,2.478,2.469,248522000.0,750321000.0,1063568000.0,1063568000.0,54799000.0,0.055,0.086,0.079,0.084,0.0,373941000.0,1.0,127420359.0,126956000,127609000.0,8.377,1299771000.0,62051000.0,17366000.0,53530000.0,10.238,308543000.0
71,PLL1,MRT,1997-06-30,1997-08-02,1997-08-02,2021-09-13,-9122000.0,1265624000.0,1278405000.0,606604000.0,659020000.0,0.831,6.53,-87305000.0,17972000.0,17972000.0,468413000.0,67318000.0,2.015,0.534,190777000.0,128651000.0,62126000.0,190777000.0,0.0,62826000.0,0.0,0.017,0.42,88963000.0,151789000.0,0.143,151789000.0,88963000.0,86127000.0,0.53,0.53,0.53,824833000.0,810910500.0,824833000.0,3354743084.0,38.0,22.101,11426000.0,0.09,1.0,593595000.0,0.559,0.0,2836000.0,1137400000.0,1117854500.0,198080000.0,37500000.0,37500000.0,0.0,440791000.0,301029000.0,139762000.0,3164735084.0,-26146000.0,0.0,32780000.0,-8680000.0,-80061000.0,-55961000.0,-68539000.0,33950000.0,98731000.0,-377000.0,67318000.0,67318000.0,67318000.0,0.0,0.0,0.063,504632000.0,88963000.0,53200000.0,0.792,3.837,47.012,46.934,504046000.0,0.0,24.875,2.98,2.959,266604000.0,749923000.0,1062008000.0,1062008000.0,53747000.0,0.053,0.083,0.08,0.084,0.0,376904000.0,1.0,127225531.0,126319000,127470000.0,8.407,1265624000.0,61233000.0,18809000.0,55298000.0,10.019,305575000.0
72,PLL1,MRT,1997-03-31,1997-05-03,1997-05-03,2021-09-13,-9332000.0,1252335000.0,,609546000.0,642789000.0,,6.286,-98430000.0,24153000.0,24153000.0,469150000.0,72668000.0,1.855,0.573,214161000.0,158159000.0,56002000.0,214161000.0,0.0,57845000.0,0.0,0.012,0.28,99124000.0,156969000.0,0.145,156969000.0,99124000.0,96247000.0,0.58,,0.58,796289000.0,,796289000.0,3105922355.0,31.0,19.787,9300000.0,0.073,1.0,612471000.0,0.566,0.0,2877000.0,1113828000.0,,201201000.0,76300000.0,76300000.0,0.0,456046000.0,328515000.0,127531000.0,2908715355.0,-27406000.0,43017000.0,22458000.0,16297000.0,-58552000.0,-19797000.0,-115507000.0,-7440000.0,107730000.0,168000.0,72668000.0,72668000.0,72668000.0,0.0,0.0,0.067,513347000.0,99124000.0,49523000.0,0.483,3.653,40.027,39.655,497422000.0,0.0,23.0,2.689,2.694,250191000.0,726311000.0,1081621000.0,1081621000.0,53659000.0,,,,0.092,0.0,382907000.0,1.0,126465885.0,126684000,,8.538,1252335000.0,15250000.0,23579000.0,20326000.0,9.886,281031000.0
73,PLL1,MRT,1996-12-31,1997-02-01,1997-02-01,2021-09-13,-6877000.0,1194496000.0,,576456000.0,618040000.0,,6.038,-95311000.0,24543000.0,24543000.0,439747000.0,135470000.0,1.888,0.57,221750000.0,170673000.0,51077000.0,221750000.0,0.0,57845000.0,0.0,0.006,0.14,196309000.0,254154000.0,0.235,254154000.0,196309000.0,193171000.0,1.08,,1.08,760593000.0,,760593000.0,,,,35850000.0,0.285,1.0,643911000.0,0.594,0.0,3138000.0,1086398000.0,,208714000.0,87000000.0,87000000.0,0.0,433903000.0,305305000.0,128598000.0,2845482412.0,-2345000.0,43017000.0,20736000.0,21769000.0,-56426000.0,-13921000.0,-119085000.0,-17650000.0,131161000.0,-500000.0,135470000.0,135470000.0,135470000.0,0.0,0.0,0.125,447602000.0,196309000.0,42680000.0,0.13,3.741,21.005,20.833,478378000.0,0.0,22.5,2.626,2.616,212416000.0,743221000.0,1083658000.0,1083658000.0,54033000.0,,,,0.181,0.0,386858000.0,1.0,126465885.0,125974000,,8.602,1194496000.0,17502000.0,57701000.0,49050000.0,9.482,271151000.0
74,PLL1,MRT,1996-09-30,1996-11-02,1996-11-02,2021-09-13,,,,,,,,,,,425608000.0,138588000.0,,,,,,,,,,0.0,0.0,201443000.0,,,,201443000.0,198176000.0,1.13,,1.13,,,,,,,,,1.0,636607000.0,0.599,,3267000.0,,,,,,,,,,,,,,,,,,,,,138588000.0,138588000.0,138588000.0,0.0,0.0,0.13,435164000.0,201443000.0,,0.0,,,22.788,,0.0,25.75,,3.041,,,1062215000.0,1062215000.0,53027000.0,,,,0.19,,375426000.0,1.0,,125437000,,8.468,,,59588000.0,,,
75,PLL1,MRT,1996-06-30,1996-08-03,1996-08-03,2021-09-13,-2797000.0,1291186000.0,,651201000.0,639985000.0,,6.37,-83039000.0,44118000.0,44118000.0,429728000.0,142834000.0,1.807,0.62,211699000.0,157283000.0,54416000.0,211699000.0,0.0,57845000.0,0.0,0.0,0.0,207324000.0,265169000.0,0.247,265169000.0,207324000.0,203737000.0,1.14,1.13,1.14,796988000.0,,796988000.0,,,,75966000.0,0.607,1.0,642705000.0,0.599,0.0,3587000.0,1098309000.0,,205515000.0,71450000.0,71450000.0,0.0,494198000.0,360458000.0,133740000.0,,3195000.0,0.0,8211000.0,18270000.0,-52224000.0,-25743000.0,-128780000.0,1400000.0,159005000.0,-1287000.0,142834000.0,142834000.0,142834000.0,0.0,0.0,0.133,435381000.0,207324000.0,66060000.0,0.0,,,21.711,498029000.0,0.0,24.75,,2.887,268599000.0,755864000.0,1072433000.0,1072433000.0,53772000.0,,,,0.193,0.0,378809000.0,1.0,,125114000,126730000.0,8.572,1291186000.0,36188000.0,60903000.0,77419000.0,10.32,290743000.0
76,PLL1,MRT,1996-03-31,1996-04-27,1996-04-27,2021-09-13,,,,,,,,,,,,,,,,,,,,,,0.0,0.0,,,,,,,,,,,,,,,,,,1.0,,,,,,,,,,,,,,,,,,,,,,,,,,,,,,,,,,,,,,,,28.5,,,,,,,,,,,,,,1.0,,125373000,,,,,,,,
77,PLL1,MRT,1995-12-31,1996-01-27,1996-01-27,2021-09-13,,,,,,,,,,,,,,,,,,,,,,0.0,0.0,,,,,,,,,,,,,,,,,,1.0,,,,,,,,,,,,,,,,,,,,,,,,,,,,,,,,,,,,,,,,26.625,,,,,,,,,,,,,,1.0,,114624000,,,,,,,,
78,PLL1,MRT,1995-06-30,1995-07-29,1995-07-29,2021-09-13,,,,,,,,-69738000.0,,,355159000.0,125058000.0,,,,,,,,50555000.0,,0.0,0.0,181018000.0,231573000.0,0.25,231573000.0,181018000.0,176911000.0,1.0,,1.0,,,,,,,92548000.0,0.743,1.0,571167000.0,0.617,,4107000.0,,,,,,,,,,,1174000.0,-230000.0,-25545000.0,1682000.0,-45564000.0,-69427000.0,-94617000.0,-22050000.0,162286000.0,2932000.0,125058000.0,125058000.0,125058000.0,0.0,0.0,0.135,389369000.0,181798000.0,,0.0,,,22.875,,0.0,22.875,,3.078,,,926326000.0,926326000.0,50640000.0,,,,0.195,0.0,338729000.0,1.0,,124624000,,7.433,,,51853000.0,,,
