None,ticker,dimension,calendardate,datekey,reportperiod,lastupdated,accoci,assets,assetsavg,assetsc,assetsnc,assetturnover,bvps,capex,cashneq,cashnequsd,cor,consolinc,currentratio,de,debt,debtc,debtnc,debtusd,deferredrev,depamor,deposits,divyield,dps,ebit,ebitda,ebitdamargin,ebitdausd,ebitusd,ebt,eps,epsdil,epsusd,equity,equityavg,equityusd,ev,evebit,evebitda,fcf,fcfps,fxusd,gp,grossmargin,intangibles,intexp,invcap,invcapavg,inventory,investments,investmentsc,investmentsnc,liabilities,liabilitiesc,liabilitiesnc,marketcap,ncf,ncfbus,ncfcommon,ncfdebt,ncfdiv,ncff,ncfi,ncfinv,ncfo,ncfx,netinc,netinccmn,netinccmnusd,netincdis,netincnci,netmargin,opex,opinc,payables,payoutratio,pb,pe,pe1,ppnenet,prefdivis,price,ps,ps1,receivables,retearn,revenue,revenueusd,rnd,roa,roe,roic,ros,sbcomp,sgna,sharefactor,sharesbas,shareswa,shareswadil,sps,tangibles,taxassets,taxexp,taxliabilities,tbvps,workingcapital
0,AES,MRY,2020-12-31,2020-12-31,2020-12-31,2021-08-04,-2397000000.0,34603000000.0,34394500000.0,5414000000.0,29189000000.0,0.281,3.96,-1900000000.0,1386000000.0,1386000000.0,6967000000.0,152000000.0,1.01,11.345,19881000000.0,1430000000.0,18451000000.0,19881000000.0,438000000.0,1068000000.0,0.0,0.024,0.573,1300000000.0,2368000000.0,0.245,2368000000.0,1300000000.0,262000000.0,0.07,0.07,0.07,2634000000.0,2409750000.0,2634000000.0,35097581978.0,27.0,14.822,855000000.0,1.285,1.0,2693000000.0,0.279,1888000000.0,1038000000.0,45848000000.0,46382250000.0,461000000.0,1170000000.0,335000000.0,835000000.0,29883000000.0,5362000000.0,24521000000.0,15630581978.0,255000000.0,-299000000.0,0.0,478000000.0,-381000000.0,-78000000.0,-2295000000.0,-26000000.0,2755000000.0,-24000000.0,46000000.0,46000000.0,46000000.0,0.0,106000000.0,0.005,1082000000.0,1611000000.0,1156000000.0,8.186,5.934,339.795,335.714,22826000000.0,0.0,23.5,1.618,1.618,1300000000.0,-680000000.0,9660000000.0,9660000000.0,0.0,0.001,0.019,0.028,0.135,0.0,165000000.0,1.0,665131148.0,665131148.0,,14.523,32715000000.0,288000000.0,216000000.0,1357000000.0,49.186,52000000.0
1,AES,MRY,2019-12-31,2019-12-31,2019-12-31,2021-08-04,-2229000000.0,33648000000.0,33445000000.0,5231000000.0,28417000000.0,0.305,4.513,-2405000000.0,1365000000.0,1365000000.0,7840000000.0,478000000.0,1.026,9.486,20173000000.0,1868000000.0,18305000000.0,20173000000.0,34000000.0,1045000000.0,0.0,0.027,0.546,1705000000.0,2750000000.0,0.27,2750000000.0,1705000000.0,655000000.0,0.46,0.45,0.46,2996000000.0,3144500000.0,2996000000.0,31372463854.0,18.0,11.408,61000000.0,0.092,1.0,2349000000.0,0.231,1528000000.0,1050000000.0,45832000000.0,45520500000.0,487000000.0,2717000000.0,400000000.0,2317000000.0,28419000000.0,5096000000.0,23323000000.0,13211463854.0,-431000000.0,-338000000.0,0.0,692000000.0,-362000000.0,-86000000.0,-2721000000.0,-104000000.0,2466000000.0,-18000000.0,303000000.0,303000000.0,303000000.0,0.0,175000000.0,0.03,461000000.0,1888000000.0,1311000000.0,1.187,4.41,43.602,43.261,22574000000.0,0.0,19.9,1.297,1.297,1479000000.0,-692000000.0,10189000000.0,10189000000.0,0.0,0.009,0.096,0.037,0.167,0.0,196000000.0,1.0,663892656.0,663892656.0,,15.347,32120000000.0,156000000.0,352000000.0,1466000000.0,48.381,135000000.0
2,AES,MRY,2018-12-31,2018-12-31,2018-12-31,2021-08-04,-2071000000.0,32521000000.0,32545000000.0,5015000000.0,27506000000.0,0.33,4.844,-2121000000.0,1536000000.0,1536000000.0,8163000000.0,1565000000.0,1.14,8.391,19295000000.0,1659000000.0,17636000000.0,19295000000.0,0.0,1003000000.0,0.0,0.036,0.52,2967000000.0,3970000000.0,0.37,3970000000.0,2967000000.0,1911000000.0,1.82,1.81,1.82,3208000000.0,3253750000.0,3208000000.0,27344821546.0,9.0,6.888,222000000.0,0.335,1.0,2573000000.0,0.24,1495000000.0,1056000000.0,44386000000.0,44686750000.0,577000000.0,2850000000.0,313000000.0,2537000000.0,26917000000.0,4399000000.0,22518000000.0,9576821546.0,215000000.0,1809000000.0,0.0,-1064000000.0,-344000000.0,-1643000000.0,-505000000.0,-109000000.0,2343000000.0,-54000000.0,1203000000.0,1203000000.0,1203000000.0,0.0,362000000.0,0.112,458000000.0,2115000000.0,1329000000.0,0.286,2.985,7.961,7.945,21396000000.0,0.0,14.46,0.892,0.892,1595000000.0,-1005000000.0,10736000000.0,10736000000.0,0.0,0.037,0.37,0.066,0.276,0.0,192000000.0,1.0,662297479.0,662297479.0,,16.21,31026000000.0,97000000.0,708000000.0,1530000000.0,46.846,616000000.0
3,AES,MRY,2017-12-31,2017-12-31,2017-12-31,2021-08-04,-1876000000.0,33112000000.0,36230750000.0,6398000000.0,26714000000.0,0.291,3.733,-2177000000.0,1223000000.0,1223000000.0,8065000000.0,-777000000.0,1.061,11.467,19965000000.0,2164000000.0,17801000000.0,19965000000.0,0.0,1169000000.0,0.0,0.044,0.48,999000000.0,2168000000.0,0.206,2168000000.0,999000000.0,-171000000.0,-1.76,-1.76,-1.76,2465000000.0,2915750000.0,2465000000.0,27349986510.0,27.0,12.615,327000000.0,0.495,1.0,2465000000.0,0.234,1425000000.0,1170000000.0,44401000000.0,47773500000.0,562000000.0,1621000000.0,424000000.0,1197000000.0,28267000000.0,6028000000.0,22239000000.0,7151986510.0,-128000000.0,-590000000.0,0.0,769000000.0,-317000000.0,43000000.0,-2599000000.0,230000000.0,2504000000.0,8000000.0,-1161000000.0,-1161000000.0,-1161000000.0,0.0,384000000.0,-0.11,810000000.0,1655000000.0,1371000000.0,-0.273,2.901,-6.16,-6.153,20296000000.0,0.0,10.83,0.679,0.679,1463000000.0,-2276000000.0,10530000000.0,10530000000.0,0.0,-0.032,-0.398,0.021,0.095,0.0,215000000.0,1.0,660386566.0,660386566.0,,15.945,31687000000.0,130000000.0,990000000.0,1258000000.0,47.983,370000000.0
4,AES,MRY,2016-12-31,2016-12-31,2016-12-31,2021-08-04,-2756000000.0,36124000000.0,36776500000.0,6416000000.0,29708000000.0,0.28,4.239,-2345000000.0,1521000000.0,1521000000.0,7898000000.0,-777000000.0,1.216,10.889,19454000000.0,1052000000.0,18402000000.0,19454000000.0,0.0,1176000000.0,0.0,0.038,0.44,36000000.0,1212000000.0,0.118,1212000000.0,36000000.0,-1098000000.0,-1.72,-1.72,-1.72,2794000000.0,2910750000.0,2794000000.0,26874624423.0,747.0,22.174,552000000.0,0.837,1.0,2383000000.0,0.232,1444000000.0,1134000000.0,47336000000.0,48312250000.0,622000000.0,1151000000.0,530000000.0,621000000.0,30424000000.0,5277000000.0,25147000000.0,7659624423.0,-42000000.0,486000000.0,-79000000.0,-77000000.0,-290000000.0,-747000000.0,-2136000000.0,-253000000.0,2897000000.0,37000000.0,-1130000000.0,-1130000000.0,-1130000000.0,0.0,353000000.0,-0.11,1370000000.0,1013000000.0,1238000000.0,-0.256,2.741,-6.778,-6.756,20415000000.0,0.0,11.62,0.745,0.745,1421000000.0,-1146000000.0,10281000000.0,10281000000.0,0.0,-0.031,-0.388,0.001,0.004,0.0,194000000.0,1.0,659175940.0,659175940.0,,15.597,34680000000.0,227000000.0,32000000.0,804000000.0,52.611,1139000000.0
5,AES,MRY,2015-12-31,2015-12-31,2015-12-31,2021-08-04,-3883000000.0,36470000000.0,37512750000.0,6842000000.0,29628000000.0,0.3,4.68,-2308000000.0,1552000000.0,1552000000.0,8597000000.0,762000000.0,0.988,9.622,20081000000.0,2172000000.0,17909000000.0,20081000000.0,0.0,1144000000.0,0.0,0.042,0.4,1863000000.0,3007000000.0,0.267,3007000000.0,1863000000.0,718000000.0,0.45,0.44,0.45,3149000000.0,3650500000.0,3149000000.0,25359290881.0,14.0,8.433,-174000000.0,-0.259,1.0,2663000000.0,0.237,1497000000.0,1145000000.0,46576000000.0,48103250000.0,671000000.0,1079000000.0,469000000.0,610000000.0,30299000000.0,6926000000.0,23373000000.0,6439290881.0,-231000000.0,121000000.0,-482000000.0,468000000.0,-276000000.0,28000000.0,-2366000000.0,47000000.0,2134000000.0,-52000000.0,306000000.0,306000000.0,306000000.0,0.0,456000000.0,0.027,822000000.0,1841000000.0,1571000000.0,0.889,2.045,21.043,21.267,22022000000.0,0.0,9.57,0.572,0.572,2302000000.0,143000000.0,11260000000.0,11260000000.0,0.0,0.008,0.084,0.039,0.165,0.0,196000000.0,1.0,672862161.0,672862161.0,,16.734,34973000000.0,410000000.0,412000000.0,1090000000.0,51.976,-84000000.0
6,AES,MRY,2014-12-31,2014-12-31,2014-12-31,2021-08-04,-3286000000.0,38966000000.0,39588750000.0,7826000000.0,31140000000.0,0.407,5.991,-2016000000.0,1822000000.0,1822000000.0,13144000000.0,1147000000.0,1.118,7.407,20858000000.0,2133000000.0,18725000000.0,20858000000.0,0.0,1245000000.0,0.0,0.015,0.2,2591000000.0,3836000000.0,0.238,3836000000.0,2591000000.0,1140000000.0,1.07,1.06,1.07,4272000000.0,4268250000.0,4272000000.0,28727648322.0,11.0,7.489,-225000000.0,-0.316,1.0,2980000000.0,0.185,1739000000.0,1451000000.0,49266000000.0,49978500000.0,702000000.0,1246000000.0,709000000.0,537000000.0,31641000000.0,6997000000.0,24644000000.0,9818648322.0,-119000000.0,1079000000.0,-308000000.0,-420000000.0,-144000000.0,-1262000000.0,-656000000.0,-120000000.0,1791000000.0,-51000000.0,769000000.0,769000000.0,769000000.0,0.0,378000000.0,0.048,507000000.0,2473000000.0,2278000000.0,0.187,2.298,12.768,12.869,25151000000.0,0.0,13.77,0.609,0.609,2709000000.0,512000000.0,16124000000.0,16124000000.0,0.0,0.019,0.18,0.052,0.161,0.0,187000000.0,1.0,713046356.0,713046356.0,,22.613,37227000000.0,937000000.0,371000000.0,1277000000.0,52.208,829000000.0
7,AES,MRY,2013-12-31,2013-12-31,2013-12-31,2021-08-04,-2882000000.0,40411000000.0,41303750000.0,7739000000.0,32672000000.0,0.385,5.833,-1988000000.0,2239000000.0,2239000000.0,12644000000.0,551000000.0,1.011,7.566,21049000000.0,2180000000.0,18869000000.0,21049000000.0,0.0,1294000000.0,0.0,0.011,0.16,1939000000.0,3233000000.0,0.203,3233000000.0,1939000000.0,457000000.0,0.15,0.15,0.15,4330000000.0,4631250000.0,4330000000.0,29156166439.0,15.0,9.018,727000000.0,0.979,1.0,3247000000.0,0.204,1919000000.0,1482000000.0,49649000000.0,49424500000.0,684000000.0,1678000000.0,668000000.0,1010000000.0,32760000000.0,7653000000.0,25107000000.0,10771166439.0,-258000000.0,163000000.0,-322000000.0,-186000000.0,-119000000.0,-1136000000.0,-1774000000.0,-82000000.0,2715000000.0,-59000000.0,114000000.0,114000000.0,114000000.0,0.0,437000000.0,0.007,763000000.0,2484000000.0,2259000000.0,1.067,2.488,94.484,96.733,25112000000.0,0.0,14.51,0.678,0.678,2363000000.0,-150000000.0,15891000000.0,15891000000.0,0.0,0.003,0.025,0.039,0.122,0.0,220000000.0,1.0,742327115.0,742327115.0,,21.407,38492000000.0,832000000.0,343000000.0,1119000000.0,51.853,86000000.0
8,AES,MRY,2012-12-31,2012-12-31,2012-12-31,2021-08-04,-2920000000.0,41830000000.0,42841500000.0,8465000000.0,33365000000.0,0.401,6.141,-2108000000.0,2634000000.0,2634000000.0,13581000000.0,-357000000.0,1.018,7.511,20721000000.0,2505000000.0,18216000000.0,20721000000.0,0.0,1394000000.0,0.0,0.004,0.04,1317000000.0,2711000000.0,0.158,2711000000.0,1317000000.0,-227000000.0,-1.21,-1.21,-1.21,4569000000.0,5401250000.0,4569000000.0,26842383663.0,20.0,9.901,793000000.0,1.066,1.0,3583000000.0,0.209,2323000000.0,1544000000.0,49275000000.0,50913750000.0,719000000.0,1889000000.0,693000000.0,1196000000.0,34316000000.0,8319000000.0,25997000000.0,7960383663.0,276000000.0,619000000.0,-301000000.0,-652000000.0,-30000000.0,-1867000000.0,-895000000.0,441000000.0,2901000000.0,5000000.0,-912000000.0,-912000000.0,-912000000.0,0.0,555000000.0,-0.053,2246000000.0,1337000000.0,2545000000.0,-0.033,1.742,-8.728,-8.843,24635000000.0,0.0,10.7,0.464,0.464,2539000000.0,-264000000.0,17164000000.0,17164000000.0,0.0,-0.021,-0.169,0.026,0.077,0.0,274000000.0,1.0,743961090.0,743961090.0,,23.071,39507000000.0,1139000000.0,685000000.0,1179000000.0,53.104,146000000.0
9,AES,MRY,2011-12-31,2011-12-31,2011-12-31,2021-08-04,-2758000000.0,45346000000.0,42341000000.0,9229000000.0,36117000000.0,0.38,7.747,-2430000000.0,2172000000.0,2172000000.0,12058000000.0,1530000000.0,1.094,5.99,22020000000.0,2428000000.0,19592000000.0,22020000000.0,0.0,1262000000.0,0.0,0.0,0.0,2244000000.0,3506000000.0,0.218,3506000000.0,2244000000.0,714000000.0,0.07,0.07,0.07,5946000000.0,6470500000.0,5946000000.0,25778771126.0,11.0,7.353,454000000.0,0.591,1.0,4040000000.0,0.251,4365000000.0,1530000000.0,52391000000.0,50002750000.0,775000000.0,2778000000.0,1356000000.0,1422000000.0,35617000000.0,8438000000.0,27179000000.0,9087771126.0,-736000000.0,-2639000000.0,-279000000.0,2981000000.0,0.0,1412000000.0,-4906000000.0,259000000.0,2884000000.0,-122000000.0,58000000.0,58000000.0,58000000.0,0.0,1472000000.0,0.004,622000000.0,3418000000.0,2008000000.0,0.0,1.528,156.686,169.143,25001000000.0,0.0,11.84,0.565,0.565,2522000000.0,678000000.0,16098000000.0,16098000000.0,0.0,0.001,0.009,0.045,0.139,0.0,346000000.0,1.0,767548237.0,767548237.0,,20.973,40981000000.0,1169000000.0,656000000.0,1321000000.0,53.392,791000000.0
10,AES,MRY,2010-12-31,2010-12-31,2010-12-31,2021-08-04,-2383000000.0,40511000000.0,41218500000.0,9446000000.0,31065000000.0,0.375,8.213,-2310000000.0,2929000000.0,2929000000.0,11623000000.0,1059000000.0,1.171,4.65,18788000000.0,2996000000.0,15792000000.0,18788000000.0,0.0,1178000000.0,0.0,0.0,0.0,2051000000.0,3229000000.0,0.209,3229000000.0,2051000000.0,602000000.0,0.01,0.01,0.01,6473000000.0,6574250000.0,6473000000.0,26117055661.0,13.0,8.088,1155000000.0,1.466,1.0,3820000000.0,0.247,1719000000.0,1449000000.0,46586000000.0,48629000000.0,552000000.0,3038000000.0,1718000000.0,1320000000.0,30098000000.0,8065000000.0,22033000000.0,9599055661.0,761000000.0,375000000.0,1468000000.0,-841000000.0,0.0,-706000000.0,-2040000000.0,26000000.0,3465000000.0,8000000.0,9000000.0,9000000.0,9000000.0,0.0,1050000000.0,0.001,948000000.0,2872000000.0,1988000000.0,0.0,1.483,1066.562,1218.0,23429000000.0,0.0,12.18,0.622,0.622,2283000000.0,620000000.0,15443000000.0,15443000000.0,0.0,0.0,0.001,0.042,0.133,0.0,391000000.0,1.0,788099808.0,788099808.0,,19.595,38792000000.0,889000000.0,593000000.0,892000000.0,49.222,1381000000.0
11,AES,MRY,2009-12-31,2009-12-31,2009-12-31,2021-08-04,-2724000000.0,39535000000.0,37763000000.0,8787000000.0,30748000000.0,0.347,7.003,-2520000000.0,2189000000.0,2189000000.0,9753000000.0,1755000000.0,1.327,6.557,19537000000.0,1932000000.0,17605000000.0,19537000000.0,0.0,1049000000.0,0.0,0.063,0.844,2676000000.0,3725000000.0,0.284,3725000000.0,2676000000.0,1215000000.0,0.99,0.98,0.99,4675000000.0,4391250000.0,4675000000.0,26015527015.0,10.0,6.984,-309000000.0,-0.463,1.0,3357000000.0,0.256,1809000000.0,1461000000.0,48453000000.0,47127250000.0,560000000.0,2805000000.0,1648000000.0,1157000000.0,30655000000.0,6621000000.0,24034000000.0,8885527015.0,908000000.0,-16000000.0,0.0,1349000000.0,0.0,610000000.0,-1917000000.0,123000000.0,2211000000.0,22000000.0,658000000.0,658000000.0,658000000.0,49000000.0,1097000000.0,0.05,585000000.0,2772000000.0,1862000000.0,0.853,1.901,13.504,13.444,23796000000.0,0.0,13.31,0.678,0.678,2142000000.0,650000000.0,13110000000.0,13110000000.0,0.0,0.017,0.15,0.057,0.204,0.0,339000000.0,1.0,667582796.0,667582796.0,,19.638,37726000000.0,797000000.0,557000000.0,1090000000.0,56.511,2166000000.0
12,AES,MRY,2008-12-31,2008-12-31,2008-12-31,2021-08-04,-3018000000.0,34806000000.0,36329750000.0,7316000000.0,27490000000.0,0.418,5.54,-2850000000.0,1603000000.0,1603000000.0,11629000000.0,2032000000.0,1.412,7.571,17690000000.0,1071000000.0,16619000000.0,17690000000.0,0.0,1001000000.0,0.0,0.0,0.0,3775000000.0,4776000000.0,0.314,4776000000.0,3775000000.0,2005000000.0,1.84,1.82,1.84,3669000000.0,3877000000.0,3669000000.0,21841734733.0,6.0,4.573,-690000000.0,-1.042,1.0,3568000000.0,0.235,1921000000.0,1770000000.0,43790000000.0,45128750000.0,547000000.0,2283000000.0,1382000000.0,901000000.0,27779000000.0,5182000000.0,22597000000.0,5456734733.0,-1155000000.0,193000000.0,-143000000.0,784000000.0,0.0,362000000.0,-3581000000.0,-732000000.0,2160000000.0,-96000000.0,1234000000.0,1234000000.0,1234000000.0,-103000000.0,798000000.0,0.081,704000000.0,2864000000.0,1033000000.0,0.0,1.487,4.422,4.478,20879000000.0,0.0,8.24,0.359,0.359,2095000000.0,-8000000.0,15197000000.0,15197000000.0,0.0,0.034,0.318,0.084,0.248,0.0,368000000.0,1.0,662225089.0,662225089.0,,22.948,32885000000.0,745000000.0,771000000.0,1115000000.0,49.658,2134000000.0
13,AES,MRY,2007-12-31,2007-12-31,2007-12-31,2021-08-04,-2378000000.0,34453000000.0,33118000000.0,8336000000.0,26117000000.0,0.393,4.728,-2425000000.0,2565000000.0,2565000000.0,9716000000.0,357000000.0,1.521,9.889,17990000000.0,1365000000.0,16625000000.0,17990000000.0,0.0,942000000.0,0.0,0.0,0.0,2336000000.0,3278000000.0,0.252,3278000000.0,2336000000.0,581000000.0,-0.14,-0.14,-0.14,3164000000.0,2972500000.0,3164000000.0,29246413925.0,13.0,8.922,-71000000.0,-0.106,1.0,3298000000.0,0.253,1882000000.0,1755000000.0,42514000000.0,40879250000.0,476000000.0,2036000000.0,1306000000.0,730000000.0,31289000000.0,5482000000.0,25807000000.0,14315413925.0,697000000.0,821000000.0,0.0,646000000.0,0.0,244000000.0,-1970000000.0,-522000000.0,2354000000.0,69000000.0,-95000000.0,-95000000.0,-95000000.0,500000000.0,452000000.0,-0.007,1039000000.0,2259000000.0,1067000000.0,0.0,4.524,-150.689,-152.786,19974000000.0,0.0,21.39,1.1,1.1,2308000000.0,-1241000000.0,13014000000.0,13014000000.0,0.0,-0.003,-0.032,0.057,0.179,0.0,378000000.0,1.0,669257313.0,669257313.0,,19.445,32571000000.0,930000000.0,676000000.0,1187000000.0,48.667,2854000000.0
14,AES,MRY,2006-12-31,2006-12-31,2006-12-31,2021-08-04,-2594000000.0,31274000000.0,31071500000.0,6578000000.0,24696000000.0,0.37,4.485,-1460000000.0,1906000000.0,1906000000.0,8090000000.0,247000000.0,1.303,9.498,16032000000.0,1402000000.0,14630000000.0,16032000000.0,0.0,933000000.0,0.0,0.0,0.0,2375000000.0,3308000000.0,0.287,3308000000.0,2375000000.0,606000000.0,0.37,0.37,0.37,2979000000.0,2573250000.0,2979000000.0,29598712578.0,12.0,8.948,888000000.0,1.337,1.0,3419000000.0,0.297,1912000000.0,1769000000.0,38438000000.0,39342000000.0,445000000.0,1231000000.0,640000000.0,591000000.0,28295000000.0,5050000000.0,23245000000.0,14638712578.0,186000000.0,879000000.0,0.0,-1040000000.0,0.0,-1317000000.0,-907000000.0,-366000000.0,2348000000.0,62000000.0,247000000.0,247000000.0,247000000.0,-58000000.0,0.0,0.021,769000000.0,2650000000.0,788000000.0,0.0,4.914,59.266,59.568,16945000000.0,0.0,22.04,1.272,1.272,1856000000.0,-1093000000.0,11509000000.0,11509000000.0,0.0,0.008,0.096,0.06,0.206,0.0,301000000.0,1.0,664188411.0,664188411.0,,17.328,29362000000.0,815000000.0,359000000.0,809000000.0,44.207,1528000000.0
15,AES,MRY,2005-12-31,2005-12-31,2005-12-31,2021-08-04,-3656000000.0,28995000000.0,29242000000.0,5287000000.0,23708000000.0,0.35,2.468,-826000000.0,1613000000.0,1613000000.0,7377000000.0,549000000.0,1.002,16.987,16567000000.0,1567000000.0,15000000000.0,16567000000.0,0.0,864000000.0,0.0,0.0,0.0,2850000000.0,3714000000.0,0.362,3714000000.0,2850000000.0,1022000000.0,0.84,0.83,0.84,1612000000.0,1328000000.0,1612000000.0,26795758556.0,9.0,7.215,1394000000.0,2.134,1.0,2870000000.0,0.28,1686000000.0,1828000000.0,36987000000.0,38539000000.0,421000000.0,863000000.0,199000000.0,664000000.0,27383000000.0,5276000000.0,22107000000.0,10339758556.0,241000000.0,-63000000.0,26000000.0,-1142000000.0,0.0,-1339000000.0,-653000000.0,154000000.0,2220000000.0,13000000.0,549000000.0,549000000.0,549000000.0,-188000000.0,0.0,0.054,346000000.0,2524000000.0,998000000.0,0.0,6.414,18.834,18.845,16152000000.0,0.0,15.83,1.009,1.009,1588000000.0,-1300000000.0,10247000000.0,10247000000.0,0.0,0.019,0.413,0.074,0.278,0.0,221000000.0,1.0,653174893.0,653174893.0,,15.688,27309000000.0,956000000.0,473000000.0,789000000.0,41.81,11000000.0
16,AES,MRY,2004-12-31,2004-12-31,2004-12-31,2021-08-04,-3641000000.0,28923000000.0,29402500000.0,4986000000.0,23937000000.0,0.297,1.473,-706000000.0,1676000000.0,1676000000.0,6187000000.0,304000000.0,1.021,29.254,18588000000.0,1761000000.0,16827000000.0,18588000000.0,0.0,777000000.0,0.0,0.0,0.0,2485000000.0,3262000000.0,0.373,3262000000.0,2485000000.0,669000000.0,0.47,0.47,0.47,956000000.0,1159250000.0,956000000.0,25440104079.0,10.0,7.799,791000000.0,1.219,1.0,2558000000.0,0.293,1419000000.0,1816000000.0,39532000000.0,39367000000.0,418000000.0,923000000.0,268000000.0,655000000.0,27967000000.0,4884000000.0,23083000000.0,8869104079.0,-525000000.0,15000000.0,16000000.0,-1073000000.0,0.0,-1285000000.0,-743000000.0,14000000.0,1497000000.0,6000000.0,304000000.0,304000000.0,304000000.0,-132000000.0,0.0,0.035,343000000.0,2215000000.0,1081000000.0,0.0,9.277,29.175,29.085,18177000000.0,0.0,13.67,1.014,1.014,1538000000.0,-1844000000.0,8745000000.0,8745000000.0,0.0,0.01,0.262,0.063,0.284,0.0,181000000.0,1.0,648800591.0,648800591.0,,13.479,27504000000.0,992000000.0,365000000.0,678000000.0,42.392,102000000.0
17,AES,MRY,2003-12-31,2003-12-31,2003-12-31,2021-08-04,-3706000000.0,29137000000.0,31644750000.0,4937000000.0,24200000000.0,0.266,-0.109,-1228000000.0,1951000000.0,1951000000.0,5954000000.0,-452000000.0,0.752,-429.485,19638000000.0,2846000000.0,16792000000.0,19638000000.0,0.0,755000000.0,0.0,0.0,0.0,1743000000.0,2498000000.0,0.297,2498000000.0,1743000000.0,-241000000.0,-0.76,-0.76,-0.76,-68000000.0,170250000.0,-68000000.0,23596172908.0,14.0,9.446,414000000.0,0.665,1.0,2459000000.0,0.292,1421000000.0,1984000000.0,38837000000.0,39576500000.0,376000000.0,912000000.0,264000000.0,648000000.0,29205000000.0,6566000000.0,22639000000.0,5878172908.0,923000000.0,0.0,337000000.0,-530000000.0,0.0,-353000000.0,-400000000.0,-2000000.0,1642000000.0,34000000.0,-452000000.0,-452000000.0,-452000000.0,787000000.0,0.0,-0.054,168000000.0,2291000000.0,1224000000.0,0.0,-86.444,-13.005,-12.421,17770000000.0,0.0,9.44,0.699,0.699,1364000000.0,-2107000000.0,8413000000.0,8413000000.0,0.0,-0.014,-2.655,0.044,0.207,0.0,157000000.0,1.0,622687808.0,622687808.0,,13.511,27716000000.0,1007000000.0,211000000.0,673000000.0,44.51,-1629000000.0
18,AES,MRY,2002-12-31,2002-12-31,2002-12-31,2021-08-04,-4959000000.0,34607000000.0,37512250000.0,4357000000.0,30250000000.0,0.197,-0.627,-2116000000.0,950000000.0,950000000.0,5409000000.0,-4001000000.0,0.67,-102.487,20102000000.0,3303000000.0,16799000000.0,20102000000.0,0.0,816000000.0,0.0,0.0,0.0,-1748000000.0,-932000000.0,-0.126,-932000000.0,-1748000000.0,-3540000000.0,-7.42,-7.42,-7.42,-341000000.0,2460500000.0,-341000000.0,23447278691.0,-13.0,-25.158,-581000000.0,-1.068,1.0,1968000000.0,0.267,1373000000.0,1792000000.0,45880000000.0,49391750000.0,353000000.0,855000000.0,177000000.0,678000000.0,34948000000.0,6506000000.0,28442000000.0,1642278691.0,63000000.0,-35000000.0,0.0,250000000.0,0.0,167000000.0,-1584000000.0,-59000000.0,1535000000.0,-55000000.0,-4001000000.0,-4001000000.0,-4001000000.0,1561000000.0,0.0,-0.542,937000000.0,1031000000.0,1018000000.0,0.0,-4.816,-0.41,-0.407,17520000000.0,0.0,3.02,0.223,0.223,1026000000.0,-700000000.0,7377000000.0,7377000000.0,0.0,-0.107,-1.626,-0.035,-0.237,0.0,112000000.0,1.0,543800891.0,543800891.0,,13.566,33234000000.0,1105000000.0,461000000.0,1186000000.0,61.114,-2149000000.0
19,AES,MRY,2001-12-31,2001-12-31,2001-12-31,2021-08-04,-2500000000.0,36812000000.0,36077500000.0,4692000000.0,32120000000.0,0.175,10.391,-3173000000.0,1159000000.0,1159000000.0,4299000000.0,273000000.0,0.952,5.646,18877000000.0,2449000000.0,16428000000.0,18877000000.0,0.0,859000000.0,0.0,0.0,0.0,1910000000.0,2769000000.0,0.44,2769000000.0,1910000000.0,583000000.0,0.51,0.51,0.51,5539000000.0,5526750000.0,5539000000.0,29571425248.0,15.0,10.679,-1482000000.0,-2.78,1.0,2000000000.0,0.318,2367000000.0,1327000000.0,47235000000.0,47302250000.0,468000000.0,3246000000.0,215000000.0,3031000000.0,31273000000.0,4928000000.0,26345000000.0,8715425248.0,-17000000.0,-1365000000.0,14000000.0,1850000000.0,-15000000.0,1626000000.0,-3303000000.0,-42000000.0,1691000000.0,-31000000.0,273000000.0,273000000.0,273000000.0,133000000.0,0.0,0.043,312000000.0,1688000000.0,727000000.0,0.0,1.573,31.925,32.059,18112000000.0,0.0,16.35,1.384,1.384,1137000000.0,2809000000.0,6299000000.0,6299000000.0,0.0,0.008,0.049,0.04,0.303,0.0,120000000.0,1.0,533053532.0,533053532.0,,11.817,34445000000.0,244000000.0,310000000.0,627000000.0,64.618,-236000000.0
20,AES,MRY,2000-12-31,2000-12-31,2000-12-31,2021-08-04,-1679000000.0,33038000000.0,28732500000.0,5784000000.0,27254000000.0,0.216,12.085,-2226000000.0,950000000.0,950000000.0,4303000000.0,795000000.0,1.148,4.961,18616000000.0,2462000000.0,16154000000.0,18616000000.0,0.0,697000000.0,0.0,0.0,0.0,2425000000.0,3122000000.0,0.503,3122000000.0,2425000000.0,1163000000.0,1.66,1.59,1.66,5542000000.0,4098500000.0,5542000000.0,40856367407.0,17.0,13.087,-1720000000.0,-3.751,1.0,1903000000.0,0.307,2181000000.0,1262000000.0,43484000000.0,38661750000.0,569000000.0,4419000000.0,1297000000.0,3122000000.0,27496000000.0,5039000000.0,22457000000.0,25397367407.0,257000000.0,-1818000000.0,1508000000.0,4055000000.0,-55000000.0,5318000000.0,-5533000000.0,-416000000.0,506000000.0,-34000000.0,795000000.0,795000000.0,795000000.0,11000000.0,0.0,0.128,213000000.0,1690000000.0,743000000.0,0.0,4.583,31.946,33.361,19242000000.0,0.0,55.38,4.092,4.092,1566000000.0,2551000000.0,6206000000.0,6206000000.0,0.0,0.028,0.194,0.063,0.391,0.0,82000000.0,1.0,458601795.0,458601795.0,,13.532,30857000000.0,167000000.0,368000000.0,1863000000.0,67.285,745000000.0
21,AES,MRY,1999-12-31,1999-12-31,1999-12-31,2021-08-04,-1102000000.0,20880000000.0,13597000000.0,2587000000.0,18293000000.0,0.303,6.389,-938000000.0,669000000.0,669000000.0,2854000000.0,357000000.0,1.007,6.918,12034000000.0,1216000000.0,10818000000.0,12034000000.0,0.0,388000000.0,0.0,0.0,0.0,1180000000.0,1568000000.0,0.381,1568000000.0,1180000000.0,548000000.0,0.84,0.82,0.84,2637000000.0,1674750000.0,2637000000.0,22530206616.0,19.0,14.369,-558000000.0,-1.352,1.0,1263000000.0,0.307,1851000000.0,632000000.0,27824000000.0,19316250000.0,307000000.0,1739000000.0,164000000.0,1575000000.0,18243000000.0,2570000000.0,15673000000.0,15427206616.0,192000000.0,-5713000000.0,1226000000.0,5240000000.0,-51000000.0,6328000000.0,-6501000000.0,-242000000.0,380000000.0,-15000000.0,357000000.0,357000000.0,357000000.0,3000000.0,0.0,0.087,42000000.0,1221000000.0,381000000.0,0.0,5.85,43.213,44.494,13447000000.0,0.0,37.375,3.747,3.747,936000000.0,1120000000.0,4117000000.0,4117000000.0,0.0,0.026,0.213,0.061,0.287,0.0,71000000.0,1.0,412768070.0,412768070.0,,9.974,19029000000.0,184000000.0,191000000.0,1787000000.0,46.101,17000000.0
22,AES,MRY,1998-12-31,1998-12-31,1998-12-31,2021-08-04,-343000000.0,10781000000.0,10156750000.0,1254000000.0,9527000000.0,0.236,4.975,-517000000.0,491000000.0,491000000.0,1609000000.0,311000000.0,0.635,5.009,6654000000.0,1413000000.0,5241000000.0,6654000000.0,0.0,196000000.0,0.0,0.0,0.0,941000000.0,1137000000.0,0.474,1137000000.0,941000000.0,456000000.0,0.88,0.85,0.88,1794000000.0,1637750000.0,1794000000.0,15081246807.0,16.0,13.264,11000000.0,0.031,1.0,789000000.0,0.329,66000000.0,485000000.0,14902000000.0,14827000000.0,119000000.0,1968000000.0,35000000.0,1933000000.0,8987000000.0,1976000000.0,7011000000.0,8543246807.0,189000000.0,-1623000000.0,200000000.0,1381000000.0,0.0,1503000000.0,-1842000000.0,23000000.0,528000000.0,0.0,311000000.0,311000000.0,311000000.0,0.0,0.0,0.13,56000000.0,733000000.0,215000000.0,0.0,4.762,27.47,26.92,5545000000.0,0.0,23.69,3.563,3.563,383000000.0,892000000.0,2398000000.0,2398000000.0,0.0,0.031,0.19,0.063,0.392,0.0,56000000.0,1.0,360626712.0,360626712.0,,6.65,10715000000.0,71000000.0,145000000.0,268000000.0,29.712,-722000000.0
23,AES,MRY,1997-12-31,1997-12-31,1997-12-31,2021-08-04,-131000000.0,8909000000.0,6265500000.0,1190000000.0,7719000000.0,0.225,4.23,-511000000.0,302000000.0,302000000.0,981000000.0,185000000.0,0.988,5.016,5731000000.0,596000000.0,5135000000.0,5731000000.0,0.0,114000000.0,0.0,0.0,0.0,506000000.0,620000000.0,0.439,620000000.0,506000000.0,262000000.0,0.555,0.545,0.555,1481000000.0,1101000000.0,1481000000.0,,,,-318000000.0,-0.908,1.0,430000000.0,0.305,23000000.0,244000000.0,13111000000.0,9175000000.0,95000000.0,1990000000.0,127000000.0,1863000000.0,7428000000.0,1204000000.0,6224000000.0,8163311679.0,117000000.0,-2454000000.0,503000000.0,2991000000.0,0.0,3723000000.0,-3799000000.0,-756000000.0,193000000.0,0.0,185000000.0,185000000.0,185000000.0,0.0,0.0,0.131,62000000.0,368000000.0,205000000.0,0.0,5.512,44.126,42.009,4149000000.0,0.0,23.315,5.785,5.785,346000000.0,581000000.0,1411000000.0,1411000000.0,0.0,0.03,0.168,0.055,0.359,0.0,45000000.0,1.0,350131318.0,350131318.0,,4.03,8886000000.0,47000000.0,77000000.0,273000000.0,25.379,-14000000.0
24,AES,MRY,1996-12-31,1996-12-31,1996-12-31,2021-08-04,-33000000.0,3622000000.0,,502000000.0,3120000000.0,,,-506000000.0,185000000.0,185000000.0,502000000.0,125000000.0,1.314,4.024,2206000000.0,198000000.0,2008000000.0,2206000000.0,0.0,65000000.0,0.0,0.0,0.0,343000000.0,408000000.0,0.489,408000000.0,343000000.0,199000000.0,0.415,0.4,0.415,721000000.0,,721000000.0,,,,-311000000.0,,1.0,333000000.0,0.399,22000000.0,144000000.0,5239000000.0,,81000000.0,511000000.0,20000000.0,491000000.0,2901000000.0,382000000.0,2519000000.0,,-54000000.0,-148000000.0,2000000.0,890000000.0,0.0,886000000.0,-1135000000.0,-393000000.0,195000000.0,0.0,125000000.0,125000000.0,125000000.0,0.0,0.0,0.15,55000000.0,278000000.0,64000000.0,0.0,,,28.012,2220000000.0,0.0,11.625,,,104000000.0,396000000.0,835000000.0,835000000.0,0.0,,,,0.411,0.0,35000000.0,1.0,,,,,3600000000.0,65000000.0,74000000.0,243000000.0,,120000000.0
25,AES,MRY,1995-12-31,1995-12-31,1995-12-31,2021-08-04,,,,,,,,-171000000.0,,,394000000.0,107000000.0,,,,,,,,55000000.0,,0.0,0.0,291000000.0,346000000.0,0.51,346000000.0,291000000.0,164000000.0,0.355,0.35,0.355,,,,,,,29000000.0,,1.0,285000000.0,0.42,,127000000.0,,,,,,,,,,,-16000000.0,-121000000.0,-5000000.0,120000000.0,0.0,127000000.0,-343000000.0,26000000.0,200000000.0,0.0,107000000.0,107000000.0,107000000.0,0.0,0.0,0.158,32000000.0,253000000.0,,0.0,,,16.81,,0.0,5.968,,,,,679000000.0,679000000.0,0.0,,,,0.429,0.0,32000000.0,1.0,,,,,,,57000000.0,,,
0,AES,MRQ,2021-06-30,2021-06-30,2021-06-30,2021-08-04,-2347000000.0,34727000000.0,,5530000000.0,29197000000.0,,4.873,-567000000.0,1617000000.0,1617000000.0,1972000000.0,-77000000.0,1.275,8.983,20009000000.0,1345000000.0,18664000000.0,20009000000.0,139000000.0,263000000.0,0.0,0.023,0.15,206000000.0,469000000.0,0.174,469000000.0,206000000.0,-31000000.0,0.04,0.04,0.04,3265000000.0,,3265000000.0,35042328697.0,42.0,18.356,-216000000.0,-0.322,1.0,728000000.0,0.27,2010000000.0,237000000.0,46772000000.0,,445000000.0,1075000000.0,282000000.0,793000000.0,29330000000.0,4337000000.0,24993000000.0,17369328697.0,-580000000.0,-132000000.0,0.0,-162000000.0,-100000000.0,-311000000.0,-758000000.0,-69000000.0,351000000.0,18000000.0,28000000.0,28000000.0,28000000.0,0.0,-105000000.0,0.01,921000000.0,-193000000.0,948000000.0,3.75,5.32,-128.662,-130.35,22582000000.0,0.0,26.07,1.664,1.673,1374000000.0,-800000000.0,2700000000.0,2700000000.0,0.0,,,,,0.0,45000000.0,1.0,666257334.0,670000000.0,670000000.0,4.03,32717000000.0,300000000.0,-59000000.0,1328000000.0,48.831,1193000000.0
1,AES,MRQ,2021-03-31,2021-03-31,2021-03-31,2021-08-04,-2237000000.0,35203000000.0,,6237000000.0,28966000000.0,,5.071,-432000000.0,2211000000.0,2211000000.0,1971000000.0,-29000000.0,1.242,8.746,19884000000.0,1505000000.0,18379000000.0,19884000000.0,299000000.0,275000000.0,0.0,0.022,0.15,50000000.0,325000000.0,0.123,325000000.0,50000000.0,-140000000.0,-0.22,-0.22,-0.22,3377000000.0,,3377000000.0,36336514644.0,41.0,18.549,-179000000.0,-0.269,1.0,664000000.0,0.252,1943000000.0,190000000.0,45912000000.0,,446000000.0,972000000.0,187000000.0,785000000.0,29535000000.0,5021000000.0,24514000000.0,17841514644.0,779000000.0,-64000000.0,0.0,-15000000.0,-100000000.0,993000000.0,-387000000.0,127000000.0,253000000.0,-22000000.0,-148000000.0,-148000000.0,-148000000.0,0.0,119000000.0,-0.056,535000000.0,129000000.0,832000000.0,-0.682,5.283,-72.526,-74.472,22498000000.0,0.0,26.81,1.792,1.793,1342000000.0,-828000000.0,2635000000.0,2635000000.0,0.0,,,,,0.0,46000000.0,1.0,665479845.0,666000000.0,666000000.0,3.956,33260000000.0,235000000.0,8000000.0,1422000000.0,49.94,1216000000.0
2,AES,MRQ,2020-12-31,2020-12-31,2020-12-31,2021-08-04,-2397000000.0,34603000000.0,,5414000000.0,29189000000.0,,3.96,-525000000.0,1386000000.0,1386000000.0,1654000000.0,401000000.0,1.01,11.345,19881000000.0,1430000000.0,18451000000.0,19881000000.0,438000000.0,265000000.0,0.0,0.024,0.143,776000000.0,1041000000.0,0.407,1041000000.0,776000000.0,479000000.0,0.48,0.48,0.48,2634000000.0,,2634000000.0,35097581978.0,27.0,14.822,143000000.0,0.215,1.0,906000000.0,0.354,1888000000.0,297000000.0,45848000000.0,,461000000.0,1170000000.0,335000000.0,835000000.0,29883000000.0,5362000000.0,24521000000.0,15630581978.0,-554000000.0,40000000.0,0.0,-848000000.0,-95000000.0,-735000000.0,-439000000.0,81000000.0,668000000.0,9000000.0,318000000.0,318000000.0,318000000.0,3000000.0,83000000.0,0.124,81000000.0,825000000.0,1156000000.0,0.298,5.934,339.795,335.714,22826000000.0,0.0,23.5,1.618,1.618,1300000000.0,-680000000.0,2560000000.0,2560000000.0,0.0,,,,,0.0,46000000.0,1.0,665131148.0,665131148.0,,3.849,32715000000.0,288000000.0,161000000.0,1357000000.0,49.186,52000000.0
3,AES,MRQ,2020-09-30,2020-09-30,2020-09-30,2021-08-04,-2628000000.0,34267000000.0,,5885000000.0,28382000000.0,,3.014,-413000000.0,1879000000.0,1879000000.0,1789000000.0,-481000000.0,1.019,15.067,21346000000.0,1841000000.0,19505000000.0,21346000000.0,611000000.0,264000000.0,0.0,0.031,0.143,-190000000.0,74000000.0,0.029,74000000.0,-190000000.0,-480000000.0,-0.5,-0.5,-0.5,2004000000.0,,2004000000.0,31637525090.0,42.0,17.269,854000000.0,1.284,1.0,756000000.0,0.297,1673000000.0,290000000.0,46284000000.0,,474000000.0,2431000000.0,384000000.0,2047000000.0,30194000000.0,5777000000.0,24417000000.0,12045525090.0,274000000.0,-121000000.0,0.0,-146000000.0,-96000000.0,-501000000.0,-495000000.0,15000000.0,1267000000.0,4000000.0,-333000000.0,-333000000.0,-333000000.0,0.0,-148000000.0,-0.131,910000000.0,-154000000.0,1103000000.0,-0.286,6.011,-34.416,-35.51,22287000000.0,0.0,18.11,1.264,1.264,1404000000.0,-998000000.0,2545000000.0,2545000000.0,0.0,,,,,0.0,41000000.0,1.0,665131148.0,665000000.0,665000000.0,3.827,32594000000.0,336000000.0,-147000000.0,1168000000.0,49.014,108000000.0
4,AES,MRQ,2020-06-30,2020-06-30,2020-06-30,2021-08-04,-2693000000.0,34566000000.0,,5966000000.0,28600000000.0,,3.702,-386000000.0,1781000000.0,1781000000.0,1693000000.0,3000000.0,1.095,12.154,21373000000.0,2041000000.0,19332000000.0,21373000000.0,0.0,271000000.0,0.0,0.039,0.143,248000000.0,519000000.0,0.234,519000000.0,248000000.0,30000000.0,-0.12,-0.12,-0.12,2462000000.0,,2462000000.0,28754509313.0,19.0,11.017,61000000.0,0.092,1.0,524000000.0,0.236,1625000000.0,218000000.0,47085000000.0,,504000000.0,2504000000.0,422000000.0,2082000000.0,29924000000.0,5448000000.0,24476000000.0,9634509313.0,-103000000.0,-93000000.0,0.0,307000000.0,-95000000.0,128000000.0,-626000000.0,-99000000.0,447000000.0,-5000000.0,-83000000.0,-83000000.0,-83000000.0,0.0,86000000.0,-0.037,43000000.0,481000000.0,1207000000.0,-1.192,3.913,49.92,46.742,22836000000.0,0.0,14.49,1.002,1.003,1414000000.0,-665000000.0,2217000000.0,2217000000.0,0.0,,,,,0.0,40000000.0,1.0,664907475.0,665000000.0,665000000.0,3.334,32941000000.0,204000000.0,113000000.0,1410000000.0,49.535,518000000.0
5,AES,MRQ,2020-03-31,2020-03-31,2020-03-31,2021-08-04,-2692000000.0,34142000000.0,,5751000000.0,28391000000.0,,3.801,-576000000.0,1970000000.0,1970000000.0,1831000000.0,229000000.0,1.059,11.589,21090000000.0,2223000000.0,18867000000.0,21090000000.0,0.0,268000000.0,0.0,0.041,0.143,466000000.0,734000000.0,0.314,734000000.0,466000000.0,233000000.0,0.22,0.22,0.22,2539000000.0,,2539000000.0,27838902316.0,17.0,10.295,-203000000.0,-0.304,1.0,507000000.0,0.217,1518000000.0,233000000.0,46312000000.0,,461000000.0,2566000000.0,328000000.0,2238000000.0,29425000000.0,5432000000.0,23993000000.0,9030902316.0,638000000.0,-125000000.0,0.0,1165000000.0,-95000000.0,1030000000.0,-735000000.0,-23000000.0,373000000.0,-32000000.0,144000000.0,144000000.0,144000000.0,0.0,85000000.0,0.062,48000000.0,459000000.0,1069000000.0,0.65,3.557,30.822,30.222,22570000000.0,0.0,13.6,0.914,0.92,1446000000.0,-583000000.0,2338000000.0,2338000000.0,0.0,,,,,0.0,38000000.0,1.0,664036935.0,668000000.0,668000000.0,3.5,32624000000.0,197000000.0,89000000.0,1392000000.0,48.838,319000000.0
6,AES,MRQ,2019-12-31,2019-12-31,2019-12-31,2021-08-04,-2229000000.0,33648000000.0,,5231000000.0,28417000000.0,,4.513,-777000000.0,1365000000.0,1365000000.0,1871000000.0,-120000000.0,1.026,9.486,20173000000.0,1868000000.0,18305000000.0,20173000000.0,34000000.0,271000000.0,0.0,0.027,0.137,234000000.0,505000000.0,0.208,505000000.0,234000000.0,-28000000.0,-0.11,-0.12,-0.11,2996000000.0,,2996000000.0,31372463854.0,18.0,11.408,-86000000.0,-0.13,1.0,560000000.0,0.23,1528000000.0,262000000.0,45832000000.0,,487000000.0,2717000000.0,400000000.0,2317000000.0,28419000000.0,5096000000.0,23323000000.0,13211463854.0,-269000000.0,-250000000.0,0.0,237000000.0,-90000000.0,47000000.0,-1010000000.0,-56000000.0,691000000.0,10000000.0,-78000000.0,-78000000.0,-78000000.0,1000000.0,-42000000.0,-0.032,174000000.0,386000000.0,1311000000.0,-1.245,4.41,43.602,43.261,22574000000.0,0.0,19.9,1.297,1.297,1479000000.0,-692000000.0,2431000000.0,2431000000.0,0.0,,,,,0.0,60000000.0,1.0,663892656.0,663892656.0,,3.662,32120000000.0,156000000.0,50000000.0,1466000000.0,48.381,135000000.0
7,AES,MRQ,2019-09-30,2019-09-30,2019-09-30,2021-08-04,-2335000000.0,33423000000.0,,5470000000.0,27953000000.0,,4.708,-558000000.0,1600000000.0,1600000000.0,1924000000.0,298000000.0,1.096,8.929,19761000000.0,1882000000.0,17879000000.0,19761000000.0,0.0,262000000.0,0.0,0.033,0.137,590000000.0,852000000.0,0.325,852000000.0,590000000.0,340000000.0,0.32,0.32,0.32,3140000000.0,,3140000000.0,28995301843.0,14.0,9.469,203000000.0,0.304,1.0,701000000.0,0.267,1521000000.0,250000000.0,45072000000.0,,495000000.0,2913000000.0,334000000.0,2579000000.0,28037000000.0,4991000000.0,23046000000.0,10847301843.0,-112000000.0,-144000000.0,0.0,-31000000.0,-91000000.0,-241000000.0,-598000000.0,46000000.0,761000000.0,-26000000.0,210000000.0,210000000.0,210000000.0,0.0,88000000.0,0.08,50000000.0,651000000.0,1237000000.0,0.428,3.455,21.311,21.221,21853000000.0,0.0,16.34,1.045,1.05,1503000000.0,-614000000.0,2625000000.0,2625000000.0,0.0,,,,,0.0,41000000.0,1.0,663849562.0,667000000.0,667000000.0,3.936,31902000000.0,135000000.0,130000000.0,1428000000.0,47.829,479000000.0
8,AES,MRQ,2019-06-30,2019-06-30,2019-06-30,2021-08-04,-2147000000.0,33238000000.0,,5517000000.0,27721000000.0,,4.81,-566000000.0,1607000000.0,1607000000.0,1981000000.0,67000000.0,1.365,8.656,19755000000.0,1087000000.0,18668000000.0,19755000000.0,0.0,266000000.0,0.0,0.032,0.137,347000000.0,613000000.0,0.247,613000000.0,347000000.0,74000000.0,0.02,0.02,0.02,3208000000.0,,3208000000.0,28889065408.0,15.0,9.727,-242000000.0,-0.363,1.0,502000000.0,0.202,1519000000.0,273000000.0,45825000000.0,,496000000.0,2884000000.0,410000000.0,2474000000.0,27770000000.0,4042000000.0,23728000000.0,11124065408.0,-422000000.0,146000000.0,0.0,-85000000.0,-91000000.0,-294000000.0,-450000000.0,-24000000.0,324000000.0,2000000.0,17000000.0,17000000.0,17000000.0,-1000000.0,50000000.0,0.007,179000000.0,323000000.0,1234000000.0,6.85,3.468,27.81,27.933,21565000000.0,0.0,16.76,1.05,1.055,1538000000.0,-824000000.0,2483000000.0,2483000000.0,0.0,,,,,0.0,49000000.0,1.0,663727053.0,667000000.0,667000000.0,3.723,31719000000.0,122000000.0,57000000.0,1445000000.0,47.555,1475000000.0
9,AES,MRQ,2019-03-31,2019-03-31,2019-03-31,2021-08-04,-2107000000.0,33471000000.0,,5855000000.0,27616000000.0,,4.849,-504000000.0,1945000000.0,1945000000.0,2064000000.0,233000000.0,1.344,8.603,19710000000.0,1265000000.0,18445000000.0,19710000000.0,0.0,246000000.0,0.0,0.029,0.137,534000000.0,780000000.0,0.294,780000000.0,534000000.0,269000000.0,0.23,0.23,0.23,3234000000.0,,3234000000.0,29734437052.0,13.0,9.01,186000000.0,0.279,1.0,586000000.0,0.221,1526000000.0,265000000.0,45353000000.0,,579000000.0,2931000000.0,378000000.0,2553000000.0,27822000000.0,4357000000.0,23465000000.0,11975437052.0,372000000.0,-90000000.0,0.0,571000000.0,-90000000.0,402000000.0,-663000000.0,-70000000.0,690000000.0,-4000000.0,154000000.0,154000000.0,154000000.0,0.0,79000000.0,0.058,58000000.0,528000000.0,1224000000.0,0.596,3.703,17.794,17.725,21228000000.0,0.0,18.08,1.125,1.133,1564000000.0,-839000000.0,2650000000.0,2650000000.0,0.0,,,,,0.0,46000000.0,1.0,662358244.0,667000000.0,667000000.0,3.973,31945000000.0,108000000.0,115000000.0,1573000000.0,47.894,1498000000.0
10,AES,MRQ,2018-12-31,2018-12-31,2018-12-31,2021-08-04,-2071000000.0,32521000000.0,,5015000000.0,27506000000.0,,4.844,-529000000.0,1536000000.0,1536000000.0,1976000000.0,181000000.0,1.14,8.391,19295000000.0,1659000000.0,17636000000.0,19295000000.0,0.0,233000000.0,0.0,0.036,0.13,584000000.0,817000000.0,0.312,817000000.0,584000000.0,327000000.0,0.2,0.19,0.2,3208000000.0,,3208000000.0,27344821546.0,9.0,6.888,133000000.0,0.201,1.0,646000000.0,0.246,1495000000.0,257000000.0,44386000000.0,,577000000.0,2850000000.0,313000000.0,2537000000.0,26917000000.0,4399000000.0,22518000000.0,9576821546.0,159000000.0,180000000.0,0.0,-306000000.0,-86000000.0,-480000000.0,-315000000.0,96000000.0,662000000.0,-4000000.0,128000000.0,128000000.0,128000000.0,190000000.0,53000000.0,0.049,116000000.0,530000000.0,1329000000.0,0.65,2.985,7.961,7.945,21396000000.0,0.0,14.46,0.892,0.892,1595000000.0,-1005000000.0,2622000000.0,2622000000.0,0.0,,,,,0.0,58000000.0,1.0,662297479.0,662297479.0,,3.959,31026000000.0,97000000.0,199000000.0,1530000000.0,46.846,616000000.0
11,AES,MRQ,2018-09-30,2018-09-30,2018-09-30,2021-08-04,-2020000000.0,32489000000.0,,5015000000.0,27474000000.0,,4.97,-598000000.0,1628000000.0,1628000000.0,2166000000.0,191000000.0,1.239,8.103,19396000000.0,1308000000.0,18088000000.0,19396000000.0,0.0,258000000.0,0.0,0.036,0.13,502000000.0,760000000.0,0.268,760000000.0,502000000.0,247000000.0,0.15,0.15,0.15,3305000000.0,,3305000000.0,27335568524.0,13.0,8.678,169000000.0,0.254,1.0,671000000.0,0.237,1459000000.0,255000000.0,44751000000.0,,562000000.0,3119000000.0,401000000.0,2718000000.0,26780000000.0,4047000000.0,22733000000.0,9263568524.0,-13000000.0,-47000000.0,0.0,-299000000.0,-86000000.0,-434000000.0,-310000000.0,315000000.0,767000000.0,-30000000.0,101000000.0,101000000.0,101000000.0,1000000.0,90000000.0,0.036,146000000.0,525000000.0,1299000000.0,0.867,2.803,-34.695,-34.146,21108000000.0,0.0,14.0,0.861,0.865,1510000000.0,-1133000000.0,2837000000.0,2837000000.0,0.0,,,,,0.0,43000000.0,1.0,661683466.0,665000000.0,665000000.0,4.266,31030000000.0,88000000.0,146000000.0,1214000000.0,46.662,968000000.0
12,AES,MRQ,2018-06-30,2018-06-30,2018-06-30,2021-08-04,-1988000000.0,32597000000.0,,5287000000.0,27310000000.0,,4.983,-499000000.0,1519000000.0,1519000000.0,1937000000.0,416000000.0,1.324,8.141,19591000000.0,1235000000.0,18356000000.0,19591000000.0,0.0,258000000.0,0.0,0.037,0.13,685000000.0,943000000.0,0.372,943000000.0,685000000.0,422000000.0,0.44,0.44,0.44,3309000000.0,,3309000000.0,26928370688.0,13.0,8.324,-100000000.0,-0.151,1.0,600000000.0,0.236,1400000000.0,263000000.0,45275000000.0,,583000000.0,3641000000.0,856000000.0,2785000000.0,26940000000.0,3994000000.0,22946000000.0,8869370688.0,-5000000.0,540000000.0,0.0,59000000.0,-86000000.0,-99000000.0,-296000000.0,-324000000.0,399000000.0,-25000000.0,290000000.0,290000000.0,290000000.0,-192000000.0,126000000.0,0.114,131000000.0,469000000.0,1506000000.0,0.295,2.68,-41.062,-40.636,20719000000.0,0.0,13.41,0.836,0.839,1423000000.0,-1234000000.0,2537000000.0,2537000000.0,0.0,,,,,0.0,35000000.0,1.0,661399753.0,664000000.0,664000000.0,3.821,31197000000.0,83000000.0,132000000.0,1165000000.0,46.983,1293000000.0
13,AES,MRQ,2018-03-31,2018-03-31,2018-03-31,2021-08-04,-1808000000.0,32573000000.0,,5438000000.0,27135000000.0,,4.816,-495000000.0,1627000000.0,1627000000.0,2084000000.0,777000000.0,1.115,8.471,19686000000.0,2025000000.0,17661000000.0,19686000000.0,0.0,254000000.0,0.0,0.043,0.13,1196000000.0,1450000000.0,0.529,1450000000.0,1196000000.0,915000000.0,1.04,1.03,1.04,3193000000.0,,3193000000.0,26251310758.0,14.0,8.759,20000000.0,0.03,1.0,656000000.0,0.239,1421000000.0,281000000.0,44335000000.0,,569000000.0,3373000000.0,617000000.0,2756000000.0,27048000000.0,4876000000.0,22172000000.0,7509310758.0,74000000.0,1136000000.0,0.0,-518000000.0,-86000000.0,-630000000.0,416000000.0,-196000000.0,515000000.0,5000000.0,684000000.0,684000000.0,684000000.0,1000000.0,93000000.0,0.25,65000000.0,591000000.0,1317000000.0,0.125,2.352,-16.577,-16.478,20688000000.0,0.0,11.37,0.703,0.705,1498000000.0,-1525000000.0,2740000000.0,2740000000.0,0.0,,,,,0.0,56000000.0,1.0,660449495.0,663000000.0,663000000.0,4.133,31152000000.0,94000000.0,231000000.0,1207000000.0,46.986,562000000.0
14,AES,MRQ,2017-12-31,2017-12-31,2017-12-31,2021-08-04,-1876000000.0,33112000000.0,,6398000000.0,26714000000.0,,3.733,-590000000.0,1223000000.0,1223000000.0,1998000000.0,-1286000000.0,1.061,11.467,19965000000.0,2164000000.0,17801000000.0,19965000000.0,0.0,285000000.0,0.0,0.044,0.12,-288000000.0,-3000000.0,-0.001,-3000000.0,-288000000.0,-598000000.0,-2.04,-2.04,-2.04,2465000000.0,,2465000000.0,27349986510.0,27.0,12.615,213000000.0,0.323,1.0,645000000.0,0.244,1425000000.0,310000000.0,44401000000.0,,562000000.0,1621000000.0,424000000.0,1197000000.0,28267000000.0,6028000000.0,22239000000.0,7151986510.0,-21000000.0,10000000.0,0.0,-413000000.0,-79000000.0,-635000000.0,-644000000.0,-39000000.0,803000000.0,-13000000.0,-1342000000.0,-1342000000.0,-1342000000.0,0.0,56000000.0,-0.508,328000000.0,317000000.0,1371000000.0,-0.059,2.901,-6.16,-6.153,20296000000.0,0.0,10.83,0.679,0.679,1463000000.0,-2276000000.0,2643000000.0,2643000000.0,0.0,,,,,0.0,60000000.0,1.0,660386566.0,660386566.0,,4.002,31687000000.0,130000000.0,744000000.0,1258000000.0,47.983,370000000.0
15,AES,MRQ,2017-09-30,2017-09-30,2017-09-30,2021-08-04,-2666000000.0,38834000000.0,,6660000000.0,32174000000.0,,4.805,-464000000.0,1835000000.0,1835000000.0,2053000000.0,261000000.0,0.989,10.25,22033000000.0,2257000000.0,19776000000.0,22033000000.0,0.0,303000000.0,0.0,0.043,0.12,542000000.0,845000000.0,0.314,845000000.0,542000000.0,245000000.0,0.23,0.23,0.23,3186000000.0,,3186000000.0,26517029363.0,105.0,18.466,275000000.0,0.415,1.0,640000000.0,0.238,1631000000.0,297000000.0,50665000000.0,,660000000.0,1727000000.0,563000000.0,1164000000.0,32655000000.0,6736000000.0,25919000000.0,7276029363.0,-28000000.0,-588000000.0,0.0,714000000.0,-80000000.0,614000000.0,-859000000.0,215000000.0,739000000.0,15000000.0,152000000.0,152000000.0,152000000.0,0.0,109000000.0,0.056,90000000.0,550000000.0,2091000000.0,0.522,2.284,-9.474,-9.419,24356000000.0,0.0,11.02,0.895,0.899,2357000000.0,-934000000.0,2693000000.0,2693000000.0,0.0,,,,,0.0,52000000.0,1.0,660256748.0,663000000.0,663000000.0,4.062,37203000000.0,760000000.0,93000000.0,742000000.0,56.113,-76000000.0
16,AES,MRQ,2017-06-30,2017-06-30,2017-06-30,2021-08-04,-2741000000.0,36469000000.0,,6318000000.0,30151000000.0,,4.563,-649000000.0,1526000000.0,1526000000.0,1990000000.0,150000000.0,0.985,10.061,20767000000.0,2572000000.0,18195000000.0,20767000000.0,0.0,290000000.0,0.0,0.041,0.12,415000000.0,705000000.0,0.27,705000000.0,415000000.0,139000000.0,0.08,0.08,0.08,3021000000.0,,3021000000.0,25862204595.0,82.0,17.404,-395000000.0,-0.597,1.0,623000000.0,0.238,1554000000.0,276000000.0,47745000000.0,,633000000.0,1423000000.0,740000000.0,683000000.0,30395000000.0,6411000000.0,23984000000.0,7334204595.0,-367000000.0,-16000000.0,0.0,420000000.0,-79000000.0,143000000.0,-779000000.0,-137000000.0,254000000.0,-5000000.0,53000000.0,53000000.0,53000000.0,-8000000.0,97000000.0,0.02,146000000.0,477000000.0,1684000000.0,1.5,2.428,-9.845,-9.746,23192000000.0,0.0,11.11,0.817,0.819,2173000000.0,-1086000000.0,2613000000.0,2613000000.0,0.0,,,,,0.0,49000000.0,1.0,660144428.0,662000000.0,662000000.0,3.947,34915000000.0,757000000.0,86000000.0,746000000.0,52.742,-93000000.0
17,AES,MRQ,2017-03-31,2017-03-31,2017-03-31,2021-08-04,-2717000000.0,36508000000.0,,6401000000.0,30107000000.0,,4.539,-474000000.0,1806000000.0,1806000000.0,2024000000.0,98000000.0,1.221,10.157,20334000000.0,1137000000.0,19197000000.0,20334000000.0,0.0,291000000.0,0.0,0.04,0.12,330000000.0,621000000.0,0.241,621000000.0,330000000.0,43000000.0,-0.04,-0.04,-0.04,2991000000.0,,2991000000.0,26249668265.0,-132.0,26.84,234000000.0,0.355,1.0,557000000.0,0.216,1510000000.0,287000000.0,48283000000.0,,645000000.0,1308000000.0,634000000.0,674000000.0,30379000000.0,5243000000.0,25136000000.0,7369668265.0,288000000.0,4000000.0,0.0,48000000.0,-79000000.0,-79000000.0,-317000000.0,191000000.0,708000000.0,11000000.0,-24000000.0,-24000000.0,-24000000.0,-1000000.0,122000000.0,-0.009,246000000.0,311000000.0,1657000000.0,-3.0,2.464,-5.758,-5.733,23148000000.0,0.0,11.18,0.768,0.768,2134000000.0,-1139000000.0,2581000000.0,2581000000.0,0.0,,,,,0.0,54000000.0,1.0,659183208.0,659000000.0,659000000.0,3.917,34998000000.0,778000000.0,67000000.0,758000000.0,53.108,1158000000.0
18,AES,MRQ,2016-12-31,2016-12-31,2016-12-31,2021-08-04,-2756000000.0,36124000000.0,,6416000000.0,29708000000.0,,4.239,-575000000.0,1521000000.0,1521000000.0,-373000000.0,-693000000.0,1.216,10.889,19454000000.0,1052000000.0,18402000000.0,19454000000.0,0.0,299000000.0,0.0,0.038,0.11,-1034000000.0,-735000000.0,-3.075,-735000000.0,-1034000000.0,-1082000000.0,-1.44,-1.44,-1.44,2794000000.0,,2794000000.0,26874624423.0,747.0,22.174,140000000.0,0.212,1.0,612000000.0,2.561,1444000000.0,48000000.0,47336000000.0,,622000000.0,1151000000.0,530000000.0,621000000.0,30424000000.0,5277000000.0,25147000000.0,7659624423.0,-110000000.0,390000000.0,0.0,-282000000.0,-72000000.0,-489000000.0,-267000000.0,-203000000.0,715000000.0,30000000.0,-949000000.0,-949000000.0,-949000000.0,-389000000.0,256000000.0,-3.971,720000000.0,-108000000.0,1238000000.0,-0.076,2.741,-6.778,-6.756,20415000000.0,0.0,11.62,0.745,0.745,1421000000.0,-1146000000.0,239000000.0,239000000.0,0.0,,,,,0.0,59000000.0,1.0,659175940.0,659175940.0,,0.363,34680000000.0,227000000.0,-133000000.0,804000000.0,52.611,1139000000.0
19,AES,MRQ,2016-09-30,2016-09-30,2016-09-30,2021-08-04,-3753000000.0,37108000000.0,,7294000000.0,29814000000.0,,4.353,-515000000.0,1616000000.0,1616000000.0,2854000000.0,229000000.0,1.277,10.874,20831000000.0,1091000000.0,19740000000.0,20831000000.0,0.0,291000000.0,0.0,0.033,0.11,604000000.0,895000000.0,0.253,895000000.0,604000000.0,250000000.0,0.26,0.26,0.26,2882000000.0,,2882000000.0,27734299792.0,22.0,11.456,304000000.0,0.459,1.0,688000000.0,0.194,1384000000.0,354000000.0,49226000000.0,,637000000.0,1222000000.0,596000000.0,626000000.0,31340000000.0,5713000000.0,25627000000.0,8469299792.0,60000000.0,-49000000.0,0.0,-60000000.0,-73000000.0,-215000000.0,-543000000.0,-6000000.0,819000000.0,-1000000.0,175000000.0,175000000.0,175000000.0,1000000.0,54000000.0,0.049,132000000.0,556000000.0,1426000000.0,0.423,2.939,-31.839,-32.125,23283000000.0,0.0,12.85,0.817,0.821,2081000000.0,-114000000.0,3542000000.0,3542000000.0,0.0,,,,,0.0,40000000.0,1.0,659089478.0,662000000.0,662000000.0,5.35,35724000000.0,503000000.0,75000000.0,1042000000.0,53.964,1581000000.0
20,AES,MRQ,2016-06-30,2016-06-30,2016-06-30,2021-08-04,-3768000000.0,36974000000.0,,7381000000.0,29593000000.0,,4.197,-615000000.0,1515000000.0,1515000000.0,2655000000.0,-387000000.0,1.187,11.316,20780000000.0,1610000000.0,19170000000.0,20780000000.0,0.0,296000000.0,0.0,0.034,0.11,-99000000.0,197000000.0,0.061,197000000.0,-99000000.0,-489000000.0,-0.73,-0.73,-0.73,2766000000.0,,2766000000.0,27302333990.0,22.0,11.39,108000000.0,0.164,1.0,574000000.0,0.178,1376000000.0,390000000.0,48647000000.0,,655000000.0,1159000000.0,544000000.0,615000000.0,31301000000.0,6216000000.0,25085000000.0,8224333990.0,86000000.0,36000000.0,0.0,346000000.0,-72000000.0,137000000.0,-778000000.0,61000000.0,723000000.0,2000000.0,-482000000.0,-482000000.0,-482000000.0,379000000.0,95000000.0,-0.149,303000000.0,271000000.0,1434000000.0,-0.151,2.973,-31.511,-32.0,23035000000.0,0.0,12.48,0.795,0.795,2087000000.0,-284000000.0,3229000000.0,3229000000.0,0.0,,,,,0.0,47000000.0,1.0,659001121.0,659000000.0,659000000.0,4.9,35598000000.0,483000000.0,-7000000.0,1036000000.0,54.018,1165000000.0
21,AES,MRQ,2016-03-31,2016-03-31,2016-03-31,2021-08-04,-3807000000.0,36900000000.0,,6947000000.0,29953000000.0,,4.828,-640000000.0,1479000000.0,1479000000.0,2762000000.0,74000000.0,1.057,9.596,20557000000.0,2220000000.0,18337000000.0,20557000000.0,0.0,290000000.0,0.0,0.035,0.11,564000000.0,854000000.0,0.261,854000000.0,564000000.0,222000000.0,0.19,0.19,0.19,3201000000.0,,3201000000.0,27034853353.0,15.0,9.078,0.0,0.0,1.0,509000000.0,0.156,1366000000.0,342000000.0,48040000000.0,,682000000.0,1239000000.0,628000000.0,611000000.0,30716000000.0,6572000000.0,24144000000.0,7784853353.0,-78000000.0,109000000.0,-79000000.0,-81000000.0,-73000000.0,-180000000.0,-548000000.0,-105000000.0,640000000.0,6000000.0,126000000.0,126000000.0,126000000.0,0.0,-52000000.0,0.039,215000000.0,294000000.0,1739000000.0,0.579,2.432,26.844,26.818,23416000000.0,0.0,11.8,0.723,0.726,2581000000.0,198000000.0,3271000000.0,3271000000.0,0.0,,,,,0.0,48000000.0,1.0,659733335.0,663000000.0,663000000.0,4.934,35534000000.0,599000000.0,96000000.0,1118000000.0,53.596,375000000.0
22,AES,MRQ,2015-12-31,2015-12-31,2015-12-31,2021-08-04,-3883000000.0,36470000000.0,,6842000000.0,29628000000.0,,4.68,-621000000.0,1552000000.0,1552000000.0,-198000000.0,41000000.0,0.988,9.622,20081000000.0,2172000000.0,17909000000.0,20081000000.0,0.0,264000000.0,0.0,0.042,0.1,211000000.0,475000000.0,1.466,475000000.0,211000000.0,61000000.0,-0.12,-0.12,-0.12,3149000000.0,,3149000000.0,25359290881.0,14.0,8.433,8000000.0,0.012,1.0,522000000.0,1.611,1497000000.0,150000000.0,46576000000.0,,671000000.0,1079000000.0,469000000.0,610000000.0,30299000000.0,6926000000.0,23373000000.0,6439290881.0,-150000000.0,42000000.0,-74000000.0,72000000.0,-67000000.0,-58000000.0,-727000000.0,-31000000.0,629000000.0,-12000000.0,-85000000.0,-85000000.0,-85000000.0,0.0,126000000.0,-0.262,349000000.0,173000000.0,1571000000.0,-0.833,2.045,21.043,21.267,22022000000.0,0.0,9.57,0.572,0.572,2302000000.0,143000000.0,324000000.0,324000000.0,0.0,,,,,0.0,46000000.0,1.0,672862161.0,672862161.0,,0.482,34973000000.0,410000000.0,146000000.0,1090000000.0,51.976,-84000000.0
23,AES,MRQ,2015-09-30,2015-09-30,2015-09-30,2021-08-04,-3758000000.0,37000000000.0,,7220000000.0,29780000000.0,,5.23,-519000000.0,1778000000.0,1778000000.0,2857000000.0,203000000.0,1.105,8.562,20698000000.0,2300000000.0,18398000000.0,20698000000.0,0.0,283000000.0,0.0,0.036,0.1,588000000.0,871000000.0,0.247,871000000.0,588000000.0,223000000.0,0.27,0.26,0.27,3567000000.0,,3567000000.0,26117874901.0,11.0,7.473,396000000.0,0.581,1.0,665000000.0,0.189,1724000000.0,365000000.0,47662000000.0,,670000000.0,1054000000.0,453000000.0,601000000.0,30539000000.0,6534000000.0,24005000000.0,6684874901.0,417000000.0,95000000.0,-101000000.0,335000000.0,-68000000.0,97000000.0,-569000000.0,-112000000.0,915000000.0,-21000000.0,180000000.0,180000000.0,180000000.0,0.0,23000000.0,0.051,294000000.0,371000000.0,1729000000.0,0.37,1.874,11.197,11.384,22463000000.0,0.0,9.79,0.468,0.468,2477000000.0,370000000.0,3522000000.0,3522000000.0,0.0,,,,,0.0,45000000.0,1.0,682826854.0,682000000.0,682000000.0,5.164,35276000000.0,658000000.0,43000000.0,1185000000.0,51.724,686000000.0
24,AES,MRQ,2015-06-30,2015-06-30,2015-06-30,2021-08-04,-3445000000.0,38584000000.0,,7515000000.0,31069000000.0,,5.56,-549000000.0,1330000000.0,1330000000.0,2901000000.0,264000000.0,1.145,8.152,20763000000.0,1999000000.0,18764000000.0,20763000000.0,0.0,299000000.0,0.0,0.023,0.1,479000000.0,778000000.0,0.213,778000000.0,479000000.0,192000000.0,0.1,0.1,0.1,3864000000.0,,3864000000.0,28060369808.0,10.0,7.184,-396000000.0,-0.57,1.0,755000000.0,0.207,1714000000.0,287000000.0,49740000000.0,,734000000.0,1001000000.0,439000000.0,562000000.0,31500000000.0,6563000000.0,24937000000.0,9314369808.0,-296000000.0,1000000.0,-272000000.0,95000000.0,-71000000.0,-124000000.0,-350000000.0,168000000.0,153000000.0,8000000.0,69000000.0,69000000.0,69000000.0,0.0,195000000.0,0.019,99000000.0,656000000.0,1994000000.0,1.0,2.411,10.292,10.441,23440000000.0,0.0,13.26,0.613,0.607,2877000000.0,258000000.0,3656000000.0,3656000000.0,0.0,,,,,0.0,50000000.0,1.0,702441162.0,695000000.0,695000000.0,5.26,36870000000.0,784000000.0,123000000.0,1281000000.0,53.05,952000000.0
25,AES,MRQ,2015-03-31,2015-03-31,2015-03-31,2021-08-04,-3549000000.0,37997000000.0,,7642000000.0,30355000000.0,,5.697,-619000000.0,1655000000.0,1655000000.0,3263000000.0,254000000.0,1.161,7.698,20401000000.0,1831000000.0,18570000000.0,20401000000.0,0.0,298000000.0,0.0,0.019,0.1,601000000.0,899000000.0,0.226,899000000.0,601000000.0,238000000.0,0.2,0.2,0.2,4022000000.0,,4022000000.0,28064850125.0,10.0,6.913,-182000000.0,-0.258,1.0,721000000.0,0.181,1726000000.0,363000000.0,48435000000.0,,707000000.0,1168000000.0,582000000.0,586000000.0,30962000000.0,6582000000.0,24380000000.0,9028850125.0,-202000000.0,-17000000.0,-35000000.0,-34000000.0,-70000000.0,113000000.0,-720000000.0,22000000.0,437000000.0,-27000000.0,142000000.0,142000000.0,142000000.0,0.0,112000000.0,0.036,83000000.0,638000000.0,2051000000.0,0.5,2.245,9.318,9.519,22848000000.0,0.0,12.85,0.57,0.573,2807000000.0,423000000.0,3984000000.0,3984000000.0,0.0,,,,,0.0,55000000.0,1.0,702634251.0,706000000.0,706000000.0,5.643,36271000000.0,770000000.0,96000000.0,1223000000.0,51.375,1060000000.0
26,AES,MRQ,2014-12-31,2014-12-31,2014-12-31,2021-08-04,-3286000000.0,38966000000.0,,7826000000.0,31140000000.0,,5.991,-627000000.0,1822000000.0,1822000000.0,2510000000.0,298000000.0,1.118,7.407,20858000000.0,2133000000.0,18725000000.0,20858000000.0,0.0,308000000.0,0.0,0.015,0.05,639000000.0,947000000.0,0.305,947000000.0,639000000.0,274000000.0,0.29,0.28,0.29,4272000000.0,,4272000000.0,28727648322.0,11.0,7.489,-52000000.0,-0.073,1.0,600000000.0,0.193,1739000000.0,365000000.0,49266000000.0,,702000000.0,1246000000.0,709000000.0,537000000.0,31641000000.0,6997000000.0,24644000000.0,9818648322.0,-147000000.0,139000000.0,-168000000.0,-194000000.0,-36000000.0,-418000000.0,-292000000.0,-69000000.0,575000000.0,4000000.0,206000000.0,206000000.0,206000000.0,-29000000.0,92000000.0,0.066,78000000.0,522000000.0,2278000000.0,0.172,2.298,12.768,12.869,25151000000.0,0.0,13.77,0.609,0.609,2709000000.0,512000000.0,3110000000.0,3110000000.0,0.0,,,,,0.0,39000000.0,1.0,713046356.0,713046356.0,,4.362,37227000000.0,937000000.0,68000000.0,1277000000.0,52.208,829000000.0
27,AES,MRQ,2014-09-30,2014-09-30,2014-09-30,2021-08-04,-3176000000.0,38983000000.0,,7887000000.0,31096000000.0,,5.942,-481000000.0,2157000000.0,2157000000.0,3674000000.0,508000000.0,1.115,7.145,21066000000.0,2347000000.0,18719000000.0,21066000000.0,0.0,312000000.0,0.0,0.013,0.05,970000000.0,1282000000.0,0.289,1282000000.0,970000000.0,580000000.0,0.68,0.67,0.68,4397000000.0,,4397000000.0,29981956419.0,13.0,8.64,282000000.0,0.381,1.0,767000000.0,0.173,1751000000.0,390000000.0,49068000000.0,,741000000.0,1390000000.0,686000000.0,704000000.0,31417000000.0,7073000000.0,24344000000.0,10255956419.0,155000000.0,778000000.0,-108000000.0,-267000000.0,-36000000.0,-594000000.0,27000000.0,-324000000.0,763000000.0,-41000000.0,488000000.0,488000000.0,488000000.0,0.0,20000000.0,0.11,72000000.0,695000000.0,2203000000.0,0.074,2.332,28.728,28.36,25067000000.0,0.0,14.18,0.61,0.624,2755000000.0,413000000.0,4441000000.0,4441000000.0,0.0,,,,,0.0,45000000.0,1.0,723269141.0,740000000.0,740000000.0,6.001,37232000000.0,841000000.0,92000000.0,1165000000.0,50.314,814000000.0
28,AES,MRQ,2014-06-30,2014-06-30,2014-06-30,2021-08-04,-3023000000.0,39433000000.0,,7407000000.0,32026000000.0,,5.784,-509000000.0,1997000000.0,1997000000.0,3492000000.0,275000000.0,1.111,7.581,21723000000.0,2095000000.0,19628000000.0,21723000000.0,0.0,319000000.0,0.0,0.012,0.05,613000000.0,932000000.0,0.216,932000000.0,613000000.0,290000000.0,0.18,0.18,0.18,4211000000.0,,4211000000.0,30761948940.0,17.0,10.04,-277000000.0,-0.38,1.0,819000000.0,0.19,1767000000.0,323000000.0,50725000000.0,,710000000.0,1424000000.0,424000000.0,1000000000.0,31925000000.0,6667000000.0,25258000000.0,11278948940.0,102000000.0,133000000.0,-32000000.0,65000000.0,-36000000.0,-118000000.0,-65000000.0,217000000.0,232000000.0,8000000.0,133000000.0,133000000.0,133000000.0,6000000.0,142000000.0,0.031,132000000.0,687000000.0,2130000000.0,0.278,2.678,-187.982,-172.778,25628000000.0,0.0,15.55,0.689,0.692,2689000000.0,-75000000.0,4311000000.0,4311000000.0,0.0,,,,,0.0,52000000.0,1.0,725334337.0,728000000.0,728000000.0,5.922,37666000000.0,846000000.0,157000000.0,1114000000.0,51.739,740000000.0
29,AES,MRQ,2014-03-31,2014-03-31,2014-03-31,2021-08-04,-2967000000.0,40973000000.0,,7989000000.0,32984000000.0,,5.791,-399000000.0,2002000000.0,2002000000.0,3468000000.0,66000000.0,1.019,7.949,21485000000.0,2075000000.0,19410000000.0,21485000000.0,0.0,306000000.0,0.0,0.012,0.05,369000000.0,675000000.0,0.158,675000000.0,369000000.0,-4000000.0,-0.08,-0.08,-0.08,4193000000.0,,4193000000.0,29147685028.0,16.0,9.575,-178000000.0,-0.246,1.0,794000000.0,0.186,1761000000.0,373000000.0,50855000000.0,,687000000.0,1651000000.0,621000000.0,1030000000.0,33332000000.0,7840000000.0,25492000000.0,10337685028.0,-229000000.0,29000000.0,0.0,-24000000.0,-36000000.0,-132000000.0,-326000000.0,56000000.0,221000000.0,-22000000.0,-58000000.0,-58000000.0,-58000000.0,0.0,124000000.0,-0.014,225000000.0,569000000.0,2632000000.0,-0.625,2.465,-397.603,-285.6,25353000000.0,0.0,14.28,0.646,0.646,2586000000.0,-208000000.0,4262000000.0,4262000000.0,0.0,,,,,0.0,51000000.0,1.0,723927523.0,724000000.0,724000000.0,5.887,39212000000.0,861000000.0,54000000.0,1145000000.0,54.16,149000000.0
30,AES,MRQ,2013-12-31,2013-12-31,2013-12-31,2021-08-04,-2882000000.0,40411000000.0,,7739000000.0,32672000000.0,,5.833,-658000000.0,2239000000.0,2239000000.0,3130000000.0,-204000000.0,1.011,7.566,21049000000.0,2180000000.0,18869000000.0,21049000000.0,0.0,312000000.0,0.0,0.011,0.04,269000000.0,581000000.0,0.153,581000000.0,269000000.0,-148000000.0,-0.28,-0.28,-0.28,4330000000.0,,4330000000.0,29156166439.0,15.0,9.018,17000000.0,0.023,1.0,670000000.0,0.176,1919000000.0,417000000.0,49649000000.0,,684000000.0,1678000000.0,668000000.0,1010000000.0,32760000000.0,7653000000.0,25107000000.0,10771166439.0,-382000000.0,-1000000.0,-259000000.0,-64000000.0,-30000000.0,-501000000.0,-507000000.0,181000000.0,675000000.0,-22000000.0,-206000000.0,-206000000.0,-206000000.0,0.0,2000000.0,-0.054,423000000.0,247000000.0,2259000000.0,-0.143,2.488,94.484,96.733,25112000000.0,0.0,14.51,0.678,0.678,2363000000.0,-150000000.0,3800000000.0,3800000000.0,0.0,,,,,0.0,60000000.0,1.0,742327115.0,742327115.0,,5.119,38492000000.0,832000000.0,58000000.0,1119000000.0,51.853,86000000.0
31,AES,MRQ,2013-09-30,2013-09-30,2013-09-30,2021-08-04,-2918000000.0,41250000000.0,,8251000000.0,32999000000.0,,6.443,-464000000.0,2651000000.0,2651000000.0,3069000000.0,223000000.0,1.03,6.915,21036000000.0,2503000000.0,18533000000.0,21036000000.0,0.0,321000000.0,0.0,0.012,0.04,555000000.0,876000000.0,0.219,876000000.0,555000000.0,197000000.0,0.09,0.09,0.09,4813000000.0,,4813000000.0,28549565998.0,12.0,7.683,391000000.0,0.523,1.0,927000000.0,0.232,2266000000.0,358000000.0,49360000000.0,,711000000.0,1923000000.0,898000000.0,1025000000.0,33284000000.0,8009000000.0,25275000000.0,9855565998.0,475000000.0,32000000.0,-45000000.0,344000000.0,-29000000.0,164000000.0,-561000000.0,-193000000.0,855000000.0,2000000.0,71000000.0,71000000.0,71000000.0,0.0,152000000.0,0.018,142000000.0,785000000.0,2156000000.0,0.444,2.048,19.91,20.766,25082000000.0,0.0,13.29,0.599,0.604,2326000000.0,56000000.0,3996000000.0,3996000000.0,0.0,,,,,0.0,53000000.0,1.0,741577577.0,747000000.0,747000000.0,5.349,38984000000.0,993000000.0,126000000.0,1116000000.0,52.187,242000000.0
32,AES,MRQ,2013-06-30,2013-06-30,2013-06-30,2021-08-04,-2939000000.0,40836000000.0,,7810000000.0,33026000000.0,,6.324,-465000000.0,2376000000.0,2376000000.0,3044000000.0,333000000.0,0.944,6.955,21070000000.0,3041000000.0,18029000000.0,21070000000.0,0.0,332000000.0,0.0,0.01,0.04,580000000.0,912000000.0,0.231,912000000.0,580000000.0,243000000.0,0.22,0.22,0.22,4749000000.0,,4749000000.0,27774025427.0,34.0,12.787,102000000.0,0.136,1.0,901000000.0,0.228,2407000000.0,337000000.0,48850000000.0,,763000000.0,1880000000.0,703000000.0,1177000000.0,33029000000.0,8273000000.0,24756000000.0,8951025427.0,-707000000.0,131000000.0,-18000000.0,-811000000.0,-30000000.0,-1109000000.0,-125000000.0,87000000.0,567000000.0,-31000000.0,167000000.0,167000000.0,167000000.0,0.0,166000000.0,0.042,70000000.0,831000000.0,2622000000.0,0.182,1.885,-7.824,-7.735,25868000000.0,0.0,11.99,0.533,0.536,2417000000.0,-15000000.0,3945000000.0,3945000000.0,0.0,,,,,0.0,53000000.0,1.0,746540903.0,751000000.0,751000000.0,5.253,38429000000.0,1103000000.0,76000000.0,1195000000.0,51.17,-463000000.0
33,AES,MRQ,2013-03-31,2013-03-31,2013-03-31,2021-08-04,-2952000000.0,42718000000.0,,9258000000.0,33460000000.0,,6.186,-401000000.0,3061000000.0,3061000000.0,3401000000.0,199000000.0,0.997,7.55,21884000000.0,3615000000.0,18269000000.0,21884000000.0,0.0,329000000.0,0.0,0.006,0.04,535000000.0,864000000.0,0.208,864000000.0,535000000.0,165000000.0,0.11,0.11,0.11,4633000000.0,,4633000000.0,28026247987.0,33.0,12.71,217000000.0,0.29,1.0,749000000.0,0.18,2416000000.0,370000000.0,49839000000.0,,755000000.0,2046000000.0,851000000.0,1195000000.0,34977000000.0,9286000000.0,25691000000.0,9374247987.0,356000000.0,1000000.0,0.0,345000000.0,-30000000.0,310000000.0,-581000000.0,-157000000.0,618000000.0,-8000000.0,82000000.0,82000000.0,82000000.0,0.0,117000000.0,0.02,128000000.0,621000000.0,2951000000.0,0.364,2.023,-8.005,-7.906,26012000000.0,0.0,12.57,0.553,0.555,2633000000.0,-182000000.0,4150000000.0,4150000000.0,0.0,,,,,0.0,54000000.0,1.0,745763563.0,749000000.0,749000000.0,5.541,40302000000.0,1217000000.0,83000000.0,1239000000.0,53.808,-28000000.0
34,AES,MRQ,2012-12-31,2012-12-31,2012-12-31,2021-08-04,-2920000000.0,41830000000.0,,8465000000.0,33365000000.0,,6.141,-527000000.0,2634000000.0,2634000000.0,3494000000.0,323000000.0,1.018,7.511,20721000000.0,2505000000.0,18216000000.0,20721000000.0,0.0,356000000.0,0.0,0.004,0.04,708000000.0,1064000000.0,0.244,1064000000.0,708000000.0,346000000.0,0.22,0.22,0.22,4569000000.0,,4569000000.0,26842383663.0,20.0,9.901,245000000.0,0.329,1.0,863000000.0,0.198,2323000000.0,362000000.0,49275000000.0,,719000000.0,1889000000.0,693000000.0,1196000000.0,34316000000.0,8319000000.0,25997000000.0,7960383663.0,17000000.0,205000000.0,0.0,-355000000.0,-30000000.0,-524000000.0,-219000000.0,89000000.0,772000000.0,-4000000.0,175000000.0,175000000.0,175000000.0,0.0,148000000.0,0.04,44000000.0,819000000.0,2545000000.0,0.182,1.742,-8.728,-8.843,24635000000.0,0.0,10.7,0.464,0.464,2539000000.0,-264000000.0,4357000000.0,4357000000.0,0.0,,,,,0.0,49000000.0,1.0,743961090.0,743961090.0,,5.856,39507000000.0,1139000000.0,171000000.0,1179000000.0,53.104,146000000.0
35,AES,MRQ,2012-09-30,2012-09-30,2012-09-30,2021-08-04,-2905000000.0,41356000000.0,,8684000000.0,32672000000.0,,5.914,-510000000.0,2678000000.0,2678000000.0,3388000000.0,-1402000000.0,1.154,7.577,21560000000.0,2335000000.0,19225000000.0,21560000000.0,0.0,332000000.0,0.0,0.0,0.0,-1000000000.0,-668000000.0,-0.153,-668000000.0,-1000000000.0,-1396000000.0,-2.1,-2.1,-2.1,4424000000.0,,4424000000.0,27630516789.0,27.0,11.708,505000000.0,0.675,1.0,967000000.0,0.222,2429000000.0,396000000.0,50283000000.0,,796000000.0,2207000000.0,873000000.0,1334000000.0,33520000000.0,7526000000.0,25994000000.0,8205516789.0,259000000.0,95000000.0,-70000000.0,-233000000.0,0.0,-481000000.0,-324000000.0,8000000.0,1015000000.0,6000000.0,-1568000000.0,-1568000000.0,-1568000000.0,0.0,166000000.0,-0.36,1972000000.0,-1005000000.0,2327000000.0,0.0,1.855,-6.331,-6.305,25484000000.0,0.0,10.97,0.506,0.506,2671000000.0,-439000000.0,4355000000.0,4355000000.0,0.0,,,,,0.0,64000000.0,1.0,747996061.0,747996061.0,,5.822,38927000000.0,1102000000.0,172000000.0,1417000000.0,52.042,1158000000.0
36,AES,MRQ,2012-06-30,2012-06-30,2012-06-30,2021-08-04,-2865000000.0,42749000000.0,,8317000000.0,34432000000.0,,7.978,-492000000.0,2301000000.0,2301000000.0,3396000000.0,207000000.0,1.182,5.43,21726000000.0,2298000000.0,19428000000.0,21726000000.0,0.0,346000000.0,0.0,0.0,0.0,599000000.0,945000000.0,0.231,945000000.0,599000000.0,215000000.0,0.18,0.18,0.18,6123000000.0,,6123000000.0,29945894519.0,13.0,8.076,88000000.0,0.115,1.0,693000000.0,0.169,4308000000.0,384000000.0,50827000000.0,,826000000.0,2275000000.0,883000000.0,1392000000.0,33248000000.0,7039000000.0,26209000000.0,9846894519.0,30000000.0,157000000.0,-231000000.0,-132000000.0,0.0,-899000000.0,373000000.0,694000000.0,580000000.0,-22000000.0,140000000.0,140000000.0,140000000.0,0.0,67000000.0,0.034,107000000.0,586000000.0,2171000000.0,0.0,1.608,69.836,67.526,25097000000.0,0.0,12.83,0.609,0.609,2628000000.0,1159000000.0,4089000000.0,4089000000.0,0.0,,,,,0.0,74000000.0,1.0,767489830.0,767489830.0,,5.328,38441000000.0,1091000000.0,75000000.0,1354000000.0,50.087,1278000000.0
37,AES,MRQ,2012-03-31,2012-03-31,2012-03-31,2021-08-04,-2575000000.0,45431000000.0,,9559000000.0,35872000000.0,,8.472,-579000000.0,2136000000.0,2136000000.0,3514000000.0,515000000.0,1.198,5.388,22235000000.0,2215000000.0,20020000000.0,22235000000.0,0.0,360000000.0,0.0,0.0,0.0,1025000000.0,1385000000.0,0.302,1385000000.0,1025000000.0,609000000.0,0.45,0.44,0.45,6489000000.0,,6489000000.0,30389391668.0,12.0,7.978,-45000000.0,-0.059,1.0,1072000000.0,0.234,4282000000.0,416000000.0,53270000000.0,,799000000.0,3170000000.0,1740000000.0,1430000000.0,34960000000.0,7978000000.0,26982000000.0,10010391668.0,-30000000.0,162000000.0,0.0,68000000.0,0.0,37000000.0,-725000000.0,-350000000.0,534000000.0,25000000.0,341000000.0,341000000.0,341000000.0,0.0,174000000.0,0.074,125000000.0,947000000.0,2014000000.0,0.0,1.543,57.202,56.826,25589000000.0,0.0,13.07,0.606,0.606,2735000000.0,1019000000.0,4586000000.0,4586000000.0,0.0,,,,,0.0,87000000.0,1.0,765906019.0,765906019.0,,5.988,41149000000.0,1216000000.0,268000000.0,1445000000.0,53.726,1581000000.0
38,AES,MRQ,2011-12-31,2011-12-31,2011-12-31,2021-08-04,-2758000000.0,45346000000.0,,9229000000.0,36117000000.0,,7.747,-598000000.0,2172000000.0,2172000000.0,2155000000.0,445000000.0,1.094,5.99,22020000000.0,2428000000.0,19592000000.0,22020000000.0,0.0,315000000.0,0.0,0.0,0.0,383000000.0,698000000.0,0.218,698000000.0,383000000.0,-10000000.0,-0.27,-0.27,-0.27,5946000000.0,,5946000000.0,25778771126.0,11.0,7.353,-27000000.0,-0.035,1.0,1045000000.0,0.327,4365000000.0,393000000.0,52391000000.0,,775000000.0,2778000000.0,1356000000.0,1422000000.0,35617000000.0,8438000000.0,27179000000.0,9087771126.0,-1584000000.0,-2528000000.0,-54000000.0,1252000000.0,0.0,1065000000.0,-3172000000.0,-408000000.0,571000000.0,-43000000.0,-209000000.0,-209000000.0,-209000000.0,0.0,654000000.0,-0.065,34000000.0,1011000000.0,2008000000.0,0.0,1.528,156.686,169.143,25001000000.0,0.0,11.84,0.565,0.565,2522000000.0,678000000.0,3200000000.0,3200000000.0,0.0,,,,,0.0,64000000.0,1.0,767548237.0,767548237.0,,4.169,40981000000.0,1169000000.0,199000000.0,1321000000.0,53.392,791000000.0
39,AES,MRQ,2011-09-30,2011-09-30,2011-09-30,2021-08-04,-2727000000.0,40883000000.0,,10067000000.0,30816000000.0,,7.966,-813000000.0,4187000000.0,4187000000.0,3297000000.0,175000000.0,1.39,4.978,20878000000.0,2174000000.0,18704000000.0,20878000000.0,0.0,325000000.0,0.0,0.0,0.0,355000000.0,680000000.0,0.158,680000000.0,355000000.0,-63000000.0,-0.17,-0.17,-0.17,6233000000.0,,6233000000.0,24917253573.0,14.0,8.237,323000000.0,0.413,1.0,1010000000.0,0.235,1739000000.0,418000000.0,48594000000.0,,668000000.0,2454000000.0,1053000000.0,1401000000.0,31026000000.0,7241000000.0,23785000000.0,7636253573.0,-231000000.0,38000000.0,-127000000.0,219000000.0,0.0,-273000000.0,-977000000.0,155000000.0,1136000000.0,-108000000.0,-131000000.0,-131000000.0,-131000000.0,0.0,306000000.0,-0.03,313000000.0,697000000.0,1792000000.0,0.0,1.225,-45.185,-40.667,23813000000.0,0.0,9.76,0.461,0.461,2392000000.0,887000000.0,4307000000.0,4307000000.0,0.0,,,,,0.0,90000000.0,1.0,782403030.0,782403030.0,,5.505,39144000000.0,863000000.0,68000000.0,621000000.0,50.03,2826000000.0
40,AES,MRQ,2011-06-30,2011-06-30,2011-06-30,2021-08-04,-2278000000.0,42635000000.0,,10173000000.0,32462000000.0,,8.838,-540000000.0,4154000000.0,4154000000.0,3443000000.0,427000000.0,1.414,4.601,21435000000.0,2331000000.0,19104000000.0,21435000000.0,0.0,317000000.0,0.0,0.0,0.0,729000000.0,1046000000.0,0.236,1046000000.0,729000000.0,348000000.0,0.22,0.22,0.22,6911000000.0,,6911000000.0,26894782366.0,13.0,8.316,135000000.0,0.173,1.0,992000000.0,0.224,1794000000.0,381000000.0,50929000000.0,,654000000.0,2773000000.0,1231000000.0,1542000000.0,31798000000.0,7193000000.0,24605000000.0,9962782366.0,1619000000.0,-19000000.0,-35000000.0,1840000000.0,0.0,1083000000.0,-156000000.0,492000000.0,675000000.0,14000000.0,174000000.0,174000000.0,174000000.0,9000000.0,253000000.0,0.039,165000000.0,827000000.0,1892000000.0,0.0,1.442,131.089,182.0,25547000000.0,0.0,12.74,0.613,0.613,2639000000.0,1018000000.0,4435000000.0,4435000000.0,0.0,,,,,0.0,97000000.0,1.0,782008035.0,782008035.0,,5.671,40841000000.0,959000000.0,174000000.0,891000000.0,52.226,2980000000.0
41,AES,MRQ,2011-03-31,2011-03-31,2011-03-31,2021-08-04,-2248000000.0,40500000000.0,,8746000000.0,31754000000.0,,8.617,-479000000.0,2520000000.0,2520000000.0,3163000000.0,483000000.0,1.158,4.337,19452000000.0,2810000000.0,16642000000.0,19452000000.0,0.0,305000000.0,0.0,0.0,0.0,777000000.0,1082000000.0,0.26,1082000000.0,777000000.0,439000000.0,0.28,0.28,0.28,6792000000.0,,6792000000.0,26852289923.0,13.0,8.204,23000000.0,0.029,1.0,993000000.0,0.239,1784000000.0,338000000.0,48097000000.0,,634000000.0,3257000000.0,1713000000.0,1544000000.0,29458000000.0,7551000000.0,21907000000.0,10247289923.0,-540000000.0,-130000000.0,-63000000.0,-330000000.0,0.0,-463000000.0,-601000000.0,20000000.0,502000000.0,15000000.0,224000000.0,224000000.0,224000000.0,7000000.0,259000000.0,0.054,110000000.0,883000000.0,1873000000.0,0.0,1.509,222.767,433.333,25023000000.0,0.0,13.0,0.651,0.651,2496000000.0,844000000.0,4156000000.0,4156000000.0,0.0,,,,,0.0,95000000.0,1.0,788253071.0,788253071.0,,5.272,38716000000.0,937000000.0,215000000.0,907000000.0,49.116,1195000000.0
42,AES,MRQ,2010-12-31,2010-12-31,2010-12-31,2021-08-04,-2383000000.0,40511000000.0,,9446000000.0,31065000000.0,,8.213,-782000000.0,2929000000.0,2929000000.0,2747000000.0,-169000000.0,1.171,4.65,18788000000.0,2996000000.0,15792000000.0,18788000000.0,0.0,302000000.0,0.0,0.0,0.0,-85000000.0,217000000.0,0.059,217000000.0,-85000000.0,-383000000.0,-0.57,-0.57,-0.57,6473000000.0,,6473000000.0,26117055661.0,13.0,8.088,267000000.0,0.339,1.0,919000000.0,0.251,1719000000.0,298000000.0,46586000000.0,,552000000.0,3038000000.0,1718000000.0,1320000000.0,30098000000.0,8065000000.0,22033000000.0,9599055661.0,-309000000.0,243000000.0,-83000000.0,-352000000.0,0.0,-728000000.0,-693000000.0,-72000000.0,1049000000.0,29000000.0,-436000000.0,-436000000.0,-436000000.0,149000000.0,267000000.0,-0.119,271000000.0,648000000.0,1988000000.0,0.0,1.483,1066.562,1218.0,23429000000.0,0.0,12.18,0.622,0.622,2283000000.0,620000000.0,3666000000.0,3666000000.0,0.0,,,,,0.0,112000000.0,1.0,788099808.0,788099808.0,,4.652,38792000000.0,889000000.0,53000000.0,892000000.0,49.222,1381000000.0
43,AES,MRQ,2010-09-30,2010-09-30,2010-09-30,2021-08-04,-2504000000.0,41780000000.0,,9768000000.0,32012000000.0,,8.677,-526000000.0,3457000000.0,3457000000.0,3023000000.0,397000000.0,1.39,4.499,19975000000.0,2055000000.0,17920000000.0,19975000000.0,0.0,292000000.0,0.0,0.0,0.0,597000000.0,889000000.0,0.223,889000000.0,597000000.0,216000000.0,0.14,0.14,0.14,6890000000.0,,6890000000.0,25221081260.0,10.0,6.919,475000000.0,0.598,1.0,967000000.0,0.242,1886000000.0,381000000.0,49383000000.0,,611000000.0,2958000000.0,1645000000.0,1313000000.0,30997000000.0,7029000000.0,23968000000.0,9012081260.0,-38000000.0,34000000.0,-18000000.0,-217000000.0,0.0,-670000000.0,-392000000.0,109000000.0,1001000000.0,23000000.0,114000000.0,114000000.0,114000000.0,-108000000.0,283000000.0,0.029,435000000.0,532000000.0,4523000000.0,0.0,1.308,22.7,21.827,24975000000.0,0.0,11.35,0.61,0.61,2381000000.0,1056000000.0,3990000000.0,3990000000.0,0.0,,,,,0.0,98000000.0,1.0,794015970.0,794015970.0,,5.025,39894000000.0,933000000.0,102000000.0,1249000000.0,50.243,2739000000.0
44,AES,MRQ,2010-06-30,2010-06-30,2010-06-30,2021-08-04,-2602000000.0,40701000000.0,,9564000000.0,31137000000.0,,8.407,-509000000.0,3463000000.0,3463000000.0,2921000000.0,429000000.0,1.503,4.493,19672000000.0,1904000000.0,17768000000.0,19672000000.0,0.0,291000000.0,0.0,0.0,0.0,794000000.0,1085000000.0,0.277,1085000000.0,794000000.0,405000000.0,0.18,0.18,0.18,6687000000.0,,6687000000.0,24034296370.0,9.0,6.293,238000000.0,0.299,1.0,1002000000.0,0.255,1867000000.0,389000000.0,48679000000.0,,551000000.0,2943000000.0,1716000000.0,1227000000.0,30047000000.0,6364000000.0,23683000000.0,7349296370.0,-459000000.0,33000000.0,-1000000.0,-332000000.0,0.0,-823000000.0,-360000000.0,108000000.0,747000000.0,-23000000.0,144000000.0,144000000.0,144000000.0,0.0,285000000.0,0.037,150000000.0,852000000.0,4067000000.0,0.0,1.099,15.704,14.0,24086000000.0,0.0,9.24,0.509,0.509,2200000000.0,942000000.0,3923000000.0,3923000000.0,0.0,,,,,0.0,101000000.0,1.0,795378395.0,795378395.0,,4.932,38834000000.0,861000000.0,261000000.0,1208000000.0,48.825,3200000000.0
45,AES,MRQ,2010-03-31,2010-03-31,2010-03-31,2021-08-04,-2881000000.0,41882000000.0,,10460000000.0,31422000000.0,,9.345,-493000000.0,3957000000.0,3957000000.0,2959000000.0,402000000.0,1.517,5.018,20642000000.0,2336000000.0,18306000000.0,20642000000.0,0.0,293000000.0,0.0,0.077,0.0,754000000.0,1047000000.0,0.267,1047000000.0,754000000.0,373000000.0,0.27,0.27,0.27,6247000000.0,,6247000000.0,25053160749.0,9.0,6.658,175000000.0,0.262,1.0,961000000.0,0.245,1805000000.0,381000000.0,49868000000.0,,575000000.0,2906000000.0,1731000000.0,1175000000.0,31346000000.0,6894000000.0,24452000000.0,7353160749.0,1567000000.0,65000000.0,1570000000.0,60000000.0,0.0,1515000000.0,-595000000.0,-119000000.0,668000000.0,-21000000.0,187000000.0,187000000.0,187000000.0,-21000000.0,215000000.0,0.048,92000000.0,869000000.0,4057000000.0,0.0,1.177,11.728,11.828,24827000000.0,0.0,11.0,0.533,0.533,2259000000.0,791000000.0,3920000000.0,3920000000.0,0.0,,,,,0.0,80000000.0,1.0,668469159.0,668469159.0,,5.864,40077000000.0,874000000.0,186000000.0,1130000000.0,59.953,3566000000.0
46,AES,MRQ,2009-12-31,2009-12-31,2009-12-31,2021-08-04,-2724000000.0,39535000000.0,,8787000000.0,30748000000.0,,7.003,-755000000.0,2189000000.0,2189000000.0,2194000000.0,283000000.0,1.327,6.557,19537000000.0,1932000000.0,17605000000.0,19537000000.0,0.0,282000000.0,0.0,0.063,0.0,342000000.0,624000000.0,0.213,624000000.0,342000000.0,27000000.0,-0.07,-0.08,-0.07,4675000000.0,,4675000000.0,26015527015.0,10.0,6.984,-421000000.0,-0.631,1.0,738000000.0,0.252,1809000000.0,315000000.0,48453000000.0,,560000000.0,2805000000.0,1648000000.0,1157000000.0,30655000000.0,6621000000.0,24034000000.0,8885527015.0,-187000000.0,-18000000.0,0.0,529000000.0,0.0,367000000.0,-873000000.0,-243000000.0,334000000.0,3000000.0,-48000000.0,-48000000.0,-48000000.0,121000000.0,331000000.0,-0.016,260000000.0,478000000.0,1862000000.0,0.0,1.901,13.504,13.444,23796000000.0,0.0,13.31,0.678,0.678,2142000000.0,650000000.0,2932000000.0,2932000000.0,0.0,,,,,0.0,88000000.0,1.0,667582796.0,667582796.0,,4.392,37726000000.0,797000000.0,75000000.0,1090000000.0,56.511,2166000000.0
47,AES,MRQ,2009-09-30,2009-09-30,2009-09-30,2021-08-04,-2855000000.0,39261000000.0,,8728000000.0,30533000000.0,,6.871,-572000000.0,2530000000.0,2530000000.0,2685000000.0,440000000.0,1.399,6.698,19660000000.0,1571000000.0,18089000000.0,19660000000.0,0.0,269000000.0,0.0,0.057,0.0,794000000.0,1063000000.0,0.291,1063000000.0,794000000.0,388000000.0,0.28,0.28,0.28,4583000000.0,,4583000000.0,26926042688.0,10.0,7.167,431000000.0,0.646,1.0,967000000.0,0.265,1910000000.0,406000000.0,48243000000.0,,578000000.0,2466000000.0,1357000000.0,1109000000.0,30696000000.0,6238000000.0,24458000000.0,9885042688.0,260000000.0,0.0,0.0,177000000.0,0.0,-88000000.0,-660000000.0,-76000000.0,1003000000.0,5000000.0,185000000.0,185000000.0,185000000.0,-26000000.0,255000000.0,0.051,102000000.0,865000000.0,1223000000.0,0.0,2.157,15.0,14.97,24226000000.0,0.0,14.82,0.767,0.767,2415000000.0,698000000.0,3652000000.0,3652000000.0,0.0,,,,,0.0,81000000.0,1.0,667006929.0,667006929.0,,5.475,37351000000.0,832000000.0,203000000.0,1316000000.0,55.998,2490000000.0
48,AES,MRQ,2009-06-30,2009-06-30,2009-06-30,2021-08-04,-2847000000.0,37418000000.0,,8022000000.0,29396000000.0,,6.588,-619000000.0,2179000000.0,2179000000.0,2488000000.0,531000000.0,1.486,6.645,19220000000.0,1384000000.0,17836000000.0,19220000000.0,0.0,253000000.0,0.0,0.073,0.844,776000000.0,1029000000.0,0.313,1029000000.0,776000000.0,408000000.0,0.45,0.45,0.45,4392000000.0,,4392000000.0,23994974032.0,9.0,6.442,-102000000.0,-0.153,1.0,803000000.0,0.244,1916000000.0,368000000.0,47146000000.0,,577000000.0,2195000000.0,1152000000.0,1043000000.0,29187000000.0,5397000000.0,23790000000.0,7739974032.0,490000000.0,2000000.0,0.0,721000000.0,0.0,418000000.0,-461000000.0,159000000.0,517000000.0,16000000.0,303000000.0,303000000.0,303000000.0,-28000000.0,228000000.0,0.092,118000000.0,685000000.0,1038000000.0,1.876,1.762,12.504,12.484,23054000000.0,0.0,11.61,0.571,0.571,2314000000.0,513000000.0,3291000000.0,3291000000.0,0.0,,,,,0.0,87000000.0,1.0,666664430.0,666664430.0,,4.937,35502000000.0,834000000.0,105000000.0,1237000000.0,53.253,2625000000.0
49,AES,MRQ,2009-03-31,2009-03-31,2009-03-31,2021-08-04,-3009000000.0,34838000000.0,,7213000000.0,27625000000.0,,5.876,-574000000.0,1702000000.0,1702000000.0,2413000000.0,501000000.0,1.594,6.933,17957000000.0,943000000.0,17014000000.0,17957000000.0,0.0,245000000.0,0.0,0.0,0.0,772000000.0,1017000000.0,0.311,1017000000.0,772000000.0,392000000.0,0.33,0.33,0.33,3915000000.0,,3915000000.0,20329715012.0,6.0,4.38,-217000000.0,-0.326,1.0,856000000.0,0.262,1901000000.0,380000000.0,44667000000.0,,502000000.0,2083000000.0,1134000000.0,949000000.0,27141000000.0,4525000000.0,22616000000.0,3870715012.0,345000000.0,0.0,0.0,-78000000.0,0.0,-87000000.0,77000000.0,283000000.0,357000000.0,-2000000.0,218000000.0,218000000.0,218000000.0,-19000000.0,283000000.0,0.067,106000000.0,750000000.0,1087000000.0,0.0,0.989,3.175,3.192,21705000000.0,0.0,5.81,0.269,0.269,2202000000.0,210000000.0,3269000000.0,3269000000.0,0.0,,,,,0.0,84000000.0,1.0,666216009.0,666216009.0,,4.907,32937000000.0,727000000.0,174000000.0,1135000000.0,49.439,2688000000.0
50,AES,MRQ,2008-12-31,2008-12-31,2008-12-31,2021-08-04,-3018000000.0,34806000000.0,,7316000000.0,27490000000.0,,5.54,-887000000.0,1603000000.0,1603000000.0,2136000000.0,105000000.0,1.412,7.571,17690000000.0,1071000000.0,16619000000.0,17690000000.0,0.0,241000000.0,0.0,0.0,0.0,407000000.0,648000000.0,0.243,648000000.0,407000000.0,-1000000.0,-0.07,-0.05,-0.07,3669000000.0,,3669000000.0,21841734733.0,6.0,4.573,-314000000.0,-0.474,1.0,535000000.0,0.2,1921000000.0,408000000.0,43790000000.0,,547000000.0,2283000000.0,1382000000.0,901000000.0,27779000000.0,5182000000.0,22597000000.0,5456734733.0,-816000000.0,235000000.0,0.0,-57000000.0,0.0,-200000000.0,-1143000000.0,-213000000.0,573000000.0,-46000000.0,-47000000.0,-47000000.0,-47000000.0,-103000000.0,152000000.0,-0.018,195000000.0,340000000.0,1033000000.0,0.0,1.487,4.422,4.478,20879000000.0,0.0,8.24,0.359,0.359,2095000000.0,-8000000.0,2671000000.0,2671000000.0,0.0,,,,,0.0,81000000.0,1.0,662225089.0,662225089.0,,4.033,32885000000.0,745000000.0,46000000.0,1115000000.0,49.658,2134000000.0
51,AES,MRQ,2008-09-30,2008-09-30,2008-09-30,2021-08-04,-2500000000.0,36653000000.0,,8393000000.0,28260000000.0,,6.286,-578000000.0,2259000000.0,2259000000.0,3357000000.0,359000000.0,1.55,7.667,18644000000.0,954000000.0,17690000000.0,18644000000.0,0.0,260000000.0,0.0,0.0,0.0,771000000.0,1031000000.0,0.239,1031000000.0,771000000.0,313000000.0,0.22,0.22,0.22,4229000000.0,,4229000000.0,24680423442.0,6.0,5.016,225000000.0,0.334,1.0,962000000.0,0.223,1969000000.0,458000000.0,45654000000.0,,597000000.0,2349000000.0,1453000000.0,896000000.0,32424000000.0,5415000000.0,27009000000.0,7864423442.0,-17000000.0,2000000.0,-143000000.0,162000000.0,0.0,36000000.0,-803000000.0,-199000000.0,803000000.0,-53000000.0,145000000.0,145000000.0,145000000.0,2000000.0,214000000.0,0.034,130000000.0,832000000.0,1141000000.0,0.0,1.86,6.101,6.089,22090000000.0,0.0,11.69,0.503,0.503,2475000000.0,40000000.0,4319000000.0,4319000000.0,0.0,,,,,0.0,90000000.0,1.0,672747942.0,672747942.0,,6.42,34684000000.0,751000000.0,168000000.0,1230000000.0,51.556,2978000000.0
52,AES,MRQ,2008-06-30,2008-06-30,2008-06-30,2021-08-04,-2432000000.0,38115000000.0,,8904000000.0,29211000000.0,,6.384,-752000000.0,2286000000.0,2286000000.0,3097000000.0,1160000000.0,1.529,7.887,19102000000.0,1197000000.0,17905000000.0,19102000000.0,0.0,256000000.0,0.0,0.0,0.0,1690000000.0,1946000000.0,0.472,1946000000.0,1690000000.0,1221000000.0,1.34,1.31,1.34,4289000000.0,,4289000000.0,29125493651.0,8.0,6.019,-438000000.0,-0.652,1.0,1029000000.0,0.249,2010000000.0,469000000.0,47096000000.0,,600000000.0,2440000000.0,1551000000.0,889000000.0,33826000000.0,5825000000.0,28001000000.0,12905493651.0,-29000000.0,142000000.0,0.0,340000000.0,0.0,197000000.0,-525000000.0,41000000.0,314000000.0,-15000000.0,903000000.0,903000000.0,903000000.0,-1000000.0,257000000.0,0.219,209000000.0,820000000.0,1135000000.0,0.0,3.009,10.341,10.328,23100000000.0,0.0,19.21,0.873,0.873,2649000000.0,-105000000.0,4126000000.0,4126000000.0,0.0,,,,,0.0,99000000.0,1.0,671811226.0,671811226.0,,6.142,36105000000.0,944000000.0,318000000.0,1318000000.0,53.743,3079000000.0
53,AES,MRQ,2008-03-31,2008-03-31,2008-03-31,2021-08-04,-2474000000.0,35745000000.0,,8363000000.0,27382000000.0,,4.947,-633000000.0,2225000000.0,2225000000.0,3039000000.0,408000000.0,1.386,9.763,18445000000.0,1500000000.0,16945000000.0,18445000000.0,0.0,244000000.0,0.0,0.0,0.0,907000000.0,1151000000.0,0.282,1151000000.0,907000000.0,472000000.0,0.35,0.34,0.35,3321000000.0,,3321000000.0,26603927438.0,9.0,6.2,-163000000.0,-0.243,1.0,1042000000.0,0.255,1957000000.0,435000000.0,43975000000.0,,514000000.0,2283000000.0,1445000000.0,838000000.0,32424000000.0,6033000000.0,26391000000.0,11189927438.0,-293000000.0,-186000000.0,0.0,339000000.0,0.0,329000000.0,-1110000000.0,-361000000.0,470000000.0,18000000.0,233000000.0,233000000.0,233000000.0,-1000000.0,175000000.0,0.057,170000000.0,872000000.0,1169000000.0,0.0,3.369,18.681,18.522,20919000000.0,0.0,16.67,0.799,0.799,2610000000.0,-1008000000.0,4081000000.0,4081000000.0,0.0,,,,,0.0,98000000.0,1.0,671261394.0,671261394.0,,6.08,33788000000.0,881000000.0,239000000.0,1106000000.0,50.335,2330000000.0
54,AES,MRQ,2007-12-31,2007-12-31,2007-12-31,2021-08-04,-2378000000.0,34453000000.0,,8336000000.0,26117000000.0,,4.728,-696000000.0,2565000000.0,2565000000.0,2401000000.0,460000000.0,1.521,9.889,17990000000.0,1365000000.0,16625000000.0,17990000000.0,0.0,248000000.0,0.0,0.0,0.0,544000000.0,792000000.0,0.256,792000000.0,544000000.0,78000000.0,0.01,0.01,0.01,3164000000.0,,3164000000.0,29246413925.0,13.0,8.922,-214000000.0,-0.32,1.0,698000000.0,0.225,1882000000.0,466000000.0,42514000000.0,,476000000.0,2036000000.0,1306000000.0,730000000.0,31289000000.0,5482000000.0,25807000000.0,14315413925.0,391000000.0,302000000.0,0.0,695000000.0,0.0,529000000.0,-643000000.0,-374000000.0,482000000.0,23000000.0,8000000.0,8000000.0,8000000.0,-94000000.0,452000000.0,0.003,661000000.0,37000000.0,1067000000.0,0.0,4.524,-150.689,-152.786,19974000000.0,0.0,21.39,1.1,1.1,2308000000.0,-1241000000.0,3099000000.0,3099000000.0,0.0,,,,,0.0,117000000.0,1.0,669257313.0,669257313.0,,4.631,32571000000.0,930000000.0,70000000.0,1187000000.0,48.667,2854000000.0
55,AES,MRQ,2007-09-30,2007-09-30,2007-09-30,2021-08-04,-2368000000.0,33350000000.0,,7620000000.0,25730000000.0,,4.785,-613000000.0,2273000000.0,2273000000.0,2637000000.0,104000000.0,1.366,9.425,17204000000.0,1662000000.0,15542000000.0,17204000000.0,0.0,237000000.0,0.0,0.0,0.0,713000000.0,950000000.0,0.273,950000000.0,713000000.0,260000000.0,0.16,0.15,0.16,3199000000.0,,3199000000.0,28398013097.0,12.0,7.098,145000000.0,0.217,1.0,847000000.0,0.243,1771000000.0,453000000.0,40932000000.0,,511000000.0,1703000000.0,994000000.0,709000000.0,30151000000.0,5578000000.0,24573000000.0,13399013097.0,209000000.0,53000000.0,0.0,-68000000.0,0.0,-373000000.0,-172000000.0,283000000.0,758000000.0,-4000000.0,104000000.0,104000000.0,104000000.0,-12000000.0,0.0,0.03,155000000.0,692000000.0,978000000.0,0.0,4.189,-291.283,-286.286,19828000000.0,0.0,20.04,1.046,1.046,2119000000.0,-1260000000.0,3484000000.0,3484000000.0,0.0,,,,,0.0,93000000.0,1.0,668613428.0,668613428.0,,5.211,31579000000.0,951000000.0,156000000.0,1181000000.0,47.231,2042000000.0
56,AES,MRQ,2007-06-30,2007-06-30,2007-06-30,2021-08-04,-2373000000.0,32622000000.0,,7555000000.0,25067000000.0,,4.581,-640000000.0,2140000000.0,2140000000.0,2436000000.0,254000000.0,1.335,9.657,17139000000.0,2130000000.0,15009000000.0,17139000000.0,0.0,457000000.0,0.0,0.0,0.0,941000000.0,1398000000.0,0.419,1398000000.0,941000000.0,529000000.0,0.38,0.37,0.38,3061000000.0,,3061000000.0,29646747943.0,16.0,9.259,-126000000.0,-0.189,1.0,904000000.0,0.271,1809000000.0,412000000.0,40152000000.0,,497000000.0,1925000000.0,1204000000.0,721000000.0,29561000000.0,5660000000.0,23901000000.0,14619747943.0,12000000.0,640000000.0,-14000000.0,-167000000.0,0.0,-60000000.0,-475000000.0,-279000000.0,514000000.0,33000000.0,254000000.0,254000000.0,254000000.0,32000000.0,0.0,0.076,104000000.0,800000000.0,913000000.0,0.0,4.776,-30.649,-29.973,19239000000.0,0.0,21.88,1.191,1.191,2130000000.0,-1364000000.0,3340000000.0,3340000000.0,0.0,,,,,0.0,89000000.0,1.0,668178608.0,668178608.0,,4.999,30813000000.0,942000000.0,275000000.0,1185000000.0,46.115,1895000000.0
57,AES,MRQ,2007-03-31,2007-03-31,2007-03-31,2021-08-04,-2618000000.0,32047000000.0,,6875000000.0,25172000000.0,,3.713,-476000000.0,1944000000.0,1944000000.0,2242000000.0,-461000000.0,1.272,11.996,16971000000.0,1694000000.0,15277000000.0,16971000000.0,0.0,0.0,0.0,0.0,0.0,138000000.0,138000000.0,0.045,138000000.0,138000000.0,-286000000.0,-0.69,-0.68,-0.69,2466000000.0,,2466000000.0,29253334605.0,19.0,11.706,124000000.0,0.187,1.0,849000000.0,0.275,1749000000.0,424000000.0,39919000000.0,,496000000.0,1462000000.0,854000000.0,608000000.0,29581000000.0,5406000000.0,24175000000.0,14293334605.0,85000000.0,-174000000.0,14000000.0,186000000.0,0.0,148000000.0,-680000000.0,-152000000.0,600000000.0,17000000.0,-461000000.0,-461000000.0,-461000000.0,574000000.0,0.0,-0.149,119000000.0,730000000.0,897000000.0,0.0,5.796,-25.707,-25.619,18215000000.0,0.0,21.52,1.212,1.212,1942000000.0,-1611000000.0,3091000000.0,3091000000.0,0.0,,,,,0.0,79000000.0,1.0,664188411.0,664188411.0,,4.654,30298000000.0,895000000.0,175000000.0,1102000000.0,45.617,1469000000.0
58,AES,MRQ,2006-12-31,2006-12-31,2006-12-31,2021-08-04,-2594000000.0,31274000000.0,,6578000000.0,24696000000.0,,4.485,-463000000.0,1906000000.0,1906000000.0,2073000000.0,57000000.0,1.303,9.498,16032000000.0,1402000000.0,14630000000.0,16032000000.0,0.0,933000000.0,0.0,0.0,0.0,582000000.0,1515000000.0,0.523,1515000000.0,582000000.0,136000000.0,0.08,0.09,0.08,2979000000.0,,2979000000.0,29598712578.0,12.0,8.948,6000000.0,0.009,1.0,821000000.0,0.284,1912000000.0,446000000.0,38438000000.0,,445000000.0,1231000000.0,640000000.0,591000000.0,28295000000.0,5050000000.0,23245000000.0,14638712578.0,-437000000.0,75000000.0,-59000000.0,-433000000.0,0.0,-622000000.0,-333000000.0,-12000000.0,469000000.0,49000000.0,57000000.0,57000000.0,57000000.0,-38000000.0,0.0,0.02,410000000.0,411000000.0,788000000.0,0.0,4.914,59.266,59.568,16945000000.0,0.0,22.04,1.272,1.272,1856000000.0,-1093000000.0,2894000000.0,2894000000.0,0.0,,,,,0.0,120000000.0,1.0,664188411.0,664188411.0,,4.357,29362000000.0,815000000.0,79000000.0,809000000.0,44.207,1528000000.0
59,AES,MRQ,2006-09-30,2006-09-30,2006-09-30,2021-08-04,-2881000000.0,31936000000.0,,6878000000.0,25058000000.0,,4.041,-445000000.0,2449000000.0,2449000000.0,2121000000.0,-327000000.0,1.155,10.948,17409000000.0,2022000000.0,15387000000.0,17409000000.0,0.0,0.0,0.0,0.0,0.0,151000000.0,151000000.0,0.051,151000000.0,151000000.0,-322000000.0,-0.5,-0.5,-0.5,2673000000.0,,2673000000.0,29142519673.0,12.0,8.926,483000000.0,0.73,1.0,826000000.0,0.28,1412000000.0,473000000.0,39531000000.0,,507000000.0,1145000000.0,569000000.0,576000000.0,29263000000.0,5953000000.0,23310000000.0,13486519673.0,767000000.0,583000000.0,31000000.0,-219000000.0,0.0,-252000000.0,105000000.0,-115000000.0,928000000.0,-14000000.0,-327000000.0,-327000000.0,-327000000.0,-41000000.0,0.0,-0.111,120000000.0,706000000.0,1071000000.0,0.0,5.045,47.156,46.341,19402000000.0,0.0,20.39,1.247,1.247,1888000000.0,-1034000000.0,2947000000.0,2947000000.0,0.0,,,,,0.0,67000000.0,1.0,661428135.0,661428135.0,,4.456,30524000000.0,1146000000.0,5000000.0,735000000.0,46.149,925000000.0
60,AES,MRQ,2006-06-30,2006-06-30,2006-06-30,2021-08-04,-3439000000.0,30973000000.0,,6129000000.0,24844000000.0,,3.723,-310000000.0,1841000000.0,1841000000.0,1995000000.0,175000000.0,1.182,11.637,17497000000.0,1416000000.0,16081000000.0,17497000000.0,0.0,0.0,0.0,0.0,0.0,695000000.0,695000000.0,0.243,695000000.0,695000000.0,263000000.0,0.27,0.26,0.27,2451000000.0,,2451000000.0,27948022395.0,9.0,7.024,132000000.0,0.201,1.0,867000000.0,0.303,1416000000.0,432000000.0,40026000000.0,,495000000.0,992000000.0,420000000.0,572000000.0,28522000000.0,5187000000.0,23335000000.0,12146022395.0,-8000000.0,111000000.0,20000000.0,-30000000.0,0.0,-61000000.0,-380000000.0,-67000000.0,442000000.0,-9000000.0,175000000.0,175000000.0,175000000.0,39000000.0,0.0,0.061,105000000.0,762000000.0,1116000000.0,0.0,4.956,14.173,13.977,19176000000.0,0.0,18.45,1.143,1.143,1928000000.0,-694000000.0,2862000000.0,2862000000.0,0.0,,,,,0.0,58000000.0,1.0,658320997.0,658320997.0,,4.347,29557000000.0,1100000000.0,88000000.0,822000000.0,44.898,942000000.0
61,AES,MRQ,2006-03-31,2006-03-31,2006-03-31,2021-08-04,-3502000000.0,30103000000.0,,5628000000.0,24475000000.0,,3.338,-242000000.0,1777000000.0,1777000000.0,1901000000.0,342000000.0,1.103,12.746,17579000000.0,1460000000.0,16119000000.0,17579000000.0,0.0,0.0,0.0,0.0,0.0,947000000.0,947000000.0,0.337,947000000.0,947000000.0,529000000.0,0.52,0.51,0.52,2190000000.0,,2190000000.0,27600126500.0,9.0,7.034,267000000.0,0.407,1.0,905000000.0,0.323,1428000000.0,418000000.0,39373000000.0,,466000000.0,1061000000.0,391000000.0,670000000.0,27913000000.0,5104000000.0,22809000000.0,11191126500.0,-136000000.0,110000000.0,8000000.0,-358000000.0,0.0,-382000000.0,-299000000.0,-172000000.0,509000000.0,36000000.0,342000000.0,342000000.0,342000000.0,-18000000.0,0.0,0.122,134000000.0,771000000.0,1067000000.0,0.0,5.11,14.591,14.458,18933000000.0,0.0,17.06,1.075,1.075,1733000000.0,-863000000.0,2806000000.0,2806000000.0,0.0,,,,,0.0,56000000.0,1.0,655986313.0,655986313.0,,4.278,28675000000.0,1109000000.0,187000000.0,833000000.0,43.713,524000000.0
62,AES,MRQ,2005-12-31,2005-12-31,2005-12-31,2021-08-04,-3656000000.0,28995000000.0,,5287000000.0,23708000000.0,,2.468,-27000000.0,1613000000.0,1613000000.0,1572000000.0,96000000.0,1.002,16.987,16567000000.0,1567000000.0,15000000000.0,16567000000.0,0.0,864000000.0,0.0,0.0,0.0,608000000.0,1472000000.0,0.67,1472000000.0,608000000.0,169000000.0,0.15,0.15,0.15,1612000000.0,,1612000000.0,26795758556.0,9.0,7.215,729000000.0,1.116,1.0,624000000.0,0.284,1686000000.0,439000000.0,36987000000.0,,421000000.0,863000000.0,199000000.0,664000000.0,27383000000.0,5276000000.0,22107000000.0,10339758556.0,360000000.0,22000000.0,6000000.0,-325000000.0,0.0,-421000000.0,44000000.0,106000000.0,756000000.0,-19000000.0,96000000.0,96000000.0,96000000.0,-158000000.0,0.0,0.044,203000000.0,421000000.0,998000000.0,0.0,6.414,18.834,18.845,16152000000.0,0.0,15.83,1.009,1.009,1588000000.0,-1300000000.0,2196000000.0,2196000000.0,0.0,,,,,0.0,78000000.0,1.0,653174893.0,653174893.0,,3.362,27309000000.0,956000000.0,73000000.0,789000000.0,41.81,11000000.0
63,AES,MRQ,2005-09-30,2005-09-30,2005-09-30,2021-08-04,-3705000000.0,29648000000.0,,5406000000.0,24242000000.0,,2.154,-268000000.0,1537000000.0,1537000000.0,1862000000.0,244000000.0,1.021,20.072,17946000000.0,1607000000.0,16339000000.0,17946000000.0,0.0,0.0,0.0,0.0,0.0,865000000.0,865000000.0,0.314,865000000.0,865000000.0,417000000.0,0.38,0.37,0.38,1407000000.0,,1407000000.0,27187663492.0,9.0,7.432,351000000.0,0.537,1.0,897000000.0,0.325,1449000000.0,448000000.0,39314000000.0,,479000000.0,978000000.0,271000000.0,707000000.0,28241000000.0,5294000000.0,22947000000.0,10731663492.0,-217000000.0,0.0,4000000.0,-401000000.0,0.0,-478000000.0,-363000000.0,-143000000.0,619000000.0,5000000.0,244000000.0,244000000.0,244000000.0,-30000000.0,0.0,0.088,49000000.0,848000000.0,1002000000.0,0.0,7.627,19.164,19.105,18766000000.0,0.0,16.43,1.087,1.087,1730000000.0,-1391000000.0,2759000000.0,2759000000.0,0.0,,,,,0.0,49000000.0,1.0,653174893.0,653174893.0,,4.224,28199000000.0,1111000000.0,173000000.0,763000000.0,43.172,112000000.0
64,AES,MRQ,2005-06-30,2005-06-30,2005-06-30,2021-08-04,-3643000000.0,29380000000.0,,5336000000.0,24044000000.0,,1.859,-260000000.0,1789000000.0,1789000000.0,2123000000.0,85000000.0,0.996,23.201,18245000000.0,1916000000.0,16329000000.0,18245000000.0,0.0,0.0,0.0,0.0,0.0,640000000.0,640000000.0,0.242,640000000.0,640000000.0,165000000.0,0.13,0.13,0.13,1214000000.0,,1214000000.0,27155004747.0,10.0,7.783,67000000.0,0.103,1.0,526000000.0,0.199,1454000000.0,475000000.0,39023000000.0,,437000000.0,799000000.0,104000000.0,695000000.0,28166000000.0,5359000000.0,22807000000.0,10699004747.0,-120000000.0,0.0,8000000.0,-256000000.0,0.0,-264000000.0,-228000000.0,33000000.0,327000000.0,45000000.0,85000000.0,85000000.0,85000000.0,2000000.0,0.0,0.032,45000000.0,481000000.0,1033000000.0,0.0,8.813,27.504,27.763,18552000000.0,0.0,16.38,1.122,1.122,1610000000.0,-1635000000.0,2649000000.0,2649000000.0,0.0,,,,,0.0,45000000.0,1.0,653174893.0,653174893.0,,4.056,27926000000.0,1107000000.0,80000000.0,765000000.0,42.754,-23000000.0
65,AES,MRQ,2005-03-31,2005-03-31,2005-03-31,2021-08-04,-3674000000.0,28945000000.0,,5044000000.0,23901000000.0,,1.655,-271000000.0,1833000000.0,1833000000.0,1839000000.0,124000000.0,0.976,25.826,18349000000.0,1895000000.0,16454000000.0,18349000000.0,0.0,0.0,0.0,0.0,0.0,738000000.0,738000000.0,0.277,738000000.0,738000000.0,271000000.0,0.19,0.19,0.19,1079000000.0,,1079000000.0,27461934674.0,10.0,8.06,247000000.0,0.379,1.0,824000000.0,0.309,1460000000.0,467000000.0,38832000000.0,,413000000.0,798000000.0,114000000.0,684000000.0,27866000000.0,5169000000.0,22697000000.0,10681934674.0,218000000.0,-85000000.0,8000000.0,-160000000.0,0.0,-176000000.0,-106000000.0,158000000.0,518000000.0,-18000000.0,124000000.0,124000000.0,124000000.0,0.0,0.0,0.047,49000000.0,775000000.0,1045000000.0,0.0,9.9,25.555,25.594,18220000000.0,0.0,16.38,1.167,1.167,1509000000.0,-1720000000.0,2663000000.0,2663000000.0,0.0,,,,,0.0,49000000.0,1.0,652132764.0,652132764.0,,4.084,27485000000.0,1028000000.0,147000000.0,774000000.0,42.146,-125000000.0
66,AES,MRQ,2004-12-31,2004-12-31,2004-12-31,2021-08-04,-3641000000.0,28923000000.0,,4986000000.0,23937000000.0,,1.473,-109000000.0,1676000000.0,1676000000.0,1323000000.0,107000000.0,1.021,29.254,18588000000.0,1761000000.0,16827000000.0,18588000000.0,0.0,777000000.0,0.0,0.0,0.0,638000000.0,1415000000.0,0.784,1415000000.0,638000000.0,261000000.0,0.16,0.16,0.16,956000000.0,,956000000.0,25440104079.0,10.0,7.799,271000000.0,0.418,1.0,482000000.0,0.267,1419000000.0,377000000.0,39532000000.0,,418000000.0,923000000.0,268000000.0,655000000.0,27967000000.0,4884000000.0,23083000000.0,8869104079.0,-266000000.0,15000000.0,9000000.0,-488000000.0,0.0,-544000000.0,-120000000.0,73000000.0,380000000.0,18000000.0,107000000.0,107000000.0,107000000.0,-180000000.0,0.0,0.059,208000000.0,274000000.0,1081000000.0,0.0,9.277,29.175,29.085,18177000000.0,0.0,13.67,1.014,1.014,1538000000.0,-1844000000.0,1805000000.0,1805000000.0,0.0,,,,,0.0,51000000.0,1.0,648800591.0,648800591.0,,2.782,27504000000.0,992000000.0,154000000.0,678000000.0,42.392,102000000.0
67,AES,MRQ,2004-09-30,2004-09-30,2004-09-30,2021-08-04,-3196000000.0,29956000000.0,,5110000000.0,24846000000.0,,2.212,-220000000.0,1939000000.0,1939000000.0,1686000000.0,73000000.0,0.898,19.948,18510000000.0,2073000000.0,16437000000.0,18510000000.0,0.0,0.0,0.0,0.0,0.0,696000000.0,696000000.0,0.287,696000000.0,696000000.0,196000000.0,0.11,0.11,0.11,1430000000.0,,1430000000.0,23243689636.0,12.0,11.361,284000000.0,0.439,1.0,736000000.0,0.304,1376000000.0,500000000.0,39463000000.0,,388000000.0,822000000.0,139000000.0,683000000.0,28526000000.0,5688000000.0,22838000000.0,6457689636.0,272000000.0,0.0,3000000.0,41000000.0,0.0,0.0,-248000000.0,-27000000.0,504000000.0,16000000.0,73000000.0,73000000.0,73000000.0,-7000000.0,0.0,0.03,44000000.0,692000000.0,1027000000.0,0.0,4.516,-21.89,-19.212,18457000000.0,0.0,9.99,0.7,0.7,1317000000.0,-877000000.0,2422000000.0,2422000000.0,0.0,,,,,0.0,40000000.0,1.0,646415379.0,646415379.0,,3.747,28580000000.0,937000000.0,123000000.0,1122000000.0,44.213,-578000000.0
68,AES,MRQ,2004-06-30,2004-06-30,2004-06-30,2021-08-04,-3280000000.0,28997000000.0,,4484000000.0,24513000000.0,,1.843,-187000000.0,1551000000.0,1551000000.0,1606000000.0,114000000.0,0.856,23.699,18337000000.0,1797000000.0,16540000000.0,18337000000.0,0.0,0.0,0.0,0.0,0.0,558000000.0,558000000.0,0.247,558000000.0,558000000.0,130000000.0,0.18,0.18,0.18,1174000000.0,,1174000000.0,23225079571.0,13.0,10.742,25000000.0,0.039,1.0,656000000.0,0.29,1376000000.0,428000000.0,39171000000.0,,366000000.0,816000000.0,150000000.0,666000000.0,27823000000.0,5236000000.0,22587000000.0,6327079571.0,124000000.0,0.0,2000000.0,-286000000.0,0.0,-354000000.0,279000000.0,27000000.0,212000000.0,-13000000.0,114000000.0,114000000.0,114000000.0,29000000.0,0.0,0.05,42000000.0,614000000.0,1083000000.0,0.0,5.389,-21.668,-19.471,18236000000.0,0.0,9.93,0.701,0.701,1165000000.0,-1017000000.0,2262000000.0,2262000000.0,0.0,,,,,0.0,42000000.0,1.0,637168134.0,637168134.0,,3.55,27621000000.0,898000000.0,16000000.0,1062000000.0,43.35,-752000000.0
69,AES,MRQ,2004-03-31,2004-03-31,2004-03-31,2021-08-04,-3237000000.0,29734000000.0,,4781000000.0,24953000000.0,,1.713,-190000000.0,1845000000.0,1845000000.0,1572000000.0,10000000.0,0.804,26.608,18743000000.0,2413000000.0,16330000000.0,18743000000.0,0.0,0.0,0.0,0.0,0.0,593000000.0,593000000.0,0.263,593000000.0,593000000.0,82000000.0,0.02,0.02,0.02,1077000000.0,,1077000000.0,22976451680.0,14.0,10.198,211000000.0,0.336,1.0,684000000.0,0.303,1381000000.0,511000000.0,39302000000.0,,357000000.0,866000000.0,201000000.0,665000000.0,28657000000.0,5949000000.0,22708000000.0,5363451680.0,-655000000.0,0.0,2000000.0,-340000000.0,0.0,-387000000.0,-654000000.0,-59000000.0,401000000.0,-15000000.0,10000000.0,10000000.0,10000000.0,26000000.0,0.0,0.004,73000000.0,611000000.0,1127000000.0,0.0,4.98,-10.025,-9.374,18434000000.0,0.0,8.53,0.612,0.612,1207000000.0,-1055000000.0,2256000000.0,2256000000.0,0.0,,,,,0.0,48000000.0,1.0,628775109.0,628775109.0,,3.588,28353000000.0,938000000.0,72000000.0,1048000000.0,45.092,-1168000000.0
70,AES,MRQ,2003-12-31,2003-12-31,2003-12-31,2021-08-04,-3706000000.0,29137000000.0,,4937000000.0,24200000000.0,,-0.109,-1057000000.0,1951000000.0,1951000000.0,1609000000.0,-492000000.0,0.752,-429.485,19638000000.0,2846000000.0,16792000000.0,19638000000.0,0.0,174000000.0,0.0,0.0,0.0,25000000.0,199000000.0,0.087,199000000.0,25000000.0,-441000000.0,-0.83,-0.83,-0.83,-68000000.0,,-68000000.0,23596172908.0,14.0,9.446,-501000000.0,-0.805,1.0,670000000.0,0.294,1421000000.0,466000000.0,38837000000.0,,376000000.0,912000000.0,264000000.0,648000000.0,29205000000.0,6566000000.0,22639000000.0,5878172908.0,303000000.0,0.0,2000000.0,-222000000.0,0.0,-279000000.0,26000000.0,23000000.0,556000000.0,0.0,-492000000.0,-492000000.0,-492000000.0,497000000.0,0.0,-0.216,9000000.0,661000000.0,1224000000.0,0.0,-86.444,-13.005,-12.421,17770000000.0,0.0,9.44,0.699,0.699,1364000000.0,-2107000000.0,2279000000.0,2279000000.0,0.0,,,,,0.0,60000000.0,1.0,622687808.0,622687808.0,,3.66,27716000000.0,1007000000.0,51000000.0,673000000.0,44.51,-1629000000.0
71,AES,MRQ,2003-09-30,2003-09-30,2003-09-30,2021-08-04,-4370000000.0,30415000000.0,,4914000000.0,25501000000.0,,1.109,-287000000.0,1910000000.0,1910000000.0,1555000000.0,76000000.0,0.651,43.272,19628000000.0,4303000000.0,15325000000.0,19628000000.0,0.0,203000000.0,0.0,0.0,0.0,609000000.0,812000000.0,0.364,812000000.0,609000000.0,109000000.0,0.12,0.12,0.12,687000000.0,,687000000.0,22380363915.0,-39.0,27.062,63000000.0,0.102,1.0,676000000.0,0.303,1385000000.0,500000000.0,39203000000.0,,399000000.0,879000000.0,204000000.0,675000000.0,29728000000.0,7545000000.0,22183000000.0,4598363915.0,-204000000.0,0.0,0.0,-217000000.0,0.0,-254000000.0,-299000000.0,-7000000.0,350000000.0,-1000000.0,76000000.0,76000000.0,76000000.0,-14000000.0,0.0,0.034,60000000.0,616000000.0,1148000000.0,0.0,6.693,-1.429,-1.241,18946000000.0,0.0,7.42,0.589,0.589,1279000000.0,-659000000.0,2231000000.0,2231000000.0,0.0,,,,,0.0,36000000.0,1.0,619725595.0,619725595.0,,3.6,29030000000.0,1126000000.0,33000000.0,838000000.0,46.843,-2631000000.0
72,AES,MRQ,2003-06-30,2003-06-30,2003-06-30,2021-08-04,-4753000000.0,34158000000.0,,5319000000.0,28839000000.0,,0.362,381000000.0,2151000000.0,2151000000.0,1453000000.0,-129000000.0,0.514,164.816,19933000000.0,4548000000.0,15385000000.0,19933000000.0,0.0,194000000.0,0.0,0.0,0.0,455000000.0,649000000.0,0.326,649000000.0,455000000.0,-63000000.0,-0.22,-0.22,-0.22,206000000.0,,206000000.0,21756285749.0,-20.0,271.954,671000000.0,1.178,1.0,539000000.0,0.271,1374000000.0,518000000.0,40223000000.0,,396000000.0,920000000.0,216000000.0,704000000.0,33952000000.0,10343000000.0,23609000000.0,3617285749.0,418000000.0,-585000000.0,335000000.0,125000000.0,0.0,405000000.0,-313000000.0,14000000.0,290000000.0,36000000.0,-129000000.0,-129000000.0,-129000000.0,268000000.0,0.0,-0.065,50000000.0,489000000.0,1180000000.0,0.0,17.56,-1.002,-0.951,19026000000.0,0.0,6.35,0.484,0.484,1142000000.0,-735000000.0,1992000000.0,1992000000.0,0.0,,,,,0.0,32000000.0,1.0,569651299.0,569651299.0,,3.497,32784000000.0,1165000000.0,66000000.0,849000000.0,57.551,-5024000000.0
73,AES,MRQ,2003-03-31,2003-03-31,2003-03-31,2021-08-04,-4893000000.0,32869000000.0,,4735000000.0,28134000000.0,,-0.255,-265000000.0,1369000000.0,1369000000.0,1337000000.0,93000000.0,0.494,-229.257,19508000000.0,4015000000.0,15493000000.0,19508000000.0,0.0,184000000.0,0.0,0.0,0.0,644000000.0,828000000.0,0.433,828000000.0,644000000.0,144000000.0,0.16,0.17,0.16,-144000000.0,,-144000000.0,21129642702.0,-18.0,-126.525,181000000.0,0.321,1.0,574000000.0,0.3,1375000000.0,500000000.0,40043000000.0,,387000000.0,934000000.0,239000000.0,695000000.0,33013000000.0,9590000000.0,23423000000.0,2043642702.0,406000000.0,585000000.0,0.0,-216000000.0,0.0,-225000000.0,186000000.0,-32000000.0,446000000.0,-1000000.0,93000000.0,93000000.0,93000000.0,36000000.0,0.0,0.049,56000000.0,518000000.0,1153000000.0,0.0,-14.192,-0.568,-0.542,18636000000.0,0.0,3.62,0.272,0.272,1146000000.0,-606000000.0,1911000000.0,1911000000.0,0.0,,,,,0.0,29000000.0,1.0,564542183.0,564542183.0,,3.385,31494000000.0,1103000000.0,51000000.0,957000000.0,55.787,-4855000000.0
74,AES,MRQ,2002-12-31,2002-12-31,2002-12-31,2021-08-04,-4959000000.0,34607000000.0,,4357000000.0,30250000000.0,,-0.627,-374000000.0,950000000.0,950000000.0,1240000000.0,-3258000000.0,0.67,-102.487,20102000000.0,3303000000.0,16799000000.0,20102000000.0,0.0,816000000.0,0.0,0.0,0.0,-2278000000.0,-1462000000.0,-0.875,-1462000000.0,-2278000000.0,-2760000000.0,-6.04,-6.04,-6.04,-341000000.0,,-341000000.0,23447278691.0,-13.0,-25.158,-21000000.0,-0.039,1.0,431000000.0,0.258,1373000000.0,482000000.0,45880000000.0,,353000000.0,855000000.0,177000000.0,678000000.0,34948000000.0,6506000000.0,28442000000.0,1642278691.0,-50000000.0,-447000000.0,0.0,-120000000.0,0.0,-176000000.0,-261000000.0,-88000000.0,353000000.0,34000000.0,-3258000000.0,-3258000000.0,-3258000000.0,1375000000.0,0.0,-1.95,838000000.0,-407000000.0,1018000000.0,0.0,-4.816,-0.41,-0.407,17520000000.0,0.0,3.02,0.223,0.223,1026000000.0,-700000000.0,1671000000.0,1671000000.0,0.0,,,,,0.0,48000000.0,1.0,543800891.0,543800891.0,,3.073,33234000000.0,1105000000.0,498000000.0,1186000000.0,61.114,-2149000000.0
75,AES,MRQ,2002-09-30,2002-09-30,2002-09-30,2021-08-04,-4927000000.0,36566000000.0,,5042000000.0,31524000000.0,,4.446,-451000000.0,1346000000.0,1346000000.0,1357000000.0,-315000000.0,0.61,14.154,23151000000.0,5019000000.0,18132000000.0,23151000000.0,0.0,0.0,0.0,0.0,0.0,65000000.0,65000000.0,0.034,65000000.0,65000000.0,-406000000.0,-0.58,-0.58,-0.58,2413000000.0,,2413000000.0,23615230742.0,23.0,12.622,-329000000.0,-0.606,1.0,539000000.0,0.284,2040000000.0,471000000.0,48072000000.0,,503000000.0,1333000000.0,305000000.0,1028000000.0,34153000000.0,8259000000.0,25894000000.0,1362230742.0,7000000.0,348000000.0,0.0,33000000.0,0.0,33000000.0,-135000000.0,33000000.0,122000000.0,-13000000.0,-315000000.0,-315000000.0,-315000000.0,108000000.0,0.0,-0.166,38000000.0,501000000.0,1085000000.0,0.0,0.565,-1.949,-1.916,22966000000.0,0.0,2.51,0.206,0.206,1302000000.0,2067000000.0,1896000000.0,1896000000.0,0.0,,,,,0.0,10000000.0,1.0,542721411.0,542721411.0,,3.494,34526000000.0,338000000.0,-91000000.0,1650000000.0,63.616,-3217000000.0
76,AES,MRQ,2002-06-30,2002-06-30,2002-06-30,2021-08-04,-4125000000.0,38675000000.0,,5405000000.0,33270000000.0,,6.571,-638000000.0,1288000000.0,1288000000.0,1602000000.0,-115000000.0,0.679,10.015,23541000000.0,4335000000.0,19206000000.0,23541000000.0,0.0,0.0,0.0,0.0,0.0,402000000.0,402000000.0,0.197,402000000.0,402000000.0,-122000000.0,-0.22,-0.22,-0.22,3511000000.0,,3511000000.0,26152883491.0,19.0,11.829,-205000000.0,-0.384,1.0,436000000.0,0.214,2262000000.0,524000000.0,50708000000.0,,510000000.0,1626000000.0,328000000.0,1298000000.0,35164000000.0,7958000000.0,27206000000.0,2895883491.0,-285000000.0,29000000.0,0.0,-35000000.0,0.0,-100000000.0,-567000000.0,131000000.0,433000000.0,-51000000.0,-115000000.0,-115000000.0,-115000000.0,141000000.0,0.0,-0.056,27000000.0,409000000.0,1258000000.0,0.0,0.825,-7.601,-7.528,23627000000.0,0.0,5.42,0.44,0.44,1495000000.0,2381000000.0,2038000000.0,2038000000.0,0.0,,,,,0.0,27000000.0,1.0,534295847.0,534295847.0,,3.814,36413000000.0,294000000.0,-7000000.0,1649000000.0,68.151,-2553000000.0
77,AES,MRQ,2002-03-31,2002-03-31,2002-03-31,2021-08-04,-3474000000.0,40201000000.0,,5909000000.0,34292000000.0,,7.975,-653000000.0,1313000000.0,1313000000.0,1526000000.0,-313000000.0,0.794,8.439,24570000000.0,3951000000.0,20619000000.0,24570000000.0,0.0,0.0,0.0,0.0,0.0,185000000.0,185000000.0,0.084,185000000.0,185000000.0,-251000000.0,-0.59,-0.58,-0.59,4259000000.0,,4259000000.0,26142171810.0,17.0,10.998,-26000000.0,-0.049,1.0,675000000.0,0.307,3105000000.0,436000000.0,52907000000.0,,550000000.0,2310000000.0,573000000.0,1737000000.0,35942000000.0,7446000000.0,28496000000.0,4806171810.0,391000000.0,35000000.0,0.0,372000000.0,0.0,410000000.0,-621000000.0,-135000000.0,627000000.0,-25000000.0,-313000000.0,-313000000.0,-313000000.0,-42000000.0,0.0,-0.142,39000000.0,636000000.0,1388000000.0,0.0,1.128,-31.829,-32.143,25226000000.0,0.0,9.0,0.749,0.749,1996000000.0,2496000000.0,2201000000.0,2201000000.0,0.0,,,,,0.0,28000000.0,1.0,534019090.0,534019090.0,,4.122,37096000000.0,289000000.0,62000000.0,2051000000.0,69.466,-1537000000.0
78,AES,MRQ,2001-12-31,2001-12-31,2001-12-31,2021-08-04,-2500000000.0,36812000000.0,,4692000000.0,32120000000.0,,10.391,-822000000.0,1159000000.0,1159000000.0,48000000.0,44000000.0,0.952,5.646,18877000000.0,2449000000.0,16428000000.0,18877000000.0,0.0,859000000.0,0.0,0.0,0.0,360000000.0,1219000000.0,2.473,1219000000.0,360000000.0,213000000.0,0.08,0.08,0.08,5539000000.0,,5539000000.0,29571425248.0,15.0,10.679,-470000000.0,-0.882,1.0,445000000.0,0.903,2367000000.0,147000000.0,47235000000.0,,468000000.0,3246000000.0,215000000.0,3031000000.0,31273000000.0,4928000000.0,26345000000.0,8715425248.0,-364000000.0,-43000000.0,-17000000.0,6000000.0,0.0,-80000000.0,-633000000.0,170000000.0,352000000.0,-3000000.0,44000000.0,44000000.0,44000000.0,95000000.0,0.0,0.089,108000000.0,337000000.0,727000000.0,0.0,1.573,31.925,32.059,18112000000.0,0.0,16.35,1.384,1.384,1137000000.0,2809000000.0,493000000.0,493000000.0,0.0,,,,,0.0,47000000.0,1.0,533053532.0,533053532.0,,0.925,34445000000.0,244000000.0,169000000.0,627000000.0,64.618,-236000000.0
79,AES,MRQ,2001-09-30,2001-09-30,2001-09-30,2021-08-04,-2841000000.0,36381000000.0,,4355000000.0,32026000000.0,,9.633,-1128000000.0,1297000000.0,1297000000.0,1362000000.0,3000000.0,0.812,6.095,22153000000.0,2466000000.0,19687000000.0,22153000000.0,0.0,0.0,0.0,0.0,0.0,405000000.0,405000000.0,0.22,405000000.0,405000000.0,2000000.0,0.01,0.01,0.01,5128000000.0,,5128000000.0,26332394154.0,11.0,8.798,-915000000.0,-1.719,1.0,483000000.0,0.262,2834000000.0,403000000.0,49037000000.0,,589000000.0,3299000000.0,294000000.0,3005000000.0,31253000000.0,5366000000.0,25887000000.0,6824394154.0,107000000.0,-4000000.0,6000000.0,915000000.0,0.0,876000000.0,-967000000.0,-54000000.0,213000000.0,-15000000.0,3000000.0,3000000.0,3000000.0,3000000.0,0.0,0.002,54000000.0,429000000.0,771000000.0,0.0,1.331,15.065,14.404,22892000000.0,0.0,12.82,0.978,0.978,1603000000.0,2757000000.0,1845000000.0,1845000000.0,0.0,,,,,0.0,17000000.0,1.0,532324037.0,532324037.0,,3.466,33547000000.0,0.0,-1000000.0,2105000000.0,63.02,-1011000000.0
80,AES,MRQ,2001-06-30,2001-06-30,2001-06-30,2021-08-04,-2301000000.0,35529000000.0,,4425000000.0,31104000000.0,,10.636,-456000000.0,1190000000.0,1190000000.0,1417000000.0,115000000.0,0.795,5.278,20698000000.0,2800000000.0,17898000000.0,20698000000.0,0.0,0.0,0.0,0.0,0.0,568000000.0,568000000.0,0.303,568000000.0,568000000.0,196000000.0,0.22,0.21,0.22,5659000000.0,,5659000000.0,41891813123.0,17.0,13.232,-146000000.0,-0.274,1.0,460000000.0,0.245,2920000000.0,372000000.0,46548000000.0,,542000000.0,3764000000.0,427000000.0,3337000000.0,29870000000.0,5569000000.0,24301000000.0,22905813123.0,-640000000.0,-305000000.0,7000000.0,-120000000.0,0.0,-181000000.0,-772000000.0,21000000.0,310000000.0,3000000.0,115000000.0,115000000.0,115000000.0,31000000.0,0.0,0.061,41000000.0,419000000.0,769000000.0,0.0,4.048,37.306,35.579,21620000000.0,0.0,43.05,3.213,3.213,1587000000.0,2754000000.0,1877000000.0,1877000000.0,0.0,,,,,0.0,41000000.0,1.0,532074637.0,532074637.0,,3.528,32609000000.0,0.0,81000000.0,2061000000.0,61.287,-1144000000.0
81,AES,MRQ,2001-03-31,2001-03-31,2001-03-31,2021-08-04,-2060000000.0,35588000000.0,,4929000000.0,30659000000.0,,11.793,-767000000.0,1830000000.0,1830000000.0,1854000000.0,111000000.0,0.925,5.156,20816000000.0,2796000000.0,18020000000.0,20816000000.0,0.0,0.0,0.0,0.0,0.0,601000000.0,601000000.0,0.241,601000000.0,601000000.0,176000000.0,0.21,0.21,0.21,5781000000.0,,5781000000.0,41774710594.0,18.0,13.656,49000000.0,0.1,1.0,638000000.0,0.256,2859000000.0,425000000.0,46389000000.0,,498000000.0,3907000000.0,382000000.0,3525000000.0,29807000000.0,5326000000.0,24481000000.0,24491710594.0,880000000.0,-1013000000.0,18000000.0,1049000000.0,-15000000.0,1011000000.0,-931000000.0,-179000000.0,816000000.0,-16000000.0,111000000.0,111000000.0,111000000.0,11000000.0,0.0,0.045,110000000.0,528000000.0,690000000.0,0.0,4.237,38.328,38.729,20998000000.0,0.0,49.96,3.498,3.498,1557000000.0,2642000000.0,2492000000.0,2492000000.0,0.0,,,,,0.0,15000000.0,1.0,490226393.0,490226393.0,,5.083,32729000000.0,0.0,65000000.0,2044000000.0,66.763,-397000000.0
82,AES,MRQ,2000-12-31,2000-12-31,2000-12-31,2021-08-04,-1679000000.0,33038000000.0,,5784000000.0,27254000000.0,,12.085,-809000000.0,950000000.0,950000000.0,250000000.0,224000000.0,1.148,4.961,18616000000.0,2462000000.0,16154000000.0,18616000000.0,0.0,697000000.0,0.0,0.0,0.0,722000000.0,1419000000.0,1.857,1419000000.0,722000000.0,324000000.0,0.45,0.43,0.45,5542000000.0,,5542000000.0,40856367407.0,17.0,13.087,-549000000.0,-1.197,1.0,514000000.0,0.673,2181000000.0,398000000.0,43484000000.0,,569000000.0,4419000000.0,1297000000.0,3122000000.0,27496000000.0,5039000000.0,22457000000.0,25397367407.0,-190000000.0,-301000000.0,545000000.0,1256000000.0,-14000000.0,1723000000.0,-2139000000.0,-267000000.0,260000000.0,-34000000.0,224000000.0,224000000.0,224000000.0,11000000.0,0.0,0.293,144000000.0,370000000.0,743000000.0,0.0,4.583,31.946,33.361,19242000000.0,0.0,55.38,4.092,4.092,1566000000.0,2551000000.0,764000000.0,764000000.0,0.0,,,,,0.0,13000000.0,1.0,458601795.0,458601795.0,,1.666,30857000000.0,167000000.0,100000000.0,1863000000.0,67.285,745000000.0
83,AES,MRQ,2000-09-30,2000-09-30,2000-09-30,2021-08-04,-1328000000.0,29470000000.0,,4770000000.0,24700000000.0,,8.77,-486000000.0,1106000000.0,1106000000.0,1475000000.0,164000000.0,1.119,6.356,16565000000.0,2118000000.0,14447000000.0,16565000000.0,0.0,0.0,0.0,0.0,0.0,578000000.0,578000000.0,0.29,578000000.0,578000000.0,239000000.0,0.33,0.32,0.33,4006000000.0,,4006000000.0,45818177640.0,20.0,17.077,-874000000.0,-1.913,1.0,520000000.0,0.261,953000000.0,339000000.0,39714000000.0,,505000000.0,3848000000.0,286000000.0,3562000000.0,25464000000.0,4262000000.0,21202000000.0,31298177640.0,-81000000.0,0.0,47000000.0,965000000.0,-14000000.0,961000000.0,-654000000.0,2000000.0,-388000000.0,0.0,164000000.0,164000000.0,164000000.0,0.0,0.0,0.082,21000000.0,499000000.0,594000000.0,0.0,7.813,38.545,39.154,17007000000.0,0.0,68.52,4.21,4.21,1943000000.0,1541000000.0,1995000000.0,1995000000.0,0.0,,,,,0.0,21000000.0,1.0,456774338.0,456774338.0,,4.368,28517000000.0,331000000.0,75000000.0,2373000000.0,62.431,508000000.0
84,AES,MRQ,2000-06-30,2000-06-30,2000-06-30,2021-08-04,-1202000000.0,29020000000.0,,4482000000.0,24538000000.0,,9.602,-333000000.0,1200000000.0,1200000000.0,1358000000.0,140000000.0,1.061,6.273,15720000000.0,2192000000.0,13528000000.0,15720000000.0,0.0,0.0,0.0,0.0,0.0,461000000.0,461000000.0,0.263,461000000.0,461000000.0,200000000.0,0.3,0.28,0.3,3990000000.0,,3990000000.0,31854142401.0,16.0,13.665,-40000000.0,-0.096,1.0,393000000.0,0.224,802000000.0,261000000.0,38512000000.0,,437000000.0,3694000000.0,190000000.0,3504000000.0,25030000000.0,4226000000.0,20804000000.0,18961142401.0,355000000.0,-1517000000.0,908000000.0,1218000000.0,-14000000.0,2036000000.0,-1974000000.0,-6000000.0,293000000.0,0.0,140000000.0,140000000.0,140000000.0,0.0,0.0,0.08,19000000.0,374000000.0,398000000.0,0.0,4.752,26.857,29.064,17228000000.0,0.0,45.63,3.016,3.016,1907000000.0,1406000000.0,1751000000.0,1751000000.0,0.0,,,,,0.0,19000000.0,1.0,415541144.0,415541144.0,,4.214,28218000000.0,289000000.0,60000000.0,2619000000.0,67.907,256000000.0
85,AES,MRQ,2000-03-31,2000-03-31,2000-03-31,2021-08-04,-1065000000.0,23402000000.0,,3354000000.0,20048000000.0,,6.891,-598000000.0,822000000.0,822000000.0,1220000000.0,267000000.0,1.32,7.194,13715000000.0,1102000000.0,12613000000.0,13715000000.0,0.0,0.0,0.0,0.0,0.0,664000000.0,664000000.0,0.392,664000000.0,664000000.0,400000000.0,0.59,0.56,0.59,2856000000.0,,2856000000.0,27684752234.0,16.0,13.071,-257000000.0,-0.62,1.0,476000000.0,0.281,817000000.0,264000000.0,32937000000.0,,316000000.0,3005000000.0,166000000.0,2839000000.0,20546000000.0,2541000000.0,18005000000.0,16319752234.0,173000000.0,0.0,8000000.0,616000000.0,-13000000.0,598000000.0,-766000000.0,-145000000.0,341000000.0,0.0,267000000.0,267000000.0,267000000.0,0.0,0.0,0.157,29000000.0,447000000.0,388000000.0,0.0,5.714,25.62,26.877,13732000000.0,0.0,39.375,3.154,3.154,1563000000.0,1294000000.0,1696000000.0,1696000000.0,0.0,,,,,0.0,29000000.0,1.0,414469898.0,414469898.0,,4.092,22585000000.0,105000000.0,133000000.0,1894000000.0,54.491,813000000.0
86,AES,MRQ,1999-12-31,1999-12-31,1999-12-31,2021-08-04,-1102000000.0,20880000000.0,,2587000000.0,18293000000.0,,6.389,-297000000.0,669000000.0,669000000.0,1415000000.0,241000000.0,1.007,6.918,12034000000.0,1216000000.0,10818000000.0,12034000000.0,0.0,388000000.0,0.0,0.0,0.0,592000000.0,980000000.0,0.492,980000000.0,592000000.0,377000000.0,0.53,0.52,0.53,2637000000.0,,2637000000.0,22530206616.0,19.0,14.369,-260000000.0,-0.63,1.0,577000000.0,0.29,1851000000.0,215000000.0,27824000000.0,,307000000.0,1739000000.0,164000000.0,1575000000.0,18243000000.0,2570000000.0,15673000000.0,15427206616.0,-19000000.0,-4274000000.0,712000000.0,4090000000.0,-51000000.0,4723000000.0,-4764000000.0,-86000000.0,37000000.0,-15000000.0,241000000.0,241000000.0,241000000.0,3000000.0,0.0,0.121,-2000000.0,579000000.0,381000000.0,0.0,5.85,43.213,44.494,13447000000.0,0.0,37.375,3.747,3.747,936000000.0,1120000000.0,1992000000.0,1992000000.0,0.0,,,,,0.0,27000000.0,1.0,412768070.0,412768070.0,,4.826,19029000000.0,184000000.0,136000000.0,1787000000.0,46.101,17000000.0
87,AES,MRQ,1999-09-30,1999-09-30,1999-09-30,2021-08-04,-1314000000.0,12106000000.0,,1866000000.0,10240000000.0,,3.911,-343000000.0,702000000.0,702000000.0,609000000.0,58000000.0,0.994,7.06,7805000000.0,968000000.0,6837000000.0,7805000000.0,0.0,0.0,0.0,0.0,0.0,226000000.0,226000000.0,0.267,226000000.0,226000000.0,85000000.0,0.15,0.14,0.15,1502000000.0,,1502000000.0,18824610405.0,22.0,17.709,-159000000.0,-0.414,1.0,238000000.0,0.281,167000000.0,141000000.0,17164000000.0,,146000000.0,1559000000.0,49000000.0,1510000000.0,10604000000.0,1878000000.0,8726000000.0,11329610405.0,311000000.0,-65000000.0,0.0,468000000.0,0.0,499000000.0,-372000000.0,-18000000.0,184000000.0,0.0,58000000.0,58000000.0,58000000.0,0.0,0.0,0.068,13000000.0,225000000.0,261000000.0,0.0,7.543,53.951,50.862,6681000000.0,0.0,29.5,4.089,4.089,679000000.0,1008000000.0,847000000.0,847000000.0,0.0,,,,,0.0,13000000.0,1.0,384054590.0,384054590.0,,2.205,11939000000.0,78000000.0,27000000.0,116000000.0,31.087,-12000000.0
88,AES,MRQ,1999-06-30,1999-06-30,1999-06-30,2021-08-04,-1195000000.0,11237000000.0,,1271000000.0,9966000000.0,,3.967,-235000000.0,391000000.0,391000000.0,412000000.0,71000000.0,0.985,6.422,7886000000.0,676000000.0,7210000000.0,7886000000.0,0.0,0.0,0.0,0.0,0.0,248000000.0,248000000.0,0.388,248000000.0,248000000.0,105000000.0,0.195,0.195,0.195,1514000000.0,,1514000000.0,18006501821.0,21.0,17.314,-84000000.0,-0.22,1.0,228000000.0,0.356,67000000.0,143000000.0,17375000000.0,,123000000.0,1752000000.0,31000000.0,1721000000.0,9723000000.0,1290000000.0,8433000000.0,11093501821.0,-46000000.0,-1259000000.0,507000000.0,572000000.0,0.0,998000000.0,-1195000000.0,-130000000.0,151000000.0,0.0,71000000.0,71000000.0,71000000.0,0.0,0.0,0.111,15000000.0,213000000.0,237000000.0,0.0,7.327,47.612,44.374,6306000000.0,0.0,29.065,4.374,4.374,447000000.0,950000000.0,640000000.0,640000000.0,0.0,,,,,0.0,15000000.0,1.0,381679058.0,381679058.0,,1.677,11170000000.0,81000000.0,34000000.0,239000000.0,29.265,-19000000.0
89,AES,MRQ,1999-03-31,1999-03-31,1999-03-31,2021-08-04,-1085000000.0,10165000000.0,,1284000000.0,8881000000.0,,2.896,-63000000.0,437000000.0,437000000.0,418000000.0,-13000000.0,0.609,8.718,7350000000.0,1514000000.0,5836000000.0,7350000000.0,0.0,0.0,0.0,0.0,0.0,114000000.0,114000000.0,0.179,114000000.0,114000000.0,-19000000.0,-0.035,-0.035,-0.035,1046000000.0,,1046000000.0,13439129280.0,16.0,13.214,-55000000.0,-0.152,1.0,220000000.0,0.345,66000000.0,133000000.0,14902000000.0,,116000000.0,1512000000.0,42000000.0,1470000000.0,9119000000.0,2110000000.0,7009000000.0,6726129280.0,-54000000.0,-115000000.0,7000000.0,110000000.0,0.0,108000000.0,-170000000.0,-8000000.0,8000000.0,0.0,-13000000.0,-13000000.0,-13000000.0,0.0,0.0,-0.02,16000000.0,204000000.0,249000000.0,0.0,6.43,28.868,28.008,5688000000.0,0.0,18.625,2.733,2.733,442000000.0,879000000.0,638000000.0,638000000.0,0.0,,,,,0.0,16000000.0,1.0,361134458.0,361134458.0,,1.767,10099000000.0,71000000.0,-6000000.0,247000000.0,27.965,-826000000.0
90,AES,MRQ,1998-12-31,1998-12-31,1998-12-31,2021-08-04,-343000000.0,10781000000.0,,1254000000.0,9527000000.0,,4.975,-261000000.0,491000000.0,491000000.0,427000000.0,94000000.0,0.635,5.009,6654000000.0,1413000000.0,5241000000.0,6654000000.0,0.0,196000000.0,0.0,0.0,0.0,279000000.0,475000000.0,0.735,475000000.0,279000000.0,140000000.0,0.27,0.255,0.27,1794000000.0,,1794000000.0,15081246807.0,16.0,13.264,130000000.0,0.36,1.0,219000000.0,0.339,66000000.0,139000000.0,14902000000.0,,119000000.0,1968000000.0,35000000.0,1933000000.0,8987000000.0,1976000000.0,7011000000.0,8543246807.0,108000000.0,-267000000.0,5000000.0,197000000.0,0.0,199000000.0,-482000000.0,51000000.0,391000000.0,0.0,94000000.0,94000000.0,94000000.0,0.0,0.0,0.146,2000000.0,217000000.0,215000000.0,0.0,4.762,27.47,26.92,5545000000.0,0.0,23.69,3.563,3.563,383000000.0,892000000.0,646000000.0,646000000.0,0.0,,,,,0.0,14000000.0,1.0,360626712.0,360626712.0,,1.791,10715000000.0,71000000.0,46000000.0,268000000.0,29.712,-722000000.0
91,AES,MRQ,1998-09-30,1998-09-30,1998-09-30,2021-08-04,-312000000.0,10387000000.0,,1230000000.0,9157000000.0,,4.867,-50000000.0,383000000.0,383000000.0,400000000.0,81000000.0,0.659,5.067,6921000000.0,1314000000.0,5607000000.0,6921000000.0,0.0,-34000000.0,0.0,0.0,0.0,237000000.0,203000000.0,0.332,203000000.0,237000000.0,111000000.0,0.225,0.22,0.225,1712000000.0,,1712000000.0,13328353838.0,,,-8000000.0,-0.023,1.0,212000000.0,0.346,29000000.0,126000000.0,15030000000.0,,127000000.0,2058000000.0,95000000.0,1963000000.0,8675000000.0,1866000000.0,6809000000.0,6518353838.0,-57000000.0,-290000000.0,46000000.0,-396000000.0,0.0,-683000000.0,584000000.0,614000000.0,42000000.0,0.0,81000000.0,81000000.0,81000000.0,0.0,0.0,0.132,12000000.0,200000000.0,192000000.0,0.0,3.807,,,5512000000.0,0.0,18.53,,,386000000.0,798000000.0,612000000.0,612000000.0,0.0,,,,,0.0,15000000.0,1.0,351773008.0,351773008.0,,1.74,10358000000.0,45000000.0,30000000.0,318000000.0,29.445,-636000000.0
92,AES,MRQ,1998-06-30,1998-06-30,1998-06-30,2021-08-04,-226000000.0,10464000000.0,,1174000000.0,9290000000.0,,4.365,-109000000.0,367000000.0,367000000.0,385000000.0,71000000.0,0.818,5.83,7177000000.0,773000000.0,6404000000.0,7177000000.0,0.0,19000000.0,0.0,0.0,0.0,206000000.0,225000000.0,0.398,225000000.0,206000000.0,107000000.0,0.205,0.195,0.205,1532000000.0,,1532000000.0,14565887377.0,24.0,,-24000000.0,-0.068,1.0,180000000.0,0.319,26000000.0,99000000.0,15812000000.0,,121000000.0,2132000000.0,80000000.0,2052000000.0,8932000000.0,1436000000.0,7496000000.0,9223887377.0,-100000000.0,-1066000000.0,0.0,1265000000.0,0.0,1521000000.0,-1706000000.0,-546000000.0,85000000.0,0.0,71000000.0,71000000.0,71000000.0,0.0,0.0,0.126,12000000.0,168000000.0,207000000.0,0.0,6.021,40.995,38.647,5562000000.0,0.0,26.28,5.517,5.517,401000000.0,717000000.0,565000000.0,565000000.0,0.0,,,,,0.0,12000000.0,1.0,350985060.0,350985060.0,,1.61,10438000000.0,40000000.0,36000000.0,302000000.0,29.739,-262000000.0
93,AES,MRQ,1998-03-31,1998-03-31,1998-03-31,2021-08-04,-171000000.0,8995000000.0,,1060000000.0,7935000000.0,,4.321,-97000000.0,317000000.0,317000000.0,167000000.0,40000000.0,1.411,4.945,5659000000.0,200000000.0,5459000000.0,5659000000.0,0.0,15000000.0,0.0,0.0,0.0,103000000.0,118000000.0,0.452,118000000.0,103000000.0,59000000.0,0.13,0.125,0.13,1513000000.0,,1513000000.0,14609443158.0,,,-87000000.0,-0.248,1.0,94000000.0,0.36,22000000.0,44000000.0,13564000000.0,,95000000.0,2041000000.0,99000000.0,1942000000.0,7482000000.0,751000000.0,6731000000.0,9180443158.0,238000000.0,0.0,149000000.0,315000000.0,0.0,466000000.0,-238000000.0,-96000000.0,10000000.0,0.0,40000000.0,40000000.0,40000000.0,0.0,0.0,0.153,16000000.0,78000000.0,187000000.0,0.0,6.068,,,4296000000.0,0.0,26.22,,,381000000.0,646000000.0,261000000.0,261000000.0,0.0,,,,,0.0,9000000.0,1.0,350131318.0,350131318.0,,0.745,8973000000.0,37000000.0,19000000.0,351000000.0,25.628,309000000.0
94,AES,MRQ,1997-12-31,1997-12-31,1997-12-31,2021-08-04,-131000000.0,8909000000.0,,1190000000.0,7719000000.0,,4.23,,302000000.0,302000000.0,,,0.988,5.016,5731000000.0,596000000.0,5135000000.0,5731000000.0,0.0,,0.0,0.0,0.0,,,,,,,,,,1481000000.0,,1481000000.0,,,,,,1.0,,,23000000.0,,13111000000.0,,95000000.0,1990000000.0,127000000.0,1863000000.0,7428000000.0,1204000000.0,6224000000.0,8163311679.0,,,,,,,,,,,,,,,,,,,205000000.0,,5.512,44.126,42.009,4149000000.0,,23.315,5.785,5.785,346000000.0,581000000.0,,,,,,,,,,1.0,350131318.0,350131318.0,,,8886000000.0,47000000.0,,273000000.0,25.379,-14000000.0
95,AES,MRQ,1997-09-30,1997-09-30,1997-09-30,2021-08-04,,,,,,,,,,,246000000.0,47000000.0,,,,,,,,,,0.0,0.0,129000000.0,,,,129000000.0,67000000.0,0.135,0.13,0.135,,,,,,,,,1.0,112000000.0,0.313,,62000000.0,,,,,,,,,,,,,,,,,,,,,47000000.0,47000000.0,47000000.0,0.0,0.0,0.131,19000000.0,93000000.0,,0.0,,,,,0.0,21.875,,,,,358000000.0,358000000.0,0.0,,,,,,10000000.0,1.0,,,,,,,20000000.0,,,
96,AES,MRQ,1997-06-30,1997-06-30,1997-06-30,2021-08-04,,,,,,,,,,,163000000.0,42000000.0,,,,,,,,,,0.0,0.0,112000000.0,,,,112000000.0,64000000.0,0.13,0.125,0.13,,,,,,,,,1.0,98000000.0,0.375,,48000000.0,,,,,,,,,,,,,,,,,,,,,42000000.0,42000000.0,42000000.0,0.0,0.0,0.161,9000000.0,89000000.0,,0.0,,,,,0.0,17.688,,,,,261000000.0,261000000.0,0.0,,,,,,6000000.0,1.0,,,,,,,22000000.0,,,
97,AES,MRQ,1996-12-31,1996-12-31,1996-12-31,2021-08-04,-33000000.0,3622000000.0,,502000000.0,3120000000.0,,,,185000000.0,185000000.0,,,1.314,4.024,2206000000.0,198000000.0,2008000000.0,2206000000.0,0.0,,0.0,0.0,0.0,,,,,,,,,,721000000.0,,721000000.0,,,,,,1.0,,,22000000.0,,5239000000.0,,81000000.0,511000000.0,20000000.0,491000000.0,2901000000.0,382000000.0,2519000000.0,,,,,,,,,,,,,,,,,,,,64000000.0,,,,28.012,2220000000.0,,11.625,,,104000000.0,396000000.0,,,,,,,,,,1.0,,,,,3600000000.0,65000000.0,,243000000.0,,120000000.0
0,AES,MRT,2021-06-30,2021-06-30,2021-06-30,2021-08-04,-2347000000.0,34727000000.0,34700000000.0,5530000000.0,29197000000.0,0.301,4.873,-1937000000.0,1617000000.0,1617000000.0,7386000000.0,-186000000.0,1.275,8.983,20009000000.0,1345000000.0,18664000000.0,20009000000.0,139000000.0,1067000000.0,0.0,0.023,0.588,842000000.0,1909000000.0,0.183,1909000000.0,842000000.0,-172000000.0,-0.2,-0.2,-0.2,3265000000.0,2820000000.0,3265000000.0,35042328697.0,42.0,18.356,602000000.0,0.899,1.0,3054000000.0,0.293,2010000000.0,1014000000.0,46772000000.0,46204000000.0,445000000.0,1075000000.0,282000000.0,793000000.0,29330000000.0,4337000000.0,24993000000.0,17369328697.0,-81000000.0,-277000000.0,0.0,-1171000000.0,-391000000.0,-554000000.0,-2079000000.0,154000000.0,2539000000.0,9000000.0,-135000000.0,-135000000.0,-135000000.0,3000000.0,-51000000.0,-0.013,2447000000.0,607000000.0,948000000.0,-2.94,5.32,-128.662,-130.35,22582000000.0,0.0,26.07,1.664,1.673,1374000000.0,-800000000.0,10440000000.0,10440000000.0,0.0,-0.004,-0.048,0.018,0.081,0.0,178000000.0,1.0,666257334.0,670000000.0,,15.582,32717000000.0,300000000.0,-37000000.0,1328000000.0,48.831,1193000000.0
1,AES,MRT,2021-03-31,2021-03-31,2021-03-31,2021-08-04,-2237000000.0,35203000000.0,34659750000.0,6237000000.0,28966000000.0,0.287,5.071,-1756000000.0,2211000000.0,2211000000.0,7107000000.0,-106000000.0,1.242,8.746,19884000000.0,1505000000.0,18379000000.0,19884000000.0,299000000.0,1075000000.0,0.0,0.022,0.58,884000000.0,1959000000.0,0.197,1959000000.0,884000000.0,-111000000.0,-0.36,-0.36,-0.36,3377000000.0,2619250000.0,3377000000.0,36336514644.0,41.0,18.549,879000000.0,1.32,1.0,2850000000.0,0.286,1943000000.0,995000000.0,45912000000.0,46282250000.0,446000000.0,972000000.0,187000000.0,785000000.0,29535000000.0,5021000000.0,24514000000.0,17841514644.0,396000000.0,-238000000.0,0.0,-702000000.0,-386000000.0,-115000000.0,-1947000000.0,124000000.0,2635000000.0,-14000000.0,-246000000.0,-246000000.0,-246000000.0,3000000.0,140000000.0,-0.025,1569000000.0,1281000000.0,832000000.0,-1.611,5.283,-72.526,-74.472,22498000000.0,0.0,26.81,1.792,1.793,1342000000.0,-828000000.0,9957000000.0,9957000000.0,0.0,-0.007,-0.094,0.019,0.089,0.0,173000000.0,1.0,665479845.0,666000000.0,,14.95,33260000000.0,235000000.0,135000000.0,1422000000.0,49.94,1216000000.0
2,AES,MRT,2020-12-31,2020-12-31,2020-12-31,2021-08-04,-2397000000.0,34603000000.0,34394500000.0,5414000000.0,29189000000.0,0.281,3.96,-1900000000.0,1386000000.0,1386000000.0,6967000000.0,152000000.0,1.01,11.345,19881000000.0,1430000000.0,18451000000.0,19881000000.0,438000000.0,1068000000.0,0.0,0.024,0.573,1300000000.0,2368000000.0,0.245,2368000000.0,1300000000.0,262000000.0,0.07,0.07,0.07,2634000000.0,2409750000.0,2634000000.0,35097581978.0,27.0,14.822,855000000.0,1.285,1.0,2693000000.0,0.279,1888000000.0,1038000000.0,45848000000.0,46382250000.0,461000000.0,1170000000.0,335000000.0,835000000.0,29883000000.0,5362000000.0,24521000000.0,15630581978.0,255000000.0,-299000000.0,0.0,478000000.0,-381000000.0,-78000000.0,-2295000000.0,-26000000.0,2755000000.0,-24000000.0,46000000.0,46000000.0,46000000.0,0.0,106000000.0,0.005,1082000000.0,1611000000.0,1156000000.0,8.186,5.934,339.795,335.714,22826000000.0,0.0,23.5,1.618,1.618,1300000000.0,-680000000.0,9660000000.0,9660000000.0,0.0,0.001,0.019,0.028,0.135,0.0,165000000.0,1.0,665131148.0,665131148.0,,14.523,32715000000.0,288000000.0,216000000.0,1357000000.0,49.186,52000000.0
3,AES,MRT,2020-09-30,2020-09-30,2020-09-30,2021-08-04,-2628000000.0,34267000000.0,34155750000.0,5885000000.0,28382000000.0,0.279,3.014,-2152000000.0,1879000000.0,1879000000.0,7184000000.0,-369000000.0,1.019,15.067,21346000000.0,1841000000.0,19505000000.0,21346000000.0,611000000.0,1074000000.0,0.0,0.031,0.567,758000000.0,1832000000.0,0.192,1832000000.0,758000000.0,-245000000.0,-0.51,-0.52,-0.51,2004000000.0,2500250000.0,2004000000.0,31637525090.0,42.0,17.269,626000000.0,0.941,1.0,2347000000.0,0.246,1673000000.0,1003000000.0,46284000000.0,46378250000.0,474000000.0,2431000000.0,384000000.0,2047000000.0,30194000000.0,5777000000.0,24417000000.0,12045525090.0,540000000.0,-589000000.0,0.0,1563000000.0,-376000000.0,704000000.0,-2866000000.0,-163000000.0,2778000000.0,-23000000.0,-350000000.0,-350000000.0,-350000000.0,1000000.0,-19000000.0,-0.037,1175000000.0,1172000000.0,1103000000.0,-1.112,6.011,-34.416,-35.51,22287000000.0,0.0,18.11,1.264,1.264,1404000000.0,-998000000.0,9531000000.0,9531000000.0,0.0,-0.01,-0.14,0.016,0.08,0.0,179000000.0,1.0,665131148.0,665000000.0,,14.332,32594000000.0,336000000.0,105000000.0,1168000000.0,49.014,108000000.0
4,AES,MRT,2020-06-30,2020-06-30,2020-06-30,2021-08-04,-2693000000.0,34566000000.0,33944750000.0,5966000000.0,28600000000.0,0.283,3.702,-2297000000.0,1781000000.0,1781000000.0,7319000000.0,410000000.0,1.095,12.154,21373000000.0,2041000000.0,19332000000.0,21373000000.0,0.0,1072000000.0,0.0,0.039,0.56,1538000000.0,2610000000.0,0.272,2610000000.0,1538000000.0,575000000.0,0.31,0.3,0.31,2462000000.0,2784250000.0,2462000000.0,28754509313.0,19.0,11.017,-25000000.0,-0.038,1.0,2292000000.0,0.238,1625000000.0,963000000.0,47085000000.0,46075250000.0,504000000.0,2504000000.0,422000000.0,2082000000.0,29924000000.0,5448000000.0,24476000000.0,9634509313.0,154000000.0,-612000000.0,0.0,1678000000.0,-371000000.0,964000000.0,-2969000000.0,-132000000.0,2272000000.0,-53000000.0,193000000.0,193000000.0,193000000.0,1000000.0,217000000.0,0.02,315000000.0,1977000000.0,1207000000.0,1.806,3.913,49.92,46.742,22836000000.0,0.0,14.49,1.002,1.003,1414000000.0,-665000000.0,9611000000.0,9611000000.0,0.0,0.006,0.069,0.033,0.16,0.0,179000000.0,1.0,664907475.0,665000000.0,,14.453,32941000000.0,204000000.0,382000000.0,1410000000.0,49.535,518000000.0
5,AES,MRT,2020-03-31,2020-03-31,2020-03-31,2021-08-04,-2692000000.0,34142000000.0,33612750000.0,5751000000.0,28391000000.0,0.294,3.801,-2477000000.0,1970000000.0,1970000000.0,7607000000.0,474000000.0,1.059,11.589,21090000000.0,2223000000.0,18867000000.0,21090000000.0,0.0,1067000000.0,0.0,0.041,0.553,1637000000.0,2704000000.0,0.274,2704000000.0,1637000000.0,619000000.0,0.45,0.44,0.45,2539000000.0,2970750000.0,2539000000.0,27838902316.0,17.0,10.295,-328000000.0,-0.491,1.0,2270000000.0,0.23,1518000000.0,1018000000.0,46312000000.0,45760250000.0,461000000.0,2566000000.0,328000000.0,2238000000.0,29425000000.0,5432000000.0,23993000000.0,9030902316.0,-165000000.0,-373000000.0,0.0,1286000000.0,-367000000.0,542000000.0,-2793000000.0,-57000000.0,2149000000.0,-46000000.0,293000000.0,293000000.0,293000000.0,0.0,181000000.0,0.03,451000000.0,1819000000.0,1069000000.0,1.229,3.557,30.822,30.222,22570000000.0,0.0,13.6,0.914,0.92,1446000000.0,-583000000.0,9877000000.0,9877000000.0,0.0,0.009,0.099,0.036,0.166,0.0,188000000.0,1.0,664036935.0,668000000.0,,14.786,32624000000.0,197000000.0,326000000.0,1392000000.0,48.838,319000000.0
6,AES,MRT,2019-12-31,2019-12-31,2019-12-31,2021-08-04,-2229000000.0,33648000000.0,33445000000.0,5231000000.0,28417000000.0,0.305,4.513,-2405000000.0,1365000000.0,1365000000.0,7840000000.0,478000000.0,1.026,9.486,20173000000.0,1868000000.0,18305000000.0,20173000000.0,34000000.0,1045000000.0,0.0,0.027,0.546,1705000000.0,2750000000.0,0.27,2750000000.0,1705000000.0,655000000.0,0.46,0.45,0.46,2996000000.0,3144500000.0,2996000000.0,31372463854.0,18.0,11.408,61000000.0,0.092,1.0,2349000000.0,0.231,1528000000.0,1050000000.0,45832000000.0,45520500000.0,487000000.0,2717000000.0,400000000.0,2317000000.0,28419000000.0,5096000000.0,23323000000.0,13211463854.0,-431000000.0,-338000000.0,0.0,692000000.0,-362000000.0,-86000000.0,-2721000000.0,-104000000.0,2466000000.0,-18000000.0,303000000.0,303000000.0,303000000.0,0.0,175000000.0,0.03,461000000.0,1888000000.0,1311000000.0,1.187,4.41,43.602,43.261,22574000000.0,0.0,19.9,1.297,1.297,1479000000.0,-692000000.0,10189000000.0,10189000000.0,0.0,0.009,0.096,0.037,0.167,0.0,196000000.0,1.0,663892656.0,663892656.0,,15.347,32120000000.0,156000000.0,352000000.0,1466000000.0,48.381,135000000.0
7,AES,MRT,2019-09-30,2019-09-30,2019-09-30,2021-08-04,-2335000000.0,33423000000.0,33163250000.0,5470000000.0,27953000000.0,0.313,4.708,-2157000000.0,1600000000.0,1600000000.0,7945000000.0,779000000.0,1.096,8.929,19761000000.0,1882000000.0,17879000000.0,19761000000.0,0.0,1007000000.0,0.0,0.033,0.54,2055000000.0,3062000000.0,0.295,3062000000.0,2055000000.0,1010000000.0,0.77,0.76,0.77,3140000000.0,3197500000.0,3140000000.0,28995301843.0,14.0,9.469,280000000.0,0.42,1.0,2435000000.0,0.235,1521000000.0,1045000000.0,45072000000.0,45159000000.0,495000000.0,2913000000.0,334000000.0,2579000000.0,28037000000.0,4991000000.0,23046000000.0,10847301843.0,-3000000.0,92000000.0,0.0,149000000.0,-358000000.0,-613000000.0,-2026000000.0,48000000.0,2437000000.0,-32000000.0,509000000.0,509000000.0,509000000.0,189000000.0,270000000.0,0.049,403000000.0,2032000000.0,1237000000.0,0.701,3.455,21.311,21.221,21853000000.0,0.0,16.34,1.045,1.05,1503000000.0,-614000000.0,10380000000.0,10380000000.0,0.0,0.015,0.159,0.046,0.198,0.0,194000000.0,1.0,663849562.0,667000000.0,,15.562,31902000000.0,135000000.0,501000000.0,1428000000.0,47.829,479000000.0
8,AES,MRT,2019-06-30,2019-06-30,2019-06-30,2021-08-04,-2147000000.0,33238000000.0,32929750000.0,5517000000.0,27721000000.0,0.322,4.81,-2197000000.0,1607000000.0,1607000000.0,8187000000.0,672000000.0,1.365,8.656,19755000000.0,1087000000.0,18668000000.0,19755000000.0,0.0,1003000000.0,0.0,0.032,0.533,1967000000.0,2970000000.0,0.28,2970000000.0,1967000000.0,917000000.0,0.6,0.59,0.6,3208000000.0,3238750000.0,3208000000.0,28889065408.0,15.0,9.727,246000000.0,0.369,1.0,2405000000.0,0.227,1519000000.0,1050000000.0,45825000000.0,45078750000.0,496000000.0,2884000000.0,410000000.0,2474000000.0,27770000000.0,4042000000.0,23728000000.0,11124065408.0,96000000.0,189000000.0,0.0,-119000000.0,-353000000.0,-806000000.0,-1738000000.0,317000000.0,2443000000.0,-36000000.0,400000000.0,400000000.0,400000000.0,190000000.0,272000000.0,0.038,499000000.0,1906000000.0,1234000000.0,0.888,3.468,27.81,27.933,21565000000.0,0.0,16.76,1.05,1.055,1538000000.0,-824000000.0,10592000000.0,10592000000.0,0.0,0.012,0.124,0.044,0.186,0.0,196000000.0,1.0,663727053.0,667000000.0,,15.88,31719000000.0,122000000.0,517000000.0,1445000000.0,47.555,1475000000.0
9,AES,MRT,2019-03-31,2019-03-31,2019-03-31,2021-08-04,-2107000000.0,33471000000.0,32769500000.0,5855000000.0,27616000000.0,0.325,4.849,-2130000000.0,1945000000.0,1945000000.0,8143000000.0,1021000000.0,1.344,8.603,19710000000.0,1265000000.0,18445000000.0,19710000000.0,0.0,995000000.0,0.0,0.029,0.526,2305000000.0,3300000000.0,0.31,3300000000.0,2305000000.0,1265000000.0,1.02,1.01,1.02,3234000000.0,3264000000.0,3234000000.0,29734437052.0,13.0,9.01,388000000.0,0.582,1.0,2503000000.0,0.235,1526000000.0,1040000000.0,45353000000.0,44941250000.0,579000000.0,2931000000.0,378000000.0,2553000000.0,27822000000.0,4357000000.0,23465000000.0,11975437052.0,513000000.0,583000000.0,0.0,25000000.0,-348000000.0,-611000000.0,-1584000000.0,17000000.0,2518000000.0,-63000000.0,673000000.0,673000000.0,673000000.0,-1000000.0,348000000.0,0.063,451000000.0,2052000000.0,1224000000.0,0.516,3.703,17.794,17.725,21228000000.0,0.0,18.08,1.125,1.133,1564000000.0,-839000000.0,10646000000.0,10646000000.0,0.0,0.021,0.206,0.051,0.217,0.0,182000000.0,1.0,662358244.0,667000000.0,,15.961,31945000000.0,108000000.0,592000000.0,1573000000.0,47.894,1498000000.0
10,AES,MRT,2018-12-31,2018-12-31,2018-12-31,2021-08-04,-2071000000.0,32521000000.0,32545000000.0,5015000000.0,27506000000.0,0.33,4.844,-2121000000.0,1536000000.0,1536000000.0,8163000000.0,1565000000.0,1.14,8.391,19295000000.0,1659000000.0,17636000000.0,19295000000.0,0.0,1003000000.0,0.0,0.036,0.52,2967000000.0,3970000000.0,0.37,3970000000.0,2967000000.0,1911000000.0,1.82,1.81,1.82,3208000000.0,3253750000.0,3208000000.0,27344821546.0,9.0,6.888,222000000.0,0.335,1.0,2573000000.0,0.24,1495000000.0,1056000000.0,44386000000.0,44686750000.0,577000000.0,2850000000.0,313000000.0,2537000000.0,26917000000.0,4399000000.0,22518000000.0,9576821546.0,215000000.0,1809000000.0,0.0,-1064000000.0,-344000000.0,-1643000000.0,-505000000.0,-109000000.0,2343000000.0,-54000000.0,1203000000.0,1203000000.0,1203000000.0,0.0,362000000.0,0.112,458000000.0,2115000000.0,1329000000.0,0.286,2.985,7.961,7.945,21396000000.0,0.0,14.46,0.892,0.892,1595000000.0,-1005000000.0,10736000000.0,10736000000.0,0.0,0.037,0.37,0.066,0.276,0.0,192000000.0,1.0,662297479.0,662297479.0,,16.21,31026000000.0,97000000.0,708000000.0,1530000000.0,46.846,616000000.0
11,AES,MRT,2018-09-30,2018-09-30,2018-09-30,2021-08-04,-2020000000.0,32489000000.0,32692750000.0,5015000000.0,27474000000.0,0.329,4.97,-2182000000.0,1628000000.0,1628000000.0,8185000000.0,98000000.0,1.239,8.103,19396000000.0,1308000000.0,18088000000.0,19396000000.0,0.0,1055000000.0,0.0,0.036,0.51,2095000000.0,3150000000.0,0.293,3150000000.0,2095000000.0,986000000.0,-0.41,-0.42,-0.41,3305000000.0,3068000000.0,3305000000.0,27335568524.0,13.0,8.678,302000000.0,0.454,1.0,2572000000.0,0.239,1459000000.0,1109000000.0,44751000000.0,44690500000.0,562000000.0,3119000000.0,401000000.0,2718000000.0,26780000000.0,4047000000.0,22733000000.0,9263568524.0,35000000.0,1639000000.0,0.0,-1171000000.0,-337000000.0,-1798000000.0,-834000000.0,-244000000.0,2484000000.0,-63000000.0,-267000000.0,-267000000.0,-267000000.0,-190000000.0,365000000.0,-0.025,670000000.0,1902000000.0,1299000000.0,-1.244,2.803,-34.695,-34.146,21108000000.0,0.0,14.0,0.861,0.865,1510000000.0,-1133000000.0,10757000000.0,10757000000.0,0.0,-0.008,-0.087,0.047,0.195,0.0,194000000.0,1.0,661683466.0,665000000.0,,16.176,31030000000.0,88000000.0,1253000000.0,1214000000.0,46.662,968000000.0
12,AES,MRT,2018-06-30,2018-06-30,2018-06-30,2021-08-04,-1988000000.0,32597000000.0,34279000000.0,5287000000.0,27310000000.0,0.31,4.983,-2048000000.0,1519000000.0,1519000000.0,8072000000.0,168000000.0,1.324,8.141,19591000000.0,1235000000.0,18356000000.0,19591000000.0,0.0,1100000000.0,0.0,0.037,0.5,2135000000.0,3235000000.0,0.305,3235000000.0,2135000000.0,984000000.0,-0.33,-0.34,-0.33,3309000000.0,3038250000.0,3309000000.0,26928370688.0,13.0,8.324,408000000.0,0.614,1.0,2541000000.0,0.239,1400000000.0,1151000000.0,45275000000.0,46169000000.0,583000000.0,3641000000.0,856000000.0,2785000000.0,26940000000.0,3994000000.0,22946000000.0,8869370688.0,20000000.0,1098000000.0,0.0,-158000000.0,-331000000.0,-750000000.0,-1383000000.0,-344000000.0,2456000000.0,-18000000.0,-216000000.0,-216000000.0,-216000000.0,-191000000.0,384000000.0,-0.02,614000000.0,1927000000.0,1506000000.0,-1.515,2.68,-41.062,-40.636,20719000000.0,0.0,13.41,0.836,0.839,1423000000.0,-1234000000.0,10613000000.0,10613000000.0,0.0,-0.006,-0.071,0.046,0.201,0.0,203000000.0,1.0,661399753.0,664000000.0,,15.983,31197000000.0,83000000.0,1200000000.0,1165000000.0,46.983,1293000000.0
13,AES,MRT,2018-03-31,2018-03-31,2018-03-31,2021-08-04,-1808000000.0,32573000000.0,35247000000.0,5438000000.0,27135000000.0,0.303,4.816,-2198000000.0,1627000000.0,1627000000.0,8125000000.0,-98000000.0,1.115,8.471,19686000000.0,2025000000.0,17661000000.0,19686000000.0,0.0,1132000000.0,0.0,0.043,0.49,1865000000.0,2997000000.0,0.28,2997000000.0,1865000000.0,701000000.0,-0.69,-0.7,-0.69,3193000000.0,2966250000.0,3193000000.0,26251310758.0,14.0,8.759,113000000.0,0.17,1.0,2564000000.0,0.24,1421000000.0,1164000000.0,44335000000.0,46786500000.0,569000000.0,3373000000.0,617000000.0,2756000000.0,27048000000.0,4876000000.0,22172000000.0,7509310758.0,-342000000.0,542000000.0,0.0,203000000.0,-324000000.0,-508000000.0,-1866000000.0,-157000000.0,2311000000.0,2000000.0,-453000000.0,-453000000.0,-453000000.0,-7000000.0,355000000.0,-0.042,629000000.0,1935000000.0,1317000000.0,-0.71,2.352,-16.577,-16.478,20688000000.0,0.0,11.37,0.703,0.705,1498000000.0,-1525000000.0,10689000000.0,10689000000.0,0.0,-0.013,-0.153,0.04,0.174,0.0,217000000.0,1.0,660449495.0,663000000.0,,16.122,31152000000.0,94000000.0,1154000000.0,1207000000.0,46.986,562000000.0
14,AES,MRT,2017-12-31,2017-12-31,2017-12-31,2021-08-04,-1876000000.0,33112000000.0,36230750000.0,6398000000.0,26714000000.0,0.291,3.733,-2177000000.0,1223000000.0,1223000000.0,8065000000.0,-777000000.0,1.061,11.467,19965000000.0,2164000000.0,17801000000.0,19965000000.0,0.0,1169000000.0,0.0,0.044,0.48,999000000.0,2168000000.0,0.206,2168000000.0,999000000.0,-171000000.0,-1.76,-1.76,-1.76,2465000000.0,2915750000.0,2465000000.0,27349986510.0,27.0,12.615,327000000.0,0.495,1.0,2465000000.0,0.234,1425000000.0,1170000000.0,44401000000.0,47773500000.0,562000000.0,1621000000.0,424000000.0,1197000000.0,28267000000.0,6028000000.0,22239000000.0,7151986510.0,-128000000.0,-590000000.0,0.0,769000000.0,-317000000.0,43000000.0,-2599000000.0,230000000.0,2504000000.0,8000000.0,-1161000000.0,-1161000000.0,-1161000000.0,0.0,384000000.0,-0.11,810000000.0,1655000000.0,1371000000.0,-0.273,2.901,-6.16,-6.153,20296000000.0,0.0,10.83,0.679,0.679,1463000000.0,-2276000000.0,10530000000.0,10530000000.0,0.0,-0.032,-0.398,0.021,0.095,0.0,215000000.0,1.0,660386566.0,660386566.0,,15.945,31687000000.0,130000000.0,990000000.0,1258000000.0,47.983,370000000.0
15,AES,MRT,2017-09-30,2017-09-30,2017-09-30,2021-08-04,-2666000000.0,38834000000.0,36983750000.0,6660000000.0,32174000000.0,0.22,4.805,-2162000000.0,1835000000.0,1835000000.0,5694000000.0,-184000000.0,0.989,10.25,22033000000.0,2257000000.0,19776000000.0,22033000000.0,0.0,1183000000.0,0.0,0.043,0.47,253000000.0,1436000000.0,0.177,1436000000.0,253000000.0,-655000000.0,-1.17,-1.17,-1.17,3186000000.0,2998000000.0,3186000000.0,26517029363.0,105.0,18.466,254000000.0,0.383,1.0,2432000000.0,0.299,1631000000.0,908000000.0,50665000000.0,48507250000.0,660000000.0,1727000000.0,563000000.0,1164000000.0,32655000000.0,6736000000.0,25919000000.0,7276029363.0,-217000000.0,-210000000.0,0.0,900000000.0,-310000000.0,189000000.0,-2222000000.0,66000000.0,2416000000.0,51000000.0,-768000000.0,-768000000.0,-768000000.0,-398000000.0,584000000.0,-0.095,1202000000.0,1230000000.0,2091000000.0,-0.402,2.284,-9.474,-9.419,24356000000.0,0.0,11.02,0.895,0.899,2357000000.0,-934000000.0,8126000000.0,8126000000.0,0.0,-0.021,-0.256,0.005,0.031,0.0,214000000.0,1.0,660256748.0,663000000.0,,12.256,37203000000.0,760000000.0,113000000.0,742000000.0,56.113,-76000000.0
16,AES,MRT,2017-06-30,2017-06-30,2017-06-30,2021-08-04,-2741000000.0,36469000000.0,36552250000.0,6318000000.0,30151000000.0,0.246,4.563,-2213000000.0,1526000000.0,1526000000.0,6495000000.0,-216000000.0,0.985,10.061,20767000000.0,2572000000.0,18195000000.0,20767000000.0,0.0,1171000000.0,0.0,0.041,0.46,315000000.0,1486000000.0,0.166,1486000000.0,315000000.0,-650000000.0,-1.14,-1.14,-1.14,3021000000.0,2922000000.0,3021000000.0,25862204595.0,82.0,17.404,283000000.0,0.427,1.0,2480000000.0,0.276,1554000000.0,965000000.0,47745000000.0,48147500000.0,633000000.0,1423000000.0,740000000.0,683000000.0,30395000000.0,6411000000.0,23984000000.0,7334204595.0,-129000000.0,329000000.0,0.0,126000000.0,-303000000.0,-640000000.0,-1906000000.0,-155000000.0,2496000000.0,35000000.0,-745000000.0,-745000000.0,-745000000.0,-397000000.0,529000000.0,-0.083,1244000000.0,1236000000.0,1684000000.0,-0.404,2.428,-9.845,-9.746,23192000000.0,0.0,11.11,0.817,0.819,2173000000.0,-1086000000.0,8975000000.0,8975000000.0,0.0,-0.02,-0.255,0.007,0.035,0.0,202000000.0,1.0,660144428.0,662000000.0,,13.557,34915000000.0,757000000.0,95000000.0,746000000.0,52.742,-93000000.0
17,AES,MRT,2017-03-31,2017-03-31,2017-03-31,2021-08-04,-2717000000.0,36508000000.0,36678500000.0,6401000000.0,30107000000.0,0.261,4.539,-2179000000.0,1806000000.0,1806000000.0,7160000000.0,-753000000.0,1.221,10.157,20334000000.0,1137000000.0,19197000000.0,20334000000.0,0.0,1177000000.0,0.0,0.04,0.45,-199000000.0,978000000.0,0.102,978000000.0,-199000000.0,-1278000000.0,-1.95,-1.95,-1.95,2991000000.0,2858250000.0,2991000000.0,26249668265.0,-132.0,26.84,786000000.0,1.193,1.0,2431000000.0,0.253,1510000000.0,1079000000.0,48283000000.0,48373000000.0,645000000.0,1308000000.0,634000000.0,674000000.0,30379000000.0,5243000000.0,25136000000.0,7369668265.0,324000000.0,381000000.0,0.0,52000000.0,-296000000.0,-646000000.0,-1905000000.0,43000000.0,2965000000.0,42000000.0,-1280000000.0,-1280000000.0,-1280000000.0,-10000000.0,527000000.0,-0.133,1401000000.0,1030000000.0,1657000000.0,-0.231,2.464,-5.758,-5.733,23148000000.0,0.0,11.18,0.768,0.768,2134000000.0,-1139000000.0,9591000000.0,9591000000.0,0.0,-0.035,-0.448,-0.004,-0.021,0.0,200000000.0,1.0,659183208.0,659000000.0,,14.554,34998000000.0,778000000.0,2000000.0,758000000.0,53.108,1158000000.0
18,AES,MRT,2016-12-31,2016-12-31,2016-12-31,2021-08-04,-2756000000.0,36124000000.0,36776500000.0,6416000000.0,29708000000.0,0.28,4.239,-2345000000.0,1521000000.0,1521000000.0,7898000000.0,-777000000.0,1.216,10.889,19454000000.0,1052000000.0,18402000000.0,19454000000.0,0.0,1176000000.0,0.0,0.038,0.44,36000000.0,1212000000.0,0.118,1212000000.0,36000000.0,-1098000000.0,-1.72,-1.72,-1.72,2794000000.0,2910750000.0,2794000000.0,26874624423.0,747.0,22.174,552000000.0,0.837,1.0,2383000000.0,0.232,1444000000.0,1134000000.0,47336000000.0,48312250000.0,622000000.0,1151000000.0,530000000.0,621000000.0,30424000000.0,5277000000.0,25147000000.0,7659624423.0,-42000000.0,486000000.0,-79000000.0,-77000000.0,-290000000.0,-747000000.0,-2136000000.0,-253000000.0,2897000000.0,37000000.0,-1130000000.0,-1130000000.0,-1130000000.0,0.0,353000000.0,-0.11,1370000000.0,1013000000.0,1238000000.0,-0.256,2.741,-6.778,-6.756,20415000000.0,0.0,11.62,0.745,0.745,1421000000.0,-1146000000.0,10281000000.0,10281000000.0,0.0,-0.031,-0.388,0.001,0.004,0.0,194000000.0,1.0,659175940.0,659175940.0,,15.597,34680000000.0,227000000.0,32000000.0,804000000.0,52.611,1139000000.0
19,AES,MRT,2016-09-30,2016-09-30,2016-09-30,2021-08-04,-3753000000.0,37108000000.0,36863000000.0,7294000000.0,29814000000.0,0.281,4.353,-2391000000.0,1616000000.0,1616000000.0,8073000000.0,-43000000.0,1.277,10.874,20831000000.0,1091000000.0,19740000000.0,20831000000.0,0.0,1141000000.0,0.0,0.033,0.43,1280000000.0,2421000000.0,0.234,2421000000.0,1280000000.0,44000000.0,-0.4,-0.4,-0.4,2882000000.0,2999500000.0,2882000000.0,27734299792.0,22.0,11.456,420000000.0,0.634,1.0,2293000000.0,0.221,1384000000.0,1236000000.0,49226000000.0,48122250000.0,637000000.0,1222000000.0,596000000.0,626000000.0,31340000000.0,5713000000.0,25627000000.0,8469299792.0,-82000000.0,138000000.0,-153000000.0,277000000.0,-285000000.0,-316000000.0,-2596000000.0,-81000000.0,2811000000.0,-5000000.0,-266000000.0,-266000000.0,-266000000.0,380000000.0,223000000.0,-0.026,999000000.0,1294000000.0,1426000000.0,-1.075,2.939,-31.839,-32.125,23283000000.0,0.0,12.85,0.817,0.821,2081000000.0,-114000000.0,10366000000.0,10366000000.0,0.0,-0.007,-0.089,0.027,0.123,0.0,181000000.0,1.0,659089478.0,662000000.0,,15.659,35724000000.0,503000000.0,310000000.0,1042000000.0,53.964,1581000000.0
20,AES,MRT,2016-06-30,2016-06-30,2016-06-30,2021-08-04,-3768000000.0,36974000000.0,36836000000.0,7381000000.0,29593000000.0,0.281,4.197,-2395000000.0,1515000000.0,1515000000.0,8076000000.0,-69000000.0,1.187,11.316,20780000000.0,1610000000.0,19170000000.0,20780000000.0,0.0,1133000000.0,0.0,0.034,0.42,1264000000.0,2397000000.0,0.232,2397000000.0,1264000000.0,17000000.0,-0.39,-0.4,-0.39,2766000000.0,3170750000.0,2766000000.0,27302333990.0,22.0,11.39,512000000.0,0.777,1.0,2270000000.0,0.219,1376000000.0,1247000000.0,48647000000.0,47731250000.0,655000000.0,1159000000.0,544000000.0,615000000.0,31301000000.0,6216000000.0,25085000000.0,8224333990.0,275000000.0,282000000.0,-254000000.0,672000000.0,-280000000.0,-4000000.0,-2622000000.0,-187000000.0,2907000000.0,-25000000.0,-261000000.0,-261000000.0,-261000000.0,379000000.0,192000000.0,-0.025,1161000000.0,1109000000.0,1434000000.0,-1.077,2.973,-31.511,-32.0,23035000000.0,0.0,12.48,0.795,0.795,2087000000.0,-284000000.0,10346000000.0,10346000000.0,0.0,-0.007,-0.082,0.026,0.122,0.0,186000000.0,1.0,659001121.0,659000000.0,,15.7,35598000000.0,483000000.0,278000000.0,1036000000.0,54.018,1165000000.0
21,AES,MRT,2016-03-31,2016-03-31,2016-03-31,2021-08-04,-3807000000.0,36900000000.0,37238500000.0,6947000000.0,29953000000.0,0.289,4.828,-2329000000.0,1479000000.0,1479000000.0,8322000000.0,582000000.0,1.057,9.596,20557000000.0,2220000000.0,18337000000.0,20557000000.0,0.0,1136000000.0,0.0,0.035,0.41,1842000000.0,2978000000.0,0.276,2978000000.0,1842000000.0,698000000.0,0.44,0.43,0.44,3201000000.0,3445250000.0,3201000000.0,27034853353.0,15.0,9.078,8000000.0,0.012,1.0,2451000000.0,0.228,1366000000.0,1144000000.0,48040000000.0,48004500000.0,682000000.0,1239000000.0,628000000.0,611000000.0,30716000000.0,6572000000.0,24144000000.0,7784853353.0,-107000000.0,247000000.0,-526000000.0,421000000.0,-279000000.0,-265000000.0,-2194000000.0,-80000000.0,2337000000.0,-19000000.0,290000000.0,290000000.0,290000000.0,0.0,292000000.0,0.027,957000000.0,1494000000.0,1739000000.0,0.932,2.432,26.844,26.818,23416000000.0,0.0,11.8,0.723,0.726,2581000000.0,198000000.0,10773000000.0,10773000000.0,0.0,0.008,0.084,0.038,0.171,0.0,189000000.0,1.0,659733335.0,663000000.0,,16.249,35534000000.0,599000000.0,408000000.0,1118000000.0,53.596,375000000.0
22,AES,MRT,2015-12-31,2015-12-31,2015-12-31,2021-08-04,-3883000000.0,36470000000.0,37512750000.0,6842000000.0,29628000000.0,0.3,4.68,-2308000000.0,1552000000.0,1552000000.0,8597000000.0,762000000.0,0.988,9.622,20081000000.0,2172000000.0,17909000000.0,20081000000.0,0.0,1144000000.0,0.0,0.042,0.4,1863000000.0,3007000000.0,0.267,3007000000.0,1863000000.0,718000000.0,0.45,0.44,0.45,3149000000.0,3650500000.0,3149000000.0,25359290881.0,14.0,8.433,-174000000.0,-0.259,1.0,2663000000.0,0.237,1497000000.0,1145000000.0,46576000000.0,48103250000.0,671000000.0,1079000000.0,469000000.0,610000000.0,30299000000.0,6926000000.0,23373000000.0,6439290881.0,-231000000.0,121000000.0,-482000000.0,468000000.0,-276000000.0,28000000.0,-2366000000.0,47000000.0,2134000000.0,-52000000.0,306000000.0,306000000.0,306000000.0,0.0,456000000.0,0.027,822000000.0,1841000000.0,1571000000.0,0.889,2.045,21.043,21.267,22022000000.0,0.0,9.57,0.572,0.572,2302000000.0,143000000.0,11260000000.0,11260000000.0,0.0,0.008,0.084,0.039,0.165,0.0,196000000.0,1.0,672862161.0,672862161.0,,16.734,34973000000.0,410000000.0,412000000.0,1090000000.0,51.976,-84000000.0
23,AES,MRT,2015-09-30,2015-09-30,2015-09-30,2021-08-04,-3758000000.0,37000000000.0,38136750000.0,7220000000.0,29780000000.0,0.374,5.23,-2314000000.0,1778000000.0,1778000000.0,11531000000.0,1019000000.0,1.105,8.562,20698000000.0,2300000000.0,18398000000.0,20698000000.0,0.0,1188000000.0,0.0,0.036,0.35,2307000000.0,3495000000.0,0.245,3495000000.0,2307000000.0,927000000.0,0.86,0.84,0.86,3567000000.0,3931250000.0,3567000000.0,26117874901.0,11.0,7.473,-234000000.0,-0.343,1.0,2741000000.0,0.192,1724000000.0,1380000000.0,47662000000.0,48775750000.0,670000000.0,1054000000.0,453000000.0,601000000.0,30539000000.0,6534000000.0,24005000000.0,6684874901.0,-228000000.0,218000000.0,-576000000.0,202000000.0,-245000000.0,-332000000.0,-1931000000.0,9000000.0,2080000000.0,-36000000.0,597000000.0,597000000.0,597000000.0,-29000000.0,422000000.0,0.042,554000000.0,2187000000.0,1729000000.0,0.407,1.874,11.197,11.384,22463000000.0,0.0,9.79,0.468,0.468,2477000000.0,370000000.0,14272000000.0,14272000000.0,0.0,0.016,0.152,0.047,0.162,0.0,189000000.0,1.0,682826854.0,682000000.0,,20.927,35276000000.0,658000000.0,330000000.0,1185000000.0,51.724,686000000.0
24,AES,MRT,2015-06-30,2015-06-30,2015-06-30,2021-08-04,-3445000000.0,38584000000.0,38632500000.0,7515000000.0,31069000000.0,0.393,5.56,-2276000000.0,1330000000.0,1330000000.0,12348000000.0,1324000000.0,1.145,8.152,20763000000.0,1999000000.0,18764000000.0,20763000000.0,0.0,1217000000.0,0.0,0.023,0.3,2689000000.0,3906000000.0,0.257,3906000000.0,2689000000.0,1284000000.0,1.27,1.25,1.27,3864000000.0,4138750000.0,3864000000.0,28060369808.0,10.0,7.184,-348000000.0,-0.501,1.0,2843000000.0,0.187,1714000000.0,1405000000.0,49740000000.0,49127250000.0,734000000.0,1001000000.0,439000000.0,562000000.0,31500000000.0,6563000000.0,24937000000.0,9314369808.0,-490000000.0,901000000.0,-583000000.0,-400000000.0,-213000000.0,-1023000000.0,-1335000000.0,-203000000.0,1928000000.0,-56000000.0,905000000.0,905000000.0,905000000.0,-29000000.0,419000000.0,0.06,332000000.0,2511000000.0,1994000000.0,0.236,2.411,10.292,10.441,23440000000.0,0.0,13.26,0.613,0.607,2877000000.0,258000000.0,15191000000.0,15191000000.0,0.0,0.023,0.219,0.055,0.177,0.0,189000000.0,1.0,702441162.0,695000000.0,,21.858,36870000000.0,784000000.0,379000000.0,1281000000.0,53.05,952000000.0
25,AES,MRT,2015-03-31,2015-03-31,2015-03-31,2021-08-04,-3549000000.0,37997000000.0,38844750000.0,7642000000.0,30355000000.0,0.408,5.697,-2236000000.0,1655000000.0,1655000000.0,12939000000.0,1335000000.0,1.161,7.698,20401000000.0,1831000000.0,18570000000.0,20401000000.0,0.0,1237000000.0,0.0,0.019,0.25,2823000000.0,4060000000.0,0.256,4060000000.0,2823000000.0,1382000000.0,1.35,1.33,1.35,4022000000.0,4225500000.0,4022000000.0,28064850125.0,10.0,6.913,-229000000.0,-0.324,1.0,2907000000.0,0.183,1726000000.0,1441000000.0,48435000000.0,49373500000.0,707000000.0,1168000000.0,582000000.0,586000000.0,30962000000.0,6582000000.0,24380000000.0,9028850125.0,-92000000.0,1033000000.0,-343000000.0,-430000000.0,-178000000.0,-1017000000.0,-1050000000.0,-154000000.0,2007000000.0,-56000000.0,969000000.0,969000000.0,969000000.0,-23000000.0,366000000.0,0.061,365000000.0,2542000000.0,2051000000.0,0.185,2.245,9.318,9.519,22848000000.0,0.0,12.85,0.57,0.573,2807000000.0,423000000.0,15846000000.0,15846000000.0,0.0,0.025,0.229,0.057,0.178,0.0,191000000.0,1.0,702634251.0,706000000.0,,22.445,36271000000.0,770000000.0,413000000.0,1223000000.0,51.375,1060000000.0
26,AES,MRT,2014-12-31,2014-12-31,2014-12-31,2021-08-04,-3286000000.0,38966000000.0,39588750000.0,7826000000.0,31140000000.0,0.407,5.991,-2016000000.0,1822000000.0,1822000000.0,13144000000.0,1147000000.0,1.118,7.407,20858000000.0,2133000000.0,18725000000.0,20858000000.0,0.0,1245000000.0,0.0,0.015,0.2,2591000000.0,3836000000.0,0.238,3836000000.0,2591000000.0,1140000000.0,1.07,1.06,1.07,4272000000.0,4268250000.0,4272000000.0,28727648322.0,11.0,7.489,-225000000.0,-0.316,1.0,2980000000.0,0.185,1739000000.0,1451000000.0,49266000000.0,49978500000.0,702000000.0,1246000000.0,709000000.0,537000000.0,31641000000.0,6997000000.0,24644000000.0,9818648322.0,-119000000.0,1079000000.0,-308000000.0,-420000000.0,-144000000.0,-1262000000.0,-656000000.0,-120000000.0,1791000000.0,-51000000.0,769000000.0,769000000.0,769000000.0,0.0,378000000.0,0.048,507000000.0,2473000000.0,2278000000.0,0.187,2.298,12.768,12.869,25151000000.0,0.0,13.77,0.609,0.609,2709000000.0,512000000.0,16124000000.0,16124000000.0,0.0,0.019,0.18,0.052,0.161,0.0,187000000.0,1.0,713046356.0,713046356.0,,22.613,37227000000.0,937000000.0,371000000.0,1277000000.0,52.208,829000000.0
27,AES,MRT,2014-09-30,2014-09-30,2014-09-30,2021-08-04,-3176000000.0,38983000000.0,39950000000.0,7887000000.0,31096000000.0,0.421,5.942,-2047000000.0,2157000000.0,2157000000.0,13764000000.0,645000000.0,1.115,7.145,21066000000.0,2347000000.0,18719000000.0,21066000000.0,0.0,1249000000.0,0.0,0.013,0.19,2221000000.0,3470000000.0,0.206,3470000000.0,2221000000.0,718000000.0,0.5,0.49,0.5,4397000000.0,4282750000.0,4397000000.0,29981956419.0,13.0,8.64,-156000000.0,-0.211,1.0,3050000000.0,0.181,1751000000.0,1503000000.0,49068000000.0,50074250000.0,741000000.0,1390000000.0,686000000.0,704000000.0,31417000000.0,7073000000.0,24344000000.0,10255956419.0,-354000000.0,939000000.0,-399000000.0,-290000000.0,-138000000.0,-1345000000.0,-871000000.0,130000000.0,1891000000.0,-77000000.0,357000000.0,357000000.0,357000000.0,6000000.0,288000000.0,0.021,852000000.0,2198000000.0,2203000000.0,0.38,2.332,28.728,28.36,25067000000.0,0.0,14.18,0.61,0.624,2755000000.0,413000000.0,16814000000.0,16814000000.0,0.0,0.009,0.083,0.044,0.132,0.0,208000000.0,1.0,723269141.0,740000000.0,,22.722,37232000000.0,841000000.0,361000000.0,1165000000.0,50.314,814000000.0
28,AES,MRT,2014-06-30,2014-06-30,2014-06-30,2021-08-04,-3023000000.0,39433000000.0,40516750000.0,7407000000.0,32026000000.0,0.404,5.784,-2030000000.0,1997000000.0,1997000000.0,13159000000.0,360000000.0,1.111,7.581,21723000000.0,2095000000.0,19628000000.0,21723000000.0,0.0,1258000000.0,0.0,0.012,0.18,1806000000.0,3064000000.0,0.187,3064000000.0,1806000000.0,335000000.0,-0.09,-0.09,-0.09,4211000000.0,4386750000.0,4211000000.0,30761948940.0,17.0,10.04,-47000000.0,-0.065,1.0,3210000000.0,0.196,1767000000.0,1471000000.0,50725000000.0,50147250000.0,710000000.0,1424000000.0,424000000.0,1000000000.0,31925000000.0,6667000000.0,25258000000.0,11278948940.0,-34000000.0,193000000.0,-336000000.0,321000000.0,-131000000.0,-587000000.0,-1459000000.0,261000000.0,1983000000.0,-34000000.0,-60000000.0,-60000000.0,-60000000.0,6000000.0,420000000.0,-0.004,922000000.0,2288000000.0,2130000000.0,-2.0,2.678,-187.982,-172.778,25628000000.0,0.0,15.55,0.689,0.692,2689000000.0,-75000000.0,16369000000.0,16369000000.0,0.0,-0.001,-0.014,0.036,0.11,0.0,216000000.0,1.0,725334337.0,728000000.0,,22.485,37666000000.0,846000000.0,395000000.0,1114000000.0,51.739,740000000.0
29,AES,MRT,2014-03-31,2014-03-31,2014-03-31,2021-08-04,-2967000000.0,40973000000.0,40867500000.0,7989000000.0,32984000000.0,0.392,5.791,-1986000000.0,2002000000.0,2002000000.0,12711000000.0,418000000.0,1.019,7.949,21485000000.0,2075000000.0,19410000000.0,21485000000.0,0.0,1271000000.0,0.0,0.012,0.17,1773000000.0,3044000000.0,0.19,3044000000.0,1773000000.0,288000000.0,-0.05,-0.05,-0.05,4193000000.0,4521250000.0,4193000000.0,29147685028.0,16.0,9.575,332000000.0,0.459,1.0,3292000000.0,0.206,1761000000.0,1485000000.0,50855000000.0,49678500000.0,687000000.0,1651000000.0,621000000.0,1030000000.0,33332000000.0,7840000000.0,25492000000.0,10337685028.0,-843000000.0,191000000.0,-322000000.0,-555000000.0,-125000000.0,-1578000000.0,-1519000000.0,131000000.0,2318000000.0,-73000000.0,-26000000.0,-26000000.0,-26000000.0,0.0,444000000.0,-0.002,860000000.0,2432000000.0,2632000000.0,-3.4,2.465,-397.603,-285.6,25353000000.0,0.0,14.28,0.646,0.646,2586000000.0,-208000000.0,16003000000.0,16003000000.0,0.0,-0.001,-0.006,0.036,0.111,0.0,217000000.0,1.0,723927523.0,724000000.0,,22.104,39212000000.0,861000000.0,314000000.0,1145000000.0,54.16,149000000.0
30,AES,MRT,2013-12-31,2013-12-31,2013-12-31,2021-08-04,-2882000000.0,40411000000.0,41303750000.0,7739000000.0,32672000000.0,0.385,5.833,-1988000000.0,2239000000.0,2239000000.0,12644000000.0,551000000.0,1.011,7.566,21049000000.0,2180000000.0,18869000000.0,21049000000.0,0.0,1294000000.0,0.0,0.011,0.16,1939000000.0,3233000000.0,0.203,3233000000.0,1939000000.0,457000000.0,0.15,0.15,0.15,4330000000.0,4631250000.0,4330000000.0,29156166439.0,15.0,9.018,727000000.0,0.979,1.0,3247000000.0,0.204,1919000000.0,1482000000.0,49649000000.0,49424500000.0,684000000.0,1678000000.0,668000000.0,1010000000.0,32760000000.0,7653000000.0,25107000000.0,10771166439.0,-258000000.0,163000000.0,-322000000.0,-186000000.0,-119000000.0,-1136000000.0,-1774000000.0,-82000000.0,2715000000.0,-59000000.0,114000000.0,114000000.0,114000000.0,0.0,437000000.0,0.007,763000000.0,2484000000.0,2259000000.0,1.067,2.488,94.484,96.733,25112000000.0,0.0,14.51,0.678,0.678,2363000000.0,-150000000.0,15891000000.0,15891000000.0,0.0,0.003,0.025,0.039,0.122,0.0,220000000.0,1.0,742327115.0,742327115.0,,21.407,38492000000.0,832000000.0,343000000.0,1119000000.0,51.853,86000000.0
31,AES,MRT,2013-09-30,2013-09-30,2013-09-30,2021-08-04,-2918000000.0,41250000000.0,41658500000.0,8251000000.0,32999000000.0,0.395,6.443,-1857000000.0,2651000000.0,2651000000.0,13008000000.0,1078000000.0,1.03,6.915,21036000000.0,2503000000.0,18533000000.0,21036000000.0,0.0,1338000000.0,0.0,0.012,0.16,2378000000.0,3716000000.0,0.226,3716000000.0,2378000000.0,951000000.0,0.64,0.64,0.64,4813000000.0,4691000000.0,4813000000.0,28549565998.0,12.0,7.683,955000000.0,1.278,1.0,3440000000.0,0.209,2266000000.0,1427000000.0,49360000000.0,49331000000.0,711000000.0,1923000000.0,898000000.0,1025000000.0,33284000000.0,8009000000.0,25275000000.0,9855565998.0,141000000.0,369000000.0,-63000000.0,-477000000.0,-119000000.0,-1159000000.0,-1486000000.0,-174000000.0,2812000000.0,-41000000.0,495000000.0,495000000.0,495000000.0,0.0,583000000.0,0.03,384000000.0,3056000000.0,2156000000.0,0.25,2.048,19.91,20.766,25082000000.0,0.0,13.29,0.599,0.604,2326000000.0,56000000.0,16448000000.0,16448000000.0,0.0,0.012,0.106,0.048,0.145,0.0,209000000.0,1.0,741577577.0,747000000.0,,22.019,38984000000.0,993000000.0,456000000.0,1116000000.0,52.187,242000000.0
32,AES,MRT,2013-06-30,2013-06-30,2013-06-30,2021-08-04,-2939000000.0,40836000000.0,41685000000.0,7810000000.0,33026000000.0,0.403,6.324,-1903000000.0,2376000000.0,2376000000.0,13327000000.0,-547000000.0,0.944,6.955,21070000000.0,3041000000.0,18029000000.0,21070000000.0,0.0,1349000000.0,0.0,0.01,0.12,823000000.0,2172000000.0,0.129,2172000000.0,823000000.0,-642000000.0,-1.55,-1.55,-1.55,4749000000.0,4593750000.0,4749000000.0,27774025427.0,34.0,12.787,1069000000.0,1.423,1.0,3480000000.0,0.207,2407000000.0,1465000000.0,48850000000.0,49561750000.0,763000000.0,1880000000.0,703000000.0,1177000000.0,33029000000.0,8273000000.0,24756000000.0,8951025427.0,-75000000.0,432000000.0,-88000000.0,-1054000000.0,-90000000.0,-1804000000.0,-1249000000.0,27000000.0,2972000000.0,-37000000.0,-1144000000.0,-1144000000.0,-1144000000.0,0.0,597000000.0,-0.068,2214000000.0,1266000000.0,2622000000.0,-0.077,1.885,-7.824,-7.735,25868000000.0,0.0,11.99,0.533,0.536,2417000000.0,-15000000.0,16807000000.0,16807000000.0,0.0,-0.027,-0.249,0.017,0.049,0.0,220000000.0,1.0,746540903.0,751000000.0,,22.379,38429000000.0,1103000000.0,502000000.0,1195000000.0,51.17,-463000000.0
33,AES,MRT,2013-03-31,2013-03-31,2013-03-31,2021-08-04,-2952000000.0,42718000000.0,42163250000.0,9258000000.0,33460000000.0,0.402,6.186,-1930000000.0,3061000000.0,3061000000.0,13679000000.0,-673000000.0,0.997,7.55,21884000000.0,3615000000.0,18269000000.0,21884000000.0,0.0,1363000000.0,0.0,0.006,0.08,842000000.0,2205000000.0,0.13,2205000000.0,842000000.0,-670000000.0,-1.59,-1.59,-1.59,4633000000.0,4937250000.0,4633000000.0,28026247987.0,33.0,12.71,1055000000.0,1.409,1.0,3272000000.0,0.193,2416000000.0,1512000000.0,49839000000.0,50056000000.0,755000000.0,2046000000.0,851000000.0,1195000000.0,34977000000.0,9286000000.0,25691000000.0,9374247987.0,662000000.0,458000000.0,-301000000.0,-375000000.0,-60000000.0,-1594000000.0,-751000000.0,634000000.0,2985000000.0,-28000000.0,-1171000000.0,-1171000000.0,-1171000000.0,0.0,498000000.0,-0.069,2251000000.0,1021000000.0,2951000000.0,-0.05,2.023,-8.005,-7.906,26012000000.0,0.0,12.57,0.553,0.555,2633000000.0,-182000000.0,16951000000.0,16951000000.0,0.0,-0.028,-0.237,0.017,0.05,0.0,241000000.0,1.0,745763563.0,749000000.0,,22.632,40302000000.0,1217000000.0,501000000.0,1239000000.0,53.808,-28000000.0
34,AES,MRT,2012-12-31,2012-12-31,2012-12-31,2021-08-04,-2920000000.0,41830000000.0,42841500000.0,8465000000.0,33365000000.0,0.401,6.141,-2108000000.0,2634000000.0,2634000000.0,13581000000.0,-357000000.0,1.018,7.511,20721000000.0,2505000000.0,18216000000.0,20721000000.0,0.0,1394000000.0,0.0,0.004,0.04,1317000000.0,2711000000.0,0.158,2711000000.0,1317000000.0,-227000000.0,-1.21,-1.21,-1.21,4569000000.0,5401250000.0,4569000000.0,26842383663.0,20.0,9.901,793000000.0,1.066,1.0,3583000000.0,0.209,2323000000.0,1544000000.0,49275000000.0,50913750000.0,719000000.0,1889000000.0,693000000.0,1196000000.0,34316000000.0,8319000000.0,25997000000.0,7960383663.0,276000000.0,619000000.0,-301000000.0,-652000000.0,-30000000.0,-1867000000.0,-895000000.0,441000000.0,2901000000.0,5000000.0,-912000000.0,-912000000.0,-912000000.0,0.0,555000000.0,-0.053,2246000000.0,1337000000.0,2545000000.0,-0.033,1.742,-8.728,-8.843,24635000000.0,0.0,10.7,0.464,0.464,2539000000.0,-264000000.0,17164000000.0,17164000000.0,0.0,-0.021,-0.169,0.026,0.077,0.0,274000000.0,1.0,743961090.0,743961090.0,,23.071,39507000000.0,1139000000.0,685000000.0,1179000000.0,53.104,146000000.0
35,AES,MRT,2012-09-30,2012-09-30,2012-09-30,2021-08-04,-2905000000.0,41356000000.0,43720500000.0,8684000000.0,32672000000.0,0.371,5.914,-2179000000.0,2678000000.0,2678000000.0,12453000000.0,-235000000.0,1.154,7.577,21560000000.0,2335000000.0,19225000000.0,21560000000.0,0.0,1353000000.0,0.0,0.0,0.0,1007000000.0,2360000000.0,0.145,2360000000.0,1007000000.0,-582000000.0,-1.74,-1.75,-1.74,4424000000.0,5745500000.0,4424000000.0,27630516789.0,27.0,11.708,521000000.0,0.697,1.0,3777000000.0,0.233,2429000000.0,1589000000.0,50283000000.0,51692750000.0,796000000.0,2207000000.0,873000000.0,1334000000.0,33520000000.0,7526000000.0,25994000000.0,8205516789.0,-1325000000.0,-2114000000.0,-355000000.0,955000000.0,0.0,-278000000.0,-3848000000.0,-56000000.0,2700000000.0,-34000000.0,-1296000000.0,-1296000000.0,-1296000000.0,0.0,1061000000.0,-0.08,2238000000.0,1539000000.0,2327000000.0,0.0,1.855,-6.331,-6.305,25484000000.0,0.0,10.97,0.506,0.506,2671000000.0,-439000000.0,16230000000.0,16230000000.0,0.0,-0.03,-0.226,0.019,0.062,0.0,289000000.0,1.0,747996061.0,747996061.0,,21.698,38927000000.0,1102000000.0,714000000.0,1417000000.0,52.042,1158000000.0
36,AES,MRT,2012-06-30,2012-06-30,2012-06-30,2021-08-04,-2865000000.0,42749000000.0,43602250000.0,8317000000.0,34432000000.0,0.371,7.978,-2482000000.0,2301000000.0,2301000000.0,12362000000.0,1342000000.0,1.182,5.43,21726000000.0,2298000000.0,19428000000.0,21726000000.0,0.0,1346000000.0,0.0,0.0,0.0,2362000000.0,3708000000.0,0.229,3708000000.0,2362000000.0,751000000.0,0.19,0.18,0.19,6123000000.0,6197750000.0,6123000000.0,29945894519.0,13.0,8.076,339000000.0,0.442,1.0,3820000000.0,0.236,4308000000.0,1611000000.0,50827000000.0,51270500000.0,826000000.0,2275000000.0,883000000.0,1392000000.0,33248000000.0,7039000000.0,26209000000.0,9846894519.0,-1815000000.0,-2171000000.0,-412000000.0,1407000000.0,0.0,-70000000.0,-4501000000.0,91000000.0,2821000000.0,-148000000.0,141000000.0,141000000.0,141000000.0,0.0,1201000000.0,0.009,579000000.0,3241000000.0,2171000000.0,0.0,1.608,69.836,67.526,25097000000.0,0.0,12.83,0.609,0.609,2628000000.0,1159000000.0,16182000000.0,16182000000.0,0.0,0.003,0.023,0.046,0.146,0.0,315000000.0,1.0,767489830.0,767489830.0,,21.084,38441000000.0,1091000000.0,610000000.0,1354000000.0,50.087,1278000000.0
37,AES,MRT,2012-03-31,2012-03-31,2012-03-31,2021-08-04,-2575000000.0,45431000000.0,43573750000.0,9559000000.0,35872000000.0,0.379,8.472,-2530000000.0,2136000000.0,2136000000.0,12409000000.0,1562000000.0,1.198,5.388,22235000000.0,2215000000.0,20020000000.0,22235000000.0,0.0,1317000000.0,0.0,0.0,0.0,2492000000.0,3809000000.0,0.23,3809000000.0,2492000000.0,884000000.0,0.23,0.22,0.23,6489000000.0,6394750000.0,6489000000.0,30389391668.0,12.0,7.978,386000000.0,0.504,1.0,4119000000.0,0.249,4282000000.0,1608000000.0,53270000000.0,51296000000.0,799000000.0,3170000000.0,1740000000.0,1430000000.0,34960000000.0,7978000000.0,26982000000.0,10010391668.0,-226000000.0,-2347000000.0,-216000000.0,3379000000.0,0.0,1912000000.0,-5030000000.0,-111000000.0,2916000000.0,-112000000.0,175000000.0,175000000.0,175000000.0,9000000.0,1387000000.0,0.011,637000000.0,3482000000.0,2014000000.0,0.0,1.543,57.202,56.826,25589000000.0,0.0,13.07,0.606,0.606,2735000000.0,1019000000.0,16528000000.0,16528000000.0,0.0,0.004,0.027,0.049,0.151,0.0,338000000.0,1.0,765906019.0,765906019.0,,21.58,41149000000.0,1216000000.0,709000000.0,1445000000.0,53.726,1581000000.0
38,AES,MRT,2011-12-31,2011-12-31,2011-12-31,2021-08-04,-2758000000.0,45346000000.0,42341000000.0,9229000000.0,36117000000.0,0.38,7.747,-2430000000.0,2172000000.0,2172000000.0,12058000000.0,1530000000.0,1.094,5.99,22020000000.0,2428000000.0,19592000000.0,22020000000.0,0.0,1262000000.0,0.0,0.0,0.0,2244000000.0,3506000000.0,0.218,3506000000.0,2244000000.0,714000000.0,0.07,0.07,0.07,5946000000.0,6470500000.0,5946000000.0,25778771126.0,11.0,7.353,454000000.0,0.591,1.0,4040000000.0,0.251,4365000000.0,1530000000.0,52391000000.0,50002750000.0,775000000.0,2778000000.0,1356000000.0,1422000000.0,35617000000.0,8438000000.0,27179000000.0,9087771126.0,-736000000.0,-2639000000.0,-279000000.0,2981000000.0,0.0,1412000000.0,-4906000000.0,259000000.0,2884000000.0,-122000000.0,58000000.0,58000000.0,58000000.0,0.0,1472000000.0,0.004,622000000.0,3418000000.0,2008000000.0,0.0,1.528,156.686,169.143,25001000000.0,0.0,11.84,0.565,0.565,2522000000.0,678000000.0,16098000000.0,16098000000.0,0.0,0.001,0.009,0.045,0.139,0.0,346000000.0,1.0,767548237.0,767548237.0,,20.973,40981000000.0,1169000000.0,656000000.0,1321000000.0,53.392,791000000.0
39,AES,MRT,2011-09-30,2011-09-30,2011-09-30,2021-08-04,-2727000000.0,40883000000.0,41132250000.0,10067000000.0,30816000000.0,0.403,7.966,-2614000000.0,4187000000.0,4187000000.0,12650000000.0,916000000.0,1.39,4.978,20878000000.0,2174000000.0,18704000000.0,20878000000.0,0.0,1249000000.0,0.0,0.0,0.0,1776000000.0,3025000000.0,0.183,3025000000.0,1776000000.0,341000000.0,-0.24,-0.24,-0.24,6233000000.0,6602250000.0,6233000000.0,24917253573.0,14.0,8.237,748000000.0,0.956,1.0,3914000000.0,0.236,1739000000.0,1435000000.0,48594000000.0,48551500000.0,668000000.0,2454000000.0,1053000000.0,1401000000.0,31026000000.0,7241000000.0,23785000000.0,7636253573.0,539000000.0,132000000.0,-308000000.0,1377000000.0,0.0,-381000000.0,-2427000000.0,595000000.0,3362000000.0,-50000000.0,-169000000.0,-169000000.0,-169000000.0,165000000.0,1085000000.0,-0.01,859000000.0,3055000000.0,1792000000.0,0.0,1.225,-45.185,-40.667,23813000000.0,0.0,9.76,0.461,0.461,2392000000.0,887000000.0,16564000000.0,16564000000.0,0.0,-0.004,-0.026,0.037,0.107,0.0,394000000.0,1.0,782403030.0,782403030.0,,21.171,39144000000.0,863000000.0,510000000.0,621000000.0,50.03,2826000000.0
40,AES,MRT,2011-06-30,2011-06-30,2011-06-30,2021-08-04,-2278000000.0,42635000000.0,41356500000.0,10173000000.0,32462000000.0,0.393,8.838,-2327000000.0,4154000000.0,4154000000.0,12376000000.0,1138000000.0,1.414,4.601,21435000000.0,2331000000.0,19104000000.0,21435000000.0,0.0,1216000000.0,0.0,0.0,0.0,2018000000.0,3234000000.0,0.199,3234000000.0,2018000000.0,620000000.0,0.07,0.07,0.07,6911000000.0,6766500000.0,6911000000.0,26894782366.0,13.0,8.316,900000000.0,1.151,1.0,3871000000.0,0.238,1794000000.0,1398000000.0,50929000000.0,48748750000.0,654000000.0,2773000000.0,1231000000.0,1542000000.0,31798000000.0,7193000000.0,24605000000.0,9962782366.0,732000000.0,128000000.0,-199000000.0,941000000.0,0.0,-778000000.0,-1842000000.0,549000000.0,3227000000.0,81000000.0,76000000.0,76000000.0,76000000.0,57000000.0,1062000000.0,0.005,981000000.0,2890000000.0,1892000000.0,0.0,1.442,131.089,182.0,25547000000.0,0.0,12.74,0.613,0.613,2639000000.0,1018000000.0,16247000000.0,16247000000.0,0.0,0.002,0.011,0.041,0.124,0.0,402000000.0,1.0,782008035.0,782008035.0,,20.776,40841000000.0,959000000.0,544000000.0,891000000.0,52.226,2980000000.0
41,AES,MRT,2011-03-31,2011-03-31,2011-03-31,2021-08-04,-2248000000.0,40500000000.0,40873000000.0,8746000000.0,31754000000.0,0.385,8.617,-2296000000.0,2520000000.0,2520000000.0,11854000000.0,1140000000.0,1.158,4.337,19452000000.0,2810000000.0,16642000000.0,19452000000.0,0.0,1190000000.0,0.0,0.0,0.0,2083000000.0,3273000000.0,0.208,3273000000.0,2083000000.0,677000000.0,0.03,0.03,0.03,6792000000.0,6710500000.0,6792000000.0,26852289923.0,13.0,8.204,1003000000.0,1.272,1.0,3881000000.0,0.247,1784000000.0,1406000000.0,48097000000.0,48186250000.0,634000000.0,3257000000.0,1713000000.0,1544000000.0,29458000000.0,7551000000.0,21907000000.0,10247289923.0,-1346000000.0,180000000.0,-165000000.0,-1231000000.0,0.0,-2684000000.0,-2046000000.0,165000000.0,3299000000.0,44000000.0,46000000.0,46000000.0,46000000.0,48000000.0,1094000000.0,0.003,966000000.0,2915000000.0,1873000000.0,0.0,1.509,222.767,433.333,25023000000.0,0.0,13.0,0.651,0.651,2496000000.0,844000000.0,15735000000.0,15735000000.0,0.0,0.001,0.007,0.043,0.132,0.0,406000000.0,1.0,788253071.0,788253071.0,,19.962,38716000000.0,937000000.0,631000000.0,907000000.0,49.116,1195000000.0
42,AES,MRT,2010-12-31,2010-12-31,2010-12-31,2021-08-04,-2383000000.0,40511000000.0,41218500000.0,9446000000.0,31065000000.0,0.375,8.213,-2310000000.0,2929000000.0,2929000000.0,11623000000.0,1059000000.0,1.171,4.65,18788000000.0,2996000000.0,15792000000.0,18788000000.0,0.0,1178000000.0,0.0,0.0,0.0,2051000000.0,3229000000.0,0.209,3229000000.0,2051000000.0,602000000.0,0.01,0.01,0.01,6473000000.0,6574250000.0,6473000000.0,26117055661.0,13.0,8.088,1155000000.0,1.466,1.0,3820000000.0,0.247,1719000000.0,1449000000.0,46586000000.0,48629000000.0,552000000.0,3038000000.0,1718000000.0,1320000000.0,30098000000.0,8065000000.0,22033000000.0,9599055661.0,761000000.0,375000000.0,1468000000.0,-841000000.0,0.0,-706000000.0,-2040000000.0,26000000.0,3465000000.0,8000000.0,9000000.0,9000000.0,9000000.0,0.0,1050000000.0,0.001,948000000.0,2872000000.0,1988000000.0,0.0,1.483,1066.562,1218.0,23429000000.0,0.0,12.18,0.622,0.622,2283000000.0,620000000.0,15443000000.0,15443000000.0,0.0,0.0,0.001,0.042,0.133,0.0,391000000.0,1.0,788099808.0,788099808.0,,19.595,38792000000.0,889000000.0,593000000.0,892000000.0,49.222,1381000000.0
43,AES,MRT,2010-09-30,2010-09-30,2010-09-30,2021-08-04,-2504000000.0,41780000000.0,40974500000.0,9768000000.0,32012000000.0,0.36,8.677,-2283000000.0,3457000000.0,3457000000.0,11097000000.0,1511000000.0,1.39,4.499,19975000000.0,2055000000.0,17920000000.0,19975000000.0,0.0,1158000000.0,0.0,0.0,0.0,2487000000.0,3645000000.0,0.247,3645000000.0,2487000000.0,1021000000.0,0.52,0.51,0.52,6890000000.0,6124750000.0,6890000000.0,25221081260.0,10.0,6.919,467000000.0,0.588,1.0,3668000000.0,0.248,1886000000.0,1466000000.0,49383000000.0,49095750000.0,611000000.0,2958000000.0,1645000000.0,1313000000.0,30997000000.0,7029000000.0,23968000000.0,9012081260.0,883000000.0,114000000.0,1551000000.0,40000000.0,0.0,389000000.0,-2220000000.0,-145000000.0,2750000000.0,-18000000.0,397000000.0,397000000.0,397000000.0,-8000000.0,1114000000.0,0.027,937000000.0,2731000000.0,4523000000.0,0.0,1.308,22.7,21.827,24975000000.0,0.0,11.35,0.61,0.61,2381000000.0,1056000000.0,14765000000.0,14765000000.0,0.0,0.01,0.065,0.051,0.168,0.0,367000000.0,1.0,794015970.0,794015970.0,,18.595,39894000000.0,933000000.0,624000000.0,1249000000.0,50.243,2739000000.0
44,AES,MRT,2010-06-30,2010-06-30,2010-06-30,2021-08-04,-2602000000.0,40701000000.0,40344750000.0,9564000000.0,31137000000.0,0.358,8.407,-2329000000.0,3463000000.0,3463000000.0,10759000000.0,1554000000.0,1.503,4.493,19672000000.0,1904000000.0,17768000000.0,19672000000.0,0.0,1135000000.0,0.0,0.0,0.0,2684000000.0,3819000000.0,0.265,3819000000.0,2684000000.0,1193000000.0,0.66,0.65,0.66,6687000000.0,5548000000.0,6687000000.0,24034296370.0,9.0,6.293,423000000.0,0.532,1.0,3668000000.0,0.254,1867000000.0,1491000000.0,48679000000.0,48810750000.0,551000000.0,2943000000.0,1716000000.0,1227000000.0,30047000000.0,6364000000.0,23683000000.0,7349296370.0,1181000000.0,80000000.0,1569000000.0,434000000.0,0.0,971000000.0,-2488000000.0,-330000000.0,2752000000.0,-36000000.0,468000000.0,468000000.0,468000000.0,74000000.0,1086000000.0,0.032,604000000.0,3064000000.0,4067000000.0,0.0,1.099,15.704,14.0,24086000000.0,0.0,9.24,0.509,0.509,2200000000.0,942000000.0,14427000000.0,14427000000.0,0.0,0.012,0.084,0.055,0.186,0.0,350000000.0,1.0,795378395.0,795378395.0,,18.139,38834000000.0,861000000.0,725000000.0,1208000000.0,48.825,3200000000.0
45,AES,MRT,2010-03-31,2010-03-31,2010-03-31,2021-08-04,-2881000000.0,41882000000.0,39524000000.0,10460000000.0,31422000000.0,0.349,9.345,-2439000000.0,3957000000.0,3957000000.0,10326000000.0,1656000000.0,1.517,5.018,20642000000.0,2336000000.0,18306000000.0,20642000000.0,0.0,1097000000.0,0.0,0.077,0.844,2666000000.0,3763000000.0,0.273,3763000000.0,2666000000.0,1196000000.0,0.93,0.92,0.93,6247000000.0,4974250000.0,6247000000.0,25053160749.0,9.0,6.658,83000000.0,0.124,1.0,3469000000.0,0.251,1805000000.0,1470000000.0,49868000000.0,48427500000.0,575000000.0,2906000000.0,1731000000.0,1175000000.0,31346000000.0,6894000000.0,24452000000.0,7353160749.0,2130000000.0,49000000.0,1570000000.0,1487000000.0,0.0,2212000000.0,-2589000000.0,-279000000.0,2522000000.0,3000000.0,627000000.0,627000000.0,627000000.0,46000000.0,1029000000.0,0.045,572000000.0,2897000000.0,4057000000.0,0.908,1.177,11.728,11.828,24827000000.0,0.0,11.0,0.533,0.533,2259000000.0,791000000.0,13795000000.0,13795000000.0,0.0,0.016,0.126,0.055,0.193,0.0,336000000.0,1.0,668469159.0,668469159.0,,20.637,40077000000.0,874000000.0,569000000.0,1130000000.0,59.953,3566000000.0
46,AES,MRT,2009-12-31,2009-12-31,2009-12-31,2021-08-04,-2724000000.0,39535000000.0,37763000000.0,8787000000.0,30748000000.0,0.347,7.003,-2520000000.0,2189000000.0,2189000000.0,9753000000.0,1755000000.0,1.327,6.557,19537000000.0,1932000000.0,17605000000.0,19537000000.0,0.0,1049000000.0,0.0,0.063,0.844,2676000000.0,3725000000.0,0.284,3725000000.0,2676000000.0,1215000000.0,0.99,0.98,0.99,4675000000.0,4391250000.0,4675000000.0,26015527015.0,10.0,6.984,-309000000.0,-0.463,1.0,3357000000.0,0.256,1809000000.0,1461000000.0,48453000000.0,47127250000.0,560000000.0,2805000000.0,1648000000.0,1157000000.0,30655000000.0,6621000000.0,24034000000.0,8885527015.0,908000000.0,-16000000.0,0.0,1349000000.0,0.0,610000000.0,-1917000000.0,123000000.0,2211000000.0,22000000.0,658000000.0,658000000.0,658000000.0,49000000.0,1097000000.0,0.05,585000000.0,2772000000.0,1862000000.0,0.853,1.901,13.504,13.444,23796000000.0,0.0,13.31,0.678,0.678,2142000000.0,650000000.0,13110000000.0,13110000000.0,0.0,0.017,0.15,0.057,0.204,0.0,339000000.0,1.0,667582796.0,667582796.0,,19.638,37726000000.0,797000000.0,557000000.0,1090000000.0,56.511,2166000000.0
47,AES,MRT,2009-09-30,2009-09-30,2009-09-30,2021-08-04,-2855000000.0,39261000000.0,36580750000.0,8728000000.0,30533000000.0,0.352,6.871,-2652000000.0,2530000000.0,2530000000.0,9722000000.0,1577000000.0,1.399,6.698,19660000000.0,1571000000.0,18089000000.0,19660000000.0,0.0,1008000000.0,0.0,0.057,0.844,2749000000.0,3757000000.0,0.292,3757000000.0,2749000000.0,1187000000.0,0.99,1.01,0.99,4583000000.0,4139750000.0,4583000000.0,26926042688.0,10.0,7.167,-202000000.0,-0.303,1.0,3161000000.0,0.245,1910000000.0,1562000000.0,48243000000.0,45961500000.0,578000000.0,2466000000.0,1357000000.0,1109000000.0,30696000000.0,6238000000.0,24458000000.0,9885042688.0,279000000.0,237000000.0,0.0,763000000.0,0.0,43000000.0,-2187000000.0,153000000.0,2450000000.0,-27000000.0,659000000.0,659000000.0,659000000.0,-176000000.0,918000000.0,0.051,521000000.0,2640000000.0,1223000000.0,0.853,2.157,15.0,14.97,24226000000.0,0.0,14.82,0.767,0.767,2415000000.0,698000000.0,12883000000.0,12883000000.0,0.0,0.018,0.159,0.06,0.213,0.0,333000000.0,1.0,667006929.0,667006929.0,,19.315,37351000000.0,832000000.0,528000000.0,1316000000.0,55.998,2490000000.0
48,AES,MRT,2009-06-30,2009-06-30,2009-06-30,2021-08-04,-2847000000.0,37418000000.0,35928750000.0,8022000000.0,29396000000.0,0.377,6.588,-2658000000.0,2179000000.0,2179000000.0,10394000000.0,1496000000.0,1.486,6.645,19220000000.0,1384000000.0,17836000000.0,19220000000.0,0.0,999000000.0,0.0,0.073,0.844,2726000000.0,3725000000.0,0.275,3725000000.0,2726000000.0,1112000000.0,0.93,0.95,0.93,4392000000.0,4051250000.0,4392000000.0,23994974032.0,9.0,6.442,-408000000.0,-0.612,1.0,3156000000.0,0.233,1916000000.0,1614000000.0,47146000000.0,45314250000.0,577000000.0,2195000000.0,1152000000.0,1043000000.0,29187000000.0,5397000000.0,23790000000.0,7739974032.0,2000000.0,239000000.0,-143000000.0,748000000.0,0.0,167000000.0,-2330000000.0,30000000.0,2250000000.0,-85000000.0,619000000.0,619000000.0,619000000.0,-148000000.0,877000000.0,0.046,549000000.0,2607000000.0,1038000000.0,0.908,1.762,12.504,12.484,23054000000.0,0.0,11.61,0.571,0.571,2314000000.0,513000000.0,13550000000.0,13550000000.0,0.0,0.017,0.153,0.06,0.201,0.0,342000000.0,1.0,666664430.0,666664430.0,,20.325,35502000000.0,834000000.0,493000000.0,1237000000.0,53.253,2625000000.0
49,AES,MRT,2009-03-31,2009-03-31,2009-03-31,2021-08-04,-3009000000.0,34838000000.0,36103000000.0,7213000000.0,27625000000.0,0.398,5.876,-2791000000.0,1702000000.0,1702000000.0,11003000000.0,2125000000.0,1.594,6.933,17957000000.0,943000000.0,17014000000.0,17957000000.0,0.0,1002000000.0,0.0,0.0,0.0,3640000000.0,4642000000.0,0.323,4642000000.0,3640000000.0,1925000000.0,1.82,1.81,1.82,3915000000.0,4025500000.0,3915000000.0,20329715012.0,6.0,4.38,-744000000.0,-1.117,1.0,3382000000.0,0.235,1901000000.0,1715000000.0,44667000000.0,45301750000.0,502000000.0,2083000000.0,1134000000.0,949000000.0,27141000000.0,4525000000.0,22616000000.0,3870715012.0,-517000000.0,379000000.0,-143000000.0,367000000.0,0.0,-54000000.0,-2394000000.0,-88000000.0,2047000000.0,-116000000.0,1219000000.0,1219000000.0,1219000000.0,-121000000.0,906000000.0,0.085,640000000.0,2742000000.0,1087000000.0,0.0,0.989,3.175,3.192,21705000000.0,0.0,5.81,0.269,0.269,2202000000.0,210000000.0,14385000000.0,14385000000.0,0.0,0.034,0.303,0.08,0.253,0.0,354000000.0,1.0,666216009.0,666216009.0,,21.592,32937000000.0,727000000.0,706000000.0,1135000000.0,49.439,2688000000.0
50,AES,MRT,2008-12-31,2008-12-31,2008-12-31,2021-08-04,-3018000000.0,34806000000.0,36329750000.0,7316000000.0,27490000000.0,0.418,5.54,-2850000000.0,1603000000.0,1603000000.0,11629000000.0,2032000000.0,1.412,7.571,17690000000.0,1071000000.0,16619000000.0,17690000000.0,0.0,1001000000.0,0.0,0.0,0.0,3775000000.0,4776000000.0,0.314,4776000000.0,3775000000.0,2005000000.0,1.84,1.82,1.84,3669000000.0,3877000000.0,3669000000.0,21841734733.0,6.0,4.573,-690000000.0,-1.042,1.0,3568000000.0,0.235,1921000000.0,1770000000.0,43790000000.0,45128750000.0,547000000.0,2283000000.0,1382000000.0,901000000.0,27779000000.0,5182000000.0,22597000000.0,5456734733.0,-1155000000.0,193000000.0,-143000000.0,784000000.0,0.0,362000000.0,-3581000000.0,-732000000.0,2160000000.0,-96000000.0,1234000000.0,1234000000.0,1234000000.0,-103000000.0,798000000.0,0.081,704000000.0,2864000000.0,1033000000.0,0.0,1.487,4.422,4.478,20879000000.0,0.0,8.24,0.359,0.359,2095000000.0,-8000000.0,15197000000.0,15197000000.0,0.0,0.034,0.318,0.084,0.248,0.0,368000000.0,1.0,662225089.0,662225089.0,,22.948,32885000000.0,745000000.0,771000000.0,1115000000.0,49.658,2134000000.0
51,AES,MRT,2008-09-30,2008-09-30,2008-09-30,2021-08-04,-2500000000.0,36653000000.0,36241500000.0,8393000000.0,28260000000.0,0.431,6.286,-2659000000.0,2259000000.0,2259000000.0,11894000000.0,2387000000.0,1.55,7.667,18644000000.0,954000000.0,17690000000.0,18644000000.0,0.0,1008000000.0,0.0,0.0,0.0,3912000000.0,4920000000.0,0.315,4920000000.0,3912000000.0,2084000000.0,1.92,1.88,1.92,4229000000.0,3750750000.0,4229000000.0,24680423442.0,6.0,5.016,-590000000.0,-0.877,1.0,3731000000.0,0.239,1969000000.0,1828000000.0,45654000000.0,44809750000.0,597000000.0,2349000000.0,1453000000.0,896000000.0,32424000000.0,5415000000.0,27009000000.0,7864423442.0,52000000.0,260000000.0,-143000000.0,1536000000.0,0.0,1091000000.0,-3081000000.0,-893000000.0,2069000000.0,-27000000.0,1289000000.0,1289000000.0,1289000000.0,-94000000.0,1098000000.0,0.082,1170000000.0,2561000000.0,1141000000.0,0.0,1.86,6.101,6.089,22090000000.0,0.0,11.69,0.503,0.503,2475000000.0,40000000.0,15625000000.0,15625000000.0,0.0,0.036,0.344,0.087,0.25,0.0,404000000.0,1.0,672747942.0,672747942.0,,23.226,34684000000.0,751000000.0,795000000.0,1230000000.0,51.556,2978000000.0
52,AES,MRT,2008-06-30,2008-06-30,2008-06-30,2021-08-04,-2432000000.0,38115000000.0,35415750000.0,8904000000.0,29211000000.0,0.418,6.384,-2694000000.0,2286000000.0,2286000000.0,11174000000.0,2132000000.0,1.529,7.887,19102000000.0,1197000000.0,17905000000.0,19102000000.0,0.0,985000000.0,0.0,0.0,0.0,3854000000.0,4839000000.0,0.327,4839000000.0,3854000000.0,2031000000.0,1.86,1.81,1.86,4289000000.0,3493250000.0,4289000000.0,29125493651.0,8.0,6.019,-670000000.0,-0.997,1.0,3616000000.0,0.244,2010000000.0,1823000000.0,47096000000.0,43629250000.0,600000000.0,2440000000.0,1551000000.0,889000000.0,33826000000.0,5825000000.0,28001000000.0,12905493651.0,278000000.0,311000000.0,0.0,1306000000.0,0.0,682000000.0,-2450000000.0,-411000000.0,2024000000.0,22000000.0,1248000000.0,1248000000.0,1248000000.0,-108000000.0,884000000.0,0.084,1195000000.0,2421000000.0,1135000000.0,0.0,3.009,10.341,10.328,23100000000.0,0.0,19.21,0.873,0.873,2649000000.0,-105000000.0,14790000000.0,14790000000.0,0.0,0.035,0.357,0.088,0.261,0.0,407000000.0,1.0,671811226.0,671811226.0,,22.015,36105000000.0,944000000.0,783000000.0,1318000000.0,53.743,3079000000.0
53,AES,MRT,2008-03-31,2008-03-31,2008-03-31,2021-08-04,-2474000000.0,35745000000.0,34042500000.0,8363000000.0,27382000000.0,0.411,4.947,-2582000000.0,2225000000.0,2225000000.0,10513000000.0,1226000000.0,1.386,9.763,18445000000.0,1500000000.0,16945000000.0,18445000000.0,0.0,1186000000.0,0.0,0.0,0.0,3105000000.0,4291000000.0,0.306,4291000000.0,3105000000.0,1339000000.0,0.9,0.87,0.9,3321000000.0,3186250000.0,3321000000.0,26603927438.0,9.0,6.2,-358000000.0,-0.533,1.0,3491000000.0,0.249,1957000000.0,1766000000.0,43975000000.0,41893250000.0,514000000.0,2283000000.0,1445000000.0,838000000.0,32424000000.0,6033000000.0,26391000000.0,11189927438.0,319000000.0,809000000.0,-14000000.0,799000000.0,0.0,425000000.0,-2400000000.0,-731000000.0,2224000000.0,70000000.0,599000000.0,599000000.0,599000000.0,-75000000.0,627000000.0,0.043,1090000000.0,2401000000.0,1169000000.0,0.0,3.369,18.681,18.522,20919000000.0,0.0,16.67,0.799,0.799,2610000000.0,-1008000000.0,14004000000.0,14004000000.0,0.0,0.018,0.188,0.074,0.222,0.0,397000000.0,1.0,671261394.0,671261394.0,,20.862,33788000000.0,881000000.0,740000000.0,1106000000.0,50.335,2330000000.0
54,AES,MRT,2007-12-31,2007-12-31,2007-12-31,2021-08-04,-2378000000.0,34453000000.0,33118000000.0,8336000000.0,26117000000.0,0.393,4.728,-2425000000.0,2565000000.0,2565000000.0,9716000000.0,357000000.0,1.521,9.889,17990000000.0,1365000000.0,16625000000.0,17990000000.0,0.0,942000000.0,0.0,0.0,0.0,2336000000.0,3278000000.0,0.252,3278000000.0,2336000000.0,581000000.0,-0.14,-0.14,-0.14,3164000000.0,2972500000.0,3164000000.0,29246413925.0,13.0,8.922,-71000000.0,-0.106,1.0,3298000000.0,0.253,1882000000.0,1755000000.0,42514000000.0,40879250000.0,476000000.0,2036000000.0,1306000000.0,730000000.0,31289000000.0,5482000000.0,25807000000.0,14315413925.0,697000000.0,821000000.0,0.0,646000000.0,0.0,244000000.0,-1970000000.0,-522000000.0,2354000000.0,69000000.0,-95000000.0,-95000000.0,-95000000.0,500000000.0,452000000.0,-0.007,1039000000.0,2259000000.0,1067000000.0,0.0,4.524,-150.689,-152.786,19974000000.0,0.0,21.39,1.1,1.1,2308000000.0,-1241000000.0,13014000000.0,13014000000.0,0.0,-0.003,-0.032,0.057,0.179,0.0,378000000.0,1.0,669257313.0,669257313.0,,19.445,32571000000.0,930000000.0,676000000.0,1187000000.0,48.667,2854000000.0
55,AES,MRT,2007-09-30,2007-09-30,2007-09-30,2021-08-04,-2368000000.0,33350000000.0,32323250000.0,7620000000.0,25730000000.0,0.396,4.785,-2192000000.0,2273000000.0,2273000000.0,9388000000.0,-46000000.0,1.366,9.425,17204000000.0,1662000000.0,15542000000.0,17204000000.0,0.0,1627000000.0,0.0,0.0,0.0,2374000000.0,4001000000.0,0.312,4001000000.0,2374000000.0,639000000.0,-0.07,-0.07,-0.07,3199000000.0,2926250000.0,3199000000.0,28398013097.0,12.0,7.098,149000000.0,0.223,1.0,3421000000.0,0.267,1771000000.0,1735000000.0,40932000000.0,39860250000.0,511000000.0,1703000000.0,994000000.0,709000000.0,30151000000.0,5578000000.0,24573000000.0,13399013097.0,-131000000.0,594000000.0,-59000000.0,-482000000.0,0.0,-907000000.0,-1660000000.0,-160000000.0,2341000000.0,95000000.0,-46000000.0,-46000000.0,-46000000.0,556000000.0,0.0,-0.004,788000000.0,2633000000.0,978000000.0,0.0,4.189,-291.283,-286.286,19828000000.0,0.0,20.04,1.046,1.046,2119000000.0,-1260000000.0,12809000000.0,12809000000.0,0.0,-0.001,-0.016,0.06,0.185,0.0,381000000.0,1.0,668613428.0,668613428.0,,19.158,31579000000.0,951000000.0,685000000.0,1181000000.0,47.231,2042000000.0
56,AES,MRT,2007-06-30,2007-06-30,2007-06-30,2021-08-04,-2373000000.0,32622000000.0,31969750000.0,7555000000.0,25067000000.0,0.384,4.581,-2024000000.0,2140000000.0,2140000000.0,8872000000.0,-477000000.0,1.335,9.657,17139000000.0,2130000000.0,15009000000.0,17139000000.0,0.0,1390000000.0,0.0,0.0,0.0,1812000000.0,3202000000.0,0.261,3202000000.0,1812000000.0,57000000.0,-0.73,-0.72,-0.73,3061000000.0,2794750000.0,3061000000.0,29646747943.0,16.0,9.259,487000000.0,0.729,1.0,3400000000.0,0.277,1809000000.0,1755000000.0,40152000000.0,39510000000.0,497000000.0,1925000000.0,1204000000.0,721000000.0,29561000000.0,5660000000.0,23901000000.0,14619747943.0,427000000.0,1124000000.0,-28000000.0,-633000000.0,0.0,-786000000.0,-1383000000.0,-558000000.0,2511000000.0,85000000.0,-477000000.0,-477000000.0,-477000000.0,527000000.0,0.0,-0.039,753000000.0,2647000000.0,913000000.0,0.0,4.776,-30.649,-29.973,19239000000.0,0.0,21.88,1.191,1.191,2130000000.0,-1364000000.0,12272000000.0,12272000000.0,0.0,-0.015,-0.171,0.046,0.148,0.0,355000000.0,1.0,668178608.0,668178608.0,,18.366,30813000000.0,942000000.0,534000000.0,1185000000.0,46.115,1895000000.0
57,AES,MRT,2007-03-31,2007-03-31,2007-03-31,2021-08-04,-2618000000.0,32047000000.0,31557500000.0,6875000000.0,25172000000.0,0.374,3.713,-1694000000.0,1944000000.0,1944000000.0,8431000000.0,-556000000.0,1.272,11.996,16971000000.0,1694000000.0,15277000000.0,16971000000.0,0.0,933000000.0,0.0,0.0,0.0,1566000000.0,2499000000.0,0.212,2499000000.0,1566000000.0,-209000000.0,-0.84,-0.83,-0.84,2466000000.0,2642250000.0,2466000000.0,29253334605.0,19.0,11.706,745000000.0,1.122,1.0,3363000000.0,0.285,1749000000.0,1775000000.0,39919000000.0,39478500000.0,496000000.0,1462000000.0,854000000.0,608000000.0,29581000000.0,5406000000.0,24175000000.0,14293334605.0,407000000.0,595000000.0,6000000.0,-496000000.0,0.0,-787000000.0,-1288000000.0,-346000000.0,2439000000.0,43000000.0,-556000000.0,-556000000.0,-556000000.0,534000000.0,0.0,-0.047,754000000.0,2609000000.0,897000000.0,0.0,5.796,-25.707,-25.619,18215000000.0,0.0,21.52,1.212,1.212,1942000000.0,-1611000000.0,11794000000.0,11794000000.0,0.0,-0.018,-0.21,0.04,0.133,0.0,324000000.0,1.0,664188411.0,664188411.0,,17.757,30298000000.0,895000000.0,347000000.0,1102000000.0,45.617,1469000000.0
58,AES,MRT,2006-12-31,2006-12-31,2006-12-31,2021-08-04,-2594000000.0,31274000000.0,31071500000.0,6578000000.0,24696000000.0,0.37,4.485,-1460000000.0,1906000000.0,1906000000.0,8090000000.0,247000000.0,1.303,9.498,16032000000.0,1402000000.0,14630000000.0,16032000000.0,0.0,933000000.0,0.0,0.0,0.0,2375000000.0,3308000000.0,0.287,3308000000.0,2375000000.0,606000000.0,0.37,0.37,0.37,2979000000.0,2573250000.0,2979000000.0,29598712578.0,12.0,8.948,888000000.0,1.337,1.0,3419000000.0,0.297,1912000000.0,1769000000.0,38438000000.0,39342000000.0,445000000.0,1231000000.0,640000000.0,591000000.0,28295000000.0,5050000000.0,23245000000.0,14638712578.0,186000000.0,879000000.0,0.0,-1040000000.0,0.0,-1317000000.0,-907000000.0,-366000000.0,2348000000.0,62000000.0,247000000.0,247000000.0,247000000.0,-58000000.0,0.0,0.021,769000000.0,2650000000.0,788000000.0,0.0,4.914,59.266,59.568,16945000000.0,0.0,22.04,1.272,1.272,1856000000.0,-1093000000.0,11509000000.0,11509000000.0,0.0,0.008,0.096,0.06,0.206,0.0,301000000.0,1.0,664188411.0,664188411.0,,17.328,29362000000.0,815000000.0,359000000.0,809000000.0,44.207,1528000000.0
59,AES,MRT,2006-09-30,2006-09-30,2006-09-30,2021-08-04,-2881000000.0,31936000000.0,30501750000.0,6878000000.0,25058000000.0,0.354,4.041,-1024000000.0,2449000000.0,2449000000.0,7589000000.0,286000000.0,1.155,10.948,17409000000.0,2022000000.0,15387000000.0,17409000000.0,0.0,864000000.0,0.0,0.0,0.0,2401000000.0,3265000000.0,0.302,3265000000.0,2401000000.0,639000000.0,0.44,0.42,0.44,2673000000.0,2231500000.0,2673000000.0,29142519673.0,12.0,8.926,1611000000.0,2.436,1.0,3222000000.0,0.298,1412000000.0,1762000000.0,39531000000.0,38979250000.0,507000000.0,1145000000.0,569000000.0,576000000.0,29263000000.0,5953000000.0,23310000000.0,13486519673.0,983000000.0,826000000.0,65000000.0,-932000000.0,0.0,-1116000000.0,-530000000.0,-248000000.0,2635000000.0,-6000000.0,286000000.0,286000000.0,286000000.0,-178000000.0,0.0,0.026,562000000.0,2660000000.0,1071000000.0,0.0,5.045,47.156,46.341,19402000000.0,0.0,20.39,1.247,1.247,1888000000.0,-1034000000.0,10811000000.0,10811000000.0,0.0,0.009,0.128,0.062,0.222,0.0,259000000.0,1.0,661428135.0,661428135.0,,16.345,30524000000.0,1146000000.0,353000000.0,735000000.0,46.149,925000000.0
60,AES,MRT,2006-06-30,2006-06-30,2006-06-30,2021-08-04,-3439000000.0,30973000000.0,29929750000.0,6129000000.0,24844000000.0,0.355,3.723,-847000000.0,1841000000.0,1841000000.0,7330000000.0,857000000.0,1.182,11.637,17497000000.0,1416000000.0,16081000000.0,17497000000.0,0.0,864000000.0,0.0,0.0,0.0,3115000000.0,3979000000.0,0.375,3979000000.0,3115000000.0,1378000000.0,1.32,1.29,1.32,2451000000.0,1915000000.0,2451000000.0,27948022395.0,9.0,7.024,1479000000.0,2.247,1.0,3293000000.0,0.31,1416000000.0,1737000000.0,40026000000.0,38925000000.0,495000000.0,992000000.0,420000000.0,572000000.0,28522000000.0,5187000000.0,23335000000.0,12146022395.0,-1000000.0,243000000.0,38000000.0,-1114000000.0,0.0,-1342000000.0,-998000000.0,-276000000.0,2326000000.0,13000000.0,857000000.0,857000000.0,857000000.0,-167000000.0,0.0,0.081,491000000.0,2802000000.0,1116000000.0,0.0,4.956,14.173,13.977,19176000000.0,0.0,18.45,1.143,1.143,1928000000.0,-694000000.0,10623000000.0,10623000000.0,0.0,0.029,0.448,0.08,0.293,0.0,241000000.0,1.0,658320997.0,658320997.0,,16.137,29557000000.0,1100000000.0,521000000.0,822000000.0,44.898,942000000.0
61,AES,MRT,2006-03-31,2006-03-31,2006-03-31,2021-08-04,-3502000000.0,30103000000.0,29531500000.0,5628000000.0,24475000000.0,0.353,3.338,-797000000.0,1777000000.0,1777000000.0,7458000000.0,767000000.0,1.103,12.746,17579000000.0,1460000000.0,16119000000.0,17579000000.0,0.0,864000000.0,0.0,0.0,0.0,3060000000.0,3924000000.0,0.377,3924000000.0,3060000000.0,1280000000.0,1.18,1.16,1.18,2190000000.0,1605750000.0,2190000000.0,27600126500.0,9.0,7.034,1414000000.0,2.156,1.0,2952000000.0,0.284,1428000000.0,1780000000.0,39373000000.0,38674250000.0,466000000.0,1061000000.0,391000000.0,670000000.0,27913000000.0,5104000000.0,22809000000.0,11191126500.0,-113000000.0,132000000.0,26000000.0,-1340000000.0,0.0,-1545000000.0,-846000000.0,-176000000.0,2211000000.0,67000000.0,767000000.0,767000000.0,767000000.0,-204000000.0,0.0,0.074,431000000.0,2521000000.0,1067000000.0,0.0,5.11,14.591,14.458,18933000000.0,0.0,17.06,1.075,1.075,1733000000.0,-863000000.0,10410000000.0,10410000000.0,0.0,0.026,0.478,0.079,0.294,0.0,228000000.0,1.0,655986313.0,655986313.0,,15.869,28675000000.0,1109000000.0,513000000.0,833000000.0,43.713,524000000.0
62,AES,MRT,2005-12-31,2005-12-31,2005-12-31,2021-08-04,-3656000000.0,28995000000.0,29242000000.0,5287000000.0,23708000000.0,0.35,2.468,-826000000.0,1613000000.0,1613000000.0,7377000000.0,549000000.0,1.002,16.987,16567000000.0,1567000000.0,15000000000.0,16567000000.0,0.0,864000000.0,0.0,0.0,0.0,2850000000.0,3714000000.0,0.362,3714000000.0,2850000000.0,1022000000.0,0.84,0.83,0.84,1612000000.0,1328000000.0,1612000000.0,26795758556.0,9.0,7.215,1394000000.0,2.134,1.0,2870000000.0,0.28,1686000000.0,1828000000.0,36987000000.0,38539000000.0,421000000.0,863000000.0,199000000.0,664000000.0,27383000000.0,5276000000.0,22107000000.0,10339758556.0,241000000.0,-63000000.0,26000000.0,-1142000000.0,0.0,-1339000000.0,-653000000.0,154000000.0,2220000000.0,13000000.0,549000000.0,549000000.0,549000000.0,-188000000.0,0.0,0.054,346000000.0,2524000000.0,998000000.0,0.0,6.414,18.834,18.845,16152000000.0,0.0,15.83,1.009,1.009,1588000000.0,-1300000000.0,10247000000.0,10247000000.0,0.0,0.019,0.413,0.074,0.278,0.0,221000000.0,1.0,653174893.0,653174893.0,,15.688,27309000000.0,956000000.0,473000000.0,789000000.0,41.81,11000000.0
63,AES,MRT,2005-09-30,2005-09-30,2005-09-30,2021-08-04,-3705000000.0,29648000000.0,29224000000.0,5406000000.0,24242000000.0,0.338,2.154,-908000000.0,1537000000.0,1537000000.0,7147000000.0,560000000.0,1.021,20.072,17946000000.0,1607000000.0,16339000000.0,17946000000.0,0.0,777000000.0,0.0,0.0,0.0,2881000000.0,3658000000.0,0.37,3658000000.0,2881000000.0,1114000000.0,0.86,0.85,0.86,1407000000.0,1164000000.0,1407000000.0,27187663492.0,9.0,7.432,936000000.0,1.433,1.0,2729000000.0,0.276,1449000000.0,1767000000.0,39314000000.0,39175250000.0,479000000.0,978000000.0,271000000.0,707000000.0,28241000000.0,5294000000.0,22947000000.0,10731663492.0,-385000000.0,-70000000.0,29000000.0,-1305000000.0,0.0,-1462000000.0,-817000000.0,121000000.0,1844000000.0,50000000.0,560000000.0,560000000.0,560000000.0,-208000000.0,0.0,0.057,351000000.0,2378000000.0,1002000000.0,0.0,7.627,19.164,19.105,18766000000.0,0.0,16.43,1.087,1.087,1730000000.0,-1391000000.0,9876000000.0,9876000000.0,0.0,0.019,0.481,0.074,0.292,0.0,194000000.0,1.0,653174893.0,653174893.0,,15.12,28199000000.0,1111000000.0,554000000.0,763000000.0,43.172,112000000.0
64,AES,MRT,2005-06-30,2005-06-30,2005-06-30,2021-08-04,-3643000000.0,29380000000.0,29301000000.0,5336000000.0,24044000000.0,0.326,1.859,-860000000.0,1789000000.0,1789000000.0,6971000000.0,389000000.0,0.996,23.201,18245000000.0,1916000000.0,16329000000.0,18245000000.0,0.0,777000000.0,0.0,0.0,0.0,2712000000.0,3489000000.0,0.366,3489000000.0,2712000000.0,893000000.0,0.59,0.59,0.59,1214000000.0,1169750000.0,1214000000.0,27155004747.0,10.0,7.783,869000000.0,1.33,1.0,2568000000.0,0.269,1454000000.0,1819000000.0,39023000000.0,39212500000.0,437000000.0,799000000.0,104000000.0,695000000.0,28166000000.0,5359000000.0,22807000000.0,10699004747.0,104000000.0,-70000000.0,28000000.0,-863000000.0,0.0,-984000000.0,-702000000.0,237000000.0,1729000000.0,61000000.0,389000000.0,389000000.0,389000000.0,-185000000.0,0.0,0.041,346000000.0,2222000000.0,1033000000.0,0.0,8.813,27.504,27.763,18552000000.0,0.0,16.38,1.122,1.122,1610000000.0,-1635000000.0,9539000000.0,9539000000.0,0.0,0.013,0.333,0.069,0.284,0.0,185000000.0,1.0,653174893.0,653174893.0,,14.604,27926000000.0,1107000000.0,504000000.0,765000000.0,42.754,-23000000.0
65,AES,MRT,2005-03-31,2005-03-31,2005-03-31,2021-08-04,-3674000000.0,28945000000.0,29205250000.0,5044000000.0,23901000000.0,0.313,1.655,-787000000.0,1833000000.0,1833000000.0,6454000000.0,418000000.0,0.976,25.826,18349000000.0,1895000000.0,16454000000.0,18349000000.0,0.0,777000000.0,0.0,0.0,0.0,2630000000.0,3407000000.0,0.372,3407000000.0,2630000000.0,858000000.0,0.64,0.64,0.64,1079000000.0,1159750000.0,1079000000.0,27461934674.0,10.0,8.06,827000000.0,1.268,1.0,2698000000.0,0.295,1460000000.0,1772000000.0,38832000000.0,39249500000.0,413000000.0,798000000.0,114000000.0,684000000.0,27866000000.0,5169000000.0,22697000000.0,10681934674.0,348000000.0,-70000000.0,22000000.0,-893000000.0,0.0,-1074000000.0,-195000000.0,231000000.0,1614000000.0,3000000.0,418000000.0,418000000.0,418000000.0,-158000000.0,0.0,0.046,343000000.0,2355000000.0,1045000000.0,0.0,9.9,25.555,25.594,18220000000.0,0.0,16.38,1.167,1.167,1509000000.0,-1720000000.0,9152000000.0,9152000000.0,0.0,0.014,0.36,0.067,0.287,0.0,182000000.0,1.0,652132764.0,652132764.0,,14.034,27485000000.0,1028000000.0,440000000.0,774000000.0,42.146,-125000000.0
66,AES,MRT,2004-12-31,2004-12-31,2004-12-31,2021-08-04,-3641000000.0,28923000000.0,29402500000.0,4986000000.0,23937000000.0,0.297,1.473,-706000000.0,1676000000.0,1676000000.0,6187000000.0,304000000.0,1.021,29.254,18588000000.0,1761000000.0,16827000000.0,18588000000.0,0.0,777000000.0,0.0,0.0,0.0,2485000000.0,3262000000.0,0.373,3262000000.0,2485000000.0,669000000.0,0.47,0.47,0.47,956000000.0,1159250000.0,956000000.0,25440104079.0,10.0,7.799,791000000.0,1.219,1.0,2558000000.0,0.293,1419000000.0,1816000000.0,39532000000.0,39367000000.0,418000000.0,923000000.0,268000000.0,655000000.0,27967000000.0,4884000000.0,23083000000.0,8869104079.0,-525000000.0,15000000.0,16000000.0,-1073000000.0,0.0,-1285000000.0,-743000000.0,14000000.0,1497000000.0,6000000.0,304000000.0,304000000.0,304000000.0,-132000000.0,0.0,0.035,343000000.0,2215000000.0,1081000000.0,0.0,9.277,29.175,29.085,18177000000.0,0.0,13.67,1.014,1.014,1538000000.0,-1844000000.0,8745000000.0,8745000000.0,0.0,0.01,0.262,0.063,0.284,0.0,181000000.0,1.0,648800591.0,648800591.0,,13.479,27504000000.0,992000000.0,365000000.0,678000000.0,42.392,102000000.0
67,AES,MRT,2004-09-30,2004-09-30,2004-09-30,2021-08-04,-3196000000.0,29956000000.0,29456000000.0,5110000000.0,24846000000.0,0.313,2.212,-1654000000.0,1939000000.0,1939000000.0,6473000000.0,-295000000.0,0.898,19.948,18510000000.0,2073000000.0,16437000000.0,18510000000.0,0.0,174000000.0,0.0,0.0,0.0,1872000000.0,2046000000.0,0.222,2046000000.0,1872000000.0,-33000000.0,-0.52,-0.52,-0.52,1430000000.0,903250000.0,1430000000.0,23243689636.0,12.0,11.361,19000000.0,0.029,1.0,2746000000.0,0.298,1376000000.0,1905000000.0,39463000000.0,39193250000.0,388000000.0,822000000.0,139000000.0,683000000.0,28526000000.0,5688000000.0,22838000000.0,6457689636.0,44000000.0,0.0,9000000.0,-807000000.0,0.0,-1020000000.0,-597000000.0,-36000000.0,1673000000.0,-12000000.0,-295000000.0,-295000000.0,-295000000.0,545000000.0,0.0,-0.032,168000000.0,2578000000.0,1027000000.0,0.0,4.516,-21.89,-19.212,18457000000.0,0.0,9.99,0.7,0.7,1317000000.0,-877000000.0,9219000000.0,9219000000.0,0.0,-0.01,-0.327,0.048,0.203,0.0,190000000.0,1.0,646415379.0,646415379.0,,14.262,28580000000.0,937000000.0,262000000.0,1122000000.0,44.213,-578000000.0
68,AES,MRT,2004-06-30,2004-06-30,2004-06-30,2021-08-04,-3280000000.0,28997000000.0,29570750000.0,4484000000.0,24513000000.0,0.305,1.843,-1721000000.0,1551000000.0,1551000000.0,6342000000.0,-292000000.0,0.856,23.699,18337000000.0,1797000000.0,16540000000.0,18337000000.0,0.0,377000000.0,0.0,0.0,0.0,1785000000.0,2162000000.0,0.239,2162000000.0,1785000000.0,-120000000.0,-0.51,-0.51,-0.51,1174000000.0,717500000.0,1174000000.0,23225079571.0,13.0,10.742,-202000000.0,-0.317,1.0,2686000000.0,0.298,1376000000.0,1905000000.0,39171000000.0,39128250000.0,366000000.0,816000000.0,150000000.0,666000000.0,27823000000.0,5236000000.0,22587000000.0,6327079571.0,-432000000.0,0.0,6000000.0,-1065000000.0,0.0,-1274000000.0,-648000000.0,-16000000.0,1519000000.0,-29000000.0,-292000000.0,-292000000.0,-292000000.0,538000000.0,0.0,-0.032,184000000.0,2502000000.0,1083000000.0,0.0,5.389,-21.668,-19.471,18236000000.0,0.0,9.93,0.701,0.701,1165000000.0,-1017000000.0,9028000000.0,9028000000.0,0.0,-0.01,-0.407,0.046,0.198,0.0,186000000.0,1.0,637168134.0,637168134.0,,14.169,27621000000.0,898000000.0,172000000.0,1062000000.0,43.35,-752000000.0
69,AES,MRT,2004-03-31,2004-03-31,2004-03-31,2021-08-04,-3237000000.0,29734000000.0,30861000000.0,4781000000.0,24953000000.0,0.284,1.713,-1153000000.0,1845000000.0,1845000000.0,6189000000.0,-535000000.0,0.804,26.608,18743000000.0,2413000000.0,16330000000.0,18743000000.0,0.0,571000000.0,0.0,0.0,0.0,1682000000.0,2253000000.0,0.257,2253000000.0,1682000000.0,-313000000.0,-0.91,-0.91,-0.91,1077000000.0,475500000.0,1077000000.0,22976451680.0,14.0,10.198,444000000.0,0.706,1.0,2569000000.0,0.293,1381000000.0,1995000000.0,39302000000.0,39391250000.0,357000000.0,866000000.0,201000000.0,665000000.0,28657000000.0,5949000000.0,22708000000.0,5363451680.0,-138000000.0,-585000000.0,339000000.0,-654000000.0,0.0,-515000000.0,-1240000000.0,-29000000.0,1597000000.0,20000000.0,-535000000.0,-535000000.0,-535000000.0,777000000.0,0.0,-0.061,192000000.0,2377000000.0,1127000000.0,0.0,4.98,-10.025,-9.374,18434000000.0,0.0,8.53,0.612,0.612,1207000000.0,-1055000000.0,8758000000.0,8758000000.0,0.0,-0.017,-1.125,0.043,0.192,0.0,176000000.0,1.0,628775109.0,628775109.0,,13.929,28353000000.0,938000000.0,222000000.0,1048000000.0,45.092,-1168000000.0
70,AES,MRT,2003-12-31,2003-12-31,2003-12-31,2021-08-04,-3706000000.0,29137000000.0,31644750000.0,4937000000.0,24200000000.0,0.266,-0.109,-1228000000.0,1951000000.0,1951000000.0,5954000000.0,-452000000.0,0.752,-429.485,19638000000.0,2846000000.0,16792000000.0,19638000000.0,0.0,755000000.0,0.0,0.0,0.0,1743000000.0,2498000000.0,0.297,2498000000.0,1743000000.0,-241000000.0,-0.76,-0.76,-0.76,-68000000.0,170250000.0,-68000000.0,23596172908.0,14.0,9.446,414000000.0,0.665,1.0,2459000000.0,0.292,1421000000.0,1984000000.0,38837000000.0,39576500000.0,376000000.0,912000000.0,264000000.0,648000000.0,29205000000.0,6566000000.0,22639000000.0,5878172908.0,923000000.0,0.0,337000000.0,-530000000.0,0.0,-353000000.0,-400000000.0,-2000000.0,1642000000.0,34000000.0,-452000000.0,-452000000.0,-452000000.0,787000000.0,0.0,-0.054,168000000.0,2291000000.0,1224000000.0,0.0,-86.444,-13.005,-12.421,17770000000.0,0.0,9.44,0.699,0.699,1364000000.0,-2107000000.0,8413000000.0,8413000000.0,0.0,-0.014,-2.655,0.044,0.207,0.0,157000000.0,1.0,622687808.0,622687808.0,,13.511,27716000000.0,1007000000.0,211000000.0,673000000.0,44.51,-1629000000.0
71,AES,MRT,2003-09-30,2003-09-30,2003-09-30,2021-08-04,-4370000000.0,30415000000.0,33012250000.0,4914000000.0,25501000000.0,0.236,1.109,-545000000.0,1910000000.0,1910000000.0,5585000000.0,-3218000000.0,0.651,43.272,19628000000.0,4303000000.0,15325000000.0,19628000000.0,0.0,1397000000.0,0.0,0.0,0.0,-570000000.0,827000000.0,0.106,827000000.0,-570000000.0,-2570000000.0,-5.98,-5.97,-5.98,687000000.0,102000000.0,687000000.0,22380363915.0,-39.0,27.062,894000000.0,1.443,1.0,2220000000.0,0.284,1385000000.0,2000000000.0,39203000000.0,41337250000.0,399000000.0,879000000.0,204000000.0,675000000.0,29728000000.0,7545000000.0,22183000000.0,4598363915.0,570000000.0,-447000000.0,335000000.0,-428000000.0,0.0,-250000000.0,-687000000.0,-113000000.0,1439000000.0,68000000.0,-3218000000.0,-3218000000.0,-3218000000.0,1665000000.0,0.0,-0.412,1004000000.0,1216000000.0,1148000000.0,0.0,6.693,-1.429,-1.241,18946000000.0,0.0,7.42,0.589,0.589,1279000000.0,-659000000.0,7805000000.0,7805000000.0,0.0,-0.097,-31.549,-0.014,-0.073,0.0,145000000.0,1.0,619725595.0,619725595.0,,12.594,29030000000.0,1126000000.0,648000000.0,838000000.0,46.843,-2631000000.0
72,AES,MRT,2003-06-30,2003-06-30,2003-06-30,2021-08-04,-4753000000.0,34158000000.0,34550000000.0,5319000000.0,28839000000.0,0.216,0.362,-709000000.0,2151000000.0,2151000000.0,5387000000.0,-3609000000.0,0.514,164.816,19933000000.0,4548000000.0,15385000000.0,19933000000.0,0.0,1194000000.0,0.0,0.0,0.0,-1114000000.0,80000000.0,0.011,80000000.0,-1114000000.0,-3085000000.0,-6.68,-6.67,-6.68,206000000.0,533500000.0,206000000.0,21756285749.0,-20.0,271.954,502000000.0,0.881,1.0,2083000000.0,0.279,1374000000.0,1971000000.0,40223000000.0,43554500000.0,396000000.0,920000000.0,216000000.0,704000000.0,33952000000.0,10343000000.0,23609000000.0,3617285749.0,781000000.0,-99000000.0,335000000.0,-178000000.0,0.0,37000000.0,-523000000.0,-73000000.0,1211000000.0,56000000.0,-3609000000.0,-3609000000.0,-3609000000.0,1787000000.0,0.0,-0.483,982000000.0,1101000000.0,1180000000.0,0.0,17.56,-1.002,-0.951,19026000000.0,0.0,6.35,0.484,0.484,1142000000.0,-735000000.0,7470000000.0,7470000000.0,0.0,-0.104,-6.765,-0.026,-0.149,0.0,119000000.0,1.0,569651299.0,569651299.0,,13.113,32784000000.0,1165000000.0,524000000.0,849000000.0,57.551,-5024000000.0
73,AES,MRT,2003-03-31,2003-03-31,2003-03-31,2021-08-04,-4893000000.0,32869000000.0,35679250000.0,4735000000.0,28134000000.0,0.211,-0.255,-1728000000.0,1369000000.0,1369000000.0,5536000000.0,-3595000000.0,0.494,-229.257,19508000000.0,4015000000.0,15493000000.0,19508000000.0,0.0,1000000000.0,0.0,0.0,0.0,-1167000000.0,-167000000.0,-0.022,-167000000.0,-1167000000.0,-3144000000.0,-6.68,-6.67,-6.68,-144000000.0,1359750000.0,-144000000.0,21129642702.0,-18.0,-126.525,-374000000.0,-0.662,1.0,1980000000.0,0.263,1375000000.0,1977000000.0,40043000000.0,46175750000.0,387000000.0,934000000.0,239000000.0,695000000.0,33013000000.0,9590000000.0,23423000000.0,2043642702.0,78000000.0,515000000.0,0.0,-338000000.0,0.0,-468000000.0,-777000000.0,44000000.0,1354000000.0,-31000000.0,-3595000000.0,-3595000000.0,-3595000000.0,1660000000.0,0.0,-0.478,959000000.0,1021000000.0,1153000000.0,0.0,-14.192,-0.568,-0.542,18636000000.0,0.0,3.62,0.272,0.272,1146000000.0,-606000000.0,7516000000.0,7516000000.0,0.0,-0.101,-2.644,-0.025,-0.155,0.0,114000000.0,1.0,564542183.0,564542183.0,,13.313,31494000000.0,1103000000.0,451000000.0,957000000.0,55.787,-4855000000.0
74,AES,MRT,2002-12-31,2002-12-31,2002-12-31,2021-08-04,-4959000000.0,34607000000.0,37512250000.0,4357000000.0,30250000000.0,0.197,-0.627,-2116000000.0,950000000.0,950000000.0,5409000000.0,-4001000000.0,0.67,-102.487,20102000000.0,3303000000.0,16799000000.0,20102000000.0,0.0,816000000.0,0.0,0.0,0.0,-1748000000.0,-932000000.0,-0.126,-932000000.0,-1748000000.0,-3540000000.0,-7.42,-7.42,-7.42,-341000000.0,2460500000.0,-341000000.0,23447278691.0,-13.0,-25.158,-581000000.0,-1.068,1.0,1968000000.0,0.267,1373000000.0,1792000000.0,45880000000.0,49391750000.0,353000000.0,855000000.0,177000000.0,678000000.0,34948000000.0,6506000000.0,28442000000.0,1642278691.0,63000000.0,-35000000.0,0.0,250000000.0,0.0,167000000.0,-1584000000.0,-59000000.0,1535000000.0,-55000000.0,-4001000000.0,-4001000000.0,-4001000000.0,1561000000.0,0.0,-0.542,937000000.0,1031000000.0,1018000000.0,0.0,-4.816,-0.41,-0.407,17520000000.0,0.0,3.02,0.223,0.223,1026000000.0,-700000000.0,7377000000.0,7377000000.0,0.0,-0.107,-1.626,-0.035,-0.237,0.0,112000000.0,1.0,543800891.0,543800891.0,,13.566,33234000000.0,1105000000.0,461000000.0,1186000000.0,61.114,-2149000000.0
75,AES,MRT,2002-09-30,2002-09-30,2002-09-30,2021-08-04,-4927000000.0,36566000000.0,38063500000.0,5042000000.0,31524000000.0,0.174,4.446,-2564000000.0,1346000000.0,1346000000.0,4533000000.0,-699000000.0,0.61,14.154,23151000000.0,5019000000.0,18132000000.0,23151000000.0,0.0,859000000.0,0.0,0.0,0.0,1012000000.0,1871000000.0,0.282,1871000000.0,1012000000.0,-566000000.0,-1.31,-1.3,-1.31,2413000000.0,3930500000.0,2413000000.0,23615230742.0,23.0,12.622,-1030000000.0,-1.898,1.0,2095000000.0,0.316,2040000000.0,1578000000.0,48072000000.0,49730500000.0,503000000.0,1333000000.0,305000000.0,1028000000.0,34153000000.0,8259000000.0,25894000000.0,1362230742.0,-251000000.0,369000000.0,-17000000.0,376000000.0,0.0,263000000.0,-1956000000.0,199000000.0,1534000000.0,-92000000.0,-699000000.0,-699000000.0,-699000000.0,302000000.0,0.0,-0.105,212000000.0,1883000000.0,1085000000.0,0.0,0.565,-1.949,-1.916,22966000000.0,0.0,2.51,0.206,0.206,1302000000.0,2067000000.0,6628000000.0,6628000000.0,0.0,-0.018,-0.178,0.02,0.153,0.0,112000000.0,1.0,542721411.0,542721411.0,,12.213,34526000000.0,338000000.0,133000000.0,1650000000.0,63.616,-3217000000.0
76,AES,MRT,2002-06-30,2002-06-30,2002-06-30,2021-08-04,-4125000000.0,38675000000.0,38017250000.0,5405000000.0,33270000000.0,0.173,6.571,-3241000000.0,1288000000.0,1288000000.0,4538000000.0,-381000000.0,0.679,10.015,23541000000.0,4335000000.0,19206000000.0,23541000000.0,0.0,859000000.0,0.0,0.0,0.0,1352000000.0,2211000000.0,0.336,2211000000.0,1352000000.0,-158000000.0,-0.72,-0.71,-0.72,3511000000.0,4609250000.0,3511000000.0,26152883491.0,19.0,11.829,-1616000000.0,-3.025,1.0,2039000000.0,0.31,2262000000.0,1510000000.0,50708000000.0,49971750000.0,510000000.0,1626000000.0,328000000.0,1298000000.0,35164000000.0,7958000000.0,27206000000.0,2895883491.0,-151000000.0,17000000.0,-11000000.0,1258000000.0,0.0,1106000000.0,-2788000000.0,112000000.0,1625000000.0,-94000000.0,-381000000.0,-381000000.0,-381000000.0,197000000.0,0.0,-0.058,228000000.0,1811000000.0,1258000000.0,0.0,0.825,-7.601,-7.528,23627000000.0,0.0,5.42,0.44,0.44,1495000000.0,2381000000.0,6577000000.0,6577000000.0,0.0,-0.01,-0.083,0.027,0.206,0.0,119000000.0,1.0,534295847.0,534295847.0,,12.31,36413000000.0,294000000.0,223000000.0,1649000000.0,68.151,-2553000000.0
77,AES,MRT,2002-03-31,2002-03-31,2002-03-31,2021-08-04,-3474000000.0,40201000000.0,37230750000.0,5909000000.0,34292000000.0,0.172,7.975,-3059000000.0,1313000000.0,1313000000.0,4353000000.0,-151000000.0,0.794,8.439,24570000000.0,3951000000.0,20619000000.0,24570000000.0,0.0,859000000.0,0.0,0.0,0.0,1518000000.0,2377000000.0,0.37,2377000000.0,1518000000.0,160000000.0,-0.28,-0.28,-0.28,4259000000.0,5146250000.0,4259000000.0,26142171810.0,17.0,10.998,-1557000000.0,-2.916,1.0,2063000000.0,0.322,3105000000.0,1358000000.0,52907000000.0,48931750000.0,550000000.0,2310000000.0,573000000.0,1737000000.0,35942000000.0,7446000000.0,28496000000.0,4806171810.0,-506000000.0,-317000000.0,-4000000.0,1173000000.0,0.0,1025000000.0,-2993000000.0,2000000.0,1502000000.0,-40000000.0,-151000000.0,-151000000.0,-151000000.0,87000000.0,0.0,-0.024,242000000.0,1821000000.0,1388000000.0,0.0,1.128,-31.829,-32.143,25226000000.0,0.0,9.0,0.749,0.749,1996000000.0,2496000000.0,6416000000.0,6416000000.0,0.0,-0.004,-0.029,0.031,0.237,0.0,133000000.0,1.0,534019090.0,534019090.0,,12.015,37096000000.0,289000000.0,311000000.0,2051000000.0,69.466,-1537000000.0
78,AES,MRT,2001-12-31,2001-12-31,2001-12-31,2021-08-04,-2500000000.0,36812000000.0,36077500000.0,4692000000.0,32120000000.0,0.175,10.391,-3173000000.0,1159000000.0,1159000000.0,4299000000.0,273000000.0,0.952,5.646,18877000000.0,2449000000.0,16428000000.0,18877000000.0,0.0,859000000.0,0.0,0.0,0.0,1910000000.0,2769000000.0,0.44,2769000000.0,1910000000.0,583000000.0,0.51,0.51,0.51,5539000000.0,5526750000.0,5539000000.0,29571425248.0,15.0,10.679,-1482000000.0,-2.78,1.0,2000000000.0,0.318,2367000000.0,1327000000.0,47235000000.0,47302250000.0,468000000.0,3246000000.0,215000000.0,3031000000.0,31273000000.0,4928000000.0,26345000000.0,8715425248.0,-17000000.0,-1365000000.0,14000000.0,1850000000.0,-15000000.0,1626000000.0,-3303000000.0,-42000000.0,1691000000.0,-31000000.0,273000000.0,273000000.0,273000000.0,133000000.0,0.0,0.043,312000000.0,1688000000.0,727000000.0,0.0,1.573,31.925,32.059,18112000000.0,0.0,16.35,1.384,1.384,1137000000.0,2809000000.0,6299000000.0,6299000000.0,0.0,0.008,0.049,0.04,0.303,0.0,120000000.0,1.0,533053532.0,533053532.0,,11.817,34445000000.0,244000000.0,310000000.0,627000000.0,64.618,-236000000.0
79,AES,MRT,2001-09-30,2001-09-30,2001-09-30,2021-08-04,-2841000000.0,36381000000.0,35134000000.0,4355000000.0,32026000000.0,0.199,9.633,-3160000000.0,1297000000.0,1297000000.0,4883000000.0,453000000.0,0.812,6.095,22153000000.0,2466000000.0,19687000000.0,22153000000.0,0.0,697000000.0,0.0,0.0,0.0,2296000000.0,2993000000.0,0.429,2993000000.0,2296000000.0,698000000.0,0.89,0.86,0.89,5128000000.0,5527500000.0,5128000000.0,26332394154.0,11.0,8.798,-1561000000.0,-2.932,1.0,2095000000.0,0.3,2834000000.0,1598000000.0,49037000000.0,46364500000.0,589000000.0,3299000000.0,294000000.0,3005000000.0,31253000000.0,5366000000.0,25887000000.0,6824394154.0,157000000.0,-1623000000.0,576000000.0,3100000000.0,-29000000.0,3429000000.0,-4809000000.0,-479000000.0,1599000000.0,-62000000.0,453000000.0,453000000.0,453000000.0,56000000.0,0.0,0.065,349000000.0,1746000000.0,771000000.0,0.0,1.331,15.065,14.404,22892000000.0,0.0,12.82,0.978,0.978,1603000000.0,2757000000.0,6978000000.0,6978000000.0,0.0,0.013,0.082,0.05,0.329,0.0,86000000.0,1.0,532324037.0,532324037.0,,13.109,33547000000.0,0.0,245000000.0,2105000000.0,63.02,-1011000000.0
80,AES,MRT,2001-06-30,2001-06-30,2001-06-30,2021-08-04,-2301000000.0,35529000000.0,33406250000.0,4425000000.0,31104000000.0,0.213,10.636,-2518000000.0,1190000000.0,1190000000.0,4996000000.0,614000000.0,0.795,5.278,20698000000.0,2800000000.0,17898000000.0,20698000000.0,0.0,697000000.0,0.0,0.0,0.0,2469000000.0,3166000000.0,0.444,3166000000.0,2469000000.0,935000000.0,1.21,1.17,1.21,5659000000.0,5247000000.0,5659000000.0,41891813123.0,17.0,13.232,-1520000000.0,-2.857,1.0,2132000000.0,0.299,2920000000.0,1534000000.0,46548000000.0,44033750000.0,542000000.0,3764000000.0,427000000.0,3337000000.0,29870000000.0,5569000000.0,24301000000.0,22905813123.0,-31000000.0,-1619000000.0,617000000.0,3150000000.0,-43000000.0,3514000000.0,-4496000000.0,-423000000.0,998000000.0,-47000000.0,614000000.0,614000000.0,614000000.0,53000000.0,0.0,0.086,316000000.0,1816000000.0,769000000.0,0.0,4.048,37.306,35.579,21620000000.0,0.0,43.05,3.213,3.213,1587000000.0,2754000000.0,7128000000.0,7128000000.0,0.0,0.018,0.117,0.056,0.346,0.0,90000000.0,1.0,532074637.0,532074637.0,,13.397,32609000000.0,0.0,321000000.0,2061000000.0,61.287,-1144000000.0
81,AES,MRT,2001-03-31,2001-03-31,2001-03-31,2021-08-04,-2060000000.0,35588000000.0,31779000000.0,4929000000.0,30659000000.0,0.22,11.793,-2395000000.0,1830000000.0,1830000000.0,4937000000.0,639000000.0,0.925,5.156,20816000000.0,2796000000.0,18020000000.0,20816000000.0,0.0,697000000.0,0.0,0.0,0.0,2362000000.0,3059000000.0,0.437,3059000000.0,2362000000.0,939000000.0,1.29,1.24,1.29,5781000000.0,4829750000.0,5781000000.0,41774710594.0,18.0,13.656,-1414000000.0,-2.884,1.0,2065000000.0,0.295,2859000000.0,1423000000.0,46389000000.0,42024750000.0,498000000.0,3907000000.0,382000000.0,3525000000.0,29807000000.0,5326000000.0,24481000000.0,24491710594.0,964000000.0,-2831000000.0,1518000000.0,4488000000.0,-57000000.0,5731000000.0,-5698000000.0,-450000000.0,981000000.0,-50000000.0,639000000.0,639000000.0,639000000.0,22000000.0,0.0,0.091,294000000.0,1771000000.0,690000000.0,0.0,4.237,38.328,38.729,20998000000.0,0.0,49.96,3.498,3.498,1557000000.0,2642000000.0,7002000000.0,7002000000.0,0.0,0.02,0.132,0.056,0.337,0.0,68000000.0,1.0,490226393.0,490226393.0,,14.283,32729000000.0,0.0,300000000.0,2044000000.0,66.763,-397000000.0
82,AES,MRT,2000-12-31,2000-12-31,2000-12-31,2021-08-04,-1679000000.0,33038000000.0,28732500000.0,5784000000.0,27254000000.0,0.216,12.085,-2226000000.0,950000000.0,950000000.0,4303000000.0,795000000.0,1.148,4.961,18616000000.0,2462000000.0,16154000000.0,18616000000.0,0.0,697000000.0,0.0,0.0,0.0,2425000000.0,3122000000.0,0.503,3122000000.0,2425000000.0,1163000000.0,1.66,1.59,1.66,5542000000.0,4098500000.0,5542000000.0,40856367407.0,17.0,13.087,-1720000000.0,-3.751,1.0,1903000000.0,0.307,2181000000.0,1262000000.0,43484000000.0,38661750000.0,569000000.0,4419000000.0,1297000000.0,3122000000.0,27496000000.0,5039000000.0,22457000000.0,25397367407.0,257000000.0,-1818000000.0,1508000000.0,4055000000.0,-55000000.0,5318000000.0,-5533000000.0,-416000000.0,506000000.0,-34000000.0,795000000.0,795000000.0,795000000.0,11000000.0,0.0,0.128,213000000.0,1690000000.0,743000000.0,0.0,4.583,31.946,33.361,19242000000.0,0.0,55.38,4.092,4.092,1566000000.0,2551000000.0,6206000000.0,6206000000.0,0.0,0.028,0.194,0.063,0.391,0.0,82000000.0,1.0,458601795.0,458601795.0,,13.532,30857000000.0,167000000.0,368000000.0,1863000000.0,67.285,745000000.0
83,AES,MRT,2000-09-30,2000-09-30,2000-09-30,2021-08-04,-1328000000.0,29470000000.0,25693000000.0,4770000000.0,24700000000.0,0.289,8.77,-1714000000.0,1106000000.0,1106000000.0,5468000000.0,812000000.0,1.119,6.356,16565000000.0,2118000000.0,14447000000.0,16565000000.0,0.0,388000000.0,0.0,0.0,0.0,2295000000.0,2683000000.0,0.361,2683000000.0,2295000000.0,1216000000.0,1.75,1.68,1.75,4006000000.0,3372250000.0,4006000000.0,45818177640.0,20.0,17.077,-1431000000.0,-3.133,1.0,1966000000.0,0.264,953000000.0,1079000000.0,39714000000.0,34746750000.0,505000000.0,3848000000.0,286000000.0,3562000000.0,25464000000.0,4262000000.0,21202000000.0,31298177640.0,428000000.0,-5791000000.0,1675000000.0,6889000000.0,-92000000.0,8318000000.0,-8158000000.0,-235000000.0,283000000.0,-15000000.0,812000000.0,812000000.0,812000000.0,3000000.0,0.0,0.109,67000000.0,1899000000.0,594000000.0,0.0,7.813,38.545,39.154,17007000000.0,0.0,68.52,4.21,4.21,1943000000.0,1541000000.0,7434000000.0,7434000000.0,0.0,0.032,0.241,0.066,0.309,0.0,96000000.0,1.0,456774338.0,456774338.0,,16.275,28517000000.0,331000000.0,404000000.0,2373000000.0,62.431,508000000.0
84,AES,MRT,2000-06-30,2000-06-30,2000-06-30,2021-08-04,-1202000000.0,29020000000.0,21352000000.0,4482000000.0,24538000000.0,0.294,9.602,-1571000000.0,1200000000.0,1200000000.0,4602000000.0,706000000.0,1.061,6.273,15720000000.0,2192000000.0,13528000000.0,15720000000.0,0.0,388000000.0,0.0,0.0,0.0,1943000000.0,2331000000.0,0.371,2331000000.0,1943000000.0,1062000000.0,1.57,1.5,1.57,3990000000.0,2746250000.0,3990000000.0,31854142401.0,16.0,13.665,-716000000.0,-1.723,1.0,1684000000.0,0.268,802000000.0,881000000.0,38512000000.0,29109250000.0,437000000.0,3694000000.0,190000000.0,3504000000.0,25030000000.0,4226000000.0,20804000000.0,18961142401.0,820000000.0,-5856000000.0,1628000000.0,6392000000.0,-78000000.0,7856000000.0,-7876000000.0,-255000000.0,855000000.0,-15000000.0,706000000.0,706000000.0,706000000.0,3000000.0,0.0,0.112,59000000.0,1625000000.0,398000000.0,0.0,4.752,26.857,29.064,17228000000.0,0.0,45.63,3.016,3.016,1907000000.0,1406000000.0,6286000000.0,6286000000.0,0.0,0.033,0.257,0.067,0.309,0.0,88000000.0,1.0,415541144.0,415541144.0,,15.127,28218000000.0,289000000.0,356000000.0,2619000000.0,67.907,256000000.0
85,AES,MRT,2000-03-31,2000-03-31,2000-03-31,2021-08-04,-1065000000.0,23402000000.0,16906250000.0,3354000000.0,20048000000.0,0.306,6.891,-1473000000.0,822000000.0,822000000.0,3656000000.0,637000000.0,1.32,7.194,13715000000.0,1102000000.0,12613000000.0,13715000000.0,0.0,388000000.0,0.0,0.0,0.0,1730000000.0,2118000000.0,0.409,2118000000.0,1730000000.0,967000000.0,1.465,1.415,1.465,2856000000.0,2127250000.0,2856000000.0,27684752234.0,16.0,13.071,-760000000.0,-1.834,1.0,1519000000.0,0.294,817000000.0,763000000.0,32937000000.0,23825000000.0,316000000.0,3005000000.0,166000000.0,2839000000.0,20546000000.0,2541000000.0,18005000000.0,16319752234.0,419000000.0,-5598000000.0,1227000000.0,5746000000.0,-64000000.0,6818000000.0,-7097000000.0,-379000000.0,713000000.0,-15000000.0,637000000.0,637000000.0,637000000.0,3000000.0,0.0,0.123,55000000.0,1464000000.0,388000000.0,0.0,5.714,25.62,26.877,13732000000.0,0.0,39.375,3.154,3.154,1563000000.0,1294000000.0,5175000000.0,5175000000.0,0.0,0.038,0.299,0.073,0.334,0.0,84000000.0,1.0,414469898.0,414469898.0,,12.486,22585000000.0,105000000.0,330000000.0,1894000000.0,54.491,813000000.0
86,AES,MRT,1999-12-31,1999-12-31,1999-12-31,2021-08-04,-1102000000.0,20880000000.0,13597000000.0,2587000000.0,18293000000.0,0.303,6.389,-938000000.0,669000000.0,669000000.0,2854000000.0,357000000.0,1.007,6.918,12034000000.0,1216000000.0,10818000000.0,12034000000.0,0.0,388000000.0,0.0,0.0,0.0,1180000000.0,1568000000.0,0.381,1568000000.0,1180000000.0,548000000.0,0.84,0.82,0.84,2637000000.0,1674750000.0,2637000000.0,22530206616.0,19.0,14.369,-558000000.0,-1.352,1.0,1263000000.0,0.307,1851000000.0,632000000.0,27824000000.0,19316250000.0,307000000.0,1739000000.0,164000000.0,1575000000.0,18243000000.0,2570000000.0,15673000000.0,15427206616.0,192000000.0,-5713000000.0,1226000000.0,5240000000.0,-51000000.0,6328000000.0,-6501000000.0,-242000000.0,380000000.0,-15000000.0,357000000.0,357000000.0,357000000.0,3000000.0,0.0,0.087,42000000.0,1221000000.0,381000000.0,0.0,5.85,43.213,44.494,13447000000.0,0.0,37.375,3.747,3.747,936000000.0,1120000000.0,4117000000.0,4117000000.0,0.0,0.026,0.213,0.061,0.287,0.0,71000000.0,1.0,412768070.0,412768070.0,,9.974,19029000000.0,184000000.0,191000000.0,1787000000.0,46.101,17000000.0
87,AES,MRT,1999-09-30,1999-09-30,1999-09-30,2021-08-04,-1314000000.0,12106000000.0,11072250000.0,1866000000.0,10240000000.0,0.25,3.911,-902000000.0,702000000.0,702000000.0,1866000000.0,210000000.0,0.994,7.06,7805000000.0,968000000.0,6837000000.0,7805000000.0,0.0,196000000.0,0.0,0.0,0.0,867000000.0,1063000000.0,0.384,1063000000.0,867000000.0,311000000.0,0.58,0.555,0.58,1502000000.0,1464000000.0,1502000000.0,18824610405.0,22.0,17.709,-168000000.0,-0.437,1.0,905000000.0,0.327,167000000.0,556000000.0,17164000000.0,16085750000.0,146000000.0,1559000000.0,49000000.0,1510000000.0,10604000000.0,1878000000.0,8726000000.0,11329610405.0,319000000.0,-1706000000.0,519000000.0,1347000000.0,0.0,1804000000.0,-2219000000.0,-105000000.0,734000000.0,0.0,210000000.0,210000000.0,210000000.0,0.0,0.0,0.076,46000000.0,859000000.0,261000000.0,0.0,7.543,53.951,50.862,6681000000.0,0.0,29.5,4.089,4.089,679000000.0,1008000000.0,2771000000.0,2771000000.0,0.0,0.019,0.143,0.054,0.313,0.0,58000000.0,1.0,384054590.0,384054590.0,,7.215,11939000000.0,78000000.0,101000000.0,116000000.0,31.087,-12000000.0
88,AES,MRT,1999-06-30,1999-06-30,1999-06-30,2021-08-04,-1195000000.0,11237000000.0,10642500000.0,1271000000.0,9966000000.0,0.238,3.967,-609000000.0,391000000.0,391000000.0,1657000000.0,233000000.0,0.985,6.422,7886000000.0,676000000.0,7210000000.0,7886000000.0,0.0,162000000.0,0.0,0.0,0.0,878000000.0,1040000000.0,0.41,1040000000.0,878000000.0,337000000.0,0.655,0.635,0.655,1514000000.0,1516500000.0,1514000000.0,18006501821.0,21.0,17.314,-17000000.0,-0.045,1.0,879000000.0,0.347,67000000.0,541000000.0,17375000000.0,15552250000.0,123000000.0,1752000000.0,31000000.0,1721000000.0,9723000000.0,1290000000.0,8433000000.0,11093501821.0,-49000000.0,-1931000000.0,565000000.0,483000000.0,0.0,622000000.0,-1263000000.0,527000000.0,592000000.0,0.0,233000000.0,233000000.0,233000000.0,0.0,0.0,0.092,45000000.0,834000000.0,237000000.0,0.0,7.327,47.612,44.374,6306000000.0,0.0,29.065,4.374,4.374,447000000.0,950000000.0,2536000000.0,2536000000.0,0.0,0.022,0.154,0.056,0.346,0.0,60000000.0,1.0,381679058.0,381679058.0,,6.644,11170000000.0,81000000.0,104000000.0,239000000.0,29.265,-19000000.0
89,AES,MRT,1999-03-31,1999-03-31,1999-03-31,2021-08-04,-1085000000.0,10165000000.0,10449250000.0,1284000000.0,8881000000.0,0.236,2.896,-483000000.0,437000000.0,437000000.0,1630000000.0,233000000.0,0.609,8.718,7350000000.0,1514000000.0,5836000000.0,7350000000.0,0.0,181000000.0,0.0,0.0,0.0,836000000.0,1017000000.0,0.413,1017000000.0,836000000.0,339000000.0,0.665,0.635,0.665,1046000000.0,1521000000.0,1046000000.0,13439129280.0,16.0,13.214,43000000.0,0.119,1.0,831000000.0,0.338,66000000.0,497000000.0,14902000000.0,15161500000.0,116000000.0,1512000000.0,42000000.0,1470000000.0,9119000000.0,2110000000.0,7009000000.0,6726129280.0,-103000000.0,-1738000000.0,58000000.0,1176000000.0,0.0,1145000000.0,-1774000000.0,111000000.0,526000000.0,0.0,233000000.0,233000000.0,233000000.0,0.0,0.0,0.095,42000000.0,789000000.0,249000000.0,0.0,6.43,28.868,28.008,5688000000.0,0.0,18.625,2.733,2.733,442000000.0,879000000.0,2461000000.0,2461000000.0,0.0,0.022,0.153,0.055,0.34,0.0,57000000.0,1.0,361134458.0,361134458.0,,6.815,10099000000.0,71000000.0,106000000.0,247000000.0,27.965,-826000000.0
90,AES,MRT,1998-12-31,1998-12-31,1998-12-31,2021-08-04,-343000000.0,10781000000.0,10156750000.0,1254000000.0,9527000000.0,0.236,4.975,-517000000.0,491000000.0,491000000.0,1609000000.0,311000000.0,0.635,5.009,6654000000.0,1413000000.0,5241000000.0,6654000000.0,0.0,196000000.0,0.0,0.0,0.0,941000000.0,1137000000.0,0.474,1137000000.0,941000000.0,456000000.0,0.88,0.85,0.88,1794000000.0,1637750000.0,1794000000.0,15081246807.0,16.0,13.264,11000000.0,0.031,1.0,789000000.0,0.329,66000000.0,485000000.0,14902000000.0,14827000000.0,119000000.0,1968000000.0,35000000.0,1933000000.0,8987000000.0,1976000000.0,7011000000.0,8543246807.0,189000000.0,-1623000000.0,200000000.0,1381000000.0,0.0,1503000000.0,-1842000000.0,23000000.0,528000000.0,0.0,311000000.0,311000000.0,311000000.0,0.0,0.0,0.13,56000000.0,733000000.0,215000000.0,0.0,4.762,27.47,26.92,5545000000.0,0.0,23.69,3.563,3.563,383000000.0,892000000.0,2398000000.0,2398000000.0,0.0,0.031,0.19,0.063,0.392,0.0,56000000.0,1.0,360626712.0,360626712.0,,6.65,10715000000.0,71000000.0,145000000.0,268000000.0,29.712,-722000000.0
91,AES,MRT,1998-09-30,1998-09-30,1998-09-30,2021-08-04,-312000000.0,10387000000.0,9688750000.0,1230000000.0,9157000000.0,,4.867,,383000000.0,383000000.0,,,0.659,5.067,6921000000.0,1314000000.0,5607000000.0,6921000000.0,0.0,,0.0,0.0,0.0,,,,,,,,,,1712000000.0,1559500000.0,1712000000.0,13328353838.0,,,,,1.0,,,29000000.0,,15030000000.0,14379250000.0,127000000.0,2058000000.0,95000000.0,1963000000.0,8675000000.0,1866000000.0,6809000000.0,6518353838.0,,,,,,,,,,,,,,,,,,,192000000.0,,3.807,,,5512000000.0,,18.53,,,386000000.0,798000000.0,,,,,,,,,,1.0,351773008.0,351773008.0,,,10358000000.0,45000000.0,,318000000.0,29.445,-636000000.0
92,AES,MRT,1998-06-30,1998-06-30,1998-06-30,2021-08-04,-226000000.0,10464000000.0,,1174000000.0,9290000000.0,,4.365,,367000000.0,367000000.0,1148000000.0,225000000.0,0.818,5.83,7177000000.0,773000000.0,6404000000.0,7177000000.0,0.0,,0.0,0.0,0.0,610000000.0,,,,610000000.0,322000000.0,0.68,0.67,0.68,1532000000.0,,1532000000.0,14565887377.0,24.0,,,,1.0,524000000.0,0.313,26000000.0,288000000.0,15812000000.0,,121000000.0,2132000000.0,80000000.0,2052000000.0,8932000000.0,1436000000.0,7496000000.0,9223887377.0,,,,,,,,,,,225000000.0,225000000.0,225000000.0,0.0,0.0,0.135,78000000.0,446000000.0,207000000.0,0.0,6.021,40.995,38.647,5562000000.0,0.0,26.28,5.517,5.517,401000000.0,717000000.0,1672000000.0,1672000000.0,0.0,,,,0.365,,54000000.0,1.0,350985060.0,350985060.0,,4.764,10438000000.0,40000000.0,97000000.0,302000000.0,29.739,-262000000.0
93,AES,MRT,1998-03-31,1998-03-31,1998-03-31,2021-08-04,-171000000.0,8995000000.0,,1060000000.0,7935000000.0,,4.321,,317000000.0,317000000.0,,,1.411,4.945,5659000000.0,200000000.0,5459000000.0,5659000000.0,0.0,,0.0,0.0,0.0,,,,,,,,,,1513000000.0,,1513000000.0,14609443158.0,,,,,1.0,,,22000000.0,,13564000000.0,,95000000.0,2041000000.0,99000000.0,1942000000.0,7482000000.0,751000000.0,6731000000.0,9180443158.0,,,,,,,,,,,,,,,,,,,187000000.0,,6.068,,,4296000000.0,,26.22,,,381000000.0,646000000.0,,,,,,,,,,1.0,350131318.0,350131318.0,,,8973000000.0,37000000.0,,351000000.0,25.628,309000000.0
94,AES,MRT,1997-12-31,1997-12-31,1997-12-31,2021-08-04,-131000000.0,8909000000.0,6265500000.0,1190000000.0,7719000000.0,0.225,4.23,-511000000.0,302000000.0,302000000.0,981000000.0,185000000.0,0.988,5.016,5731000000.0,596000000.0,5135000000.0,5731000000.0,0.0,114000000.0,0.0,0.0,0.0,506000000.0,620000000.0,0.439,620000000.0,506000000.0,262000000.0,0.555,0.545,0.555,1481000000.0,1101000000.0,1481000000.0,,,,-318000000.0,-0.908,1.0,430000000.0,0.305,23000000.0,244000000.0,13111000000.0,9175000000.0,95000000.0,1990000000.0,127000000.0,1863000000.0,7428000000.0,1204000000.0,6224000000.0,8163311679.0,117000000.0,-2454000000.0,503000000.0,2991000000.0,0.0,3723000000.0,-3799000000.0,-756000000.0,193000000.0,0.0,185000000.0,185000000.0,185000000.0,0.0,0.0,0.131,62000000.0,368000000.0,205000000.0,0.0,5.512,44.126,42.009,4149000000.0,0.0,23.315,5.785,5.785,346000000.0,581000000.0,1411000000.0,1411000000.0,0.0,0.03,0.168,0.055,0.359,0.0,45000000.0,1.0,350131318.0,350131318.0,,4.03,8886000000.0,47000000.0,77000000.0,273000000.0,25.379,-14000000.0
95,AES,MRT,1997-09-30,1997-09-30,1997-09-30,2021-08-04,,,,,,,,,,,,,,,,,,,,,,0.0,0.0,,,,,,,,,,,,,,,,,,1.0,,,,,,,,,,,,,,,,,,,,,,,,,,,,,,,,,,,,,,,,21.875,,,,,,,,,,,,,,1.0,,,,,,,,,,
96,AES,MRT,1997-06-30,1997-06-30,1997-06-30,2021-08-04,,,,,,,,,,,,,,,,,,,,,,0.0,0.0,,,,,,,,,,,,,,,,,,1.0,,,,,,,,,,,,,,,,,,,,,,,,,,,,,,,,,,,,,,,,17.688,,,,,,,,,,,,,,1.0,,,,,,,,,,
97,AES,MRT,1996-12-31,1996-12-31,1996-12-31,2021-08-04,-33000000.0,3622000000.0,,502000000.0,3120000000.0,,,-506000000.0,185000000.0,185000000.0,502000000.0,125000000.0,1.314,4.024,2206000000.0,198000000.0,2008000000.0,2206000000.0,0.0,65000000.0,0.0,0.0,0.0,343000000.0,408000000.0,0.489,408000000.0,343000000.0,199000000.0,0.415,0.4,0.415,721000000.0,,721000000.0,,,,-311000000.0,,1.0,333000000.0,0.399,22000000.0,144000000.0,5239000000.0,,81000000.0,511000000.0,20000000.0,491000000.0,2901000000.0,382000000.0,2519000000.0,,-54000000.0,-148000000.0,2000000.0,890000000.0,0.0,886000000.0,-1135000000.0,-393000000.0,195000000.0,0.0,125000000.0,125000000.0,125000000.0,0.0,0.0,0.15,55000000.0,278000000.0,64000000.0,0.0,,,28.012,2220000000.0,0.0,11.625,,,104000000.0,396000000.0,835000000.0,835000000.0,0.0,,,,0.411,0.0,35000000.0,1.0,,,,,3600000000.0,65000000.0,74000000.0,243000000.0,,120000000.0
98,AES,MRT,1995-12-31,1995-12-31,1995-12-31,2021-08-04,,,,,,,,-171000000.0,,,394000000.0,107000000.0,,,,,,,,55000000.0,,0.0,0.0,291000000.0,346000000.0,0.51,346000000.0,291000000.0,164000000.0,0.355,0.35,0.355,,,,,,,29000000.0,,1.0,285000000.0,0.42,,127000000.0,,,,,,,,,,,-16000000.0,-121000000.0,-5000000.0,120000000.0,0.0,127000000.0,-343000000.0,26000000.0,200000000.0,0.0,107000000.0,107000000.0,107000000.0,0.0,0.0,0.158,32000000.0,253000000.0,,0.0,,,16.81,,0.0,5.968,,,,,679000000.0,679000000.0,0.0,,,,0.429,0.0,32000000.0,1.0,,,,,,,57000000.0,,,
