None,ticker,dimension,calendardate,datekey,reportperiod,lastupdated,accoci,assets,assetsavg,assetsc,assetsnc,assetturnover,bvps,capex,cashneq,cashnequsd,cor,consolinc,currentratio,de,debt,debtc,debtnc,debtusd,deferredrev,depamor,deposits,divyield,dps,ebit,ebitda,ebitdamargin,ebitdausd,ebitusd,ebt,eps,epsdil,epsusd,equity,equityavg,equityusd,ev,evebit,evebitda,fcf,fcfps,fxusd,gp,grossmargin,intangibles,intexp,invcap,invcapavg,inventory,investments,investmentsc,investmentsnc,liabilities,liabilitiesc,liabilitiesnc,marketcap,ncf,ncfbus,ncfcommon,ncfdebt,ncfdiv,ncff,ncfi,ncfinv,ncfo,ncfx,netinc,netinccmn,netinccmnusd,netincdis,netincnci,netmargin,opex,opinc,payables,payoutratio,pb,pe,pe1,ppnenet,prefdivis,price,ps,ps1,receivables,retearn,revenue,revenueusd,rnd,roa,roe,roic,ros,sbcomp,sgna,sharefactor,sharesbas,shareswa,shareswadil,sps,tangibles,taxassets,taxexp,taxliabilities,tbvps,workingcapital
0,PPG,MRY,2020-12-31,2020-12-31,2020-12-31,2021-10-21,-2599000000.0,19556000000.0,18522500000.0,6798000000.0,12758000000.0,0.747,24.085,-304000000.0,1826000000.0,1826000000.0,7777000000.0,1074000000.0,1.407,2.415,6606000000.0,758000000.0,5848000000.0,6606000000.0,0.0,509000000.0,0.0,0.015,2.1,1488000000.0,1997000000.0,0.144,1997000000.0,1488000000.0,1350000000.0,4.47,4.45,4.47,5689000000.0,5138500000.0,5689000000.0,38404401020.0,26.0,19.231,1826000000.0,7.731,1.0,6057000000.0,0.438,7453000000.0,138000000.0,12052000000.0,11788250000.0,1735000000.0,363000000.0,96000000.0,267000000.0,13741000000.0,4831000000.0,8910000000.0,34065401020.0,610000000.0,-1169000000.0,54000000.0,439000000.0,-496000000.0,-59000000.0,-1447000000.0,0.0,2130000000.0,6000000.0,1059000000.0,1059000000.0,1059000000.0,0.0,15000000.0,0.077,4648000000.0,1409000000.0,3792000000.0,0.47,5.988,32.168,32.264,3974000000.0,0.0,144.22,2.462,2.462,2726000000.0,19469000000.0,13834000000.0,13834000000.0,379000000.0,0.057,0.206,0.126,0.108,44000000.0,3389000000.0,1.0,236204417.0,236204417,,58.568,12103000000.0,379000000.0,291000000.0,435000000.0,51.24,1967000000.0
1,PPG,MRY,2019-12-31,2019-12-31,2019-12-31,2021-10-21,-2350000000.0,17708000000.0,17774500000.0,6170000000.0,11538000000.0,0.852,22.346,-413000000.0,1216000000.0,1216000000.0,8653000000.0,1269000000.0,1.41,2.329,5844000000.0,683000000.0,5161000000.0,5844000000.0,0.0,511000000.0,0.0,0.015,1.98,1767000000.0,2278000000.0,0.15,2278000000.0,1767000000.0,1635000000.0,5.25,5.22,5.25,5284000000.0,5128500000.0,5284000000.0,36407474036.0,21.0,15.982,1667000000.0,7.05,1.0,6493000000.0,0.429,6601000000.0,132000000.0,11360000000.0,11822500000.0,1710000000.0,315000000.0,57000000.0,258000000.0,12305000000.0,4375000000.0,7930000000.0,31565474036.0,314000000.0,-643000000.0,-264000000.0,41000000.0,-468000000.0,-758000000.0,-1009000000.0,0.0,2080000000.0,1000000.0,1243000000.0,1243000000.0,1243000000.0,0.0,26000000.0,0.082,4821000000.0,1672000000.0,3496000000.0,0.377,5.974,25.395,25.427,3765000000.0,0.0,133.49,2.084,2.084,2756000000.0,18906000000.0,15146000000.0,15146000000.0,432000000.0,0.07,0.242,0.149,0.117,39000000.0,3604000000.0,1.0,236463211.0,236463211,,64.052,11107000000.0,220000000.0,392000000.0,452000000.0,46.971,1795000000.0
2,PPG,MRY,2018-12-31,2018-12-31,2018-12-31,2021-10-21,-2300000000.0,16015000000.0,16767750000.0,5961000000.0,10054000000.0,0.917,19.301,-384000000.0,902000000.0,902000000.0,9001000000.0,1358000000.0,1.363,2.437,5016000000.0,651000000.0,4365000000.0,5016000000.0,0.0,497000000.0,0.0,0.018,1.86,1812000000.0,2309000000.0,0.15,2309000000.0,1812000000.0,1694000000.0,5.5,5.47,5.5,4630000000.0,4960000000.0,4630000000.0,28458426069.0,16.0,12.325,1083000000.0,4.515,1.0,6373000000.0,0.415,6042000000.0,118000000.0,9714000000.0,10634000000.0,1783000000.0,312000000.0,61000000.0,251000000.0,11283000000.0,4373000000.0,6910000000.0,24523426069.0,-534000000.0,-378000000.0,-1706000000.0,983000000.0,-453000000.0,-1205000000.0,-764000000.0,0.0,1467000000.0,-32000000.0,1341000000.0,1341000000.0,1341000000.0,0.0,17000000.0,0.087,4699000000.0,1674000000.0,3623000000.0,0.338,5.297,18.287,18.587,2805000000.0,0.0,102.23,1.595,1.595,2845000000.0,18131000000.0,15374000000.0,15374000000.0,441000000.0,0.08,0.27,0.17,0.118,37000000.0,3573000000.0,1.0,239884829.0,239884829,,64.089,9973000000.0,229000000.0,353000000.0,429000000.0,41.574,1588000000.0
3,PPG,MRY,2017-12-31,2017-12-31,2017-12-31,2021-10-21,-2057000000.0,16538000000.0,16821000000.0,6477000000.0,10061000000.0,0.877,21.837,-360000000.0,1436000000.0,1436000000.0,8209000000.0,1615000000.0,1.663,1.955,4146000000.0,12000000.0,4134000000.0,4146000000.0,0.0,460000000.0,0.0,0.015,1.7,2314000000.0,2774000000.0,0.188,2774000000.0,2314000000.0,2209000000.0,6.22,6.18,6.22,5557000000.0,5570250000.0,5557000000.0,32145877792.0,14.0,11.588,1208000000.0,4.747,1.0,6539000000.0,0.443,5987000000.0,105000000.0,9366000000.0,9393750000.0,1730000000.0,323000000.0,55000000.0,268000000.0,10866000000.0,3895000000.0,6971000000.0,29727877792.0,-384000000.0,268000000.0,-761000000.0,-688000000.0,-434000000.0,-1954000000.0,-67000000.0,0.0,1568000000.0,69000000.0,1594000000.0,1594000000.0,1594000000.0,0.0,21000000.0,0.108,4599000000.0,1940000000.0,3781000000.0,0.273,5.35,18.65,18.781,2824000000.0,0.0,116.82,2.016,2.016,2903000000.0,17140000000.0,14748000000.0,14748000000.0,451000000.0,0.095,0.286,0.246,0.157,35000000.0,3554000000.0,1.0,254475927.0,254475927,,57.954,10551000000.0,305000000.0,615000000.0,442000000.0,41.462,2582000000.0
4,PPG,MRY,2016-12-31,2016-12-31,2016-12-31,2021-10-21,-2356000000.0,15771000000.0,16706000000.0,6574000000.0,9197000000.0,0.854,18.288,-380000000.0,1820000000.0,1820000000.0,7665000000.0,895000000.0,1.546,2.249,4416000000.0,629000000.0,3787000000.0,4416000000.0,0.0,440000000.0,0.0,0.016,1.56,1212000000.0,1652000000.0,0.116,1652000000.0,1212000000.0,1087000000.0,3.29,3.27,3.29,4828000000.0,5091500000.0,4828000000.0,28491189321.0,24.0,17.246,971000000.0,3.678,1.0,6605000000.0,0.463,5555000000.0,125000000.0,8559000000.0,9799000000.0,1514000000.0,222000000.0,43000000.0,179000000.0,10856000000.0,4253000000.0,6603000000.0,25016189321.0,509000000.0,745000000.0,-1019000000.0,233000000.0,-414000000.0,-1210000000.0,436000000.0,79000000.0,1351000000.0,-68000000.0,873000000.0,873000000.0,873000000.0,0.0,22000000.0,0.061,5854000000.0,751000000.0,3460000000.0,0.474,5.181,28.655,28.802,2608000000.0,0.0,94.76,1.753,1.753,2654000000.0,15980000000.0,14270000000.0,14270000000.0,453000000.0,0.052,0.171,0.124,0.085,45000000.0,3555000000.0,1.0,263995244.0,263995244,,54.054,10216000000.0,186000000.0,214000000.0,417000000.0,38.698,2321000000.0
5,PPG,MRY,2015-12-31,2015-12-31,2015-12-31,2021-10-21,-2702000000.0,17076000000.0,17403500000.0,6712000000.0,10364000000.0,0.818,18.506,-430000000.0,1311000000.0,1311000000.0,7786000000.0,1427000000.0,1.43,2.41,4307000000.0,281000000.0,4026000000.0,4307000000.0,0.0,446000000.0,0.0,0.014,1.415,1944000000.0,2390000000.0,0.168,2390000000.0,1944000000.0,1819000000.0,5.18,5.14,5.18,4983000000.0,5085750000.0,4983000000.0,30146182344.0,16.0,12.613,1465000000.0,5.441,1.0,6455000000.0,0.453,5847000000.0,125000000.0,9530000000.0,10347000000.0,1659000000.0,511000000.0,144000000.0,367000000.0,12007000000.0,4695000000.0,7312000000.0,26609182344.0,625000000.0,-273000000.0,-698000000.0,342000000.0,-383000000.0,-812000000.0,-395000000.0,305000000.0,1895000000.0,-63000000.0,1406000000.0,1406000000.0,1406000000.0,0.0,21000000.0,0.099,4734000000.0,1721000000.0,3419000000.0,0.273,5.34,18.925,19.077,2822000000.0,0.0,98.82,1.868,1.868,2709000000.0,15521000000.0,14241000000.0,14241000000.0,466000000.0,0.081,0.276,0.188,0.137,54000000.0,3584000000.0,1.0,269269200.0,269269200,,52.888,11229000000.0,711000000.0,413000000.0,460000000.0,41.702,2017000000.0
6,PPG,MRY,2014-12-31,2014-12-31,2014-12-31,2021-10-21,-2116000000.0,17535000000.0,17259750000.0,6443000000.0,11092000000.0,0.857,18.873,-564000000.0,686000000.0,686000000.0,8348000000.0,2159000000.0,1.322,2.369,4014000000.0,481000000.0,3533000000.0,4014000000.0,0.0,450000000.0,0.0,0.011,1.31,2526000000.0,2976000000.0,0.201,2976000000.0,2526000000.0,2339000000.0,7.6,7.52,7.6,5180000000.0,5881250000.0,5180000000.0,32601882039.0,13.0,10.955,964000000.0,3.512,1.0,6443000000.0,0.436,6212000000.0,187000000.0,9776000000.0,9304250000.0,1825000000.0,940000000.0,497000000.0,443000000.0,12270000000.0,4875000000.0,7395000000.0,31721882039.0,-430000000.0,-488000000.0,-693000000.0,381000000.0,-361000000.0,-969000000.0,-857000000.0,94000000.0,1528000000.0,-132000000.0,2102000000.0,2102000000.0,2102000000.0,0.0,57000000.0,0.142,4858000000.0,1585000000.0,3547000000.0,0.172,6.124,15.091,15.207,3092000000.0,0.0,115.575,2.145,2.145,2815000000.0,14498000000.0,14791000000.0,14791000000.0,483000000.0,0.122,0.357,0.271,0.171,71000000.0,3696000000.0,1.0,274470102.0,274470102,,53.889,11323000000.0,875000000.0,237000000.0,666000000.0,41.254,1568000000.0
7,PPG,MRY,2013-12-31,2013-12-31,2013-12-31,2021-10-21,-1260000000.0,15863000000.0,15985750000.0,7214000000.0,8649000000.0,0.892,17.363,-494000000.0,1116000000.0,1116000000.0,8314000000.0,3353000000.0,1.745,2.162,3406000000.0,34000000.0,3372000000.0,3406000000.0,0.0,452000000.0,0.0,0.013,1.21,3680000000.0,4132000000.0,0.29,4132000000.0,3680000000.0,3484000000.0,11.27,11.13,11.27,4932000000.0,4993000000.0,4932000000.0,28769012764.0,8.0,6.962,1297000000.0,4.566,1.0,5951000000.0,0.417,4347000000.0,196000000.0,9671000000.0,9618250000.0,1824000000.0,1022000000.0,629000000.0,393000000.0,10665000000.0,4135000000.0,6530000000.0,26936012764.0,-190000000.0,-43000000.0,-932000000.0,-612000000.0,-345000000.0,-1979000000.0,3000000.0,569000000.0,1791000000.0,-5000000.0,3231000000.0,3231000000.0,3231000000.0,0.0,122000000.0,0.226,4699000000.0,1252000000.0,3265000000.0,0.107,5.461,8.337,8.414,2876000000.0,0.0,94.83,1.888,1.888,2736000000.0,12757000000.0,14265000000.0,14265000000.0,463000000.0,0.202,0.647,0.383,0.258,81000000.0,3486000000.0,1.0,284045268.0,284045268,,50.221,11516000000.0,916000000.0,253000000.0,249000000.0,40.543,3079000000.0
8,PPG,MRY,2012-12-31,2012-12-31,2012-12-31,2021-10-21,-1666000000.0,15878000000.0,15283750000.0,7715000000.0,8163000000.0,0.83,13.247,-330000000.0,1306000000.0,1306000000.0,7599000000.0,1064000000.0,1.729,2.844,4010000000.0,642000000.0,3368000000.0,4010000000.0,0.0,399000000.0,0.0,0.017,1.17,1299000000.0,1698000000.0,0.134,1698000000.0,1299000000.0,1089000000.0,3.065,3.03,3.065,4063000000.0,3669500000.0,4063000000.0,23364972850.0,18.0,13.76,1457000000.0,4.751,1.0,5087000000.0,0.401,3846000000.0,210000000.0,10275000000.0,9614250000.0,1687000000.0,1509000000.0,1087000000.0,422000000.0,11556000000.0,4461000000.0,7095000000.0,20755972850.0,-151000000.0,-122000000.0,30000000.0,197000000.0,-358000000.0,-351000000.0,-1611000000.0,-1082000000.0,1787000000.0,24000000.0,941000000.0,941000000.0,941000000.0,0.0,123000000.0,0.074,4227000000.0,860000000.0,3061000000.0,0.382,5.109,22.057,22.08,2888000000.0,0.0,67.675,1.636,1.636,2813000000.0,9871000000.0,12686000000.0,12686000000.0,430000000.0,0.062,0.256,0.135,0.102,71000000.0,2987000000.0,1.0,306700744.0,306700744,,41.363,12032000000.0,1099000000.0,148000000.0,231000000.0,39.23,3254000000.0
9,PPG,MRY,2011-12-31,2011-12-31,2011-12-31,2021-10-21,-1800000000.0,14382000000.0,14823750000.0,6694000000.0,7688000000.0,0.887,10.52,-299000000.0,1457000000.0,1457000000.0,7865000000.0,1212000000.0,1.808,3.366,3682000000.0,108000000.0,3574000000.0,3682000000.0,0.0,425000000.0,0.0,0.027,1.13,1565000000.0,1990000000.0,0.151,1990000000.0,1565000000.0,1355000000.0,3.48,3.435,3.48,3249000000.0,3682750000.0,3249000000.0,15283721668.0,10.0,7.68,1137000000.0,3.681,1.0,5288000000.0,0.402,3785000000.0,210000000.0,9120000000.0,9720000000.0,1607000000.0,412000000.0,25000000.0,387000000.0,10936000000.0,3702000000.0,7234000000.0,12892721668.0,116000000.0,47000000.0,-777000000.0,-391000000.0,-355000000.0,-1632000000.0,353000000.0,714000000.0,1436000000.0,-41000000.0,1095000000.0,1095000000.0,1095000000.0,0.0,117000000.0,0.083,4050000000.0,1238000000.0,2996000000.0,0.325,3.968,11.774,11.996,2721000000.0,0.0,41.745,0.98,0.98,2830000000.0,9288000000.0,13153000000.0,13153000000.0,428000000.0,0.074,0.297,0.161,0.119,34000000.0,3122000000.0,1.0,308844692.0,308844692,,42.588,10597000000.0,473000000.0,260000000.0,272000000.0,34.312,2992000000.0
10,PPG,MRY,2010-12-31,2010-12-31,2010-12-31,2021-10-21,-1411000000.0,14975000000.0,14054250000.0,7058000000.0,7917000000.0,0.955,11.158,-307000000.0,1341000000.0,1341000000.0,8214000000.0,880000000.0,1.947,3.063,4071000000.0,28000000.0,4043000000.0,4071000000.0,0.0,470000000.0,0.0,0.026,1.09,1373000000.0,1843000000.0,0.137,1843000000.0,1373000000.0,1184000000.0,2.335,2.315,2.335,3638000000.0,3638500000.0,3638000000.0,15910028852.0,12.0,8.633,1003000000.0,3.076,1.0,5209000000.0,0.388,3987000000.0,189000000.0,10093000000.0,9044000000.0,1573000000.0,1187000000.0,637000000.0,550000000.0,11142000000.0,3625000000.0,7517000000.0,13705028852.0,284000000.0,-34000000.0,-440000000.0,736000000.0,-360000000.0,-104000000.0,-949000000.0,-624000000.0,1310000000.0,27000000.0,769000000.0,769000000.0,769000000.0,0.0,111000000.0,0.057,3759000000.0,1450000000.0,3002000000.0,0.467,3.767,17.822,18.002,2686000000.0,0.0,42.035,1.021,1.021,2778000000.0,8548000000.0,13423000000.0,13423000000.0,394000000.0,0.055,0.211,0.152,0.102,0.0,2979000000.0,1.0,326038512.0,326038512,,41.17,10988000000.0,451000000.0,415000000.0,293000000.0,33.702,3433000000.0
11,PPG,MRY,2009-12-31,2009-12-31,2009-12-31,2021-10-21,-1261000000.0,14240000000.0,14244250000.0,5981000000.0,8259000000.0,0.859,11.238,-239000000.0,1057000000.0,1057000000.0,7539000000.0,426000000.0,1.672,2.749,3346000000.0,272000000.0,3074000000.0,3346000000.0,0.0,480000000.0,0.0,0.036,1.065,720000000.0,1200000000.0,0.098,1200000000.0,720000000.0,527000000.0,1.02,1.015,1.02,3753000000.0,3324000000.0,3753000000.0,12414319813.0,17.0,10.345,1106000000.0,3.312,1.0,4700000000.0,0.384,4200000000.0,193000000.0,8752000000.0,9083250000.0,1548000000.0,506000000.0,7000000.0,499000000.0,10318000000.0,3577000000.0,6741000000.0,9775319813.0,36000000.0,-26000000.0,-47000000.0,-646000000.0,-353000000.0,-1123000000.0,-203000000.0,0.0,1345000000.0,17000000.0,336000000.0,336000000.0,336000000.0,0.0,90000000.0,0.027,3918000000.0,782000000.0,2648000000.0,1.044,2.605,29.093,28.696,2754000000.0,0.0,29.27,0.799,0.799,2628000000.0,8139000000.0,12239000000.0,12239000000.0,388000000.0,0.024,0.101,0.079,0.059,0.0,2936000000.0,1.0,333970612.0,333970612,,36.647,10040000000.0,485000000.0,191000000.0,328000000.0,30.063,2404000000.0
12,PPG,MRY,2008-12-31,2008-12-31,2008-12-31,2021-10-21,-1628000000.0,14698000000.0,15462500000.0,6348000000.0,8350000000.0,1.025,10.149,-383000000.0,1021000000.0,1021000000.0,10155000000.0,624000000.0,1.508,3.363,3912000000.0,903000000.0,3009000000.0,3912000000.0,0.0,563000000.0,0.0,0.049,1.045,1076000000.0,1639000000.0,0.103,1639000000.0,1076000000.0,822000000.0,1.635,1.625,1.635,3333000000.0,4133750000.0,3333000000.0,10356469802.0,10.0,6.319,1054000000.0,3.209,1.0,5694000000.0,0.359,4113000000.0,254000000.0,9266000000.0,10192250000.0,1702000000.0,509000000.0,0.0,509000000.0,11209000000.0,4210000000.0,6999000000.0,6967469802.0,495000000.0,-1448000000.0,6000000.0,-681000000.0,-343000000.0,-1057000000.0,125000000.0,0.0,1437000000.0,-10000000.0,538000000.0,538000000.0,538000000.0,0.0,86000000.0,0.034,4532000000.0,1162000000.0,2724000000.0,0.639,2.09,12.951,12.976,2798000000.0,0.0,21.215,0.44,0.44,2804000000.0,8156000000.0,15849000000.0,15849000000.0,451000000.0,0.035,0.13,0.106,0.068,0.0,3432000000.0,1.0,328421862.0,328421862,,48.258,10585000000.0,515000000.0,284000000.0,425000000.0,32.23,2138000000.0
13,PPG,MRY,2007-12-31,2007-12-31,2007-12-31,2021-10-21,-582000000.0,12629000000.0,11141250000.0,6941000000.0,5688000000.0,1.097,12.675,-364000000.0,2232000000.0,2232000000.0,7828000000.0,910000000.0,1.498,2.004,3020000000.0,1819000000.0,1201000000.0,3020000000.0,0.0,403000000.0,0.0,0.029,1.02,1310000000.0,1713000000.0,0.14,1713000000.0,1310000000.0,1217000000.0,2.535,2.515,2.535,4151000000.0,3818750000.0,4151000000.0,12631715556.0,10.0,7.374,699000000.0,2.134,1.0,4392000000.0,0.359,2121000000.0,93000000.0,6664000000.0,6738750000.0,1532000000.0,370000000.0,0.0,370000000.0,8317000000.0,4632000000.0,3685000000.0,11499715556.0,83000000.0,-233000000.0,-80000000.0,1673000000.0,-335000000.0,1216000000.0,-2207000000.0,0.0,1063000000.0,11000000.0,834000000.0,834000000.0,834000000.0,22000000.0,76000000.0,0.068,2984000000.0,1408000000.0,2220000000.0,0.402,2.77,13.789,13.852,2578000000.0,0.0,35.115,0.941,0.941,2522000000.0,7963000000.0,12220000000.0,12220000000.0,348000000.0,0.075,0.218,0.194,0.107,0.0,2310000000.0,1.0,327487272.0,327487272,,37.314,10508000000.0,418000000.0,383000000.0,164000000.0,32.087,2309000000.0
14,PPG,MRY,2006-12-31,2006-12-31,2006-12-31,2021-10-21,-939000000.0,10067000000.0,9565000000.0,4855000000.0,5212000000.0,1.144,9.924,-369000000.0,443000000.0,443000000.0,6957000000.0,711000000.0,1.724,2.032,1295000000.0,140000000.0,1155000000.0,1295000000.0,0.0,375000000.0,0.0,0.03,0.955,1069000000.0,1444000000.0,0.132,1444000000.0,1069000000.0,986000000.0,2.145,2.135,2.145,3280000000.0,3363500000.0,3280000000.0,11608477707.0,11.0,8.039,746000000.0,2.257,1.0,3981000000.0,0.364,1919000000.0,83000000.0,6184000000.0,5997250000.0,1203000000.0,343000000.0,0.0,343000000.0,6666000000.0,2816000000.0,3850000000.0,10611477707.0,-26000000.0,-402000000.0,-98000000.0,-99000000.0,-316000000.0,-501000000.0,-662000000.0,0.0,1115000000.0,22000000.0,711000000.0,711000000.0,711000000.0,-4000000.0,0.0,0.065,2845000000.0,1136000000.0,1991000000.0,0.445,3.235,14.925,14.967,2307000000.0,0.0,32.105,0.97,0.97,2016000000.0,7453000000.0,10938000000.0,10938000000.0,314000000.0,0.074,0.211,0.178,0.098,0.0,1979000000.0,1.0,330524146.0,330524146,,33.093,8148000000.0,392000000.0,275000000.0,136000000.0,24.652,2039000000.0
15,PPG,MRY,2005-12-31,2005-12-31,2005-12-31,2021-10-21,-819000000.0,8681000000.0,8821750000.0,4019000000.0,4662000000.0,1.023,9.139,-261000000.0,466000000.0,466000000.0,5597000000.0,596000000.0,1.711,1.808,1270000000.0,101000000.0,1169000000.0,1270000000.0,0.0,325000000.0,0.0,0.032,0.93,932000000.0,1257000000.0,0.139,1257000000.0,932000000.0,851000000.0,1.755,1.745,1.755,3053000000.0,3333250000.0,3053000000.0,10434891092.0,11.0,8.301,810000000.0,2.425,1.0,3431000000.0,0.38,1654000000.0,81000000.0,5482000000.0,5620500000.0,1119000000.0,311000000.0,0.0,311000000.0,5520000000.0,2349000000.0,3171000000.0,9670891092.0,-187000000.0,-91000000.0,-469000000.0,-82000000.0,-316000000.0,-857000000.0,-365000000.0,50000000.0,1071000000.0,-36000000.0,596000000.0,596000000.0,596000000.0,-38000000.0,0.0,0.066,2470000000.0,961000000.0,1776000000.0,0.53,3.168,16.226,16.496,2304000000.0,0.0,28.95,1.071,1.071,1871000000.0,7057000000.0,9028000000.0,9028000000.0,294000000.0,0.068,0.179,0.166,0.103,0.0,1628000000.0,1.0,334054960.0,334054960,,27.025,7027000000.0,345000000.0,255000000.0,90000000.0,21.035,1670000000.0
16,PPG,MRY,2004-12-31,2004-12-31,2004-12-31,2021-10-21,-435000000.0,8932000000.0,8696500000.0,4054000000.0,4878000000.0,1.094,10.39,-244000000.0,709000000.0,709000000.0,5999000000.0,683000000.0,1.825,1.474,1350000000.0,166000000.0,1184000000.0,1350000000.0,0.0,388000000.0,0.0,0.026,0.895,1095000000.0,1483000000.0,0.156,1483000000.0,1095000000.0,1005000000.0,1.99,1.975,1.99,3572000000.0,3214750000.0,3572000000.0,12520256052.0,11.0,8.443,774000000.0,2.251,1.0,3514000000.0,0.369,1713000000.0,90000000.0,5639000000.0,5683500000.0,1076000000.0,298000000.0,0.0,298000000.0,5264000000.0,2221000000.0,3043000000.0,11716256052.0,160000000.0,-67000000.0,21000000.0,-312000000.0,-307000000.0,-585000000.0,-310000000.0,-50000000.0,1018000000.0,37000000.0,683000000.0,683000000.0,683000000.0,0.0,0.0,0.072,2361000000.0,1153000000.0,1651000000.0,0.45,3.28,17.154,17.126,2471000000.0,0.0,34.08,1.232,1.232,1797000000.0,6776000000.0,9513000000.0,9513000000.0,303000000.0,0.079,0.212,0.193,0.115,0.0,1715000000.0,1.0,343786856.0,343786856,,27.671,7219000000.0,306000000.0,322000000.0,145000000.0,20.998,1833000000.0
17,PPG,MRY,2003-12-31,2003-12-31,2003-12-31,2021-10-21,-642000000.0,8424000000.0,8276250000.0,3537000000.0,4887000000.0,1.058,8.565,-217000000.0,499000000.0,499000000.0,5521000000.0,494000000.0,1.654,1.847,1666000000.0,327000000.0,1339000000.0,1666000000.0,0.0,394000000.0,0.0,0.027,0.865,894000000.0,1288000000.0,0.147,1288000000.0,894000000.0,787000000.0,1.455,1.445,1.455,2911000000.0,2524750000.0,2911000000.0,12336671163.0,14.0,9.578,906000000.0,2.666,1.0,3235000000.0,0.369,1652000000.0,107000000.0,5800000000.0,6159250000.0,997000000.0,265000000.0,0.0,265000000.0,5376000000.0,2139000000.0,3237000000.0,10878671163.0,382000000.0,-3000000.0,61000000.0,-385000000.0,-294000000.0,-593000000.0,-166000000.0,0.0,1123000000.0,18000000.0,494000000.0,494000000.0,494000000.0,0.0,0.0,0.056,2285000000.0,950000000.0,1504000000.0,0.595,3.737,22.022,22.0,2566000000.0,0.0,32.01,1.242,1.242,1631000000.0,6399000000.0,8756000000.0,8756000000.0,290000000.0,0.06,0.196,0.145,0.102,0.0,1578000000.0,1.0,339852270.0,339852270,,25.764,6772000000.0,254000000.0,293000000.0,88000000.0,19.926,1398000000.0
18,PPG,MRY,2002-12-31,2002-12-31,2002-12-31,2021-10-21,-1101000000.0,7863000000.0,8421250000.0,2945000000.0,4918000000.0,0.958,6.345,-238000000.0,117000000.0,117000000.0,5066000000.0,-69000000.0,1.534,2.596,2051000000.0,352000000.0,1699000000.0,2051000000.0,0.0,398000000.0,0.0,0.033,0.84,52000000.0,450000000.0,0.056,450000000.0,52000000.0,-76000000.0,-0.205,-0.205,-0.205,2150000000.0,2671250000.0,2150000000.0,10535154317.0,203.0,23.411,634000000.0,1.871,1.0,3001000000.0,0.372,1561000000.0,128000000.0,6316000000.0,6933000000.0,942000000.0,262000000.0,0.0,262000000.0,5582000000.0,1920000000.0,3662000000.0,8497154317.0,9000000.0,-22000000.0,32000000.0,-423000000.0,-287000000.0,-655000000.0,-212000000.0,0.0,872000000.0,4000000.0,-69000000.0,-69000000.0,-69000000.0,0.0,0.0,-0.009,2901000000.0,100000000.0,1378000000.0,-4.098,3.952,-123.147,-122.317,2632000000.0,0.0,25.075,1.053,1.053,1486000000.0,6197000000.0,8067000000.0,8067000000.0,273000000.0,-0.008,-0.026,0.008,0.006,0.0,1419000000.0,1.0,338869564.0,338869564,,23.806,6302000000.0,219000000.0,-7000000.0,64000000.0,18.597,1025000000.0
19,PPG,MRY,2001-12-31,2001-12-31,2001-12-31,2021-10-21,-460000000.0,8452000000.0,8823250000.0,2703000000.0,5749000000.0,0.926,9.146,-291000000.0,108000000.0,108000000.0,5137000000.0,387000000.0,1.383,1.705,2395000000.0,696000000.0,1699000000.0,2395000000.0,0.0,447000000.0,0.0,0.032,0.84,803000000.0,1250000000.0,0.153,1250000000.0,803000000.0,634000000.0,1.15,1.145,1.15,3080000000.0,3064750000.0,3080000000.0,11213283678.0,14.0,8.971,769000000.0,2.284,1.0,3032000000.0,0.371,1542000000.0,169000000.0,7242000000.0,7495500000.0,904000000.0,305000000.0,0.0,305000000.0,5250000000.0,1955000000.0,3295000000.0,8708283678.0,-3000000.0,-10000000.0,8000000.0,-547000000.0,-283000000.0,-816000000.0,-245000000.0,0.0,1060000000.0,-2000000.0,387000000.0,387000000.0,387000000.0,0.0,0.0,0.047,2197000000.0,835000000.0,1259000000.0,0.73,2.827,22.502,22.487,2752000000.0,0.0,25.86,1.066,1.066,1416000000.0,6551000000.0,8169000000.0,8169000000.0,266000000.0,0.044,0.126,0.107,0.098,0.0,1395000000.0,1.0,336747242.0,336747242,,24.259,6910000000.0,155000000.0,247000000.0,552000000.0,20.52,748000000.0
20,PPG,MRY,2000-12-31,2000-12-31,2000-12-31,2021-10-21,-311000000.0,9125000000.0,9081750000.0,3093000000.0,6032000000.0,0.95,9.176,-561000000.0,111000000.0,111000000.0,5334000000.0,620000000.0,1.216,1.905,2971000000.0,1161000000.0,1810000000.0,2971000000.0,0.0,447000000.0,0.0,0.035,0.8,1166000000.0,1613000000.0,0.187,1613000000.0,1166000000.0,989000000.0,1.8,1.785,1.8,3097000000.0,3149750000.0,3097000000.0,10523948096.0,9.0,6.524,309000000.0,0.916,1.0,3295000000.0,0.382,1648000000.0,177000000.0,7794000000.0,7670750000.0,1121000000.0,320000000.0,0.0,320000000.0,5900000000.0,2543000000.0,3357000000.0,7814948096.0,-47000000.0,-115000000.0,-243000000.0,221000000.0,-276000000.0,-278000000.0,-636000000.0,0.0,870000000.0,-3000000.0,620000000.0,620000000.0,620000000.0,0.0,0.0,0.072,2101000000.0,1194000000.0,1382000000.0,0.444,2.523,12.605,12.864,2941000000.0,0.0,23.155,0.906,0.906,1563000000.0,6444000000.0,8629000000.0,8629000000.0,282000000.0,0.068,0.197,0.152,0.135,0.0,1364000000.0,1.0,337505856.0,337505856,,25.567,7477000000.0,155000000.0,369000000.0,543000000.0,22.154,550000000.0
21,PPG,MRY,1999-12-31,1999-12-31,1999-12-31,2021-10-21,-178000000.0,8914000000.0,8153000000.0,3062000000.0,5852000000.0,0.981,8.936,-338000000.0,158000000.0,158000000.0,4957000000.0,568000000.0,1.284,1.838,2790000000.0,954000000.0,1836000000.0,2790000000.0,0.0,415000000.0,0.0,0.024,0.76,1078000000.0,1493000000.0,0.187,1493000000.0,1078000000.0,945000000.0,1.635,1.615,1.635,3106000000.0,2959750000.0,3106000000.0,13429661557.0,12.0,8.995,564000000.0,1.623,1.0,3038000000.0,0.38,1662000000.0,133000000.0,7500000000.0,7197250000.0,1016000000.0,261000000.0,0.0,261000000.0,5710000000.0,2384000000.0,3326000000.0,10872661557.0,30000000.0,-1343000000.0,-73000000.0,1095000000.0,-264000000.0,773000000.0,-1644000000.0,0.0,902000000.0,-1000000.0,568000000.0,568000000.0,568000000.0,0.0,0.0,0.071,1932000000.0,1106000000.0,1430000000.0,0.465,3.501,19.142,19.131,2933000000.0,0.0,31.28,1.36,1.36,1594000000.0,6098000000.0,7995000000.0,7995000000.0,284000000.0,0.07,0.192,0.15,0.135,0.0,1230000000.0,1.0,347591482.0,347591482,,23.001,7252000000.0,165000000.0,377000000.0,520000000.0,20.864,678000000.0
22,PPG,MRY,1998-12-31,1998-12-31,1998-12-31,2021-10-21,-153000000.0,7387000000.0,7212500000.0,2660000000.0,4727000000.0,1.075,8.127,-487000000.0,128000000.0,128000000.0,4717000000.0,801000000.0,1.391,1.535,1718000000.0,637000000.0,1081000000.0,1718000000.0,0.0,383000000.0,0.0,0.024,0.71,1377000000.0,1760000000.0,0.227,1760000000.0,1377000000.0,1267000000.0,2.26,2.24,2.26,2880000000.0,2777750000.0,2880000000.0,11595249173.0,8.0,6.588,455000000.0,1.284,1.0,3034000000.0,0.391,724000000.0,110000000.0,6341000000.0,6783250000.0,917000000.0,263000000.0,0.0,263000000.0,4420000000.0,1912000000.0,2508000000.0,10321249173.0,-1000000.0,-112000000.0,-195000000.0,73000000.0,-252000000.0,-361000000.0,-581000000.0,0.0,942000000.0,-1000000.0,801000000.0,801000000.0,801000000.0,0.0,0.0,0.103,1630000000.0,1404000000.0,1275000000.0,0.314,3.584,12.885,12.887,2905000000.0,0.0,29.125,1.332,1.332,1366000000.0,5791000000.0,7751000000.0,7751000000.0,271000000.0,0.111,0.288,0.203,0.178,0.0,1133000000.0,1.0,354377654.0,354377654,,21.872,6663000000.0,146000000.0,466000000.0,440000000.0,18.802,748000000.0
23,PPG,MRY,1997-12-31,1997-12-31,1997-12-31,2021-10-21,-161000000.0,6868000000.0,6631300000.0,2584000000.0,4284000000.0,1.113,7.043,-466000000.0,129000000.0,129000000.0,4397000000.0,714000000.0,1.555,1.705,1701000000.0,444000000.0,1257000000.0,1701000000.0,0.0,373000000.0,0.0,0.023,0.665,1254000000.0,1627000000.0,0.22,1627000000.0,1254000000.0,1149000000.0,1.985,1.97,1.985,2509000000.0,2477200000.0,2509000000.0,11642336380.0,9.0,7.156,541000000.0,1.519,1.0,2982000000.0,0.404,322000000.0,105000000.0,6456000000.0,6356850000.0,863000000.0,219000000.0,0.0,219000000.0,4277000000.0,1662000000.0,2615000000.0,10176336380.0,59000000.0,-192000000.0,-329000000.0,197000000.0,-239000000.0,-360000000.0,-583000000.0,0.0,1007000000.0,-5000000.0,714000000.0,714000000.0,714000000.0,0.0,0.0,0.097,1702000000.0,1280000000.0,1210000000.0,0.335,4.056,14.253,14.39,2855000000.0,0.0,28.565,1.379,1.379,1353000000.0,5239000000.0,7379000000.0,7379000000.0,250000000.0,0.108,0.288,0.197,0.17,0.0,1068000000.0,1.0,356251930.0,356251930,,20.713,6546000000.0,118000000.0,435000000.0,414000000.0,18.375,922000000.0
24,PPG,MRY,1996-12-31,1996-12-31,1996-12-31,2021-10-21,-20000000.0,6441000000.0,6317650000.0,2296000000.0,4145000000.0,1.143,6.611,-476000000.0,70000000.0,70000000.0,4340000000.0,744000000.0,1.298,1.563,1482000000.0,648000000.0,834000000.0,1482000000.0,0.0,363000000.0,0.0,0.022,0.63,1311000000.0,1674000000.0,0.232,1674000000.0,1311000000.0,1215000000.0,1.98,1.965,1.98,2483000000.0,2526100000.0,2483000000.0,,,,532000000.0,1.416,1.0,2878000000.0,0.399,0.0,96000000.0,6084000000.0,5882050000.0,797000000.0,254000000.0,0.0,254000000.0,3882000000.0,1769000000.0,2113000000.0,10228903001.0,-36000000.0,-13000000.0,-608000000.0,262000000.0,-237000000.0,-575000000.0,-469000000.0,0.0,1008000000.0,0.0,744000000.0,744000000.0,744000000.0,0.0,0.0,0.103,1542000000.0,1336000000.0,1106000000.0,0.318,4.12,13.749,14.172,2913000000.0,0.0,28.06,1.417,1.46,1226000000.0,4760000000.0,7218000000.0,7218000000.0,239000000.0,0.118,0.295,0.223,0.182,0.0,1004000000.0,1.0,364536814.0,375600000,,19.217,6441000000.0,116000000.0,471000000.0,434000000.0,17.149,527000000.0
25,PPG,MRY,1995-12-31,1995-12-31,1995-12-31,2021-10-21,-6600000.0,6194300000.0,,2275500000.0,3918800000.0,,6.359,-448000000.0,105600000.0,105600000.0,4212000000.0,768000000.0,1.397,1.384,1220800000.0,485300000.0,735500000.0,1220800000.0,0.0,352000000.0,0.0,0.026,0.59,1333000000.0,1685000000.0,0.239,1685000000.0,1333000000.0,1248000000.0,1.9,1.89,1.9,2569200000.0,,2569200000.0,,,,624000000.0,1.545,1.0,2846000000.0,0.403,0.0,85000000.0,5680100000.0,,737500000.0,223800000.0,0.0,223800000.0,3556900000.0,1629400000.0,1927500000.0,,44000000.0,54000000.0,-580000000.0,62000000.0,-239000000.0,-753000000.0,-275000000.0,0.0,1072000000.0,0.0,768000000.0,768000000.0,768000000.0,0.0,0.0,0.109,1499000000.0,1347000000.0,1103500000.0,0.311,,,12.039,2834800000.0,0.0,22.875,,1.309,1245100000.0,4249000000.0,7058000000.0,7058000000.0,236000000.0,,,,0.189,0.0,977000000.0,1.0,,404000000,,17.47,6194300000.0,119500000.0,480000000.0,395500000.0,15.332,646100000.0
26,PPG,MRY,1994-12-31,1994-12-31,1994-12-31,2021-10-21,,,,,,,,-321800000.0,,,3865500000.0,514600000.0,,,,,,,,335200000.0,,0.03,0.56,925900000.0,1261100000.0,0.199,1261100000.0,925900000.0,839800000.0,1.215,,1.215,,,,,,,369300000.0,0.871,1.0,2465700000.0,0.389,,86100000.0,,,,,,,,,,,-49800000.0,-5400000.0,-260600000.0,1300000.0,-237800000.0,-497600000.0,-245400000.0,0.0,691100000.0,2100000.0,514600000.0,514600000.0,514600000.0,0.0,0.0,0.081,1523900000.0,941800000.0,,0.461,,,15.28,,0.0,18.565,,1.243,,,6331200000.0,6331200000.0,218100000.0,,,,0.146,0.0,919000000.0,1.0,,423800000,,14.939,,,325200000.0,,,
0,PPG,MRQ,2021-09-30,2021-09-30,2021-09-30,2021-10-21,-2871000000.0,21883000000.0,,7300000000.0,14583000000.0,,26.344,-31000000.0,1216000000.0,1216000000.0,2733000000.0,345000000.0,1.336,2.474,7699000000.0,898000000.0,6801000000.0,7699000000.0,0.0,146000000.0,0.0,0.015,0.59,470000000.0,616000000.0,0.141,616000000.0,470000000.0,440000000.0,1.45,1.43,1.45,6253000000.0,,6253000000.0,40836364506.0,21.0,16.198,494000000.0,2.081,1.0,1639000000.0,0.375,9048000000.0,30000000.0,13855000000.0,,2249000000.0,360000000.0,88000000.0,272000000.0,15473000000.0,5463000000.0,10010000000.0,33944364506.0,21000000.0,-11000000.0,2000000.0,-308000000.0,-140000000.0,-448000000.0,-34000000.0,0.0,525000000.0,-22000000.0,344000000.0,344000000.0,344000000.0,0.0,1000000.0,0.079,1231000000.0,408000000.0,4378000000.0,0.407,5.428,23.821,23.875,4256000000.0,0.0,143.01,2.074,2.074,3382000000.0,20226000000.0,4372000000.0,4372000000.0,114000000.0,,,,,4000000.0,950000000.0,1.0,237356580.0,237356580,,18.42,12835000000.0,311000000.0,96000000.0,642000000.0,54.075,1837000000.0
1,PPG,MRQ,2021-06-30,2021-06-30,2021-06-30,2021-10-21,-2664000000.0,22353000000.0,,7446000000.0,14907000000.0,,26.327,-62000000.0,1195000000.0,1195000000.0,2629000000.0,433000000.0,1.357,2.554,8087000000.0,964000000.0,7123000000.0,8087000000.0,0.0,137000000.0,0.0,0.013,0.54,622000000.0,759000000.0,0.174,759000000.0,622000000.0,591000000.0,1.81,1.8,1.81,6242000000.0,,6242000000.0,45515969459.0,22.0,17.261,542000000.0,2.286,1.0,1730000000.0,0.397,9257000000.0,31000000.0,14500000000.0,,2226000000.0,379000000.0,110000000.0,269000000.0,15942000000.0,5488000000.0,10454000000.0,40250969459.0,-613000000.0,-1770000000.0,24000000.0,706000000.0,-128000000.0,585000000.0,-1818000000.0,0.0,604000000.0,16000000.0,431000000.0,431000000.0,431000000.0,0.0,2000000.0,0.099,1189000000.0,541000000.0,4318000000.0,0.298,6.448,26.429,26.485,4358000000.0,0.0,169.77,2.567,2.567,3498000000.0,20022000000.0,4359000000.0,4359000000.0,107000000.0,,,,,18000000.0,955000000.0,1.0,237091179.0,237091179,,18.385,13096000000.0,338000000.0,160000000.0,683000000.0,55.236,1958000000.0
2,PPG,MRQ,2021-03-31,2021-03-31,2021-03-31,2021-10-21,-2730000000.0,20139000000.0,,7339000000.0,12800000000.0,,24.659,-80000000.0,1808000000.0,1808000000.0,2232000000.0,385000000.0,1.433,2.427,7073000000.0,1061000000.0,6012000000.0,7073000000.0,0.0,129000000.0,0.0,0.014,0.54,522000000.0,651000000.0,0.168,651000000.0,522000000.0,492000000.0,1.59,1.58,1.59,5839000000.0,,5839000000.0,40359893352.0,24.0,18.573,-103000000.0,-0.435,1.0,1649000000.0,0.425,7454000000.0,30000000.0,12830000000.0,,1914000000.0,549000000.0,120000000.0,429000000.0,14170000000.0,5120000000.0,9050000000.0,35579893352.0,-18000000.0,-356000000.0,20000000.0,588000000.0,-128000000.0,469000000.0,-424000000.0,0.0,-23000000.0,-40000000.0,378000000.0,378000000.0,378000000.0,0.0,7000000.0,0.097,1139000000.0,510000000.0,3815000000.0,0.34,6.093,29.799,29.873,3903000000.0,0.0,150.26,2.482,2.482,3034000000.0,19719000000.0,3881000000.0,3881000000.0,102000000.0,,,,,17000000.0,891000000.0,1.0,236788855.0,236788855,,16.39,12685000000.0,334000000.0,114000000.0,422000000.0,53.571,2219000000.0
3,PPG,MRQ,2020-12-31,2020-12-31,2020-12-31,2021-10-21,-2599000000.0,19556000000.0,,6798000000.0,12758000000.0,,24.085,-134000000.0,1826000000.0,1826000000.0,2140000000.0,278000000.0,1.407,2.415,6606000000.0,758000000.0,5848000000.0,6606000000.0,0.0,125000000.0,0.0,0.015,0.54,370000000.0,495000000.0,0.132,495000000.0,370000000.0,339000000.0,1.14,1.14,1.14,5689000000.0,,5689000000.0,38404401020.0,26.0,19.231,832000000.0,3.522,1.0,1617000000.0,0.43,7453000000.0,31000000.0,12052000000.0,,1735000000.0,363000000.0,96000000.0,267000000.0,13741000000.0,4831000000.0,8910000000.0,34065401020.0,-182000000.0,-1124000000.0,31000000.0,149000000.0,-128000000.0,46000000.0,-1256000000.0,0.0,966000000.0,82000000.0,272000000.0,272000000.0,272000000.0,3000000.0,6000000.0,0.072,1261000000.0,356000000.0,3792000000.0,0.474,5.988,32.168,32.264,3974000000.0,0.0,144.22,2.462,2.462,2726000000.0,19469000000.0,3757000000.0,3757000000.0,100000000.0,,,,,15000000.0,882000000.0,1.0,236204417.0,236204417,,15.906,12103000000.0,379000000.0,67000000.0,435000000.0,51.24,1967000000.0
4,PPG,MRQ,2020-09-30,2020-09-30,2020-09-30,2021-10-21,-2788000000.0,18300000000.0,,7002000000.0,11298000000.0,,22.502,-78000000.0,2008000000.0,2008000000.0,2026000000.0,448000000.0,1.518,2.425,6347000000.0,849000000.0,5498000000.0,6347000000.0,0.0,132000000.0,0.0,0.017,0.54,600000000.0,732000000.0,0.199,732000000.0,600000000.0,566000000.0,1.87,1.86,1.87,5310000000.0,,5310000000.0,33697116475.0,22.0,16.39,764000000.0,3.238,1.0,1659000000.0,0.45,6349000000.0,34000000.0,11677000000.0,,1672000000.0,354000000.0,87000000.0,267000000.0,12876000000.0,4613000000.0,8263000000.0,28808116475.0,-244000000.0,0.0,17000000.0,-918000000.0,-127000000.0,-1032000000.0,-80000000.0,0.0,842000000.0,26000000.0,442000000.0,442000000.0,442000000.0,0.0,6000000.0,0.12,1081000000.0,578000000.0,3482000000.0,0.289,5.425,26.699,26.713,3726000000.0,0.0,122.08,2.095,2.095,2843000000.0,19325000000.0,3685000000.0,3685000000.0,92000000.0,,,,,14000000.0,836000000.0,1.0,235977363.0,235977363,,15.616,11951000000.0,257000000.0,124000000.0,436000000.0,50.645,2389000000.0
5,PPG,MRQ,2020-06-30,2020-06-30,2020-06-30,2021-10-21,-2925000000.0,18170000000.0,,7077000000.0,11093000000.0,,20.481,-55000000.0,2252000000.0,2252000000.0,1703000000.0,100000000.0,1.352,2.738,7141000000.0,1859000000.0,5282000000.0,7141000000.0,0.0,123000000.0,0.0,0.019,0.51,172000000.0,295000000.0,0.098,295000000.0,172000000.0,131000000.0,0.43,0.43,0.43,4832000000.0,,4832000000.0,30136038774.0,21.0,15.329,426000000.0,1.806,1.0,1312000000.0,0.435,6223000000.0,41000000.0,11602000000.0,,1706000000.0,296000000.0,45000000.0,251000000.0,13232000000.0,5234000000.0,7998000000.0,25022038774.0,366000000.0,-1000000.0,1000000.0,50000000.0,-121000000.0,-85000000.0,-52000000.0,0.0,481000000.0,22000000.0,102000000.0,102000000.0,102000000.0,-3000000.0,-2000000.0,0.034,1161000000.0,151000000.0,3055000000.0,1.186,5.178,24.922,24.955,3691000000.0,0.0,106.06,1.801,1.801,2673000000.0,19010000000.0,3015000000.0,3015000000.0,86000000.0,,,,,8000000.0,766000000.0,1.0,235923428.0,235923428,,12.78,11947000000.0,188000000.0,29000000.0,397000000.0,50.639,1843000000.0
6,PPG,MRQ,2020-03-31,2020-03-31,2020-03-31,2021-10-21,-3042000000.0,18064000000.0,,7066000000.0,10998000000.0,,20.033,-37000000.0,1886000000.0,1886000000.0,1908000000.0,248000000.0,1.36,2.801,7000000000.0,1622000000.0,5378000000.0,7000000000.0,0.0,129000000.0,0.0,0.024,0.51,346000000.0,475000000.0,0.141,475000000.0,346000000.0,314000000.0,1.03,1.02,1.03,4723000000.0,,4723000000.0,24337195581.0,15.0,11.113,-196000000.0,-0.831,1.0,1469000000.0,0.435,6161000000.0,32000000.0,11822000000.0,,1859000000.0,295000000.0,50000000.0,245000000.0,13227000000.0,5195000000.0,8032000000.0,19709195581.0,670000000.0,-44000000.0,5000000.0,1158000000.0,-120000000.0,1012000000.0,-59000000.0,0.0,-159000000.0,-124000000.0,243000000.0,243000000.0,243000000.0,0.0,5000000.0,0.072,1145000000.0,324000000.0,3367000000.0,0.495,4.173,16.788,16.821,3647000000.0,0.0,83.6,1.323,1.323,2804000000.0,19029000000.0,3377000000.0,3377000000.0,101000000.0,,,,,7000000.0,905000000.0,1.0,235755928.0,235755928,,14.324,11903000000.0,183000000.0,71000000.0,399000000.0,50.489,1871000000.0
7,PPG,MRQ,2019-12-31,2019-12-31,2019-12-31,2021-10-21,-2350000000.0,17708000000.0,,6170000000.0,11538000000.0,,22.346,-189000000.0,1216000000.0,1216000000.0,2111000000.0,300000000.0,1.41,2.329,5844000000.0,683000000.0,5161000000.0,5844000000.0,0.0,134000000.0,0.0,0.015,0.51,420000000.0,554000000.0,0.151,554000000.0,420000000.0,387000000.0,1.24,1.23,1.24,5284000000.0,,5284000000.0,36407474036.0,21.0,15.982,620000000.0,2.622,1.0,1561000000.0,0.425,6601000000.0,33000000.0,11360000000.0,,1710000000.0,315000000.0,57000000.0,258000000.0,12305000000.0,4375000000.0,7930000000.0,31565474036.0,-216000000.0,-79000000.0,-121000000.0,-534000000.0,-121000000.0,-799000000.0,-261000000.0,0.0,809000000.0,35000000.0,292000000.0,292000000.0,292000000.0,3000000.0,8000000.0,0.08,1167000000.0,394000000.0,3496000000.0,0.411,5.974,25.395,25.427,3765000000.0,0.0,133.49,2.084,2.084,2756000000.0,18906000000.0,3672000000.0,3672000000.0,109000000.0,,,,,11000000.0,894000000.0,1.0,236463211.0,236463211,,15.529,11107000000.0,220000000.0,95000000.0,452000000.0,46.971,1795000000.0
8,PPG,MRQ,2019-09-30,2019-09-30,2019-09-30,2021-10-21,-2328000000.0,18064000000.0,,6817000000.0,11247000000.0,,22.205,-91000000.0,1432000000.0,1432000000.0,2181000000.0,373000000.0,1.489,2.422,6274000000.0,801000000.0,5473000000.0,6274000000.0,0.0,133000000.0,0.0,0.016,0.51,509000000.0,642000000.0,0.168,642000000.0,509000000.0,476000000.0,1.55,1.54,1.55,5247000000.0,,5247000000.0,33278070275.0,19.0,14.977,698000000.0,2.954,1.0,1645000000.0,0.43,6418000000.0,33000000.0,11910000000.0,,1860000000.0,312000000.0,58000000.0,254000000.0,12709000000.0,4578000000.0,8131000000.0,28003070275.0,469000000.0,-203000000.0,10000000.0,124000000.0,-120000000.0,9000000.0,-291000000.0,0.0,789000000.0,-38000000.0,367000000.0,367000000.0,367000000.0,-1000000.0,6000000.0,0.096,1155000000.0,490000000.0,3636000000.0,0.329,5.337,23.162,23.192,3604000000.0,0.0,118.51,1.852,1.852,3028000000.0,18735000000.0,3826000000.0,3826000000.0,107000000.0,,,,,9000000.0,887000000.0,1.0,236292889.0,236292889,,16.192,11646000000.0,194000000.0,109000000.0,455000000.0,49.286,2239000000.0
9,PPG,MRQ,2019-06-30,2019-06-30,2019-06-30,2021-10-21,-2230000000.0,17955000000.0,,6707000000.0,11248000000.0,,21.516,-86000000.0,963000000.0,963000000.0,2288000000.0,279000000.0,1.425,2.514,6238000000.0,821000000.0,5417000000.0,6238000000.0,0.0,126000000.0,0.0,0.016,0.48,393000000.0,519000000.0,0.129,519000000.0,393000000.0,358000000.0,1.15,1.14,1.15,5079000000.0,,5079000000.0,32779558282.0,19.0,14.968,462000000.0,1.957,1.0,1736000000.0,0.431,6393000000.0,35000000.0,12131000000.0,,1945000000.0,304000000.0,53000000.0,251000000.0,12768000000.0,4706000000.0,8062000000.0,27550558282.0,179000000.0,-304000000.0,15000000.0,143000000.0,-114000000.0,0.0,-371000000.0,0.0,548000000.0,2000000.0,272000000.0,272000000.0,272000000.0,0.0,7000000.0,0.068,1376000000.0,360000000.0,3746000000.0,0.417,5.424,22.582,22.795,3660000000.0,0.0,116.71,1.823,1.823,3332000000.0,18488000000.0,4024000000.0,4024000000.0,111000000.0,,,,,10000000.0,934000000.0,1.0,236059963.0,236059963,,17.047,11562000000.0,199000000.0,86000000.0,382000000.0,48.979,2001000000.0
10,PPG,MRQ,2019-03-31,2019-03-31,2019-03-31,2021-10-21,-2224000000.0,17371000000.0,,6409000000.0,10962000000.0,,20.789,-47000000.0,784000000.0,784000000.0,2073000000.0,317000000.0,1.397,2.521,6013000000.0,821000000.0,5192000000.0,6013000000.0,0.0,118000000.0,0.0,0.017,0.48,445000000.0,563000000.0,0.155,563000000.0,445000000.0,414000000.0,1.32,1.31,1.32,4904000000.0,,4904000000.0,30739915277.0,17.0,13.354,-113000000.0,-0.479,1.0,1551000000.0,0.428,6123000000.0,31000000.0,11889000000.0,,1965000000.0,316000000.0,55000000.0,261000000.0,12361000000.0,4588000000.0,7773000000.0,26625915277.0,-118000000.0,-57000000.0,-168000000.0,308000000.0,-113000000.0,32000000.0,-86000000.0,0.0,-66000000.0,2000000.0,312000000.0,312000000.0,312000000.0,0.0,5000000.0,0.086,1123000000.0,428000000.0,3684000000.0,0.364,5.429,20.186,20.597,3592000000.0,0.0,112.87,1.75,1.75,3197000000.0,18330000000.0,3624000000.0,3624000000.0,105000000.0,,,,,9000000.0,889000000.0,1.0,235898957.0,235898957,,15.363,11248000000.0,242000000.0,102000000.0,447000000.0,47.681,1821000000.0
11,PPG,MRQ,2018-12-31,2018-12-31,2018-12-31,2021-10-21,-2300000000.0,16015000000.0,,5961000000.0,10054000000.0,,19.301,-158000000.0,902000000.0,902000000.0,2188000000.0,261000000.0,1.363,2.437,5016000000.0,651000000.0,4365000000.0,5016000000.0,0.0,127000000.0,0.0,0.018,0.48,371000000.0,498000000.0,0.137,498000000.0,371000000.0,341000000.0,1.09,1.09,1.09,4630000000.0,,4630000000.0,28458426069.0,16.0,12.325,642000000.0,2.676,1.0,1457000000.0,0.4,6042000000.0,30000000.0,9714000000.0,,1783000000.0,312000000.0,61000000.0,251000000.0,11283000000.0,4373000000.0,6910000000.0,24523426069.0,-201000000.0,-280000000.0,-407000000.0,-8000000.0,-115000000.0,-535000000.0,-453000000.0,0.0,800000000.0,-13000000.0,258000000.0,258000000.0,258000000.0,0.0,3000000.0,0.071,1132000000.0,325000000.0,3623000000.0,0.44,5.297,18.287,18.587,2805000000.0,0.0,102.23,1.595,1.595,2845000000.0,18131000000.0,3645000000.0,3645000000.0,105000000.0,,,,,16000000.0,855000000.0,1.0,239884829.0,239884829,,15.195,9973000000.0,229000000.0,83000000.0,429000000.0,41.574,1588000000.0
12,PPG,MRQ,2018-09-30,2018-09-30,2018-09-30,2021-10-21,-2197000000.0,16718000000.0,,6741000000.0,9977000000.0,,20.577,-108000000.0,1103000000.0,1103000000.0,2253000000.0,382000000.0,1.714,2.337,5038000000.0,15000000.0,5023000000.0,5038000000.0,0.0,122000000.0,0.0,0.017,0.48,488000000.0,610000000.0,0.16,610000000.0,488000000.0,457000000.0,1.56,1.55,1.56,4980000000.0,,4980000000.0,30461435690.0,17.0,13.057,428000000.0,1.768,1.0,1564000000.0,0.41,5943000000.0,31000000.0,10777000000.0,,1962000000.0,323000000.0,57000000.0,266000000.0,11640000000.0,3933000000.0,7707000000.0,26411435690.0,83000000.0,0.0,-246000000.0,-8000000.0,-116000000.0,-365000000.0,-94000000.0,0.0,536000000.0,6000000.0,378000000.0,378000000.0,378000000.0,0.0,4000000.0,0.099,1112000000.0,452000000.0,3806000000.0,0.308,5.304,21.403,21.739,2738000000.0,0.0,109.13,1.714,1.714,3217000000.0,17987000000.0,3817000000.0,3817000000.0,110000000.0,,,,,3000000.0,867000000.0,1.0,242018104.0,242018104,,15.772,10775000000.0,306000000.0,79000000.0,460000000.0,44.521,2808000000.0
13,PPG,MRQ,2018-06-30,2018-06-30,2018-06-30,2021-10-21,-2275000000.0,16794000000.0,,6879000000.0,9915000000.0,,20.06,-43000000.0,1020000000.0,1020000000.0,2379000000.0,375000000.0,1.7,2.418,5070000000.0,22000000.0,5048000000.0,5070000000.0,0.0,125000000.0,0.0,0.017,0.45,506000000.0,631000000.0,0.153,631000000.0,506000000.0,475000000.0,1.51,1.51,1.51,4884000000.0,,4884000000.0,29127562584.0,14.0,11.199,316000000.0,1.298,1.0,1752000000.0,0.424,5906000000.0,31000000.0,10891000000.0,,1956000000.0,321000000.0,63000000.0,258000000.0,11811000000.0,4047000000.0,7764000000.0,25255562584.0,-326000000.0,-2000000.0,-462000000.0,1000000.0,-110000000.0,-600000000.0,-39000000.0,0.0,359000000.0,-46000000.0,371000000.0,371000000.0,371000000.0,0.0,4000000.0,0.09,1273000000.0,479000000.0,3893000000.0,0.298,5.171,17.228,17.762,2738000000.0,0.0,103.73,1.643,1.643,3438000000.0,17725000000.0,4131000000.0,4131000000.0,114000000.0,,,,,9000000.0,945000000.0,1.0,243474044.0,243474044,,16.967,10888000000.0,290000000.0,104000000.0,425000000.0,44.719,2832000000.0
14,PPG,MRQ,2018-03-31,2018-03-31,2018-03-31,2021-10-21,-2005000000.0,17544000000.0,,7110000000.0,10434000000.0,,21.394,-75000000.0,1346000000.0,1346000000.0,2181000000.0,340000000.0,1.764,2.259,5218000000.0,19000000.0,5199000000.0,5218000000.0,0.0,123000000.0,0.0,0.016,0.45,447000000.0,570000000.0,0.151,570000000.0,447000000.0,421000000.0,1.34,1.33,1.34,5346000000.0,,5346000000.0,30596676411.0,13.0,11.078,-303000000.0,-1.213,1.0,1600000000.0,0.423,6232000000.0,26000000.0,11154000000.0,,1963000000.0,328000000.0,58000000.0,270000000.0,12077000000.0,4030000000.0,8047000000.0,27886676411.0,-90000000.0,-96000000.0,-591000000.0,998000000.0,-112000000.0,295000000.0,-178000000.0,0.0,-228000000.0,21000000.0,334000000.0,334000000.0,334000000.0,0.0,6000000.0,0.088,1182000000.0,418000000.0,3924000000.0,0.336,5.216,17.528,17.827,2862000000.0,0.0,111.6,1.854,1.854,3343000000.0,17464000000.0,3781000000.0,3781000000.0,112000000.0,,,,,9000000.0,906000000.0,1.0,249880613.0,249880613,,15.131,11312000000.0,351000000.0,87000000.0,471000000.0,45.27,3080000000.0
15,PPG,MRQ,2017-12-31,2017-12-31,2017-12-31,2021-10-21,-2057000000.0,16538000000.0,,6477000000.0,10061000000.0,,21.837,-153000000.0,1436000000.0,1436000000.0,2120000000.0,156000000.0,1.663,1.955,4146000000.0,12000000.0,4134000000.0,4146000000.0,0.0,120000000.0,0.0,0.015,0.45,402000000.0,522000000.0,0.142,522000000.0,402000000.0,375000000.0,0.61,0.6,0.61,5557000000.0,,5557000000.0,32145877792.0,14.0,11.588,383000000.0,1.505,1.0,1562000000.0,0.424,5987000000.0,27000000.0,9366000000.0,,1730000000.0,323000000.0,55000000.0,268000000.0,10866000000.0,3895000000.0,6971000000.0,29727877792.0,-851000000.0,-156000000.0,-393000000.0,-592000000.0,-113000000.0,-1103000000.0,-283000000.0,0.0,536000000.0,-1000000.0,151000000.0,151000000.0,151000000.0,0.0,5000000.0,0.041,1206000000.0,356000000.0,3781000000.0,0.738,5.35,18.65,18.781,2824000000.0,0.0,116.82,2.016,2.016,2903000000.0,17140000000.0,3682000000.0,3682000000.0,116000000.0,,,,,9000000.0,909000000.0,1.0,254475927.0,254475927,,14.469,10551000000.0,305000000.0,224000000.0,442000000.0,41.462,2582000000.0
16,PPG,MRQ,2017-09-30,2017-09-30,2017-09-30,2021-10-21,-2063000000.0,17615000000.0,,7638000000.0,9977000000.0,,23.012,-72000000.0,2287000000.0,2287000000.0,2104000000.0,616000000.0,1.654,1.966,4705000000.0,616000000.0,4089000000.0,4705000000.0,0.0,117000000.0,0.0,0.015,0.45,761000000.0,878000000.0,0.233,878000000.0,761000000.0,734000000.0,2.38,2.36,2.38,5902000000.0,,5902000000.0,30917092895.0,13.0,11.161,514000000.0,2.004,1.0,1672000000.0,0.443,5980000000.0,27000000.0,9435000000.0,,1805000000.0,302000000.0,41000000.0,261000000.0,11605000000.0,4618000000.0,6987000000.0,27869092895.0,718000000.0,534000000.0,-225000000.0,-24000000.0,-116000000.0,-361000000.0,477000000.0,0.0,586000000.0,16000000.0,610000000.0,610000000.0,610000000.0,0.0,6000000.0,0.162,1143000000.0,529000000.0,3895000000.0,0.189,4.722,15.63,15.725,2730000000.0,0.0,108.66,1.924,1.924,3155000000.0,17106000000.0,3776000000.0,3776000000.0,114000000.0,,,,,9000000.0,894000000.0,1.0,256479780.0,256479780,,14.722,11635000000.0,421000000.0,124000000.0,445000000.0,45.364,3020000000.0
17,PPG,MRQ,2017-06-30,2017-06-30,2017-06-30,2021-10-21,-2059000000.0,16977000000.0,,7145000000.0,9832000000.0,,21.975,-72000000.0,1569000000.0,1569000000.0,2083000000.0,501000000.0,1.609,1.997,4617000000.0,619000000.0,3998000000.0,4617000000.0,0.0,113000000.0,0.0,0.015,0.4,679000000.0,792000000.0,0.208,792000000.0,679000000.0,653000000.0,1.93,1.92,1.93,5630000000.0,,5630000000.0,31243408265.0,26.0,19.109,365000000.0,1.425,1.0,1721000000.0,0.452,5963000000.0,26000000.0,9621000000.0,,1766000000.0,304000000.0,48000000.0,256000000.0,11242000000.0,4441000000.0,6801000000.0,28171408265.0,220000000.0,-49000000.0,11000000.0,-26000000.0,-102000000.0,-118000000.0,-123000000.0,0.0,437000000.0,24000000.0,496000000.0,496000000.0,496000000.0,1000000.0,5000000.0,0.13,1109000000.0,612000000.0,3653000000.0,0.207,5.004,28.485,28.635,2710000000.0,0.0,109.96,1.961,1.961,3191000000.0,16613000000.0,3804000000.0,3804000000.0,112000000.0,,,,,8000000.0,876000000.0,1.0,256196874.0,256196874,,14.848,11014000000.0,321000000.0,157000000.0,390000000.0,42.99,2704000000.0
18,PPG,MRQ,2017-03-31,2017-03-31,2017-03-31,2021-10-21,-2076000000.0,16154000000.0,,6646000000.0,9508000000.0,,20.195,-63000000.0,1349000000.0,1349000000.0,1902000000.0,342000000.0,1.555,2.093,4421000000.0,604000000.0,3817000000.0,4421000000.0,0.0,110000000.0,0.0,0.015,0.4,472000000.0,582000000.0,0.167,582000000.0,472000000.0,447000000.0,1.31,1.3,1.31,5192000000.0,,5192000000.0,29611490060.0,25.0,18.144,-54000000.0,-0.21,1.0,1584000000.0,0.454,5800000000.0,25000000.0,9153000000.0,,1727000000.0,215000000.0,40000000.0,175000000.0,10868000000.0,4273000000.0,6595000000.0,27015490060.0,-471000000.0,-61000000.0,-154000000.0,-46000000.0,-103000000.0,-372000000.0,-138000000.0,0.0,9000000.0,30000000.0,337000000.0,337000000.0,337000000.0,0.0,5000000.0,0.097,1141000000.0,443000000.0,3573000000.0,0.305,5.203,31.304,31.939,2806000000.0,0.0,105.08,1.883,1.883,3057000000.0,16214000000.0,3486000000.0,3486000000.0,109000000.0,,,,,9000000.0,875000000.0,1.0,257094500.0,257094500,,13.559,10354000000.0,139000000.0,110000000.0,400000000.0,40.273,2373000000.0
19,PPG,MRQ,2016-12-31,2016-12-31,2016-12-31,2021-10-21,-2356000000.0,15771000000.0,,6574000000.0,9197000000.0,,18.288,-141000000.0,1820000000.0,1820000000.0,1882000000.0,344000000.0,1.546,2.249,4416000000.0,629000000.0,3787000000.0,4416000000.0,0.0,109000000.0,0.0,0.016,0.4,409000000.0,518000000.0,0.152,518000000.0,409000000.0,380000000.0,1.29,1.29,1.29,4828000000.0,,4828000000.0,28491189321.0,24.0,17.246,434000000.0,1.644,1.0,1535000000.0,0.449,5555000000.0,29000000.0,8559000000.0,,1514000000.0,222000000.0,43000000.0,179000000.0,10856000000.0,4253000000.0,6603000000.0,25016189321.0,891000000.0,1025000000.0,-648000000.0,211000000.0,-105000000.0,-518000000.0,881000000.0,-13000000.0,575000000.0,-47000000.0,340000000.0,340000000.0,340000000.0,0.0,4000000.0,0.1,1428000000.0,107000000.0,3460000000.0,0.31,5.181,28.655,28.802,2608000000.0,0.0,94.76,1.753,1.753,2654000000.0,15980000000.0,3417000000.0,3417000000.0,109000000.0,,,,,8000000.0,835000000.0,1.0,263995244.0,263995244,,12.943,10216000000.0,186000000.0,40000000.0,417000000.0,38.698,2321000000.0
20,PPG,MRQ,2016-09-30,2016-09-30,2016-09-30,2021-10-21,-2541000000.0,16490000000.0,,6417000000.0,10073000000.0,,18.893,-90000000.0,929000000.0,929000000.0,1978000000.0,-179000000.0,1.439,2.26,4404000000.0,652000000.0,3752000000.0,4404000000.0,0.0,113000000.0,0.0,0.015,0.4,-370000000.0,-257000000.0,-0.07,-257000000.0,-370000000.0,-404000000.0,-0.69,-0.69,-0.69,5031000000.0,,5031000000.0,31029938631.0,25.0,18.749,687000000.0,2.58,1.0,1682000000.0,0.46,5774000000.0,34000000.0,9731000000.0,,1676000000.0,374000000.0,46000000.0,328000000.0,11369000000.0,4460000000.0,6909000000.0,27522938631.0,-676000000.0,-311000000.0,-244000000.0,-718000000.0,-106000000.0,-1057000000.0,-392000000.0,0.0,777000000.0,-4000000.0,-184000000.0,-184000000.0,-184000000.0,0.0,5000000.0,-0.05,2101000000.0,-419000000.0,3567000000.0,-0.58,5.471,32.495,32.709,2863000000.0,0.0,103.36,1.964,1.964,2962000000.0,15744000000.0,3660000000.0,3660000000.0,115000000.0,,,,,11000000.0,893000000.0,1.0,266282301.0,266282301,,13.745,10716000000.0,516000000.0,-220000000.0,521000000.0,40.243,1957000000.0
21,PPG,MRQ,2016-06-30,2016-06-30,2016-06-30,2021-10-21,-2749000000.0,17248000000.0,,7107000000.0,10141000000.0,,20.093,-79000000.0,1605000000.0,1605000000.0,1988000000.0,376000000.0,1.624,2.21,5112000000.0,686000000.0,4426000000.0,5112000000.0,0.0,103000000.0,0.0,0.014,0.4,686000000.0,789000000.0,0.209,789000000.0,686000000.0,655000000.0,1.38,1.37,1.38,5346000000.0,,5346000000.0,31065503943.0,14.0,11.875,-159000000.0,-0.598,1.0,1794000000.0,0.474,5675000000.0,31000000.0,10705000000.0,,1803000000.0,386000000.0,64000000.0,322000000.0,11815000000.0,4375000000.0,7440000000.0,27710503943.0,696000000.0,37000000.0,9000000.0,903000000.0,-107000000.0,794000000.0,10000000.0,61000000.0,-80000000.0,-28000000.0,370000000.0,370000000.0,370000000.0,0.0,6000000.0,0.098,1185000000.0,609000000.0,3577000000.0,0.29,5.183,18.928,19.11,2950000000.0,0.0,104.15,1.968,1.968,3108000000.0,16034000000.0,3782000000.0,3782000000.0,115000000.0,,,,,16000000.0,930000000.0,1.0,266063408.0,266063408,,14.215,11573000000.0,540000000.0,285000000.0,546000000.0,43.497,2732000000.0
22,PPG,MRQ,2016-03-31,2016-03-31,2016-03-31,2021-10-21,-2643000000.0,17315000000.0,,6718000000.0,10597000000.0,,19.347,-70000000.0,909000000.0,909000000.0,1920000000.0,354000000.0,1.475,2.338,4264000000.0,38000000.0,4226000000.0,4264000000.0,0.0,115000000.0,0.0,0.013,0.36,489000000.0,604000000.0,0.17,604000000.0,489000000.0,459000000.0,1.3,1.29,1.3,5161000000.0,,5161000000.0,32755700312.0,16.0,13.463,9000000.0,0.034,1.0,1624000000.0,0.458,5913000000.0,30000000.0,10201000000.0,,1863000000.0,491000000.0,121000000.0,370000000.0,12067000000.0,4556000000.0,7511000000.0,29741700312.0,-402000000.0,-6000000.0,-136000000.0,-163000000.0,-96000000.0,-429000000.0,-63000000.0,31000000.0,79000000.0,11000000.0,347000000.0,347000000.0,347000000.0,0.0,7000000.0,0.098,1161000000.0,463000000.0,3616000000.0,0.277,5.763,20.784,20.996,3038000000.0,0.0,111.49,2.066,2.066,3106000000.0,15770000000.0,3544000000.0,3544000000.0,116000000.0,,,,,10000000.0,906000000.0,1.0,266765632.0,266765632,,13.285,11402000000.0,648000000.0,112000000.0,479000000.0,42.742,2162000000.0
23,PPG,MRQ,2015-12-31,2015-12-31,2015-12-31,2021-10-21,-2702000000.0,17076000000.0,,6712000000.0,10364000000.0,,18.506,-168000000.0,1311000000.0,1311000000.0,1577000000.0,318000000.0,1.43,2.41,4307000000.0,281000000.0,4026000000.0,4307000000.0,0.0,94000000.0,0.0,0.014,0.36,425000000.0,519000000.0,0.171,519000000.0,425000000.0,394000000.0,1.17,1.16,1.17,4983000000.0,,4983000000.0,30146182344.0,16.0,12.613,741000000.0,2.752,1.0,1450000000.0,0.479,5847000000.0,31000000.0,9530000000.0,,1659000000.0,511000000.0,144000000.0,367000000.0,12007000000.0,4695000000.0,7312000000.0,26609182344.0,296000000.0,-72000000.0,-248000000.0,-151000000.0,-96000000.0,-544000000.0,-44000000.0,231000000.0,909000000.0,-25000000.0,314000000.0,314000000.0,314000000.0,0.0,4000000.0,0.104,1093000000.0,357000000.0,3419000000.0,0.308,5.34,18.925,19.077,2822000000.0,0.0,98.82,1.868,1.868,2709000000.0,15521000000.0,3027000000.0,3027000000.0,112000000.0,,,,,12000000.0,869000000.0,1.0,269269200.0,269269200,,11.242,11229000000.0,711000000.0,80000000.0,460000000.0,41.702,2017000000.0
24,PPG,MRQ,2015-09-30,2015-09-30,2015-09-30,2021-10-21,-2592000000.0,17574000000.0,,7292000000.0,10282000000.0,,18.879,-100000000.0,1015000000.0,1015000000.0,2049000000.0,439000000.0,1.529,2.422,4552000000.0,302000000.0,4250000000.0,4552000000.0,0.0,107000000.0,0.0,0.016,0.36,597000000.0,704000000.0,0.189,704000000.0,597000000.0,566000000.0,1.6,1.59,1.6,5111000000.0,,5111000000.0,27547557461.0,18.0,13.658,700000000.0,2.586,1.0,1676000000.0,0.45,5867000000.0,31000000.0,10474000000.0,,1841000000.0,852000000.0,399000000.0,453000000.0,12378000000.0,4770000000.0,7608000000.0,23739557461.0,308000000.0,-222000000.0,-149000000.0,33000000.0,-98000000.0,-226000000.0,-243000000.0,64000000.0,800000000.0,-23000000.0,433000000.0,433000000.0,433000000.0,0.0,6000000.0,0.116,1136000000.0,540000000.0,3611000000.0,0.225,4.645,20.204,20.346,2919000000.0,0.0,87.69,1.623,1.623,3062000000.0,15302000000.0,3725000000.0,3725000000.0,117000000.0,,,,,2000000.0,875000000.0,1.0,270721376.0,270721376,,13.76,11707000000.0,760000000.0,133000000.0,506000000.0,43.244,2522000000.0
25,PPG,MRQ,2015-06-30,2015-06-30,2015-06-30,2021-10-21,-2332000000.0,17596000000.0,,7374000000.0,10222000000.0,,19.021,-90000000.0,707000000.0,707000000.0,2283000000.0,342000000.0,1.528,2.386,4515000000.0,293000000.0,4222000000.0,4515000000.0,0.0,125000000.0,0.0,0.012,0.36,481000000.0,606000000.0,0.148,606000000.0,481000000.0,447000000.0,1.24,1.23,1.24,5171000000.0,,5171000000.0,35095851345.0,23.0,17.851,525000000.0,1.931,1.0,1817000000.0,0.443,5881000000.0,34000000.0,10698000000.0,,1861000000.0,934000000.0,475000000.0,459000000.0,12340000000.0,4825000000.0,7515000000.0,31186851345.0,-28000000.0,-17000000.0,-145000000.0,-264000000.0,-98000000.0,-500000000.0,-143000000.0,-60000000.0,615000000.0,0.0,337000000.0,337000000.0,337000000.0,0.0,5000000.0,0.082,1379000000.0,438000000.0,3590000000.0,0.29,6.031,28.021,28.326,2917000000.0,0.0,114.72,2.102,2.102,3286000000.0,14966000000.0,4100000000.0,4100000000.0,123000000.0,,,,,25000000.0,954000000.0,1.0,271851912.0,271851912,,15.082,11715000000.0,798000000.0,110000000.0,501000000.0,43.093,2549000000.0
26,PPG,MRQ,2015-03-31,2015-03-31,2015-03-31,2021-10-21,-2309000000.0,17368000000.0,,7084000000.0,10284000000.0,,18.662,-72000000.0,735000000.0,735000000.0,2065000000.0,327000000.0,1.484,2.404,4644000000.0,621000000.0,4023000000.0,4644000000.0,0.0,120000000.0,0.0,0.012,0.335,455000000.0,575000000.0,0.157,575000000.0,455000000.0,426000000.0,1.18,1.17,1.18,5078000000.0,,5078000000.0,34023760529.0,21.0,16.728,-501000000.0,-1.841,1.0,1597000000.0,0.436,5818000000.0,29000000.0,10686000000.0,,1881000000.0,884000000.0,435000000.0,449000000.0,12210000000.0,4773000000.0,7437000000.0,30684760529.0,49000000.0,38000000.0,-156000000.0,724000000.0,-91000000.0,458000000.0,35000000.0,70000000.0,-429000000.0,-15000000.0,322000000.0,322000000.0,322000000.0,-1000000.0,5000000.0,0.088,1180000000.0,417000000.0,3329000000.0,0.284,6.043,26.407,26.85,2965000000.0,0.0,112.77,2.071,2.071,2961000000.0,14728000000.0,3662000000.0,3662000000.0,119000000.0,,,,,15000000.0,914000000.0,1.0,272100386.0,272100386,,13.458,11550000000.0,823000000.0,104000000.0,624000000.0,42.448,2311000000.0
27,PPG,MRQ,2014-12-31,2014-12-31,2014-12-31,2021-10-21,-2116000000.0,17535000000.0,,6443000000.0,11092000000.0,,18.873,-262000000.0,686000000.0,686000000.0,1722000000.0,89000000.0,1.322,2.369,4014000000.0,481000000.0,3533000000.0,4014000000.0,0.0,97000000.0,0.0,0.011,0.335,35000000.0,132000000.0,0.042,132000000.0,35000000.0,-10000000.0,0.29,0.31,0.29,5180000000.0,,5180000000.0,32601882039.0,13.0,10.955,229000000.0,0.834,1.0,1416000000.0,0.451,6212000000.0,45000000.0,9776000000.0,,1825000000.0,940000000.0,497000000.0,443000000.0,12270000000.0,4875000000.0,7395000000.0,31721882039.0,-1782000000.0,-1999000000.0,-295000000.0,434000000.0,-92000000.0,-153000000.0,-2077000000.0,70000000.0,491000000.0,-43000000.0,83000000.0,83000000.0,83000000.0,1005000000.0,6000000.0,0.026,1114000000.0,302000000.0,3547000000.0,1.155,6.124,15.091,15.207,3092000000.0,0.0,115.575,2.145,2.145,2815000000.0,14498000000.0,3138000000.0,3138000000.0,117000000.0,,,,,18000000.0,870000000.0,1.0,274470102.0,274470102,,11.433,11323000000.0,875000000.0,-93000000.0,666000000.0,41.254,1568000000.0
28,PPG,MRQ,2014-09-30,2014-09-30,2014-09-30,2021-10-21,-1447000000.0,17087000000.0,,8898000000.0,8189000000.0,,22.204,-70000000.0,2468000000.0,2468000000.0,2229000000.0,377000000.0,1.817,1.778,3348000000.0,394000000.0,2954000000.0,3348000000.0,0.0,119000000.0,0.0,0.013,0.335,534000000.0,653000000.0,0.166,653000000.0,534000000.0,487000000.0,1.34,1.33,1.34,6121000000.0,,6121000000.0,28514571925.0,10.0,8.548,566000000.0,2.053,1.0,1706000000.0,0.434,4172000000.0,47000000.0,8899000000.0,,1905000000.0,1019000000.0,570000000.0,449000000.0,10882000000.0,4896000000.0,5986000000.0,27117571925.0,482000000.0,-90000000.0,-139000000.0,-35000000.0,-92000000.0,-270000000.0,198000000.0,353000000.0,636000000.0,-82000000.0,371000000.0,371000000.0,371000000.0,6000000.0,6000000.0,0.094,1333000000.0,373000000.0,3687000000.0,0.25,4.43,11.93,11.953,2720000000.0,0.0,98.37,1.79,1.79,2968000000.0,14506000000.0,3935000000.0,3935000000.0,120000000.0,,,,,15000000.0,941000000.0,1.0,275669126.0,275669126,,14.274,12915000000.0,673000000.0,116000000.0,241000000.0,46.85,4002000000.0
29,PPG,MRQ,2014-06-30,2014-06-30,2014-06-30,2021-10-21,-1181000000.0,17300000000.0,,9035000000.0,8265000000.0,,22.537,-129000000.0,1986000000.0,1986000000.0,2306000000.0,392000000.0,1.821,1.762,3383000000.0,425000000.0,2958000000.0,3383000000.0,0.0,115000000.0,0.0,0.012,0.335,559000000.0,674000000.0,0.165,674000000.0,559000000.0,511000000.0,1.39,1.38,1.39,6232000000.0,,6232000000.0,29888370312.0,11.0,9.61,109000000.0,0.394,1.0,1776000000.0,0.435,4282000000.0,48000000.0,9453000000.0,,1964000000.0,1308000000.0,927000000.0,381000000.0,10979000000.0,4962000000.0,6017000000.0,29055370312.0,-573000000.0,-2000000.0,-94000000.0,-5000000.0,-92000000.0,-243000000.0,-573000000.0,-447000000.0,238000000.0,5000000.0,386000000.0,386000000.0,386000000.0,7000000.0,6000000.0,0.095,1248000000.0,528000000.0,3691000000.0,0.241,4.662,13.654,13.682,2777000000.0,0.0,105.075,1.938,1.938,3184000000.0,14227000000.0,4082000000.0,4082000000.0,126000000.0,,,,,20000000.0,985000000.0,1.0,276520298.0,276520298,,14.762,13018000000.0,660000000.0,125000000.0,271000000.0,47.078,4073000000.0
30,PPG,MRQ,2014-03-31,2014-03-31,2014-03-31,2021-10-21,-1230000000.0,17117000000.0,,8888000000.0,8229000000.0,,21.63,-103000000.0,2559000000.0,2559000000.0,2091000000.0,1301000000.0,1.947,1.84,3392000000.0,19000000.0,3373000000.0,3392000000.0,0.0,119000000.0,0.0,0.013,0.305,1398000000.0,1517000000.0,0.417,1517000000.0,1398000000.0,1351000000.0,4.535,4.485,4.535,5992000000.0,,5992000000.0,29086403256.0,11.0,9.565,60000000.0,0.217,1.0,1545000000.0,0.425,4295000000.0,47000000.0,9089000000.0,,1929000000.0,860000000.0,480000000.0,380000000.0,11028000000.0,4566000000.0,6462000000.0,26796403256.0,1443000000.0,1603000000.0,-165000000.0,-13000000.0,-85000000.0,-303000000.0,1595000000.0,118000000.0,163000000.0,-12000000.0,1262000000.0,1262000000.0,1262000000.0,0.0,39000000.0,0.347,1163000000.0,382000000.0,3712000000.0,0.067,4.472,12.864,12.932,2724000000.0,0.0,96.73,1.811,1.811,3016000000.0,13934000000.0,3636000000.0,3636000000.0,120000000.0,,,,,18000000.0,900000000.0,1.0,277022674.0,277022674,,13.125,12822000000.0,703000000.0,89000000.0,281000000.0,46.285,4322000000.0
31,PPG,MRQ,2013-12-31,2013-12-31,2013-12-31,2021-10-21,-1260000000.0,15863000000.0,,7214000000.0,8649000000.0,,17.363,-244000000.0,1116000000.0,1116000000.0,2028000000.0,282000000.0,1.745,2.162,3406000000.0,34000000.0,3372000000.0,3406000000.0,0.0,119000000.0,0.0,0.013,0.305,373000000.0,492000000.0,0.141,492000000.0,373000000.0,325000000.0,0.965,0.935,0.965,4932000000.0,,4932000000.0,28769012764.0,8.0,6.962,265000000.0,0.933,1.0,1472000000.0,0.421,4347000000.0,48000000.0,9671000000.0,,1824000000.0,1022000000.0,629000000.0,393000000.0,10665000000.0,4135000000.0,6530000000.0,26936012764.0,-446000000.0,-5000000.0,-671000000.0,8000000.0,-86000000.0,-792000000.0,-165000000.0,100000000.0,509000000.0,2000000.0,254000000.0,254000000.0,254000000.0,0.0,28000000.0,0.073,1166000000.0,306000000.0,3265000000.0,0.316,5.461,8.337,8.414,2876000000.0,0.0,94.83,1.888,1.888,2736000000.0,12757000000.0,3500000000.0,3500000000.0,119000000.0,,,,,22000000.0,905000000.0,1.0,284045268.0,284045268,,12.322,11516000000.0,916000000.0,71000000.0,249000000.0,40.543,3079000000.0
32,PPG,MRQ,2013-09-30,2013-09-30,2013-09-30,2021-10-21,-1469000000.0,16638000000.0,,8120000000.0,8518000000.0,,18.232,-101000000.0,1562000000.0,1562000000.0,2161000000.0,255000000.0,1.862,2.141,3395000000.0,27000000.0,3368000000.0,3395000000.0,0.0,113000000.0,0.0,0.014,0.305,314000000.0,427000000.0,0.113,427000000.0,314000000.0,266000000.0,0.79,0.78,0.79,5211000000.0,,5211000000.0,26010176734.0,7.0,6.511,687000000.0,2.404,1.0,1613000000.0,0.427,4394000000.0,48000000.0,9715000000.0,,1878000000.0,1091000000.0,687000000.0,404000000.0,11157000000.0,4362000000.0,6795000000.0,23874176734.0,319000000.0,-3000000.0,-166000000.0,0.0,-88000000.0,-263000000.0,-226000000.0,-141000000.0,788000000.0,20000000.0,226000000.0,226000000.0,226000000.0,0.0,29000000.0,0.06,1360000000.0,253000000.0,3503000000.0,0.386,4.581,7.451,7.621,2687000000.0,0.0,83.53,1.811,1.811,3122000000.0,12589000000.0,3774000000.0,3774000000.0,117000000.0,,,,,27000000.0,910000000.0,1.0,285815596.0,285815596,,13.204,12244000000.0,1053000000.0,40000000.0,216000000.0,42.839,3758000000.0
33,PPG,MRQ,2013-06-30,2013-06-30,2013-06-30,2021-10-21,-1639000000.0,16066000000.0,,7710000000.0,8356000000.0,,17.673,-86000000.0,1243000000.0,1243000000.0,2263000000.0,371000000.0,1.878,2.135,3379000000.0,24000000.0,3355000000.0,3379000000.0,0.0,119000000.0,0.0,0.016,0.305,486000000.0,605000000.0,0.156,605000000.0,486000000.0,439000000.0,1.19,1.175,1.19,5042000000.0,,5042000000.0,22264866452.0,6.0,5.356,497000000.0,1.742,1.0,1620000000.0,0.417,4311000000.0,47000000.0,9785000000.0,,1862000000.0,940000000.0,538000000.0,402000000.0,10765000000.0,4106000000.0,6659000000.0,20884866452.0,-778000000.0,-975000000.0,13000000.0,-26000000.0,-87000000.0,-124000000.0,-1220000000.0,-152000000.0,583000000.0,-17000000.0,341000000.0,341000000.0,341000000.0,0.0,30000000.0,0.088,1189000000.0,431000000.0,3343000000.0,0.256,4.142,6.296,6.493,2637000000.0,0.0,73.205,1.63,1.63,3223000000.0,12450000000.0,3883000000.0,3883000000.0,118000000.0,,,,,17000000.0,925000000.0,1.0,285292896.0,285292896,,13.611,11755000000.0,0.0,98000000.0,224000000.0,41.203,3604000000.0
34,PPG,MRQ,2013-03-31,2013-03-31,2013-03-31,2021-10-21,-1608000000.0,15376000000.0,,7726000000.0,7650000000.0,,16.756,-63000000.0,2021000000.0,2021000000.0,1862000000.0,2445000000.0,2.073,2.159,3401000000.0,48000000.0,3353000000.0,3401000000.0,0.0,101000000.0,0.0,0.018,0.295,2507000000.0,2608000000.0,0.839,2608000000.0,2507000000.0,2454000000.0,8.245,8.155,8.245,4787000000.0,,4787000000.0,21836813197.0,6.0,5.243,-152000000.0,-0.532,1.0,1246000000.0,0.401,3727000000.0,53000000.0,9302000000.0,,1698000000.0,777000000.0,359000000.0,418000000.0,10335000000.0,3727000000.0,6608000000.0,19132813197.0,715000000.0,940000000.0,-108000000.0,-594000000.0,-84000000.0,-800000000.0,1614000000.0,762000000.0,-89000000.0,-10000000.0,2410000000.0,2410000000.0,2410000000.0,0.0,35000000.0,0.775,984000000.0,262000000.0,2949000000.0,0.036,3.997,5.732,5.942,2461000000.0,0.0,66.97,1.535,1.535,2824000000.0,12196000000.0,3108000000.0,3108000000.0,109000000.0,,,,,15000000.0,746000000.0,1.0,285692298.0,285692298,,10.879,11649000000.0,0.0,44000000.0,235000000.0,40.775,3999000000.0
35,PPG,MRQ,2012-12-31,2012-12-31,2012-12-31,2021-10-21,-1666000000.0,15878000000.0,,7715000000.0,8163000000.0,,13.247,-166000000.0,1306000000.0,1306000000.0,1604000000.0,253000000.0,1.729,2.844,4010000000.0,642000000.0,3368000000.0,4010000000.0,0.0,84000000.0,0.0,0.017,0.295,271000000.0,355000000.0,0.147,355000000.0,271000000.0,216000000.0,0.735,0.725,0.735,4063000000.0,,4063000000.0,23364972850.0,18.0,13.76,582000000.0,1.898,1.0,813000000.0,0.336,3846000000.0,55000000.0,10275000000.0,,1687000000.0,1509000000.0,1087000000.0,422000000.0,11556000000.0,4461000000.0,7095000000.0,20755972850.0,-86000000.0,-69000000.0,12000000.0,10000000.0,-91000000.0,-110000000.0,-735000000.0,-472000000.0,748000000.0,11000000.0,227000000.0,227000000.0,227000000.0,0.0,26000000.0,0.094,760000000.0,53000000.0,3061000000.0,0.401,5.109,22.057,22.08,2888000000.0,0.0,67.675,1.636,1.636,2813000000.0,9871000000.0,2417000000.0,2417000000.0,95000000.0,,,,,18000000.0,593000000.0,1.0,306700744.0,306700744,,7.881,12032000000.0,1099000000.0,-11000000.0,231000000.0,39.23,3254000000.0
36,PPG,MRQ,2012-09-30,2012-09-30,2012-09-30,2021-10-21,-1704000000.0,15606000000.0,,7777000000.0,7829000000.0,,12.643,-41000000.0,1392000000.0,1392000000.0,1983000000.0,364000000.0,1.732,2.972,4001000000.0,636000000.0,3365000000.0,4001000000.0,0.0,104000000.0,0.0,0.02,0.295,485000000.0,589000000.0,0.173,589000000.0,485000000.0,431000000.0,1.105,1.09,1.105,3861000000.0,,3861000000.0,20128700485.0,17.0,12.557,564000000.0,1.847,1.0,1425000000.0,0.418,3772000000.0,54000000.0,9953000000.0,,1777000000.0,1043000000.0,619000000.0,424000000.0,11474000000.0,4490000000.0,6984000000.0,17534700485.0,375000000.0,-20000000.0,39000000.0,368000000.0,-90000000.0,202000000.0,-446000000.0,-385000000.0,605000000.0,14000000.0,339000000.0,339000000.0,339000000.0,0.0,25000000.0,0.099,1019000000.0,406000000.0,3105000000.0,0.267,4.541,18.855,18.919,2759000000.0,0.0,57.42,1.455,1.455,3190000000.0,9734000000.0,3408000000.0,3408000000.0,112000000.0,,,,,53000000.0,779000000.0,1.0,305376184.0,305376184,,11.16,11834000000.0,0.0,92000000.0,263000000.0,38.752,3287000000.0
37,PPG,MRQ,2012-06-30,2012-06-30,2012-06-30,2021-10-21,-1793000000.0,14817000000.0,,7151000000.0,7666000000.0,,11.363,-66000000.0,1017000000.0,1017000000.0,2066000000.0,396000000.0,1.566,3.219,3611000000.0,647000000.0,2964000000.0,3611000000.0,0.0,103000000.0,0.0,0.022,0.295,510000000.0,613000000.0,0.174,613000000.0,510000000.0,460000000.0,1.185,1.17,1.185,3461000000.0,,3461000000.0,18839643486.0,16.0,11.687,370000000.0,1.215,1.0,1462000000.0,0.414,3711000000.0,50000000.0,9135000000.0,,1775000000.0,649000000.0,230000000.0,419000000.0,11142000000.0,4565000000.0,6577000000.0,16160643486.0,39000000.0,11000000.0,21000000.0,-26000000.0,-90000000.0,-131000000.0,-249000000.0,-175000000.0,436000000.0,-17000000.0,362000000.0,362000000.0,362000000.0,0.0,34000000.0,0.103,1026000000.0,436000000.0,3160000000.0,0.249,4.669,17.916,18.171,2719000000.0,0.0,53.06,1.293,1.293,3310000000.0,9486000000.0,3528000000.0,3528000000.0,113000000.0,,,,,0.0,792000000.0,1.0,304573002.0,304573002,,11.583,11106000000.0,0.0,98000000.0,241000000.0,36.464,2586000000.0
38,PPG,MRQ,2012-03-31,2012-03-31,2012-03-31,2021-10-21,-1653000000.0,14834000000.0,,6944000000.0,7890000000.0,,10.832,-57000000.0,978000000.0,978000000.0,1946000000.0,51000000.0,1.523,3.437,3657000000.0,669000000.0,2988000000.0,3657000000.0,0.0,108000000.0,0.0,0.024,0.285,33000000.0,141000000.0,0.042,141000000.0,33000000.0,-18000000.0,0.04,0.04,0.04,3293000000.0,,3293000000.0,16787342163.0,14.0,10.23,-59000000.0,-0.194,1.0,1387000000.0,0.416,3861000000.0,51000000.0,9094000000.0,,1830000000.0,482000000.0,56000000.0,426000000.0,11318000000.0,4558000000.0,6760000000.0,14562342163.0,-479000000.0,-44000000.0,-42000000.0,-155000000.0,-87000000.0,-312000000.0,-181000000.0,-50000000.0,-2000000.0,16000000.0,13000000.0,13000000.0,13000000.0,0.0,38000000.0,0.004,1422000000.0,-35000000.0,3133000000.0,7.125,4.422,16.548,17.046,2785000000.0,0.0,47.9,1.124,1.124,3236000000.0,9213000000.0,3333000000.0,3333000000.0,110000000.0,,,,,0.0,823000000.0,1.0,304015494.0,304015494,,10.963,10973000000.0,0.0,-31000000.0,262000000.0,36.094,2386000000.0
39,PPG,MRQ,2011-12-31,2011-12-31,2011-12-31,2021-10-21,-1800000000.0,14382000000.0,,6694000000.0,7688000000.0,,10.52,-64000000.0,1457000000.0,1457000000.0,968000000.0,239000000.0,1.808,3.366,3682000000.0,108000000.0,3574000000.0,3682000000.0,0.0,73000000.0,0.0,0.027,0.285,187000000.0,260000000.0,0.146,260000000.0,187000000.0,136000000.0,0.705,0.695,0.705,3249000000.0,,3249000000.0,15283721668.0,10.0,7.68,595000000.0,1.927,1.0,817000000.0,0.458,3785000000.0,51000000.0,9120000000.0,,1607000000.0,412000000.0,25000000.0,387000000.0,10936000000.0,3702000000.0,7234000000.0,12892721668.0,156000000.0,25000000.0,-214000000.0,9000000.0,-87000000.0,-362000000.0,-141000000.0,25000000.0,659000000.0,0.0,216000000.0,216000000.0,216000000.0,0.0,23000000.0,0.121,876000000.0,-59000000.0,2996000000.0,0.404,3.968,11.774,11.996,2721000000.0,0.0,41.745,0.98,0.98,2830000000.0,9288000000.0,1785000000.0,1785000000.0,107000000.0,,,,,34000000.0,690000000.0,1.0,308844692.0,308844692,,5.78,10597000000.0,473000000.0,-80000000.0,272000000.0,34.312,2992000000.0
40,PPG,MRQ,2011-09-30,2011-09-30,2011-09-30,2021-10-21,-1464000000.0,14543000000.0,,6940000000.0,7603000000.0,,11.624,-101000000.0,1301000000.0,1301000000.0,2353000000.0,342000000.0,1.832,2.905,3692000000.0,102000000.0,3590000000.0,3692000000.0,0.0,116000000.0,0.0,0.032,0.285,482000000.0,598000000.0,0.155,598000000.0,482000000.0,431000000.0,0.99,0.98,0.99,3662000000.0,,3662000000.0,13872250285.0,8.0,6.399,424000000.0,1.346,1.0,1496000000.0,0.389,3872000000.0,51000000.0,9274000000.0,,1737000000.0,437000000.0,37000000.0,400000000.0,10637000000.0,3788000000.0,6849000000.0,11130250285.0,319000000.0,-4000000.0,-241000000.0,-9000000.0,-90000000.0,-309000000.0,169000000.0,225000000.0,525000000.0,-66000000.0,311000000.0,311000000.0,311000000.0,0.0,31000000.0,0.081,1047000000.0,449000000.0,3105000000.0,0.288,3.039,10.268,10.376,2669000000.0,0.0,35.33,0.755,0.755,3088000000.0,9159000000.0,3849000000.0,3849000000.0,108000000.0,,,,,0.0,806000000.0,1.0,315036804.0,315036804,,12.218,10671000000.0,0.0,120000000.0,286000000.0,33.872,3152000000.0
41,PPG,MRQ,2011-06-30,2011-06-30,2011-06-30,2021-10-21,-1083000000.0,15267000000.0,,7239000000.0,8028000000.0,,12.817,-80000000.0,982000000.0,982000000.0,2417000000.0,372000000.0,1.846,2.708,3724000000.0,111000000.0,3613000000.0,3724000000.0,0.0,119000000.0,0.0,0.024,0.285,523000000.0,642000000.0,0.161,642000000.0,523000000.0,468000000.0,1.075,1.06,1.075,4054000000.0,,4054000000.0,17651632246.0,11.0,8.454,328000000.0,1.037,1.0,1569000000.0,0.394,4151000000.0,55000000.0,9936000000.0,,1821000000.0,668000000.0,263000000.0,405000000.0,10979000000.0,3922000000.0,7057000000.0,14358632246.0,186000000.0,36000000.0,-76000000.0,-387000000.0,-89000000.0,-608000000.0,370000000.0,414000000.0,408000000.0,16000000.0,340000000.0,340000000.0,340000000.0,0.0,32000000.0,0.085,1075000000.0,494000000.0,3199000000.0,0.265,3.542,13.873,14.142,2759000000.0,0.0,45.395,1.0,1.0,3345000000.0,8938000000.0,3986000000.0,3986000000.0,110000000.0,,,,,0.0,829000000.0,1.0,316304268.0,316304268,,12.602,11116000000.0,0.0,128000000.0,305000000.0,35.143,3317000000.0
42,PPG,MRQ,2011-03-31,2011-03-31,2011-03-31,2021-10-21,-1187000000.0,15103000000.0,,7084000000.0,8019000000.0,,11.726,-54000000.0,796000000.0,796000000.0,2127000000.0,259000000.0,1.89,2.95,4089000000.0,96000000.0,3993000000.0,4089000000.0,0.0,117000000.0,0.0,0.023,0.275,373000000.0,490000000.0,0.139,490000000.0,373000000.0,320000000.0,0.71,0.7,0.71,3766000000.0,,3766000000.0,18019692019.0,12.0,9.055,-210000000.0,-0.654,1.0,1406000000.0,0.398,4097000000.0,53000000.0,10550000000.0,,1755000000.0,1141000000.0,587000000.0,554000000.0,11108000000.0,3749000000.0,7359000000.0,15289692019.0,-545000000.0,-10000000.0,-246000000.0,-4000000.0,-89000000.0,-353000000.0,-45000000.0,50000000.0,-156000000.0,9000000.0,228000000.0,228000000.0,228000000.0,0.0,31000000.0,0.065,1052000000.0,354000000.0,3045000000.0,0.387,4.06,15.811,16.11,2696000000.0,0.0,47.605,1.106,1.106,3126000000.0,8687000000.0,3533000000.0,3533000000.0,103000000.0,,,,,0.0,797000000.0,1.0,321178280.0,321178280,,11.0,11006000000.0,0.0,92000000.0,302000000.0,34.268,3335000000.0
43,PPG,MRQ,2010-12-31,2010-12-31,2010-12-31,2021-10-21,-1411000000.0,14975000000.0,,7058000000.0,7917000000.0,,11.158,-149000000.0,1341000000.0,1341000000.0,2086000000.0,228000000.0,1.947,3.063,4071000000.0,28000000.0,4043000000.0,4071000000.0,0.0,118000000.0,0.0,0.026,0.275,320000000.0,438000000.0,0.13,438000000.0,320000000.0,268000000.0,0.63,0.62,0.63,3638000000.0,,3638000000.0,15910028852.0,12.0,8.633,463000000.0,1.42,1.0,1293000000.0,0.383,3987000000.0,52000000.0,10093000000.0,,1573000000.0,1187000000.0,637000000.0,550000000.0,11142000000.0,3625000000.0,7517000000.0,13705028852.0,411000000.0,-16000000.0,-234000000.0,934000000.0,-90000000.0,590000000.0,-797000000.0,-624000000.0,612000000.0,6000000.0,205000000.0,205000000.0,205000000.0,0.0,23000000.0,0.061,832000000.0,461000000.0,3002000000.0,0.437,3.767,17.822,18.002,2686000000.0,0.0,42.035,1.021,1.021,2778000000.0,8548000000.0,3379000000.0,3379000000.0,104000000.0,,,,,0.0,768000000.0,1.0,326038512.0,326038512,,10.364,10988000000.0,451000000.0,63000000.0,293000000.0,33.702,3433000000.0
44,PPG,MRQ,2010-09-30,2010-09-30,2010-09-30,2021-10-21,-1280000000.0,14120000000.0,,6305000000.0,7815000000.0,,11.729,-65000000.0,930000000.0,930000000.0,2108000000.0,292000000.0,1.79,2.586,3135000000.0,69000000.0,3066000000.0,3135000000.0,0.0,116000000.0,0.0,0.03,0.275,402000000.0,518000000.0,0.15,518000000.0,402000000.0,356000000.0,0.795,0.79,0.795,3874000000.0,,3874000000.0,14314906823.0,11.0,6.775,266000000.0,0.805,1.0,1352000000.0,0.391,4022000000.0,46000000.0,8780000000.0,,1638000000.0,536000000.0,0.0,536000000.0,10018000000.0,3523000000.0,6495000000.0,12022906823.0,146000000.0,0.0,-143000000.0,7000000.0,-90000000.0,-218000000.0,-5000000.0,0.0,331000000.0,38000000.0,262000000.0,262000000.0,262000000.0,0.0,30000000.0,0.076,983000000.0,369000000.0,2860000000.0,0.346,3.103,17.03,17.049,2620000000.0,0.0,36.4,0.914,0.914,2958000000.0,8433000000.0,3460000000.0,3460000000.0,97000000.0,,,,,0.0,739000000.0,1.0,330299638.0,330299638,,10.475,10098000000.0,0.0,94000000.0,316000000.0,30.572,2782000000.0
45,PPG,MRQ,2010-06-30,2010-06-30,2010-06-30,2021-10-21,-1603000000.0,13366000000.0,,5886000000.0,7480000000.0,,10.371,-48000000.0,784000000.0,784000000.0,2076000000.0,301000000.0,1.745,2.819,3076000000.0,59000000.0,3017000000.0,3076000000.0,0.0,115000000.0,0.0,0.036,0.27,429000000.0,544000000.0,0.157,544000000.0,429000000.0,383000000.0,0.82,0.815,0.82,3450000000.0,,3450000000.0,12521818117.0,11.0,6.622,373000000.0,1.121,1.0,1382000000.0,0.4,3764000000.0,46000000.0,8521000000.0,,1541000000.0,525000000.0,0.0,525000000.0,9727000000.0,3373000000.0,6354000000.0,10047818117.0,95000000.0,-2000000.0,-83000000.0,-50000000.0,-90000000.0,-251000000.0,-54000000.0,0.0,421000000.0,-21000000.0,272000000.0,272000000.0,272000000.0,0.0,29000000.0,0.079,977000000.0,405000000.0,2724000000.0,0.329,2.912,16.663,16.596,2533000000.0,0.0,30.205,0.777,0.777,2781000000.0,8262000000.0,3458000000.0,3458000000.0,97000000.0,,,,,0.0,745000000.0,1.0,332654134.0,332654134,,10.395,9602000000.0,0.0,111000000.0,301000000.0,28.865,2513000000.0
46,PPG,MRQ,2010-03-31,2010-03-31,2010-03-31,2021-10-21,-1353000000.0,13756000000.0,,5922000000.0,7834000000.0,,10.829,-45000000.0,689000000.0,689000000.0,1944000000.0,59000000.0,1.733,2.775,3163000000.0,112000000.0,3051000000.0,3163000000.0,0.0,121000000.0,0.0,0.033,0.27,222000000.0,343000000.0,0.11,343000000.0,222000000.0,177000000.0,0.09,0.09,0.09,3592000000.0,,3592000000.0,13136072848.0,13.0,8.079,-99000000.0,-0.298,1.0,1182000000.0,0.378,4030000000.0,45000000.0,8782000000.0,,1599000000.0,503000000.0,0.0,503000000.0,9967000000.0,3418000000.0,6549000000.0,10847072848.0,-368000000.0,-16000000.0,20000000.0,-155000000.0,-90000000.0,-225000000.0,-93000000.0,0.0,-54000000.0,4000000.0,30000000.0,30000000.0,30000000.0,0.0,29000000.0,0.01,967000000.0,215000000.0,2685000000.0,3.0,3.02,22.74,22.63,2660000000.0,0.0,32.7,0.862,0.862,2809000000.0,8080000000.0,3126000000.0,3126000000.0,96000000.0,,,,,0.0,727000000.0,1.0,331714766.0,331714766,,9.424,9726000000.0,0.0,147000000.0,319000000.0,29.32,2504000000.0
47,PPG,MRQ,2009-12-31,2009-12-31,2009-12-31,2021-10-21,-1261000000.0,14240000000.0,,5981000000.0,8259000000.0,,11.238,-87000000.0,1057000000.0,1057000000.0,1934000000.0,163000000.0,1.672,2.749,3346000000.0,272000000.0,3074000000.0,3346000000.0,0.0,480000000.0,0.0,0.036,0.27,228000000.0,708000000.0,0.227,708000000.0,228000000.0,179000000.0,0.43,0.43,0.43,3753000000.0,,3753000000.0,12414319813.0,17.0,10.345,498000000.0,1.491,1.0,1182000000.0,0.379,4200000000.0,49000000.0,8752000000.0,,1548000000.0,506000000.0,7000000.0,499000000.0,10318000000.0,3577000000.0,6741000000.0,9775319813.0,159000000.0,-2000000.0,-47000000.0,-176000000.0,-91000000.0,-362000000.0,-65000000.0,0.0,585000000.0,1000000.0,142000000.0,142000000.0,142000000.0,0.0,21000000.0,0.046,851000000.0,331000000.0,2648000000.0,0.628,2.605,29.093,28.696,2754000000.0,0.0,29.27,0.799,0.799,2628000000.0,8139000000.0,3116000000.0,3116000000.0,102000000.0,,,,,0.0,757000000.0,1.0,333970612.0,333970612,,9.33,10040000000.0,485000000.0,37000000.0,328000000.0,30.063,2404000000.0
48,PPG,MRQ,2009-09-30,2009-09-30,2009-09-30,2021-10-21,-1431000000.0,14569000000.0,,6248000000.0,8321000000.0,,10.727,-49000000.0,898000000.0,898000000.0,1989000000.0,185000000.0,1.615,3.062,3537000000.0,455000000.0,3082000000.0,3537000000.0,0.0,0.0,0.0,0.036,0.265,296000000.0,296000000.0,0.092,296000000.0,296000000.0,249000000.0,0.48,0.48,0.48,3538000000.0,,3538000000.0,12749421403.0,19.0,10.34,605000000.0,1.834,1.0,1236000000.0,0.383,4254000000.0,47000000.0,9085000000.0,,1656000000.0,506000000.0,0.0,506000000.0,10835000000.0,3869000000.0,6966000000.0,9599421403.0,-154000000.0,-3000000.0,0.0,-717000000.0,-88000000.0,-824000000.0,-6000000.0,0.0,654000000.0,22000000.0,159000000.0,159000000.0,159000000.0,0.0,26000000.0,0.049,970000000.0,266000000.0,2720000000.0,0.552,2.713,36.224,36.381,2765000000.0,0.0,29.105,0.78,0.78,2853000000.0,8088000000.0,3225000000.0,3225000000.0,95000000.0,,,,,0.0,732000000.0,1.0,329820354.0,329820354,,9.778,10315000000.0,0.0,90000000.0,336000000.0,31.275,2379000000.0
49,PPG,MRQ,2009-06-30,2009-06-30,2009-06-30,2021-10-21,-1613000000.0,14565000000.0,,6422000000.0,8143000000.0,,9.65,-52000000.0,1052000000.0,1052000000.0,1898000000.0,169000000.0,1.566,3.527,4202000000.0,896000000.0,3306000000.0,4202000000.0,0.0,0.0,0.0,0.048,0.265,279000000.0,279000000.0,0.09,279000000.0,279000000.0,230000000.0,0.445,0.445,0.445,3175000000.0,,3175000000.0,10545699523.0,17.0,8.929,345000000.0,1.049,1.0,1217000000.0,0.391,4142000000.0,49000000.0,9471000000.0,,1672000000.0,499000000.0,0.0,499000000.0,11197000000.0,4102000000.0,7095000000.0,7221699523.0,521000000.0,-10000000.0,0.0,240000000.0,-87000000.0,143000000.0,-44000000.0,0.0,397000000.0,25000000.0,146000000.0,146000000.0,146000000.0,0.0,23000000.0,0.047,962000000.0,255000000.0,2513000000.0,0.596,2.275,32.384,32.519,2745000000.0,0.0,21.95,0.543,0.543,2847000000.0,8017000000.0,3115000000.0,3115000000.0,97000000.0,,,,,0.0,731000000.0,1.0,329006812.0,329006812,,9.468,10423000000.0,0.0,84000000.0,293000000.0,31.68,2320000000.0
50,PPG,MRQ,2009-03-31,2009-03-31,2009-03-31,2021-10-21,-1877000000.0,13603000000.0,,5770000000.0,7833000000.0,,8.616,-51000000.0,531000000.0,531000000.0,1718000000.0,-91000000.0,1.453,3.746,3855000000.0,869000000.0,2986000000.0,3855000000.0,0.0,0.0,0.0,0.057,0.265,-83000000.0,-83000000.0,-0.03,-83000000.0,-83000000.0,-131000000.0,-0.34,-0.34,-0.34,2830000000.0,,2830000000.0,8927212128.0,12.0,6.697,-342000000.0,-1.041,1.0,1065000000.0,0.383,3932000000.0,48000000.0,9025000000.0,,1677000000.0,493000000.0,0.0,493000000.0,10600000000.0,3970000000.0,6630000000.0,6060212128.0,-490000000.0,-11000000.0,0.0,7000000.0,-87000000.0,-80000000.0,-88000000.0,0.0,-291000000.0,-31000000.0,-111000000.0,-111000000.0,-111000000.0,0.0,20000000.0,-0.04,1135000000.0,-70000000.0,2414000000.0,-0.779,2.141,18.533,18.636,2658000000.0,0.0,18.45,0.413,0.413,2713000000.0,7958000000.0,2783000000.0,2783000000.0,94000000.0,,,,,0.0,716000000.0,1.0,328466782.0,328466782,,8.473,9671000000.0,0.0,-20000000.0,277000000.0,29.443,1800000000.0
51,PPG,MRQ,2008-12-31,2008-12-31,2008-12-31,2021-10-21,-1628000000.0,14698000000.0,,6348000000.0,8350000000.0,,10.149,-148000000.0,1021000000.0,1021000000.0,2029000000.0,82000000.0,1.508,3.363,3912000000.0,903000000.0,3009000000.0,3912000000.0,0.0,563000000.0,0.0,0.049,0.265,178000000.0,741000000.0,0.232,741000000.0,178000000.0,117000000.0,0.215,0.215,0.215,3333000000.0,,3333000000.0,10356469802.0,10.0,6.319,421000000.0,1.282,1.0,1159000000.0,0.364,4113000000.0,61000000.0,9266000000.0,,1702000000.0,509000000.0,0.0,509000000.0,11209000000.0,4210000000.0,6999000000.0,6967469802.0,505000000.0,-43000000.0,-1000000.0,-12000000.0,-87000000.0,-121000000.0,66000000.0,0.0,569000000.0,-9000000.0,71000000.0,71000000.0,71000000.0,0.0,11000000.0,0.022,827000000.0,332000000.0,2724000000.0,1.233,2.09,12.951,12.976,2798000000.0,0.0,21.215,0.44,0.44,2804000000.0,8156000000.0,3188000000.0,3188000000.0,107000000.0,,,,,0.0,750000000.0,1.0,328421862.0,328421862,,9.707,10585000000.0,515000000.0,46000000.0,425000000.0,32.23,2138000000.0
52,PPG,MRQ,2008-09-30,2008-09-30,2008-09-30,2021-10-21,-766000000.0,15046000000.0,,6579000000.0,8467000000.0,,12.807,-89000000.0,558000000.0,558000000.0,2701000000.0,138000000.0,1.472,2.539,3947000000.0,726000000.0,3221000000.0,3947000000.0,0.0,0.0,0.0,0.036,0.26,244000000.0,244000000.0,0.058,244000000.0,244000000.0,182000000.0,0.355,0.35,0.355,4204000000.0,,4204000000.0,13549643562.0,11.0,8.405,377000000.0,1.149,1.0,1524000000.0,0.361,4272000000.0,62000000.0,9694000000.0,,1818000000.0,571000000.0,0.0,571000000.0,10676000000.0,4469000000.0,6207000000.0,9571643562.0,250000000.0,179000000.0,5000000.0,-163000000.0,-85000000.0,-258000000.0,63000000.0,0.0,466000000.0,-21000000.0,117000000.0,117000000.0,117000000.0,0.0,21000000.0,0.028,1321000000.0,203000000.0,3128000000.0,0.732,2.277,14.35,14.365,2833000000.0,0.0,29.16,0.607,0.607,3453000000.0,8172000000.0,4225000000.0,4225000000.0,114000000.0,,,,,0.0,877000000.0,1.0,328245664.0,328245664,,12.871,10774000000.0,0.0,65000000.0,495000000.0,32.823,2110000000.0
53,PPG,MRQ,2008-06-30,2008-06-30,2008-06-30,2021-10-21,-300000000.0,16207000000.0,,7091000000.0,9116000000.0,,14.089,-84000000.0,278000000.0,278000000.0,2829000000.0,278000000.0,1.494,2.463,4256000000.0,816000000.0,3440000000.0,4256000000.0,0.0,0.0,0.0,0.036,0.26,431000000.0,431000000.0,0.096,431000000.0,431000000.0,366000000.0,0.76,0.755,0.76,4624000000.0,,4624000000.0,13548212763.0,11.0,8.036,269000000.0,0.82,1.0,1645000000.0,0.368,4599000000.0,65000000.0,10841000000.0,,2124000000.0,395000000.0,0.0,395000000.0,11389000000.0,4745000000.0,6644000000.0,9414212763.0,-32000000.0,-13000000.0,2000000.0,-178000000.0,-86000000.0,-305000000.0,-82000000.0,0.0,353000000.0,2000000.0,250000000.0,250000000.0,250000000.0,0.0,28000000.0,0.056,1233000000.0,412000000.0,3316000000.0,0.342,2.036,12.705,12.721,3363000000.0,0.0,28.685,0.644,0.644,3907000000.0,8141000000.0,4474000000.0,4474000000.0,118000000.0,,,,,0.0,936000000.0,1.0,328192880.0,328192880,,13.632,11608000000.0,0.0,116000000.0,618000000.0,35.369,2346000000.0
54,PPG,MRQ,2008-03-31,2008-03-31,2008-03-31,2021-10-21,-378000000.0,15899000000.0,,6949000000.0,8950000000.0,,13.35,-62000000.0,310000000.0,310000000.0,2596000000.0,126000000.0,1.547,2.594,4444000000.0,805000000.0,3639000000.0,4444000000.0,0.0,0.0,0.0,0.034,0.26,221000000.0,221000000.0,0.056,221000000.0,221000000.0,157000000.0,0.305,0.305,0.305,4374000000.0,,4374000000.0,10700866437.0,9.0,6.478,-13000000.0,-0.04,1.0,1366000000.0,0.345,4573000000.0,64000000.0,10968000000.0,,1977000000.0,382000000.0,0.0,382000000.0,11346000000.0,4492000000.0,6854000000.0,9912866437.0,-228000000.0,-1571000000.0,0.0,-328000000.0,-85000000.0,-373000000.0,78000000.0,0.0,49000000.0,18000000.0,100000000.0,100000000.0,100000000.0,0.0,26000000.0,0.025,1153000000.0,213000000.0,3003000000.0,0.852,2.266,13.396,13.447,3253000000.0,0.0,30.255,0.746,0.746,3433000000.0,7976000000.0,3962000000.0,3962000000.0,112000000.0,,,,,0.0,871000000.0,1.0,327643908.0,327643908,,12.092,11326000000.0,0.0,57000000.0,616000000.0,34.568,2457000000.0
55,PPG,MRQ,2007-12-31,2007-12-31,2007-12-31,2021-10-21,-582000000.0,12629000000.0,,6941000000.0,5688000000.0,,12.675,-110000000.0,2232000000.0,2232000000.0,2017000000.0,276000000.0,1.498,2.004,3020000000.0,1819000000.0,1201000000.0,3020000000.0,0.0,403000000.0,0.0,0.029,0.26,313000000.0,716000000.0,0.231,716000000.0,313000000.0,287000000.0,0.61,0.605,0.61,4151000000.0,,4151000000.0,12631715556.0,10.0,7.374,406000000.0,1.24,1.0,1087000000.0,0.35,2121000000.0,26000000.0,6664000000.0,,1532000000.0,370000000.0,0.0,370000000.0,8317000000.0,4632000000.0,3685000000.0,11499715556.0,299000000.0,-21000000.0,3000000.0,1646000000.0,-85000000.0,1503000000.0,-1721000000.0,0.0,516000000.0,1000000.0,200000000.0,200000000.0,200000000.0,1000000.0,76000000.0,0.064,655000000.0,432000000.0,2220000000.0,0.426,2.77,13.789,13.852,2578000000.0,0.0,35.115,0.941,0.941,2522000000.0,7963000000.0,3104000000.0,3104000000.0,92000000.0,,,,,0.0,614000000.0,1.0,327487272.0,327487272,,9.478,10508000000.0,418000000.0,87000000.0,164000000.0,32.087,2309000000.0
56,PPG,MRQ,2007-09-30,2007-09-30,2007-09-30,2021-10-21,-596000000.0,10907000000.0,,5416000000.0,5491000000.0,,12.2,-73000000.0,227000000.0,227000000.0,1947000000.0,191000000.0,1.786,1.69,1359000000.0,178000000.0,1181000000.0,1359000000.0,0.0,0.0,0.0,0.026,0.26,318000000.0,318000000.0,0.103,318000000.0,318000000.0,296000000.0,0.58,0.575,0.58,4003000000.0,,4003000000.0,13564129053.0,11.0,8.231,249000000.0,0.759,1.0,1126000000.0,0.366,2091000000.0,22000000.0,6916000000.0,,1385000000.0,357000000.0,0.0,357000000.0,6764000000.0,3032000000.0,3732000000.0,12394129053.0,46000000.0,-40000000.0,-45000000.0,-40000000.0,-85000000.0,-170000000.0,-112000000.0,0.0,322000000.0,6000000.0,191000000.0,191000000.0,191000000.0,22000000.0,0.0,0.062,804000000.0,322000000.0,2111000000.0,0.448,3.096,15.669,15.74,2391000000.0,0.0,37.775,0.997,0.997,2497000000.0,7848000000.0,3073000000.0,3073000000.0,86000000.0,,,,,0.0,595000000.0,1.0,328104012.0,328104012,,9.366,8816000000.0,0.0,105000000.0,156000000.0,26.87,2384000000.0
57,PPG,MRQ,2007-06-30,2007-06-30,2007-06-30,2021-10-21,-832000000.0,10684000000.0,,4951000000.0,5733000000.0,,11.223,-92000000.0,197000000.0,197000000.0,2001000000.0,249000000.0,1.672,1.849,1367000000.0,216000000.0,1151000000.0,1367000000.0,0.0,0.0,0.0,0.026,0.25,397000000.0,397000000.0,0.126,397000000.0,397000000.0,374000000.0,0.755,0.75,0.755,3685000000.0,,3685000000.0,13777199419.0,13.0,9.462,233000000.0,0.71,1.0,1154000000.0,0.366,2103000000.0,23000000.0,6789000000.0,,1480000000.0,374000000.0,0.0,374000000.0,6815000000.0,2962000000.0,3853000000.0,12495199419.0,13000000.0,-24000000.0,-32000000.0,-96000000.0,-83000000.0,-201000000.0,-114000000.0,0.0,325000000.0,3000000.0,249000000.0,249000000.0,249000000.0,1000000.0,0.0,0.079,773000000.0,381000000.0,2145000000.0,0.331,3.391,18.109,18.208,2535000000.0,0.0,38.055,1.053,1.053,2583000000.0,7742000000.0,3155000000.0,3155000000.0,87000000.0,,,,,0.0,564000000.0,1.0,328345800.0,328345800,,9.609,8581000000.0,0.0,125000000.0,146000000.0,26.134,1989000000.0
58,PPG,MRQ,2007-03-31,2007-03-31,2007-03-31,2021-10-21,-923000000.0,10345000000.0,,4729000000.0,5616000000.0,,10.477,-89000000.0,182000000.0,182000000.0,1677000000.0,194000000.0,1.604,1.963,1464000000.0,306000000.0,1158000000.0,1464000000.0,0.0,0.0,0.0,0.028,0.25,273000000.0,273000000.0,0.104,273000000.0,273000000.0,251000000.0,0.59,0.585,0.59,3436000000.0,,3436000000.0,12369215277.0,11.0,8.432,-189000000.0,-0.576,1.0,955000000.0,0.363,2092000000.0,22000000.0,6586000000.0,,1459000000.0,356000000.0,0.0,356000000.0,6744000000.0,2949000000.0,3795000000.0,11529215277.0,-275000000.0,-148000000.0,-6000000.0,163000000.0,-82000000.0,84000000.0,-260000000.0,0.0,-100000000.0,1000000.0,194000000.0,194000000.0,194000000.0,-18000000.0,0.0,0.074,707000000.0,248000000.0,2078000000.0,0.424,3.355,15.991,16.126,2512000000.0,0.0,35.155,0.999,0.999,2434000000.0,7576000000.0,2632000000.0,2632000000.0,81000000.0,,,,,0.0,502000000.0,1.0,327953784.0,327953784,,8.026,8253000000.0,0.0,57000000.0,144000000.0,25.165,1780000000.0
59,PPG,MRQ,2006-12-31,2006-12-31,2006-12-31,2021-10-21,-939000000.0,10067000000.0,,4855000000.0,5212000000.0,,9.924,-151000000.0,443000000.0,443000000.0,2400000000.0,157000000.0,1.724,2.032,1295000000.0,140000000.0,1155000000.0,1295000000.0,0.0,375000000.0,0.0,0.03,0.24,285000000.0,660000000.0,0.185,660000000.0,285000000.0,265000000.0,0.475,0.47,0.475,3280000000.0,,3280000000.0,11608477707.0,11.0,8.039,299000000.0,0.905,1.0,1177000000.0,0.329,1919000000.0,20000000.0,6184000000.0,,1203000000.0,343000000.0,0.0,343000000.0,6666000000.0,2816000000.0,3850000000.0,10611477707.0,134000000.0,-17000000.0,-83000000.0,-36000000.0,-79000000.0,-191000000.0,-132000000.0,0.0,450000000.0,7000000.0,157000000.0,157000000.0,157000000.0,47000000.0,0.0,0.044,733000000.0,444000000.0,1991000000.0,0.505,3.235,14.925,14.967,2307000000.0,0.0,32.105,0.97,0.97,2016000000.0,7453000000.0,3577000000.0,3577000000.0,92000000.0,,,,,0.0,633000000.0,1.0,330524146.0,330524146,,10.822,8148000000.0,392000000.0,108000000.0,136000000.0,24.652,2039000000.0
60,PPG,MRQ,2006-09-30,2006-09-30,2006-09-30,2021-10-21,-726000000.0,9773000000.0,,4547000000.0,5226000000.0,,10.543,-67000000.0,316000000.0,316000000.0,1575000000.0,90000000.0,1.651,1.769,1313000000.0,118000000.0,1195000000.0,1313000000.0,0.0,0.0,0.0,0.028,0.24,126000000.0,126000000.0,0.05,126000000.0,126000000.0,104000000.0,0.27,0.27,0.27,3483000000.0,,3483000000.0,11995865279.0,12.0,9.27,265000000.0,0.802,1.0,929000000.0,0.371,1947000000.0,22000000.0,6069000000.0,,1377000000.0,336000000.0,0.0,336000000.0,6160000000.0,2754000000.0,3406000000.0,11079865279.0,-113000000.0,-247000000.0,4000000.0,-28000000.0,-80000000.0,-104000000.0,-341000000.0,0.0,332000000.0,0.0,90000000.0,90000000.0,90000000.0,-20000000.0,0.0,0.036,844000000.0,85000000.0,2075000000.0,0.889,3.181,16.611,16.687,2412000000.0,0.0,33.54,1.192,1.192,2240000000.0,7375000000.0,2504000000.0,2504000000.0,76000000.0,,,,,0.0,462000000.0,1.0,330347802.0,330347802,,7.58,7826000000.0,0.0,14000000.0,156000000.0,23.69,1793000000.0
61,PPG,MRQ,2006-06-30,2006-06-30,2006-06-30,2021-10-21,-706000000.0,9502000000.0,,4517000000.0,4985000000.0,,10.496,-72000000.0,419000000.0,419000000.0,1747000000.0,280000000.0,1.712,1.696,1335000000.0,139000000.0,1196000000.0,1335000000.0,0.0,0.0,0.0,0.029,0.24,408000000.0,408000000.0,0.144,408000000.0,408000000.0,387000000.0,0.845,0.84,0.845,3477000000.0,,3477000000.0,11775689758.0,11.0,8.275,226000000.0,0.682,1.0,1077000000.0,0.381,1797000000.0,21000000.0,5983000000.0,,1273000000.0,341000000.0,0.0,341000000.0,5896000000.0,2638000000.0,3258000000.0,10931689758.0,3000000.0,-121000000.0,-27000000.0,-18000000.0,-79000000.0,-124000000.0,-182000000.0,0.0,298000000.0,11000000.0,280000000.0,280000000.0,280000000.0,0.0,0.0,0.099,678000000.0,399000000.0,1939000000.0,0.284,3.144,14.893,14.966,2364000000.0,0.0,33.0,1.17,1.17,2248000000.0,7364000000.0,2824000000.0,2824000000.0,78000000.0,,,,,0.0,495000000.0,1.0,331263326.0,331263326,,8.525,7705000000.0,0.0,107000000.0,122000000.0,23.259,1879000000.0
62,PPG,MRQ,2006-03-31,2006-03-31,2006-03-31,2021-10-21,-786000000.0,8918000000.0,,4174000000.0,4744000000.0,,9.72,-79000000.0,416000000.0,416000000.0,1691000000.0,184000000.0,1.781,1.735,1260000000.0,86000000.0,1174000000.0,1260000000.0,0.0,0.0,0.0,0.03,0.235,270000000.0,270000000.0,0.102,270000000.0,270000000.0,250000000.0,0.555,0.555,0.555,3214000000.0,,3214000000.0,11277845360.0,11.0,8.19,-44000000.0,-0.133,1.0,947000000.0,0.359,1665000000.0,20000000.0,5753000000.0,,1195000000.0,351000000.0,0.0,351000000.0,5577000000.0,2344000000.0,3233000000.0,10473845360.0,-50000000.0,-17000000.0,8000000.0,-17000000.0,-78000000.0,-82000000.0,-7000000.0,0.0,35000000.0,4000000.0,184000000.0,184000000.0,184000000.0,0.0,0.0,0.07,693000000.0,254000000.0,1778000000.0,0.423,3.259,15.29,15.565,2283000000.0,0.0,31.675,1.142,1.142,2038000000.0,7163000000.0,2638000000.0,2638000000.0,75000000.0,,,,,0.0,460000000.0,1.0,330665994.0,330665994,,7.978,7253000000.0,0.0,66000000.0,92000000.0,21.935,1830000000.0
63,PPG,MRQ,2005-12-31,2005-12-31,2005-12-31,2021-10-21,-819000000.0,8681000000.0,,4019000000.0,4662000000.0,,9.139,-67000000.0,466000000.0,466000000.0,775000000.0,113000000.0,1.711,1.808,1270000000.0,101000000.0,1169000000.0,1270000000.0,0.0,325000000.0,0.0,0.032,0.235,165000000.0,490000000.0,0.368,490000000.0,165000000.0,146000000.0,0.34,0.34,0.34,3053000000.0,,3053000000.0,10434891092.0,11.0,8.301,288000000.0,0.862,1.0,557000000.0,0.418,1654000000.0,19000000.0,5482000000.0,,1119000000.0,311000000.0,0.0,311000000.0,5520000000.0,2349000000.0,3171000000.0,9670891092.0,-17000000.0,-58000000.0,-106000000.0,24000000.0,-78000000.0,-155000000.0,-213000000.0,0.0,355000000.0,-4000000.0,113000000.0,113000000.0,113000000.0,-38000000.0,0.0,0.085,329000000.0,228000000.0,1776000000.0,0.691,3.168,16.226,16.496,2304000000.0,0.0,28.95,1.071,1.071,1871000000.0,7057000000.0,1332000000.0,1332000000.0,64000000.0,,,,,0.0,280000000.0,1.0,334054960.0,334054960,,3.987,7027000000.0,345000000.0,33000000.0,90000000.0,21.035,1670000000.0
64,PPG,MRQ,2005-09-30,2005-09-30,2005-09-30,2021-10-21,-613000000.0,8794000000.0,,4073000000.0,4721000000.0,,9.765,-64000000.0,489000000.0,489000000.0,1614000000.0,157000000.0,1.744,1.611,1253000000.0,72000000.0,1181000000.0,1253000000.0,0.0,0.0,0.0,0.031,0.235,255000000.0,255000000.0,0.1,255000000.0,255000000.0,234000000.0,0.465,0.46,0.465,3318000000.0,,3318000000.0,10938094698.0,10.0,7.649,382000000.0,1.124,1.0,933000000.0,0.366,1650000000.0,21000000.0,5573000000.0,,1116000000.0,332000000.0,0.0,332000000.0,5346000000.0,2335000000.0,3011000000.0,10056094698.0,19000000.0,-8000000.0,-187000000.0,-95000000.0,-79000000.0,-361000000.0,-67000000.0,0.0,446000000.0,1000000.0,157000000.0,157000000.0,157000000.0,0.0,0.0,0.062,684000000.0,249000000.0,1789000000.0,0.505,3.031,15.099,15.177,2336000000.0,0.0,29.595,0.995,0.995,1968000000.0,7021000000.0,2547000000.0,2547000000.0,77000000.0,,,,,0.0,437000000.0,1.0,339790326.0,339790326,,7.496,7144000000.0,0.0,77000000.0,128000000.0,21.025,1738000000.0
65,PPG,MRQ,2005-06-30,2005-06-30,2005-06-30,2021-10-21,-620000000.0,8790000000.0,,4057000000.0,4733000000.0,,9.941,-61000000.0,470000000.0,470000000.0,1650000000.0,231000000.0,1.817,1.54,1352000000.0,164000000.0,1188000000.0,1352000000.0,0.0,0.0,0.0,0.029,0.235,362000000.0,362000000.0,0.136,362000000.0,362000000.0,342000000.0,0.675,0.67,0.675,3413000000.0,,3413000000.0,11394477183.0,11.0,7.736,69000000.0,0.201,1.0,1006000000.0,0.379,1654000000.0,20000000.0,5785000000.0,,1105000000.0,322000000.0,0.0,322000000.0,5256000000.0,2233000000.0,3023000000.0,10773477183.0,-170000000.0,-25000000.0,-189000000.0,29000000.0,-81000000.0,-241000000.0,-39000000.0,38000000.0,130000000.0,-20000000.0,231000000.0,231000000.0,231000000.0,0.0,0.0,0.087,626000000.0,380000000.0,1590000000.0,0.348,3.157,15.325,15.307,2356000000.0,0.0,31.38,1.081,1.081,1987000000.0,6944000000.0,2656000000.0,2656000000.0,76000000.0,,,,,0.0,461000000.0,1.0,343323046.0,343323046,,7.736,7136000000.0,0.0,111000000.0,131000000.0,20.785,1824000000.0
66,PPG,MRQ,2005-03-31,2005-03-31,2005-03-31,2021-10-21,-514000000.0,9022000000.0,,4209000000.0,4813000000.0,,10.306,-69000000.0,677000000.0,677000000.0,1558000000.0,95000000.0,1.813,1.51,1298000000.0,161000000.0,1137000000.0,1298000000.0,0.0,0.0,0.0,0.025,0.225,150000000.0,150000000.0,0.06,150000000.0,150000000.0,129000000.0,0.275,0.275,0.275,3549000000.0,,3549000000.0,12955056915.0,13.0,9.11,71000000.0,0.206,1.0,935000000.0,0.375,1680000000.0,21000000.0,5642000000.0,,1130000000.0,312000000.0,0.0,312000000.0,5358000000.0,2321000000.0,3037000000.0,12314056915.0,-19000000.0,0.0,13000000.0,-40000000.0,-78000000.0,-100000000.0,-46000000.0,12000000.0,140000000.0,-13000000.0,95000000.0,95000000.0,95000000.0,0.0,0.0,0.038,769000000.0,166000000.0,1751000000.0,0.818,3.47,18.686,18.625,2412000000.0,0.0,35.76,1.264,1.264,1920000000.0,6793000000.0,2493000000.0,2493000000.0,77000000.0,,,,,0.0,450000000.0,1.0,344352822.0,344352822,,7.24,7342000000.0,0.0,34000000.0,140000000.0,21.321,1888000000.0
67,PPG,MRQ,2004-12-31,2004-12-31,2004-12-31,2021-10-21,-435000000.0,8932000000.0,,4054000000.0,4878000000.0,,10.39,-87000000.0,709000000.0,709000000.0,1526000000.0,183000000.0,1.825,1.474,1350000000.0,166000000.0,1184000000.0,1350000000.0,0.0,388000000.0,0.0,0.026,0.225,275000000.0,663000000.0,0.275,663000000.0,275000000.0,255000000.0,0.535,0.53,0.535,3572000000.0,,3572000000.0,12520256052.0,11.0,8.443,219000000.0,0.637,1.0,885000000.0,0.367,1713000000.0,20000000.0,5639000000.0,,1076000000.0,298000000.0,0.0,298000000.0,5264000000.0,2221000000.0,3043000000.0,11716256052.0,98000000.0,0.0,-15000000.0,-10000000.0,-77000000.0,-97000000.0,-142000000.0,-50000000.0,306000000.0,31000000.0,183000000.0,183000000.0,183000000.0,0.0,0.0,0.076,554000000.0,331000000.0,1651000000.0,0.421,3.28,17.154,17.126,2471000000.0,0.0,34.08,1.232,1.232,1797000000.0,6776000000.0,2411000000.0,2411000000.0,79000000.0,,,,,0.0,444000000.0,1.0,343786856.0,343786856,,7.013,7219000000.0,306000000.0,72000000.0,145000000.0,20.998,1833000000.0
68,PPG,MRQ,2004-09-30,2004-09-30,2004-09-30,2021-10-21,-647000000.0,8599000000.0,,3831000000.0,4768000000.0,,9.475,-47000000.0,561000000.0,561000000.0,1516000000.0,194000000.0,1.724,1.607,1365000000.0,165000000.0,1200000000.0,1365000000.0,0.0,0.0,0.0,0.029,0.225,298000000.0,298000000.0,0.124,298000000.0,298000000.0,276000000.0,0.565,0.56,0.565,3255000000.0,,3255000000.0,11585706560.0,11.0,8.153,314000000.0,0.914,1.0,893000000.0,0.371,1660000000.0,22000000.0,5521000000.0,,1010000000.0,281000000.0,0.0,281000000.0,5230000000.0,2222000000.0,3008000000.0,10525706560.0,132000000.0,-2000000.0,7000000.0,-293000000.0,-77000000.0,-363000000.0,122000000.0,154000000.0,361000000.0,12000000.0,194000000.0,194000000.0,194000000.0,0.0,0.0,0.081,598000000.0,295000000.0,1663000000.0,0.398,3.234,16.922,16.882,2420000000.0,0.0,30.64,1.135,1.135,1809000000.0,6670000000.0,2409000000.0,2409000000.0,74000000.0,,,,,0.0,422000000.0,1.0,343528282.0,343528282,,7.013,6939000000.0,0.0,82000000.0,102000000.0,20.199,1609000000.0
69,PPG,MRQ,2004-06-30,2004-06-30,2004-06-30,2021-10-21,-707000000.0,8648000000.0,,3890000000.0,4758000000.0,,8.917,-57000000.0,583000000.0,583000000.0,1519000000.0,187000000.0,1.631,1.788,1643000000.0,348000000.0,1295000000.0,1643000000.0,0.0,0.0,0.0,0.028,0.225,311000000.0,311000000.0,0.128,311000000.0,311000000.0,286000000.0,0.545,0.54,0.545,3060000000.0,,3060000000.0,11931814548.0,12.0,8.671,164000000.0,0.478,1.0,910000000.0,0.375,1651000000.0,25000000.0,5672000000.0,,1025000000.0,278000000.0,0.0,278000000.0,5472000000.0,2385000000.0,3087000000.0,10721814548.0,33000000.0,-3000000.0,15000000.0,-5000000.0,-78000000.0,-68000000.0,-117000000.0,-84000000.0,221000000.0,-3000000.0,187000000.0,187000000.0,187000000.0,0.0,0.0,0.077,605000000.0,305000000.0,1641000000.0,0.413,3.504,18.81,18.766,2453000000.0,0.0,31.245,1.182,1.182,1845000000.0,6545000000.0,2429000000.0,2429000000.0,74000000.0,,,,,0.0,423000000.0,1.0,343152970.0,343152970,,7.078,6997000000.0,0.0,99000000.0,97000000.0,20.39,1505000000.0
70,PPG,MRQ,2004-03-31,2004-03-31,2004-03-31,2021-10-21,-668000000.0,8607000000.0,,3705000000.0,4902000000.0,,8.678,-53000000.0,466000000.0,466000000.0,1438000000.0,119000000.0,1.653,1.857,1676000000.0,347000000.0,1329000000.0,1676000000.0,0.0,0.0,0.0,0.03,0.22,211000000.0,211000000.0,0.093,211000000.0,211000000.0,188000000.0,0.345,0.345,0.345,2972000000.0,,2972000000.0,11149780476.0,12.0,8.333,77000000.0,0.225,1.0,826000000.0,0.365,1674000000.0,23000000.0,5902000000.0,,1044000000.0,278000000.0,0.0,278000000.0,5519000000.0,2241000000.0,3278000000.0,9982780476.0,-103000000.0,-62000000.0,14000000.0,-4000000.0,-75000000.0,-57000000.0,-173000000.0,-70000000.0,130000000.0,-3000000.0,119000000.0,119000000.0,119000000.0,0.0,0.0,0.053,604000000.0,222000000.0,1594000000.0,0.638,3.359,18.659,18.567,2512000000.0,0.0,29.15,1.116,1.116,1794000000.0,6439000000.0,2264000000.0,2264000000.0,76000000.0,,,,,0.0,426000000.0,1.0,342462452.0,342462452,,6.611,6933000000.0,0.0,69000000.0,99000000.0,20.245,1464000000.0
71,PPG,MRQ,2003-12-31,2003-12-31,2003-12-31,2021-10-21,-642000000.0,8424000000.0,,3537000000.0,4887000000.0,,8.565,-71000000.0,499000000.0,499000000.0,1364000000.0,122000000.0,1.654,1.847,1666000000.0,327000000.0,1339000000.0,1666000000.0,0.0,394000000.0,0.0,0.027,0.22,207000000.0,601000000.0,0.276,601000000.0,207000000.0,181000000.0,0.36,0.355,0.36,2911000000.0,,2911000000.0,12336671163.0,14.0,9.578,282000000.0,0.83,1.0,811000000.0,0.373,1652000000.0,26000000.0,5800000000.0,,997000000.0,265000000.0,0.0,265000000.0,5376000000.0,2139000000.0,3237000000.0,10878671163.0,216000000.0,-3000000.0,50000000.0,-69000000.0,-75000000.0,-87000000.0,-62000000.0,0.0,353000000.0,12000000.0,122000000.0,122000000.0,122000000.0,0.0,0.0,0.056,595000000.0,216000000.0,1504000000.0,0.611,3.737,22.022,22.0,2566000000.0,0.0,32.01,1.242,1.242,1631000000.0,6399000000.0,2175000000.0,2175000000.0,75000000.0,,,,,0.0,417000000.0,1.0,339852270.0,339852270,,6.4,6772000000.0,254000000.0,59000000.0,88000000.0,19.926,1398000000.0
72,PPG,MRQ,2003-09-30,2003-09-30,2003-09-30,2021-10-21,-921000000.0,8304000000.0,,3371000000.0,4933000000.0,,7.429,-41000000.0,283000000.0,283000000.0,1370000000.0,142000000.0,1.508,2.239,1741000000.0,385000000.0,1356000000.0,1741000000.0,0.0,0.0,0.0,0.033,0.215,253000000.0,253000000.0,0.115,253000000.0,253000000.0,228000000.0,0.415,0.415,0.415,2522000000.0,,2522000000.0,10628402951.0,12.0,8.402,317000000.0,0.934,1.0,836000000.0,0.379,1607000000.0,25000000.0,5919000000.0,,990000000.0,267000000.0,0.0,267000000.0,5646000000.0,2236000000.0,3410000000.0,8863402951.0,130000000.0,0.0,7000000.0,-155000000.0,-73000000.0,-218000000.0,-12000000.0,0.0,358000000.0,2000000.0,142000000.0,142000000.0,142000000.0,0.0,0.0,0.064,572000000.0,264000000.0,1560000000.0,0.518,3.514,19.02,18.989,2543000000.0,0.0,26.11,1.034,1.034,1689000000.0,6350000000.0,2206000000.0,2206000000.0,71000000.0,,,,,0.0,395000000.0,1.0,339463920.0,339463920,,6.498,6697000000.0,0.0,86000000.0,75000000.0,19.728,1135000000.0
73,PPG,MRQ,2003-06-30,2003-06-30,2003-06-30,2021-10-21,-933000000.0,8326000000.0,,3323000000.0,5003000000.0,,7.159,-44000000.0,153000000.0,153000000.0,1445000000.0,152000000.0,1.621,2.363,1918000000.0,234000000.0,1684000000.0,1918000000.0,0.0,0.0,0.0,0.034,0.215,273000000.0,273000000.0,0.118,273000000.0,273000000.0,245000000.0,0.45,0.445,0.45,2430000000.0,,2430000000.0,10565580267.0,12.0,8.241,255000000.0,0.751,1.0,859000000.0,0.373,1610000000.0,28000000.0,6431000000.0,,1004000000.0,276000000.0,0.0,276000000.0,5741000000.0,2050000000.0,3691000000.0,8611580267.0,76000000.0,0.0,1000000.0,-129000000.0,-73000000.0,-194000000.0,-32000000.0,0.0,299000000.0,3000000.0,152000000.0,152000000.0,152000000.0,0.0,0.0,0.066,568000000.0,291000000.0,1527000000.0,0.478,3.544,18.245,18.186,2610000000.0,0.0,25.37,1.021,1.021,1773000000.0,6282000000.0,2304000000.0,2304000000.0,72000000.0,,,,,0.0,389000000.0,1.0,339439506.0,339439506,,6.788,6716000000.0,0.0,93000000.0,71000000.0,19.786,1273000000.0
74,PPG,MRQ,2003-03-31,2003-03-31,2003-03-31,2021-10-21,-1039000000.0,8051000000.0,,3095000000.0,4956000000.0,,6.595,-61000000.0,77000000.0,77000000.0,1342000000.0,78000000.0,1.592,2.536,2031000000.0,332000000.0,1699000000.0,2031000000.0,0.0,0.0,0.0,0.037,0.215,161000000.0,161000000.0,0.078,161000000.0,161000000.0,133000000.0,0.23,0.23,0.23,2236000000.0,,2236000000.0,9575638962.0,85.0,18.739,52000000.0,0.153,1.0,729000000.0,0.352,1574000000.0,28000000.0,6487000000.0,,1004000000.0,278000000.0,0.0,278000000.0,5670000000.0,1944000000.0,3726000000.0,7641638962.0,-40000000.0,0.0,3000000.0,-32000000.0,-73000000.0,-94000000.0,-60000000.0,0.0,113000000.0,1000000.0,78000000.0,78000000.0,78000000.0,0.0,0.0,0.038,552000000.0,177000000.0,1429000000.0,0.935,3.418,-305.666,-300.533,2611000000.0,0.0,22.54,0.925,0.925,1649000000.0,6203000000.0,2071000000.0,2071000000.0,72000000.0,,,,,0.0,377000000.0,1.0,339025686.0,339025686,,6.109,6477000000.0,0.0,55000000.0,66000000.0,19.105,1151000000.0
75,PPG,MRQ,2002-12-31,2002-12-31,2002-12-31,2021-10-21,-1101000000.0,7863000000.0,,2945000000.0,4918000000.0,,6.345,-102000000.0,117000000.0,117000000.0,1261000000.0,94000000.0,1.534,2.596,2051000000.0,352000000.0,1699000000.0,2051000000.0,0.0,398000000.0,0.0,0.033,0.215,180000000.0,578000000.0,0.29,578000000.0,180000000.0,151000000.0,0.28,0.275,0.28,2150000000.0,,2150000000.0,10535154317.0,203.0,23.411,178000000.0,0.525,1.0,729000000.0,0.366,1561000000.0,29000000.0,6316000000.0,,942000000.0,262000000.0,0.0,262000000.0,5582000000.0,1920000000.0,3662000000.0,8497154317.0,-46000000.0,-10000000.0,1000000.0,-158000000.0,-72000000.0,-224000000.0,-104000000.0,0.0,280000000.0,2000000.0,94000000.0,94000000.0,94000000.0,0.0,0.0,0.047,522000000.0,207000000.0,1378000000.0,0.768,3.952,-123.147,-122.317,2632000000.0,0.0,25.075,1.053,1.053,1486000000.0,6197000000.0,1990000000.0,1990000000.0,71000000.0,,,,,0.0,366000000.0,1.0,338869564.0,338869564,,5.872,6302000000.0,219000000.0,57000000.0,64000000.0,18.597,1025000000.0
76,PPG,MRQ,2002-09-30,2002-09-30,2002-09-30,2021-10-21,-448000000.0,8582000000.0,,3050000000.0,5532000000.0,,8.187,-45000000.0,163000000.0,163000000.0,1291000000.0,148000000.0,1.475,2.047,2201000000.0,494000000.0,1707000000.0,2201000000.0,0.0,0.0,0.0,0.037,0.205,270000000.0,270000000.0,0.131,270000000.0,270000000.0,237000000.0,0.435,0.435,0.435,2773000000.0,,2773000000.0,9751192280.0,264.0,20.147,186000000.0,0.549,1.0,777000000.0,0.376,1532000000.0,33000000.0,7020000000.0,,957000000.0,252000000.0,0.0,252000000.0,5675000000.0,2068000000.0,3607000000.0,7570192280.0,27000000.0,-3000000.0,11000000.0,-132000000.0,-73000000.0,-190000000.0,-14000000.0,0.0,231000000.0,0.0,148000000.0,148000000.0,148000000.0,0.0,0.0,0.072,495000000.0,282000000.0,1392000000.0,0.471,2.73,-94.627,-93.125,2606000000.0,0.0,22.35,0.948,0.948,1559000000.0,6174000000.0,2068000000.0,2068000000.0,68000000.0,,,,,0.0,352000000.0,1.0,338711064.0,338711064,,6.105,7050000000.0,215000000.0,89000000.0,346000000.0,20.814,982000000.0
77,PPG,MRQ,2002-06-30,2002-06-30,2002-06-30,2021-10-21,-405000000.0,8753000000.0,,3094000000.0,5659000000.0,,8.073,-44000000.0,136000000.0,136000000.0,1325000000.0,-345000000.0,1.379,2.163,2317000000.0,627000000.0,1690000000.0,2317000000.0,0.0,0.0,0.0,0.027,0.21,-498000000.0,-498000000.0,-0.233,-498000000.0,-498000000.0,-531000000.0,-1.02,-1.015,-1.02,2725000000.0,,2725000000.0,12789203202.0,-305.0,31.578,269000000.0,0.797,1.0,809000000.0,0.379,1549000000.0,33000000.0,7141000000.0,,962000000.0,294000000.0,0.0,294000000.0,5894000000.0,2244000000.0,3650000000.0,10447203202.0,64000000.0,0.0,15000000.0,-163000000.0,-71000000.0,-213000000.0,-39000000.0,0.0,313000000.0,3000000.0,-345000000.0,-345000000.0,-345000000.0,0.0,0.0,-0.162,1296000000.0,-487000000.0,1411000000.0,-0.206,3.834,-77.387,-78.354,2674000000.0,0.0,30.95,1.32,1.32,1640000000.0,6099000000.0,2134000000.0,2134000000.0,68000000.0,,,,,0.0,359000000.0,1.0,337550992.0,337550992,,6.322,7204000000.0,222000000.0,-186000000.0,349000000.0,21.342,850000000.0
78,PPG,MRQ,2002-03-31,2002-03-31,2002-03-31,2021-10-21,-485000000.0,8487000000.0,,2841000000.0,5646000000.0,,9.01,-47000000.0,72000000.0,72000000.0,1189000000.0,34000000.0,1.374,1.752,2414000000.0,735000000.0,1679000000.0,2414000000.0,0.0,0.0,0.0,0.031,0.21,100000000.0,100000000.0,0.053,100000000.0,100000000.0,67000000.0,0.1,0.1,0.1,3037000000.0,,3037000000.0,11541182447.0,15.0,9.634,1000000.0,0.003,1.0,686000000.0,0.366,1506000000.0,33000000.0,7255000000.0,,948000000.0,306000000.0,0.0,306000000.0,5322000000.0,2068000000.0,3254000000.0,9254182447.0,-36000000.0,-9000000.0,5000000.0,30000000.0,-71000000.0,-28000000.0,-55000000.0,0.0,48000000.0,-1000000.0,34000000.0,34000000.0,34000000.0,0.0,0.0,0.018,588000000.0,98000000.0,1333000000.0,2.1,3.047,25.354,25.304,2695000000.0,0.0,27.455,1.165,1.165,1533000000.0,6514000000.0,1875000000.0,1875000000.0,66000000.0,,,,,0.0,342000000.0,1.0,337067290.0,337067290,,5.563,6981000000.0,0.0,33000000.0,523000000.0,20.711,773000000.0
79,PPG,MRQ,2001-12-31,2001-12-31,2001-12-31,2021-10-21,-460000000.0,8452000000.0,,2703000000.0,5749000000.0,,9.146,-68000000.0,108000000.0,108000000.0,1210000000.0,83000000.0,1.383,1.705,2395000000.0,696000000.0,1699000000.0,2395000000.0,0.0,447000000.0,0.0,0.032,0.21,165000000.0,612000000.0,0.321,612000000.0,165000000.0,133000000.0,0.245,0.245,0.245,3080000000.0,,3080000000.0,11213283678.0,14.0,8.971,226000000.0,0.671,1.0,697000000.0,0.365,1542000000.0,32000000.0,7242000000.0,,904000000.0,305000000.0,0.0,305000000.0,5250000000.0,1955000000.0,3295000000.0,8708283678.0,-51000000.0,-2000000.0,1000000.0,-246000000.0,-71000000.0,-307000000.0,-37000000.0,0.0,294000000.0,-1000000.0,83000000.0,83000000.0,83000000.0,0.0,0.0,0.044,518000000.0,179000000.0,1259000000.0,0.857,2.827,22.502,22.487,2752000000.0,0.0,25.86,1.066,1.066,1416000000.0,6551000000.0,1907000000.0,1907000000.0,66000000.0,,,,,0.0,354000000.0,1.0,336747242.0,336747242,,5.663,6910000000.0,155000000.0,50000000.0,552000000.0,20.52,748000000.0
80,PPG,MRQ,2001-09-30,2001-09-30,2001-09-30,2021-10-21,-412000000.0,8828000000.0,,2984000000.0,5844000000.0,,9.221,-97000000.0,159000000.0,159000000.0,1261000000.0,93000000.0,1.291,1.804,2664000000.0,944000000.0,1720000000.0,2664000000.0,0.0,0.0,0.0,0.036,0.21,191000000.0,191000000.0,0.096,191000000.0,191000000.0,148000000.0,0.28,0.275,0.28,3103000000.0,,3103000000.0,10398769004.0,12.0,8.036,278000000.0,0.826,1.0,738000000.0,0.369,1574000000.0,43000000.0,7447000000.0,,1006000000.0,302000000.0,0.0,302000000.0,5598000000.0,2312000000.0,3286000000.0,7697769004.0,41000000.0,0.0,-1000000.0,-187000000.0,-71000000.0,-252000000.0,-84000000.0,0.0,375000000.0,2000000.0,93000000.0,93000000.0,93000000.0,0.0,0.0,0.047,527000000.0,211000000.0,1368000000.0,0.75,2.481,17.902,17.871,2791000000.0,0.0,22.875,0.925,0.925,1534000000.0,6538000000.0,1999000000.0,1999000000.0,66000000.0,,,,,0.0,348000000.0,1.0,336514492.0,336514492,,5.94,7254000000.0,0.0,55000000.0,555000000.0,21.556,672000000.0
81,PPG,MRQ,2001-06-30,2001-06-30,2001-06-30,2021-10-21,-424000000.0,8952000000.0,,3136000000.0,5816000000.0,,9.092,-69000000.0,118000000.0,118000000.0,1342000000.0,155000000.0,1.252,1.879,2819000000.0,1116000000.0,1703000000.0,2819000000.0,0.0,0.0,0.0,0.031,0.21,295000000.0,295000000.0,0.136,295000000.0,295000000.0,249000000.0,0.46,0.46,0.46,3062000000.0,,3062000000.0,11759654472.0,12.0,8.472,272000000.0,0.808,1.0,822000000.0,0.38,1570000000.0,46000000.0,7578000000.0,,1076000000.0,302000000.0,0.0,302000000.0,5755000000.0,2505000000.0,3250000000.0,8852654472.0,40000000.0,0.0,8000000.0,-160000000.0,-70000000.0,-243000000.0,-57000000.0,0.0,341000000.0,-1000000.0,155000000.0,155000000.0,155000000.0,0.0,0.0,0.072,521000000.0,301000000.0,1389000000.0,0.457,2.891,18.178,18.317,2801000000.0,0.0,26.285,1.046,1.046,1637000000.0,6515000000.0,2164000000.0,2164000000.0,67000000.0,,,,,0.0,342000000.0,1.0,336794920.0,336794920,,6.425,7382000000.0,0.0,94000000.0,539000000.0,21.918,631000000.0
82,PPG,MRQ,2001-03-31,2001-03-31,2001-03-31,2021-10-21,-398000000.0,9061000000.0,,3161000000.0,5900000000.0,,8.96,-57000000.0,78000000.0,78000000.0,1324000000.0,56000000.0,1.189,1.963,2985000000.0,1284000000.0,1701000000.0,2985000000.0,0.0,0.0,0.0,0.035,0.21,152000000.0,152000000.0,0.072,152000000.0,152000000.0,104000000.0,0.165,0.165,0.165,3014000000.0,,3014000000.0,10612327445.0,10.0,7.2,-7000000.0,-0.021,1.0,775000000.0,0.369,1595000000.0,48000000.0,7715000000.0,,1141000000.0,331000000.0,0.0,331000000.0,5916000000.0,2658000000.0,3258000000.0,7752327445.0,-33000000.0,-8000000.0,0.0,46000000.0,-71000000.0,-14000000.0,-67000000.0,0.0,50000000.0,-2000000.0,56000000.0,56000000.0,56000000.0,0.0,0.0,0.027,631000000.0,144000000.0,1374000000.0,1.273,2.572,14.436,14.725,2849000000.0,0.0,23.045,0.904,0.904,1617000000.0,6430000000.0,2099000000.0,2099000000.0,67000000.0,,,,,0.0,351000000.0,1.0,336399542.0,336399542,,6.24,7466000000.0,0.0,48000000.0,547000000.0,22.194,503000000.0
83,PPG,MRQ,2000-12-31,2000-12-31,2000-12-31,2021-10-21,-311000000.0,9125000000.0,,3093000000.0,6032000000.0,,9.176,-228000000.0,111000000.0,111000000.0,1286000000.0,126000000.0,1.216,1.905,2971000000.0,1161000000.0,1810000000.0,2971000000.0,0.0,447000000.0,0.0,0.035,0.2,209000000.0,656000000.0,0.319,656000000.0,209000000.0,162000000.0,0.375,0.375,0.375,3097000000.0,,3097000000.0,10523948096.0,9.0,6.524,30000000.0,0.089,1.0,772000000.0,0.375,1648000000.0,47000000.0,7794000000.0,,1121000000.0,320000000.0,0.0,320000000.0,5900000000.0,2543000000.0,3357000000.0,7814948096.0,-24000000.0,-1000000.0,-125000000.0,104000000.0,-68000000.0,-76000000.0,-206000000.0,0.0,258000000.0,0.0,126000000.0,126000000.0,126000000.0,0.0,0.0,0.061,548000000.0,224000000.0,1382000000.0,0.533,2.523,12.605,12.864,2941000000.0,0.0,23.155,0.906,0.906,1563000000.0,6444000000.0,2058000000.0,2058000000.0,70000000.0,,,,,0.0,365000000.0,1.0,337505856.0,337505856,,6.098,7477000000.0,155000000.0,36000000.0,543000000.0,22.154,550000000.0
84,PPG,MRQ,2000-09-30,2000-09-30,2000-09-30,2021-10-21,-325000000.0,9029000000.0,,3143000000.0,5886000000.0,,9.023,-101000000.0,135000000.0,135000000.0,1337000000.0,150000000.0,1.278,1.834,2844000000.0,1024000000.0,1820000000.0,2844000000.0,0.0,0.0,0.0,0.04,0.2,285000000.0,285000000.0,0.133,285000000.0,285000000.0,242000000.0,0.435,0.43,0.435,3139000000.0,,3139000000.0,9601653516.0,8.0,5.708,148000000.0,0.425,1.0,807000000.0,0.376,1638000000.0,43000000.0,7640000000.0,,1070000000.0,232000000.0,0.0,232000000.0,5756000000.0,2460000000.0,3296000000.0,6903653516.0,-9000000.0,-5000000.0,-121000000.0,36000000.0,-69000000.0,-146000000.0,-112000000.0,0.0,249000000.0,0.0,150000000.0,150000000.0,150000000.0,0.0,0.0,0.07,519000000.0,288000000.0,1436000000.0,0.46,2.199,10.524,10.5,2900000000.0,0.0,19.845,0.779,0.779,1652000000.0,6385000000.0,2144000000.0,2144000000.0,72000000.0,,,,,0.0,329000000.0,1.0,347878736.0,347878736,,6.163,7391000000.0,0.0,92000000.0,480000000.0,21.246,683000000.0
85,PPG,MRQ,2000-06-30,2000-06-30,2000-06-30,2021-10-21,-270000000.0,9101000000.0,,3191000000.0,5910000000.0,,9.262,-114000000.0,144000000.0,144000000.0,1392000000.0,205000000.0,1.286,1.789,2842000000.0,1018000000.0,1824000000.0,2842000000.0,0.0,0.0,0.0,0.035,0.2,381000000.0,381000000.0,0.167,381000000.0,381000000.0,337000000.0,0.59,0.585,0.59,3226000000.0,,3226000000.0,10501439302.0,9.0,6.531,159000000.0,0.457,1.0,883000000.0,0.388,1696000000.0,44000000.0,7622000000.0,,1067000000.0,234000000.0,0.0,234000000.0,5770000000.0,2481000000.0,3289000000.0,7716439302.0,-1000000.0,-3000000.0,1000000.0,-87000000.0,-69000000.0,-169000000.0,-105000000.0,0.0,273000000.0,0.0,205000000.0,205000000.0,205000000.0,0.0,0.0,0.09,524000000.0,359000000.0,1463000000.0,0.339,2.392,12.754,12.733,2920000000.0,0.0,22.155,0.89,0.89,1724000000.0,6303000000.0,2275000000.0,2275000000.0,70000000.0,,,,,0.0,343000000.0,1.0,348293356.0,348293356,,6.532,7405000000.0,0.0,132000000.0,461000000.0,21.261,710000000.0
86,PPG,MRQ,2000-03-31,2000-03-31,2000-03-31,2021-10-21,-237000000.0,9072000000.0,,3177000000.0,5895000000.0,,9.012,-118000000.0,145000000.0,145000000.0,1319000000.0,139000000.0,1.267,1.859,2930000000.0,1105000000.0,1825000000.0,2930000000.0,0.0,0.0,0.0,0.029,0.2,291000000.0,291000000.0,0.135,291000000.0,291000000.0,248000000.0,0.4,0.395,0.4,3137000000.0,,3137000000.0,11735862706.0,10.0,7.542,-28000000.0,-0.08,1.0,833000000.0,0.387,1722000000.0,43000000.0,7627000000.0,,1067000000.0,227000000.0,0.0,227000000.0,5833000000.0,2508000000.0,3325000000.0,9103862706.0,-13000000.0,-106000000.0,2000000.0,168000000.0,-70000000.0,113000000.0,-213000000.0,0.0,90000000.0,-3000000.0,139000000.0,139000000.0,139000000.0,0.0,0.0,0.065,510000000.0,323000000.0,1403000000.0,0.5,2.902,15.589,15.568,2918000000.0,0.0,26.155,1.091,1.091,1713000000.0,6168000000.0,2152000000.0,2152000000.0,70000000.0,,,,,0.0,327000000.0,1.0,348073512.0,348073512,,6.183,7350000000.0,0.0,109000000.0,490000000.0,21.116,669000000.0
87,PPG,MRQ,1999-12-31,1999-12-31,1999-12-31,2021-10-21,-178000000.0,8914000000.0,,3062000000.0,5852000000.0,,8.936,-2000000.0,158000000.0,158000000.0,1483000000.0,162000000.0,1.284,1.838,2790000000.0,954000000.0,1836000000.0,2790000000.0,0.0,415000000.0,0.0,0.024,0.19,310000000.0,725000000.0,0.316,725000000.0,310000000.0,267000000.0,0.465,0.46,0.465,3106000000.0,,3106000000.0,13429661557.0,12.0,8.995,182000000.0,0.524,1.0,808000000.0,0.353,1662000000.0,43000000.0,7500000000.0,,1016000000.0,261000000.0,0.0,261000000.0,5710000000.0,2384000000.0,3326000000.0,10872661557.0,-6000000.0,-53000000.0,1000000.0,70000000.0,-66000000.0,14000000.0,-205000000.0,0.0,184000000.0,1000000.0,162000000.0,162000000.0,162000000.0,0.0,0.0,0.071,433000000.0,375000000.0,1430000000.0,0.409,3.501,19.142,19.131,2933000000.0,0.0,31.28,1.36,1.36,1594000000.0,6098000000.0,2291000000.0,2291000000.0,78000000.0,,,,,0.0,322000000.0,1.0,347591482.0,347591482,,6.591,7252000000.0,165000000.0,105000000.0,520000000.0,20.864,678000000.0
88,PPG,MRQ,1999-09-30,1999-09-30,1999-09-30,2021-10-21,-176000000.0,8750000000.0,,3141000000.0,5609000000.0,,8.643,-130000000.0,164000000.0,164000000.0,1206000000.0,99000000.0,1.371,1.882,2721000000.0,872000000.0,1849000000.0,2721000000.0,0.0,0.0,0.0,0.025,0.19,211000000.0,211000000.0,0.108,211000000.0,211000000.0,176000000.0,0.285,0.28,0.285,3001000000.0,,3001000000.0,12082647580.0,12.0,8.485,199000000.0,0.573,1.0,748000000.0,0.383,911000000.0,35000000.0,8105000000.0,,1020000000.0,256000000.0,0.0,256000000.0,5648000000.0,2291000000.0,3357000000.0,10416647580.0,68000000.0,-1177000000.0,2000000.0,952000000.0,-66000000.0,894000000.0,-1155000000.0,0.0,329000000.0,0.0,99000000.0,99000000.0,99000000.0,0.0,0.0,0.051,553000000.0,195000000.0,1379000000.0,0.667,3.471,18.339,18.462,2861000000.0,0.0,30.0,1.347,1.347,1592000000.0,6001000000.0,1954000000.0,1954000000.0,72000000.0,,,,,0.0,315000000.0,1.0,347221586.0,347221586,,5.628,7839000000.0,0.0,77000000.0,535000000.0,22.576,850000000.0
89,PPG,MRQ,1999-06-30,1999-06-30,1999-06-30,2021-10-21,-201000000.0,7513000000.0,,2779000000.0,4734000000.0,,8.448,-86000000.0,96000000.0,96000000.0,1165000000.0,184000000.0,1.397,1.529,1762000000.0,711000000.0,1051000000.0,1762000000.0,0.0,0.0,0.0,0.025,0.19,329000000.0,329000000.0,0.169,329000000.0,329000000.0,300000000.0,0.53,0.525,0.53,2935000000.0,,2935000000.0,12020107780.0,10.0,7.457,178000000.0,0.512,1.0,782000000.0,0.402,571000000.0,29000000.0,6619000000.0,,915000000.0,262000000.0,0.0,262000000.0,4487000000.0,1989000000.0,2498000000.0,10259107780.0,14000000.0,-24000000.0,3000000.0,-76000000.0,-66000000.0,-152000000.0,-98000000.0,0.0,264000000.0,0.0,184000000.0,184000000.0,184000000.0,0.0,0.0,0.095,492000000.0,290000000.0,1242000000.0,0.358,3.495,14.308,14.475,2876000000.0,0.0,29.53,1.353,1.353,1500000000.0,5968000000.0,1947000000.0,1947000000.0,67000000.0,,,,,0.0,307000000.0,1.0,347413064.0,347413064,,5.604,6942000000.0,0.0,116000000.0,487000000.0,19.982,790000000.0
90,PPG,MRQ,1999-03-31,1999-03-31,1999-03-31,2021-10-21,-230000000.0,7435000000.0,,2725000000.0,4710000000.0,,8.028,-120000000.0,82000000.0,82000000.0,1103000000.0,123000000.0,1.333,1.624,1843000000.0,777000000.0,1066000000.0,1843000000.0,0.0,0.0,0.0,0.028,0.19,228000000.0,228000000.0,0.126,228000000.0,228000000.0,202000000.0,0.355,0.35,0.355,2797000000.0,,2797000000.0,10517739596.0,8.0,6.413,5000000.0,0.014,1.0,700000000.0,0.388,586000000.0,26000000.0,6565000000.0,,948000000.0,247000000.0,0.0,247000000.0,4541000000.0,2045000000.0,2496000000.0,8927739596.0,-46000000.0,-89000000.0,-79000000.0,149000000.0,-66000000.0,17000000.0,-186000000.0,0.0,125000000.0,-2000000.0,123000000.0,123000000.0,123000000.0,0.0,0.0,0.068,489000000.0,211000000.0,1202000000.0,0.535,3.192,12.196,12.349,2874000000.0,0.0,25.625,1.168,1.168,1438000000.0,5849000000.0,1803000000.0,1803000000.0,67000000.0,,,,,0.0,286000000.0,1.0,348399594.0,348399594,,5.175,6849000000.0,0.0,79000000.0,500000000.0,19.658,680000000.0
91,PPG,MRQ,1998-12-31,1998-12-31,1998-12-31,2021-10-21,-153000000.0,7387000000.0,,2660000000.0,4727000000.0,,8.127,-155000000.0,128000000.0,128000000.0,1304000000.0,162000000.0,1.391,1.535,1718000000.0,637000000.0,1081000000.0,1718000000.0,0.0,383000000.0,0.0,0.024,0.18,273000000.0,656000000.0,0.323,656000000.0,273000000.0,248000000.0,0.455,0.455,0.455,2880000000.0,,2880000000.0,11595249173.0,8.0,6.588,72000000.0,0.203,1.0,726000000.0,0.358,724000000.0,25000000.0,6341000000.0,,917000000.0,263000000.0,0.0,263000000.0,4420000000.0,1912000000.0,2508000000.0,10321249173.0,-136000000.0,-192000000.0,-125000000.0,172000000.0,-64000000.0,-9000000.0,-355000000.0,0.0,227000000.0,1000000.0,162000000.0,162000000.0,162000000.0,0.0,0.0,0.08,254000000.0,472000000.0,1275000000.0,0.396,3.584,12.885,12.887,2905000000.0,0.0,29.125,1.332,1.332,1366000000.0,5791000000.0,2030000000.0,2030000000.0,69000000.0,,,,,0.0,295000000.0,1.0,354377654.0,354377654,,5.728,6663000000.0,146000000.0,86000000.0,440000000.0,18.802,748000000.0
92,PPG,MRQ,1998-09-30,1998-09-30,1998-09-30,2021-10-21,-145000000.0,7133000000.0,,2716000000.0,4417000000.0,,8.252,-116000000.0,264000000.0,264000000.0,1082000000.0,248000000.0,1.775,1.413,1538000000.0,335000000.0,1203000000.0,1538000000.0,0.0,0.0,0.0,0.026,0.18,399000000.0,399000000.0,0.221,399000000.0,399000000.0,372000000.0,0.7,0.695,0.7,2921000000.0,,2921000000.0,11240626559.0,8.0,6.431,137000000.0,0.387,1.0,722000000.0,0.4,0.0,27000000.0,6877000000.0,,870000000.0,241000000.0,0.0,241000000.0,4126000000.0,1530000000.0,2596000000.0,9656626559.0,113000000.0,149000000.0,-3000000.0,-133000000.0,-64000000.0,-189000000.0,49000000.0,-3000000.0,253000000.0,0.0,248000000.0,248000000.0,248000000.0,0.0,0.0,0.137,459000000.0,263000000.0,1164000000.0,0.257,3.306,12.101,12.124,2806000000.0,0.0,27.28,1.276,1.276,1354000000.0,5692000000.0,1804000000.0,1804000000.0,68000000.0,,,,,0.0,282000000.0,1.0,353981912.0,353981912,,5.096,7133000000.0,0.0,124000000.0,460000000.0,20.151,1186000000.0
93,PPG,MRQ,1998-06-30,1998-06-30,1998-06-30,2021-10-21,-171000000.0,7224000000.0,,2811000000.0,4413000000.0,,7.62,-108000000.0,151000000.0,151000000.0,1186000000.0,199000000.0,1.569,1.641,1735000000.0,512000000.0,1223000000.0,1735000000.0,0.0,0.0,0.0,0.02,0.18,357000000.0,357000000.0,0.178,357000000.0,357000000.0,329000000.0,0.565,0.555,0.565,2703000000.0,,2703000000.0,13948433301.0,11.0,8.438,135000000.0,0.381,1.0,818000000.0,0.408,0.0,28000000.0,7016000000.0,,902000000.0,245000000.0,0.0,245000000.0,4435000000.0,1792000000.0,2643000000.0,12337433301.0,10000000.0,3000000.0,-26000000.0,-25000000.0,-64000000.0,-134000000.0,-97000000.0,2000000.0,243000000.0,-2000000.0,199000000.0,199000000.0,199000000.0,0.0,0.0,0.099,480000000.0,338000000.0,1245000000.0,0.319,4.564,17.112,17.133,2889000000.0,0.0,34.78,1.629,1.629,1509000000.0,5508000000.0,2004000000.0,2004000000.0,67000000.0,,,,,0.0,293000000.0,1.0,354727812.0,354727812,,5.649,7224000000.0,0.0,130000000.0,480000000.0,20.365,1019000000.0
94,PPG,MRQ,1998-03-31,1998-03-31,1998-03-31,2021-10-21,-172000000.0,7106000000.0,,2729000000.0,4377000000.0,,7.331,-108000000.0,141000000.0,141000000.0,1145000000.0,192000000.0,1.501,1.692,1752000000.0,522000000.0,1230000000.0,1752000000.0,0.0,0.0,0.0,0.02,0.17,348000000.0,348000000.0,0.182,348000000.0,348000000.0,318000000.0,0.54,0.535,0.54,2607000000.0,,2607000000.0,13651760535.0,10.0,8.136,111000000.0,0.312,1.0,768000000.0,0.401,0.0,30000000.0,6899000000.0,,898000000.0,249000000.0,0.0,249000000.0,4412000000.0,1818000000.0,2594000000.0,12079760535.0,12000000.0,-72000000.0,-41000000.0,59000000.0,-60000000.0,-29000000.0,-178000000.0,1000000.0,219000000.0,0.0,192000000.0,192000000.0,192000000.0,0.0,0.0,0.1,437000000.0,331000000.0,1212000000.0,0.315,4.634,16.324,16.411,2878000000.0,0.0,33.97,1.607,1.607,1443000000.0,5371000000.0,1913000000.0,1913000000.0,67000000.0,,,,,0.0,263000000.0,1.0,355600840.0,355600840,,5.38,7106000000.0,0.0,126000000.0,493000000.0,19.983,911000000.0
95,PPG,MRQ,1997-12-31,1997-12-31,1997-12-31,2021-10-21,-161000000.0,6868000000.0,,2584000000.0,4284000000.0,,7.043,-189000000.0,129000000.0,129000000.0,1085000000.0,159000000.0,1.555,1.705,1701000000.0,444000000.0,1257000000.0,1701000000.0,0.0,373000000.0,0.0,0.023,0.17,271000000.0,644000000.0,0.349,644000000.0,271000000.0,242000000.0,0.445,0.445,0.445,2509000000.0,,2509000000.0,11642336380.0,9.0,7.156,94000000.0,0.264,1.0,761000000.0,0.412,322000000.0,29000000.0,6456000000.0,,863000000.0,219000000.0,0.0,219000000.0,4277000000.0,1662000000.0,2615000000.0,10176336380.0,39000000.0,-134000000.0,-35000000.0,113000000.0,-60000000.0,31000000.0,-273000000.0,-22000000.0,283000000.0,-2000000.0,159000000.0,159000000.0,159000000.0,0.0,0.0,0.086,482000000.0,279000000.0,1210000000.0,0.382,4.056,14.253,14.39,2855000000.0,0.0,28.565,1.379,1.379,1353000000.0,5239000000.0,1846000000.0,1846000000.0,68000000.0,,,,,0.0,280000000.0,1.0,356251930.0,356251930,,5.182,6546000000.0,118000000.0,83000000.0,414000000.0,18.375,922000000.0
96,PPG,MRQ,1997-09-30,1997-09-30,1997-09-30,2021-10-21,-111000000.0,6538000000.0,,2411000000.0,4127000000.0,,6.944,-79000000.0,90000000.0,90000000.0,1079000000.0,171000000.0,1.456,1.6,1556000000.0,566000000.0,990000000.0,1556000000.0,0.0,0.0,0.0,0.021,0.165,304000000.0,304000000.0,0.168,304000000.0,304000000.0,279000000.0,0.48,0.475,0.48,2483000000.0,,2483000000.0,12723256050.0,10.0,7.859,207000000.0,0.579,1.0,733000000.0,0.405,0.0,25000000.0,6348000000.0,,819000000.0,234000000.0,0.0,234000000.0,3973000000.0,1656000000.0,2317000000.0,11250256050.0,-15000000.0,-58000000.0,-92000000.0,-16000000.0,-60000000.0,-163000000.0,-138000000.0,0.0,286000000.0,0.0,171000000.0,171000000.0,171000000.0,0.0,0.0,0.094,424000000.0,309000000.0,1081000000.0,0.344,4.531,15.913,16.049,2846000000.0,0.0,31.375,1.544,1.54,1301000000.0,5139000000.0,1812000000.0,1812000000.0,63000000.0,,,,,0.0,266000000.0,1.0,358573898.0,357600000,,5.067,6538000000.0,0.0,108000000.0,420000000.0,18.283,755000000.0
97,PPG,MRQ,1997-06-30,1997-06-30,1997-06-30,2021-10-21,-101000000.0,6566000000.0,,2480000000.0,4086000000.0,,6.841,-95000000.0,105000000.0,105000000.0,1146000000.0,218000000.0,1.433,1.632,1578000000.0,598000000.0,980000000.0,1578000000.0,0.0,0.0,0.0,0.022,0.165,382000000.0,382000000.0,0.197,382000000.0,382000000.0,356000000.0,0.605,0.6,0.605,2464000000.0,,2464000000.0,11968176075.0,9.0,7.245,180000000.0,0.5,1.0,798000000.0,0.41,0.0,26000000.0,6308000000.0,,807000000.0,227000000.0,0.0,227000000.0,4022000000.0,1731000000.0,2291000000.0,10479176075.0,-5000000.0,0.0,-108000000.0,-19000000.0,-59000000.0,-205000000.0,-73000000.0,19000000.0,275000000.0,-2000000.0,218000000.0,218000000.0,218000000.0,0.0,0.0,0.112,436000000.0,362000000.0,1095000000.0,0.273,4.253,14.414,14.606,2861000000.0,0.0,29.065,1.44,1.439,1376000000.0,5026000000.0,1944000000.0,1944000000.0,61000000.0,,,,,0.0,275000000.0,1.0,360542786.0,360200000,,5.397,6566000000.0,0.0,138000000.0,455000000.0,18.229,749000000.0
98,PPG,MRQ,1997-03-31,1997-03-31,1997-03-31,2021-10-21,-77900000.0,6553200000.0,,2467300000.0,4085900000.0,,6.727,-103000000.0,109500000.0,109500000.0,1087000000.0,166000000.0,1.429,1.64,1598500000.0,590200000.0,1008300000.0,1598500000.0,0.0,0.0,0.0,0.024,0.165,297000000.0,297000000.0,0.167,297000000.0,297000000.0,272000000.0,0.455,0.45,0.455,2452800000.0,,2452800000.0,11255093978.0,9.0,6.748,60000000.0,0.165,1.0,690000000.0,0.388,0.0,25000000.0,6315400000.0,,819600000.0,229800000.0,0.0,229800000.0,4023100000.0,1726800000.0,2296300000.0,9842493978.0,40000000.0,0.0,-94000000.0,119000000.0,-60000000.0,-23000000.0,-99000000.0,3000000.0,163000000.0,-1000000.0,166000000.0,166000000.0,166000000.0,0.0,0.0,0.093,411000000.0,279000000.0,1055400000.0,0.363,4.013,13.337,13.602,2871400000.0,0.0,27.0,1.358,1.359,1344800000.0,4866400000.0,1777000000.0,1777000000.0,58000000.0,,,,,0.0,248000000.0,1.0,364536814.0,364600000,,4.874,6553200000.0,0.0,106000000.0,492600000.0,17.974,740500000.0
99,PPG,MRQ,1996-12-31,1996-12-31,1996-12-31,2021-10-21,-20000000.0,6441000000.0,,2296000000.0,4145000000.0,,6.611,-146000000.0,70000000.0,70000000.0,1072000000.0,152000000.0,1.298,1.563,1482000000.0,648000000.0,834000000.0,1482000000.0,0.0,363000000.0,0.0,0.022,0.16,273000000.0,636000000.0,0.363,636000000.0,273000000.0,249000000.0,0.415,,0.415,2483000000.0,,2483000000.0,,,,161000000.0,0.429,1.0,682000000.0,0.389,0.0,24000000.0,6084000000.0,,797000000.0,254000000.0,0.0,254000000.0,3882000000.0,1769000000.0,2113000000.0,10228903001.0,-34000000.0,-13000000.0,-197000000.0,55000000.0,-59000000.0,-187000000.0,-155000000.0,-14000000.0,307000000.0,1000000.0,152000000.0,152000000.0,152000000.0,0.0,0.0,0.087,309000000.0,373000000.0,1106000000.0,0.386,4.12,13.749,14.172,2913000000.0,0.0,28.06,1.417,1.46,1226000000.0,4760000000.0,1754000000.0,1754000000.0,63000000.0,,,,,0.0,264000000.0,1.0,364536814.0,375600000,,4.67,6441000000.0,116000000.0,97000000.0,434000000.0,17.149,527000000.0
100,PPG,MRQ,1996-09-30,1996-09-30,1996-09-30,2021-10-21,,,,,,,,-108000000.0,,,1073000000.0,191000000.0,,,,,,,,0.0,,0.023,0.16,337000000.0,337000000.0,0.187,337000000.0,337000000.0,312000000.0,0.515,,0.515,,,,,,,282000000.0,0.756,1.0,729000000.0,0.405,,25000000.0,,,,,,,,,,,-18000000.0,0.0,-60000000.0,-189000000.0,-60000000.0,-303000000.0,-105000000.0,2000000.0,390000000.0,0.0,191000000.0,191000000.0,191000000.0,0.0,0.0,0.106,424000000.0,305000000.0,,0.311,,,,,0.0,27.19,,,,,1802000000.0,1802000000.0,59000000.0,,,,,0.0,249000000.0,1.0,,373000000,,4.831,,,121000000.0,,,
101,PPG,MRQ,1996-06-30,1996-06-30,1996-06-30,2021-10-21,,,,,,,,-105400000.0,,,1128000000.0,229000000.0,,,,,,,,0.0,,0.025,0.16,398000000.0,398000000.0,0.208,398000000.0,398000000.0,373000000.0,0.6,,0.6,,,,,,,65900000.0,0.175,1.0,785000000.0,0.41,,25000000.0,,,,,,,,,,,32600000.0,0.0,-159600000.0,202300000.0,-60200000.0,-35100000.0,-103100000.0,1600000.0,171300000.0,-500000.0,229000000.0,229000000.0,229000000.0,0.0,0.0,0.12,412000000.0,373000000.0,,0.267,,,,,0.0,24.812,,,,,1913000000.0,1913000000.0,58000000.0,,,,,0.0,252000000.0,1.0,,377200000,,5.072,,,144000000.0,,,
102,PPG,MRQ,1996-03-31,1996-03-31,1996-03-31,2021-10-21,,,,,,,,-116600000.0,,,1067200000.0,172300000.0,,,,,,,,0.0,,0.024,0.15,303600000.0,303600000.0,0.174,303600000.0,303600000.0,281600000.0,0.45,,0.45,,,,,,,23100000.0,0.06,1.0,681600000.0,0.39,,22000000.0,,,,,,,,,,,-16600000.0,0.0,-191400000.0,193700000.0,-57800000.0,-49900000.0,-105900000.0,10400000.0,139700000.0,-500000.0,172300000.0,172300000.0,172300000.0,0.0,0.0,0.099,397500000.0,284100000.0,,0.333,,,,,0.0,24.438,,,,,1748800000.0,1748800000.0,58600000.0,,,,,0.0,238900000.0,1.0,,384800000,,4.545,,,109300000.0,,,
103,PPG,MRQ,1995-12-31,1995-12-31,1995-12-31,2021-10-21,-6600000.0,6194300000.0,,2275500000.0,3918800000.0,,6.359,,105600000.0,105600000.0,,,1.397,1.384,1220800000.0,485300000.0,735500000.0,1220800000.0,0.0,,0.0,0.026,0.15,,,,,,,,,,2569200000.0,,2569200000.0,,,,,,1.0,,,0.0,,5680100000.0,,737500000.0,223800000.0,0.0,223800000.0,3556900000.0,1629400000.0,1927500000.0,,,,,,,,,,,,,,,,,,,,1103500000.0,,,,12.039,2834800000.0,,22.875,,1.309,1245100000.0,4249000000.0,,,,,,,,,,1.0,,404000000,,,6194300000.0,119500000.0,,395500000.0,15.332,646100000.0
0,PPG,MRT,2021-09-30,2021-09-30,2021-09-30,2021-10-21,-2871000000.0,21883000000.0,20982750000.0,7300000000.0,14583000000.0,0.78,26.344,-307000000.0,1216000000.0,1216000000.0,9734000000.0,1441000000.0,1.336,2.474,7699000000.0,898000000.0,6801000000.0,7699000000.0,0.0,537000000.0,0.0,0.015,2.21,1984000000.0,2521000000.0,0.154,2521000000.0,1984000000.0,1862000000.0,5.99,5.95,5.99,6253000000.0,6005750000.0,6253000000.0,40836364506.0,21.0,16.198,1765000000.0,7.436,1.0,6635000000.0,0.405,9048000000.0,122000000.0,13855000000.0,13309250000.0,2249000000.0,360000000.0,88000000.0,272000000.0,15473000000.0,5463000000.0,10010000000.0,33944364506.0,-792000000.0,-3261000000.0,77000000.0,1135000000.0,-524000000.0,652000000.0,-3532000000.0,0.0,2072000000.0,36000000.0,1425000000.0,1425000000.0,1425000000.0,3000000.0,16000000.0,0.087,4820000000.0,1815000000.0,4378000000.0,0.369,5.428,23.821,23.875,4256000000.0,0.0,143.01,2.074,2.074,3382000000.0,20226000000.0,16369000000.0,16369000000.0,423000000.0,0.068,0.237,0.149,0.121,54000000.0,3678000000.0,1.0,237356580.0,237356580,,68.964,12835000000.0,311000000.0,437000000.0,642000000.0,54.075,1837000000.0
1,PPG,MRT,2021-06-30,2021-06-30,2021-06-30,2021-10-21,-2664000000.0,22353000000.0,20087000000.0,7446000000.0,14907000000.0,0.781,26.327,-354000000.0,1195000000.0,1195000000.0,9027000000.0,1544000000.0,1.357,2.554,8087000000.0,964000000.0,7123000000.0,8087000000.0,0.0,523000000.0,0.0,0.013,2.16,2114000000.0,2637000000.0,0.168,2637000000.0,2114000000.0,1988000000.0,6.41,6.38,6.41,6242000000.0,5770000000.0,6242000000.0,45515969459.0,22.0,17.261,2035000000.0,8.583,1.0,6655000000.0,0.424,9257000000.0,126000000.0,14500000000.0,12764750000.0,2226000000.0,379000000.0,110000000.0,269000000.0,15942000000.0,5488000000.0,10454000000.0,40250969459.0,-1057000000.0,-3250000000.0,92000000.0,525000000.0,-511000000.0,68000000.0,-3578000000.0,0.0,2389000000.0,84000000.0,1523000000.0,1523000000.0,1523000000.0,3000000.0,21000000.0,0.097,4670000000.0,1985000000.0,4318000000.0,0.337,6.448,26.429,26.485,4358000000.0,0.0,169.77,2.567,2.567,3498000000.0,20022000000.0,15682000000.0,15682000000.0,401000000.0,0.076,0.264,0.166,0.135,64000000.0,3564000000.0,1.0,237091179.0,237091179,,66.143,13096000000.0,338000000.0,465000000.0,683000000.0,55.236,1958000000.0
2,PPG,MRT,2021-03-31,2021-03-31,2021-03-31,2021-10-21,-2730000000.0,20139000000.0,19041250000.0,7339000000.0,12800000000.0,0.753,24.659,-347000000.0,1808000000.0,1808000000.0,8101000000.0,1211000000.0,1.433,2.427,7073000000.0,1061000000.0,6012000000.0,7073000000.0,0.0,509000000.0,0.0,0.014,2.13,1664000000.0,2173000000.0,0.152,2173000000.0,1664000000.0,1528000000.0,5.03,5.01,5.03,5839000000.0,5417500000.0,5839000000.0,40359893352.0,24.0,18.573,1919000000.0,8.104,1.0,6237000000.0,0.435,7454000000.0,136000000.0,12830000000.0,12040250000.0,1914000000.0,549000000.0,120000000.0,429000000.0,14170000000.0,5120000000.0,9050000000.0,35579893352.0,-78000000.0,-1481000000.0,69000000.0,-131000000.0,-504000000.0,-602000000.0,-1812000000.0,0.0,2266000000.0,90000000.0,1194000000.0,1194000000.0,1194000000.0,0.0,17000000.0,0.083,4642000000.0,1595000000.0,3815000000.0,0.423,6.093,29.799,29.873,3903000000.0,0.0,150.26,2.482,2.482,3034000000.0,19719000000.0,14338000000.0,14338000000.0,380000000.0,0.063,0.22,0.138,0.116,54000000.0,3375000000.0,1.0,236788855.0,236788855,,60.552,12685000000.0,334000000.0,334000000.0,422000000.0,53.571,2219000000.0
3,PPG,MRT,2020-12-31,2020-12-31,2020-12-31,2021-10-21,-2599000000.0,19556000000.0,18522500000.0,6798000000.0,12758000000.0,0.747,24.085,-304000000.0,1826000000.0,1826000000.0,7777000000.0,1074000000.0,1.407,2.415,6606000000.0,758000000.0,5848000000.0,6606000000.0,0.0,509000000.0,0.0,0.015,2.1,1488000000.0,1997000000.0,0.144,1997000000.0,1488000000.0,1350000000.0,4.47,4.45,4.47,5689000000.0,5138500000.0,5689000000.0,38404401020.0,26.0,19.231,1826000000.0,7.731,1.0,6057000000.0,0.438,7453000000.0,138000000.0,12052000000.0,11788250000.0,1735000000.0,363000000.0,96000000.0,267000000.0,13741000000.0,4831000000.0,8910000000.0,34065401020.0,610000000.0,-1169000000.0,54000000.0,439000000.0,-496000000.0,-59000000.0,-1447000000.0,0.0,2130000000.0,6000000.0,1059000000.0,1059000000.0,1059000000.0,0.0,15000000.0,0.077,4648000000.0,1409000000.0,3792000000.0,0.47,5.988,32.168,32.264,3974000000.0,0.0,144.22,2.462,2.462,2726000000.0,19469000000.0,13834000000.0,13834000000.0,379000000.0,0.057,0.206,0.126,0.108,44000000.0,3389000000.0,1.0,236204417.0,236204417,,58.568,12103000000.0,379000000.0,291000000.0,435000000.0,51.24,1967000000.0
4,PPG,MRT,2020-09-30,2020-09-30,2020-09-30,2021-10-21,-2788000000.0,18300000000.0,18060500000.0,7002000000.0,11298000000.0,0.761,22.502,-359000000.0,2008000000.0,2008000000.0,7748000000.0,1096000000.0,1.518,2.425,6347000000.0,849000000.0,5498000000.0,6347000000.0,0.0,518000000.0,0.0,0.017,2.07,1538000000.0,2056000000.0,0.15,2056000000.0,1538000000.0,1398000000.0,4.57,4.54,4.57,5310000000.0,5037250000.0,5310000000.0,33697116475.0,22.0,16.39,1614000000.0,6.84,1.0,6001000000.0,0.436,6349000000.0,140000000.0,11677000000.0,11615250000.0,1672000000.0,354000000.0,87000000.0,267000000.0,12876000000.0,4613000000.0,8263000000.0,28808116475.0,576000000.0,-124000000.0,-98000000.0,-244000000.0,-489000000.0,-904000000.0,-452000000.0,0.0,1973000000.0,-41000000.0,1079000000.0,1079000000.0,1079000000.0,0.0,17000000.0,0.078,4554000000.0,1447000000.0,3482000000.0,0.453,5.425,26.699,26.713,3726000000.0,0.0,122.08,2.095,2.095,2843000000.0,19325000000.0,13749000000.0,13749000000.0,388000000.0,0.06,0.214,0.132,0.112,40000000.0,3401000000.0,1.0,235977363.0,235977363,,58.264,11951000000.0,257000000.0,319000000.0,436000000.0,50.645,2389000000.0
5,PPG,MRT,2020-06-30,2020-06-30,2020-06-30,2021-10-21,-2925000000.0,18170000000.0,18001500000.0,7077000000.0,11093000000.0,0.772,20.481,-372000000.0,2252000000.0,2252000000.0,7903000000.0,1021000000.0,1.352,2.738,7141000000.0,1859000000.0,5282000000.0,7141000000.0,0.0,519000000.0,0.0,0.019,2.04,1447000000.0,1966000000.0,0.142,1966000000.0,1447000000.0,1308000000.0,4.25,4.22,4.25,4832000000.0,5021500000.0,4832000000.0,30136038774.0,21.0,15.329,1548000000.0,6.561,1.0,5987000000.0,0.431,6223000000.0,139000000.0,11602000000.0,11673500000.0,1706000000.0,296000000.0,45000000.0,251000000.0,13232000000.0,5234000000.0,7998000000.0,25022038774.0,1289000000.0,-327000000.0,-105000000.0,798000000.0,-482000000.0,137000000.0,-663000000.0,0.0,1920000000.0,-105000000.0,1004000000.0,1004000000.0,1004000000.0,-1000000.0,17000000.0,0.072,4628000000.0,1359000000.0,3055000000.0,0.48,5.178,24.922,24.955,3691000000.0,0.0,106.06,1.801,1.801,2673000000.0,19010000000.0,13890000000.0,13890000000.0,403000000.0,0.056,0.2,0.124,0.104,35000000.0,3452000000.0,1.0,235923428.0,235923428,,58.875,11947000000.0,188000000.0,304000000.0,397000000.0,50.639,1843000000.0
6,PPG,MRT,2020-03-31,2020-03-31,2020-03-31,2021-10-21,-3042000000.0,18064000000.0,17947750000.0,7066000000.0,10998000000.0,0.83,20.033,-403000000.0,1886000000.0,1886000000.0,8488000000.0,1200000000.0,1.36,2.801,7000000000.0,1622000000.0,5378000000.0,7000000000.0,0.0,522000000.0,0.0,0.024,2.01,1668000000.0,2190000000.0,0.147,2190000000.0,1668000000.0,1535000000.0,4.97,4.93,4.97,4723000000.0,5083250000.0,4723000000.0,24337195581.0,15.0,11.113,1584000000.0,6.719,1.0,6411000000.0,0.43,6161000000.0,133000000.0,11822000000.0,11805750000.0,1859000000.0,295000000.0,50000000.0,245000000.0,13227000000.0,5195000000.0,8032000000.0,19709195581.0,1102000000.0,-630000000.0,-91000000.0,891000000.0,-475000000.0,222000000.0,-982000000.0,0.0,1987000000.0,-125000000.0,1174000000.0,1174000000.0,1174000000.0,2000000.0,26000000.0,0.079,4843000000.0,1568000000.0,3367000000.0,0.404,4.173,16.788,16.821,3647000000.0,0.0,83.6,1.323,1.323,2804000000.0,19029000000.0,14899000000.0,14899000000.0,428000000.0,0.065,0.231,0.141,0.112,37000000.0,3620000000.0,1.0,235755928.0,235755928,,63.197,11903000000.0,183000000.0,361000000.0,399000000.0,50.489,1871000000.0
7,PPG,MRT,2019-12-31,2019-12-31,2019-12-31,2021-10-21,-2350000000.0,17708000000.0,17774500000.0,6170000000.0,11538000000.0,0.852,22.346,-413000000.0,1216000000.0,1216000000.0,8653000000.0,1269000000.0,1.41,2.329,5844000000.0,683000000.0,5161000000.0,5844000000.0,0.0,511000000.0,0.0,0.015,1.98,1767000000.0,2278000000.0,0.15,2278000000.0,1767000000.0,1635000000.0,5.25,5.22,5.25,5284000000.0,5128500000.0,5284000000.0,36407474036.0,21.0,15.982,1667000000.0,7.05,1.0,6493000000.0,0.429,6601000000.0,132000000.0,11360000000.0,11822500000.0,1710000000.0,315000000.0,57000000.0,258000000.0,12305000000.0,4375000000.0,7930000000.0,31565474036.0,314000000.0,-643000000.0,-264000000.0,41000000.0,-468000000.0,-758000000.0,-1009000000.0,0.0,2080000000.0,1000000.0,1243000000.0,1243000000.0,1243000000.0,0.0,26000000.0,0.082,4821000000.0,1672000000.0,3496000000.0,0.377,5.974,25.395,25.427,3765000000.0,0.0,133.49,2.084,2.084,2756000000.0,18906000000.0,15146000000.0,15146000000.0,432000000.0,0.07,0.242,0.149,0.117,39000000.0,3604000000.0,1.0,236463211.0,236463211,,64.052,11107000000.0,220000000.0,392000000.0,452000000.0,46.971,1795000000.0
8,PPG,MRT,2019-09-30,2019-09-30,2019-09-30,2021-10-21,-2328000000.0,18064000000.0,17351250000.0,6817000000.0,11247000000.0,0.871,22.205,-382000000.0,1432000000.0,1432000000.0,8730000000.0,1230000000.0,1.489,2.422,6274000000.0,801000000.0,5473000000.0,6274000000.0,0.0,504000000.0,0.0,0.016,1.95,1718000000.0,2222000000.0,0.147,2222000000.0,1718000000.0,1589000000.0,5.11,5.08,5.11,5247000000.0,4965000000.0,5247000000.0,33278070275.0,19.0,14.977,1689000000.0,7.148,1.0,6389000000.0,0.423,6418000000.0,129000000.0,11910000000.0,11411000000.0,1860000000.0,312000000.0,58000000.0,254000000.0,12709000000.0,4578000000.0,8131000000.0,28003070275.0,329000000.0,-844000000.0,-550000000.0,567000000.0,-462000000.0,-494000000.0,-1201000000.0,0.0,2071000000.0,-47000000.0,1209000000.0,1209000000.0,1209000000.0,-1000000.0,21000000.0,0.08,4786000000.0,1603000000.0,3636000000.0,0.382,5.337,23.162,23.192,3604000000.0,0.0,118.51,1.852,1.852,3028000000.0,18735000000.0,15119000000.0,15119000000.0,428000000.0,0.07,0.244,0.151,0.114,44000000.0,3565000000.0,1.0,236292889.0,236292889,,63.984,11646000000.0,194000000.0,380000000.0,455000000.0,49.286,2239000000.0
9,PPG,MRT,2019-06-30,2019-06-30,2019-06-30,2021-10-21,-2230000000.0,17955000000.0,17014750000.0,6707000000.0,11248000000.0,0.888,21.516,-399000000.0,963000000.0,963000000.0,8802000000.0,1239000000.0,1.425,2.514,6238000000.0,821000000.0,5417000000.0,6238000000.0,0.0,493000000.0,0.0,0.016,1.92,1697000000.0,2190000000.0,0.145,2190000000.0,1697000000.0,1570000000.0,5.12,5.09,5.12,5079000000.0,4898250000.0,5079000000.0,32779558282.0,19.0,14.968,1419000000.0,6.011,1.0,6308000000.0,0.417,6393000000.0,127000000.0,12131000000.0,11127750000.0,1945000000.0,304000000.0,53000000.0,251000000.0,12768000000.0,4706000000.0,8062000000.0,27550558282.0,-57000000.0,-641000000.0,-806000000.0,435000000.0,-458000000.0,-868000000.0,-1004000000.0,0.0,1818000000.0,-3000000.0,1220000000.0,1220000000.0,1220000000.0,0.0,19000000.0,0.081,4743000000.0,1565000000.0,3746000000.0,0.375,5.424,22.582,22.795,3660000000.0,0.0,116.71,1.823,1.823,3332000000.0,18488000000.0,15110000000.0,15110000000.0,431000000.0,0.072,0.249,0.153,0.112,38000000.0,3545000000.0,1.0,236059963.0,236059963,,64.009,11562000000.0,199000000.0,350000000.0,382000000.0,48.979,2001000000.0
10,PPG,MRT,2019-03-31,2019-03-31,2019-03-31,2021-10-21,-2224000000.0,17371000000.0,16724500000.0,6409000000.0,10962000000.0,0.91,20.789,-356000000.0,784000000.0,784000000.0,8893000000.0,1335000000.0,1.397,2.521,6013000000.0,821000000.0,5192000000.0,6013000000.0,0.0,492000000.0,0.0,0.017,1.89,1810000000.0,2302000000.0,0.151,2302000000.0,1810000000.0,1687000000.0,5.48,5.46,5.48,4904000000.0,4849500000.0,4904000000.0,30739915277.0,17.0,13.354,1273000000.0,5.396,1.0,6324000000.0,0.416,6123000000.0,123000000.0,11889000000.0,10817750000.0,1965000000.0,316000000.0,55000000.0,261000000.0,12361000000.0,4588000000.0,7773000000.0,26625915277.0,-562000000.0,-339000000.0,-1283000000.0,293000000.0,-454000000.0,-1468000000.0,-672000000.0,0.0,1629000000.0,-51000000.0,1319000000.0,1319000000.0,1319000000.0,0.0,16000000.0,0.087,4640000000.0,1684000000.0,3684000000.0,0.345,5.429,20.186,20.597,3592000000.0,0.0,112.87,1.75,1.75,3197000000.0,18330000000.0,15217000000.0,15217000000.0,434000000.0,0.079,0.272,0.167,0.119,37000000.0,3556000000.0,1.0,235898957.0,235898957,,64.506,11248000000.0,242000000.0,368000000.0,447000000.0,47.681,1821000000.0
11,PPG,MRT,2018-12-31,2018-12-31,2018-12-31,2021-10-21,-2300000000.0,16015000000.0,16767750000.0,5961000000.0,10054000000.0,0.917,19.301,-384000000.0,902000000.0,902000000.0,9001000000.0,1358000000.0,1.363,2.437,5016000000.0,651000000.0,4365000000.0,5016000000.0,0.0,497000000.0,0.0,0.018,1.86,1812000000.0,2309000000.0,0.15,2309000000.0,1812000000.0,1694000000.0,5.5,5.47,5.5,4630000000.0,4960000000.0,4630000000.0,28458426069.0,16.0,12.325,1083000000.0,4.515,1.0,6373000000.0,0.415,6042000000.0,118000000.0,9714000000.0,10634000000.0,1783000000.0,312000000.0,61000000.0,251000000.0,11283000000.0,4373000000.0,6910000000.0,24523426069.0,-534000000.0,-378000000.0,-1706000000.0,983000000.0,-453000000.0,-1205000000.0,-764000000.0,0.0,1467000000.0,-32000000.0,1341000000.0,1341000000.0,1341000000.0,0.0,17000000.0,0.087,4699000000.0,1674000000.0,3623000000.0,0.338,5.297,18.287,18.587,2805000000.0,0.0,102.23,1.595,1.595,2845000000.0,18131000000.0,15374000000.0,15374000000.0,441000000.0,0.08,0.27,0.17,0.118,37000000.0,3573000000.0,1.0,239884829.0,239884829,,64.089,9973000000.0,229000000.0,353000000.0,429000000.0,41.574,1588000000.0
12,PPG,MRT,2018-09-30,2018-09-30,2018-09-30,2021-10-21,-2197000000.0,16718000000.0,16898500000.0,6741000000.0,9977000000.0,0.912,20.577,-379000000.0,1103000000.0,1103000000.0,8933000000.0,1253000000.0,1.714,2.337,5038000000.0,15000000.0,5023000000.0,5038000000.0,0.0,490000000.0,0.0,0.017,1.83,1843000000.0,2333000000.0,0.151,2333000000.0,1843000000.0,1728000000.0,5.02,4.99,5.02,4980000000.0,5191750000.0,4980000000.0,30461435690.0,17.0,13.057,824000000.0,3.405,1.0,6478000000.0,0.42,5943000000.0,115000000.0,10777000000.0,10547000000.0,1962000000.0,323000000.0,57000000.0,266000000.0,11640000000.0,3933000000.0,7707000000.0,26411435690.0,-1184000000.0,-254000000.0,-1692000000.0,399000000.0,-451000000.0,-1773000000.0,-594000000.0,0.0,1203000000.0,-20000000.0,1234000000.0,1234000000.0,1234000000.0,0.0,19000000.0,0.08,4773000000.0,1705000000.0,3806000000.0,0.365,5.304,21.403,21.739,2738000000.0,0.0,109.13,1.714,1.714,3217000000.0,17987000000.0,15411000000.0,15411000000.0,452000000.0,0.073,0.238,0.175,0.12,30000000.0,3627000000.0,1.0,242018104.0,242018104,,63.677,10775000000.0,306000000.0,494000000.0,460000000.0,44.521,2808000000.0
13,PPG,MRT,2018-06-30,2018-06-30,2018-06-30,2021-10-21,-2275000000.0,16794000000.0,17122750000.0,6879000000.0,9915000000.0,0.898,20.06,-343000000.0,1020000000.0,1020000000.0,8784000000.0,1487000000.0,1.7,2.418,5070000000.0,22000000.0,5048000000.0,5070000000.0,0.0,485000000.0,0.0,0.017,1.8,2116000000.0,2601000000.0,0.169,2601000000.0,2116000000.0,2005000000.0,5.84,5.8,5.84,4884000000.0,5422250000.0,4884000000.0,29127562584.0,14.0,11.199,910000000.0,3.738,1.0,6586000000.0,0.428,5906000000.0,111000000.0,10891000000.0,10211500000.0,1956000000.0,321000000.0,63000000.0,258000000.0,11811000000.0,4047000000.0,7764000000.0,25255562584.0,-549000000.0,280000000.0,-1671000000.0,383000000.0,-451000000.0,-1769000000.0,-23000000.0,0.0,1253000000.0,-10000000.0,1466000000.0,1466000000.0,1466000000.0,0.0,21000000.0,0.095,4804000000.0,1782000000.0,3893000000.0,0.308,5.171,17.228,17.762,2738000000.0,0.0,103.73,1.643,1.643,3438000000.0,17725000000.0,15370000000.0,15370000000.0,456000000.0,0.086,0.27,0.207,0.138,36000000.0,3654000000.0,1.0,243474044.0,243474044,,63.128,10888000000.0,290000000.0,539000000.0,425000000.0,44.719,2832000000.0
14,PPG,MRT,2018-03-31,2018-03-31,2018-03-31,2021-10-21,-2005000000.0,17544000000.0,17168500000.0,7110000000.0,10434000000.0,0.876,21.394,-372000000.0,1346000000.0,1346000000.0,8488000000.0,1613000000.0,1.764,2.259,5218000000.0,19000000.0,5199000000.0,5218000000.0,0.0,473000000.0,0.0,0.016,1.75,2289000000.0,2762000000.0,0.184,2762000000.0,2289000000.0,2183000000.0,6.26,6.21,6.26,5346000000.0,5608750000.0,5346000000.0,30596676411.0,13.0,11.078,959000000.0,3.838,1.0,6555000000.0,0.436,6232000000.0,106000000.0,11154000000.0,9894000000.0,1963000000.0,328000000.0,58000000.0,270000000.0,12077000000.0,4030000000.0,8047000000.0,27886676411.0,-3000000.0,233000000.0,-1198000000.0,356000000.0,-443000000.0,-1287000000.0,-107000000.0,0.0,1331000000.0,60000000.0,1591000000.0,1591000000.0,1591000000.0,1000000.0,22000000.0,0.106,4640000000.0,1915000000.0,3924000000.0,0.28,5.216,17.528,17.827,2862000000.0,0.0,111.6,1.854,1.854,3343000000.0,17464000000.0,15043000000.0,15043000000.0,454000000.0,0.093,0.284,0.231,0.152,35000000.0,3585000000.0,1.0,249880613.0,249880613,,60.201,11312000000.0,351000000.0,592000000.0,471000000.0,45.27,3080000000.0
15,PPG,MRT,2017-12-31,2017-12-31,2017-12-31,2021-10-21,-2057000000.0,16538000000.0,16821000000.0,6477000000.0,10061000000.0,0.877,21.837,-360000000.0,1436000000.0,1436000000.0,8209000000.0,1615000000.0,1.663,1.955,4146000000.0,12000000.0,4134000000.0,4146000000.0,0.0,460000000.0,0.0,0.015,1.7,2314000000.0,2774000000.0,0.188,2774000000.0,2314000000.0,2209000000.0,6.22,6.18,6.22,5557000000.0,5570250000.0,5557000000.0,32145877792.0,14.0,11.588,1208000000.0,4.747,1.0,6539000000.0,0.443,5987000000.0,105000000.0,9366000000.0,9393750000.0,1730000000.0,323000000.0,55000000.0,268000000.0,10866000000.0,3895000000.0,6971000000.0,29727877792.0,-384000000.0,268000000.0,-761000000.0,-688000000.0,-434000000.0,-1954000000.0,-67000000.0,0.0,1568000000.0,69000000.0,1594000000.0,1594000000.0,1594000000.0,0.0,21000000.0,0.108,4599000000.0,1940000000.0,3781000000.0,0.273,5.35,18.65,18.781,2824000000.0,0.0,116.82,2.016,2.016,2903000000.0,17140000000.0,14748000000.0,14748000000.0,451000000.0,0.095,0.286,0.246,0.157,35000000.0,3554000000.0,1.0,254475927.0,254475927,,57.954,10551000000.0,305000000.0,615000000.0,442000000.0,41.462,2582000000.0
16,PPG,MRT,2017-09-30,2017-09-30,2017-09-30,2021-10-21,-2063000000.0,17615000000.0,16629250000.0,7638000000.0,9977000000.0,0.871,23.012,-348000000.0,2287000000.0,2287000000.0,7971000000.0,1803000000.0,1.654,1.966,4705000000.0,616000000.0,4089000000.0,4705000000.0,0.0,449000000.0,0.0,0.015,1.65,2321000000.0,2770000000.0,0.191,2770000000.0,2321000000.0,2214000000.0,6.91,6.87,6.91,5902000000.0,5388000000.0,5902000000.0,30917092895.0,13.0,11.161,1259000000.0,4.909,1.0,6512000000.0,0.45,5980000000.0,107000000.0,9435000000.0,9192000000.0,1805000000.0,302000000.0,41000000.0,261000000.0,11605000000.0,4618000000.0,6987000000.0,27869092895.0,1358000000.0,1449000000.0,-1016000000.0,115000000.0,-426000000.0,-1369000000.0,1097000000.0,-13000000.0,1607000000.0,23000000.0,1783000000.0,1783000000.0,1783000000.0,1000000.0,20000000.0,0.123,4821000000.0,1691000000.0,3895000000.0,0.239,4.722,15.63,15.725,2730000000.0,0.0,108.66,1.924,1.924,3155000000.0,17106000000.0,14483000000.0,14483000000.0,444000000.0,0.107,0.331,0.253,0.16,34000000.0,3480000000.0,1.0,256479780.0,256479780,,56.468,11635000000.0,421000000.0,431000000.0,445000000.0,45.364,3020000000.0
17,PPG,MRT,2017-06-30,2017-06-30,2017-06-30,2021-10-21,-2059000000.0,16977000000.0,16348000000.0,7145000000.0,9832000000.0,0.879,21.975,-366000000.0,1569000000.0,1569000000.0,7845000000.0,1008000000.0,1.609,1.997,4617000000.0,619000000.0,3998000000.0,4617000000.0,0.0,445000000.0,0.0,0.015,1.6,1190000000.0,1635000000.0,0.114,1635000000.0,1190000000.0,1076000000.0,3.84,3.82,3.84,5630000000.0,5170250000.0,5630000000.0,31243408265.0,26.0,19.109,1432000000.0,5.589,1.0,6522000000.0,0.454,5963000000.0,114000000.0,9621000000.0,9266000000.0,1766000000.0,304000000.0,48000000.0,256000000.0,11242000000.0,4441000000.0,6801000000.0,28171408265.0,-36000000.0,604000000.0,-1035000000.0,-579000000.0,-416000000.0,-2065000000.0,228000000.0,-13000000.0,1798000000.0,3000000.0,989000000.0,989000000.0,989000000.0,1000000.0,19000000.0,0.069,5779000000.0,743000000.0,3653000000.0,0.417,5.004,28.485,28.635,2710000000.0,0.0,109.96,1.961,1.961,3191000000.0,16613000000.0,14367000000.0,14367000000.0,445000000.0,0.06,0.191,0.128,0.083,36000000.0,3479000000.0,1.0,256196874.0,256196874,,56.078,11014000000.0,321000000.0,87000000.0,390000000.0,42.99,2704000000.0
18,PPG,MRT,2017-03-31,2017-03-31,2017-03-31,2021-10-21,-2076000000.0,16154000000.0,16415750000.0,6646000000.0,9508000000.0,0.874,20.195,-373000000.0,1349000000.0,1349000000.0,7750000000.0,883000000.0,1.555,2.093,4421000000.0,604000000.0,3817000000.0,4421000000.0,0.0,435000000.0,0.0,0.015,1.6,1197000000.0,1632000000.0,0.114,1632000000.0,1197000000.0,1078000000.0,3.29,3.27,3.29,5192000000.0,5099250000.0,5192000000.0,29611490060.0,25.0,18.144,908000000.0,3.532,1.0,6595000000.0,0.46,5800000000.0,119000000.0,9153000000.0,9537000000.0,1727000000.0,215000000.0,40000000.0,175000000.0,10868000000.0,4273000000.0,6595000000.0,27015490060.0,440000000.0,690000000.0,-1037000000.0,350000000.0,-421000000.0,-1153000000.0,361000000.0,48000000.0,1281000000.0,-49000000.0,863000000.0,863000000.0,863000000.0,0.0,20000000.0,0.06,5855000000.0,740000000.0,3573000000.0,0.486,5.203,31.304,31.939,2806000000.0,0.0,105.08,1.883,1.883,3057000000.0,16214000000.0,14345000000.0,14345000000.0,448000000.0,0.053,0.169,0.126,0.083,44000000.0,3533000000.0,1.0,257094500.0,257094500,,55.797,10354000000.0,139000000.0,215000000.0,400000000.0,40.273,2373000000.0
19,PPG,MRT,2016-12-31,2016-12-31,2016-12-31,2021-10-21,-2356000000.0,15771000000.0,16706000000.0,6574000000.0,9197000000.0,0.854,18.288,-380000000.0,1820000000.0,1820000000.0,7665000000.0,895000000.0,1.546,2.249,4416000000.0,629000000.0,3787000000.0,4416000000.0,0.0,440000000.0,0.0,0.016,1.56,1212000000.0,1652000000.0,0.116,1652000000.0,1212000000.0,1087000000.0,3.29,3.27,3.29,4828000000.0,5091500000.0,4828000000.0,28491189321.0,24.0,17.246,971000000.0,3.678,1.0,6605000000.0,0.463,5555000000.0,125000000.0,8559000000.0,9799000000.0,1514000000.0,222000000.0,43000000.0,179000000.0,10856000000.0,4253000000.0,6603000000.0,25016189321.0,509000000.0,745000000.0,-1019000000.0,233000000.0,-414000000.0,-1210000000.0,436000000.0,79000000.0,1351000000.0,-68000000.0,873000000.0,873000000.0,873000000.0,0.0,22000000.0,0.061,5854000000.0,751000000.0,3460000000.0,0.474,5.181,28.655,28.802,2608000000.0,0.0,94.76,1.753,1.753,2654000000.0,15980000000.0,14270000000.0,14270000000.0,453000000.0,0.052,0.171,0.124,0.085,45000000.0,3555000000.0,1.0,263995244.0,263995244,,54.054,10216000000.0,186000000.0,214000000.0,417000000.0,38.698,2321000000.0
20,PPG,MRT,2016-09-30,2016-09-30,2016-09-30,2021-10-21,-2541000000.0,16490000000.0,17032250000.0,6417000000.0,10073000000.0,0.823,18.893,-407000000.0,929000000.0,929000000.0,7463000000.0,869000000.0,1.439,2.26,4404000000.0,652000000.0,3752000000.0,4404000000.0,0.0,425000000.0,0.0,0.015,1.52,1230000000.0,1655000000.0,0.118,1655000000.0,1230000000.0,1104000000.0,3.16,3.13,3.16,5031000000.0,5130250000.0,5031000000.0,31029938631.0,25.0,18.749,1278000000.0,4.799,1.0,6550000000.0,0.467,5774000000.0,126000000.0,9731000000.0,10041750000.0,1676000000.0,374000000.0,46000000.0,328000000.0,11369000000.0,4460000000.0,6909000000.0,27522938631.0,-86000000.0,-352000000.0,-619000000.0,-129000000.0,-405000000.0,-1236000000.0,-489000000.0,323000000.0,1685000000.0,-46000000.0,847000000.0,847000000.0,847000000.0,0.0,22000000.0,0.06,5540000000.0,1010000000.0,3567000000.0,0.481,5.471,32.495,32.709,2863000000.0,0.0,103.36,1.964,1.964,2962000000.0,15744000000.0,14013000000.0,14013000000.0,458000000.0,0.05,0.165,0.122,0.088,49000000.0,3598000000.0,1.0,266282301.0,266282301,,52.625,10716000000.0,516000000.0,257000000.0,521000000.0,40.243,1957000000.0
21,PPG,MRT,2016-06-30,2016-06-30,2016-06-30,2021-10-21,-2749000000.0,17248000000.0,17303250000.0,7107000000.0,10141000000.0,0.814,20.093,-417000000.0,1605000000.0,1605000000.0,7534000000.0,1487000000.0,1.624,2.21,5112000000.0,686000000.0,4426000000.0,5112000000.0,0.0,419000000.0,0.0,0.014,1.48,2197000000.0,2616000000.0,0.186,2616000000.0,2197000000.0,2074000000.0,5.45,5.41,5.45,5346000000.0,5150250000.0,5346000000.0,31065503943.0,14.0,11.875,1291000000.0,4.852,1.0,6544000000.0,0.465,5675000000.0,123000000.0,10705000000.0,10227500000.0,1803000000.0,386000000.0,64000000.0,322000000.0,11815000000.0,4375000000.0,7440000000.0,27710503943.0,898000000.0,-263000000.0,-524000000.0,622000000.0,-397000000.0,-405000000.0,-340000000.0,387000000.0,1708000000.0,-65000000.0,1464000000.0,1464000000.0,1464000000.0,0.0,23000000.0,0.104,4575000000.0,1969000000.0,3577000000.0,0.272,5.183,18.928,19.11,2950000000.0,0.0,104.15,1.968,1.968,3108000000.0,16034000000.0,14078000000.0,14078000000.0,460000000.0,0.085,0.284,0.215,0.156,40000000.0,3580000000.0,1.0,266063408.0,266063408,,52.912,11573000000.0,540000000.0,610000000.0,546000000.0,43.497,2732000000.0
22,PPG,MRT,2016-03-31,2016-03-31,2016-03-31,2021-10-21,-2643000000.0,17315000000.0,17390250000.0,6718000000.0,10597000000.0,0.828,19.347,-428000000.0,909000000.0,909000000.0,7829000000.0,1453000000.0,1.475,2.338,4264000000.0,38000000.0,4226000000.0,4264000000.0,0.0,441000000.0,0.0,0.013,1.44,1992000000.0,2433000000.0,0.169,2433000000.0,1992000000.0,1866000000.0,5.31,5.27,5.31,5161000000.0,5106500000.0,5161000000.0,32755700312.0,16.0,13.463,1975000000.0,7.404,1.0,6567000000.0,0.456,5913000000.0,126000000.0,10201000000.0,10225750000.0,1863000000.0,491000000.0,121000000.0,370000000.0,12067000000.0,4556000000.0,7511000000.0,29741700312.0,174000000.0,-317000000.0,-678000000.0,-545000000.0,-388000000.0,-1699000000.0,-493000000.0,266000000.0,2403000000.0,-37000000.0,1431000000.0,1431000000.0,1431000000.0,0.0,22000000.0,0.099,4769000000.0,1798000000.0,3616000000.0,0.271,5.763,20.784,20.996,3038000000.0,0.0,111.49,2.066,2.066,3106000000.0,15770000000.0,14396000000.0,14396000000.0,468000000.0,0.082,0.28,0.195,0.138,49000000.0,3604000000.0,1.0,266765632.0,266765632,,53.965,11402000000.0,648000000.0,435000000.0,479000000.0,42.742,2162000000.0
23,PPG,MRT,2015-12-31,2015-12-31,2015-12-31,2021-10-21,-2702000000.0,17076000000.0,17403500000.0,6712000000.0,10364000000.0,0.818,18.506,-430000000.0,1311000000.0,1311000000.0,7786000000.0,1427000000.0,1.43,2.41,4307000000.0,281000000.0,4026000000.0,4307000000.0,0.0,446000000.0,0.0,0.014,1.415,1944000000.0,2390000000.0,0.168,2390000000.0,1944000000.0,1819000000.0,5.18,5.14,5.18,4983000000.0,5085750000.0,4983000000.0,30146182344.0,16.0,12.613,1465000000.0,5.441,1.0,6455000000.0,0.453,5847000000.0,125000000.0,9530000000.0,10347000000.0,1659000000.0,511000000.0,144000000.0,367000000.0,12007000000.0,4695000000.0,7312000000.0,26609182344.0,625000000.0,-273000000.0,-698000000.0,342000000.0,-383000000.0,-812000000.0,-395000000.0,305000000.0,1895000000.0,-63000000.0,1406000000.0,1406000000.0,1406000000.0,0.0,21000000.0,0.099,4734000000.0,1721000000.0,3419000000.0,0.273,5.34,18.925,19.077,2822000000.0,0.0,98.82,1.868,1.868,2709000000.0,15521000000.0,14241000000.0,14241000000.0,466000000.0,0.081,0.276,0.188,0.137,54000000.0,3584000000.0,1.0,269269200.0,269269200,,52.888,11229000000.0,711000000.0,413000000.0,460000000.0,41.702,2017000000.0
24,PPG,MRT,2015-09-30,2015-09-30,2015-09-30,2021-10-21,-2592000000.0,17574000000.0,17518250000.0,7292000000.0,10282000000.0,0.835,18.879,-524000000.0,1015000000.0,1015000000.0,8119000000.0,1197000000.0,1.529,2.422,4552000000.0,302000000.0,4250000000.0,4552000000.0,0.0,449000000.0,0.0,0.016,1.39,1568000000.0,2017000000.0,0.138,2017000000.0,1568000000.0,1429000000.0,4.31,4.3,4.31,5111000000.0,5135000000.0,5111000000.0,27547557461.0,18.0,13.658,953000000.0,3.52,1.0,6506000000.0,0.445,5867000000.0,139000000.0,10474000000.0,10408500000.0,1841000000.0,852000000.0,399000000.0,453000000.0,12378000000.0,4770000000.0,7608000000.0,23739557461.0,-1453000000.0,-2200000000.0,-745000000.0,927000000.0,-379000000.0,-421000000.0,-2428000000.0,144000000.0,1477000000.0,-81000000.0,1175000000.0,1175000000.0,1175000000.0,1004000000.0,22000000.0,0.08,4809000000.0,1697000000.0,3611000000.0,0.323,4.645,20.204,20.346,2919000000.0,0.0,87.69,1.623,1.623,3062000000.0,15302000000.0,14625000000.0,14625000000.0,476000000.0,0.067,0.229,0.151,0.107,60000000.0,3613000000.0,1.0,270721376.0,270721376,,54.022,11707000000.0,760000000.0,254000000.0,506000000.0,43.244,2522000000.0
25,PPG,MRT,2015-06-30,2015-06-30,2015-06-30,2021-10-21,-2332000000.0,17596000000.0,17396500000.0,7374000000.0,10222000000.0,0.853,19.021,-494000000.0,707000000.0,707000000.0,8299000000.0,1135000000.0,1.528,2.386,4515000000.0,293000000.0,4222000000.0,4515000000.0,0.0,461000000.0,0.0,0.012,1.365,1505000000.0,1966000000.0,0.133,1966000000.0,1505000000.0,1350000000.0,4.05,4.04,4.05,5171000000.0,5387500000.0,5171000000.0,35095851345.0,23.0,17.851,819000000.0,3.013,1.0,6536000000.0,0.441,5881000000.0,155000000.0,10698000000.0,10014750000.0,1861000000.0,934000000.0,475000000.0,459000000.0,12340000000.0,4825000000.0,7515000000.0,31186851345.0,-1279000000.0,-2068000000.0,-735000000.0,859000000.0,-373000000.0,-465000000.0,-1987000000.0,433000000.0,1313000000.0,-140000000.0,1113000000.0,1113000000.0,1113000000.0,1010000000.0,22000000.0,0.075,5006000000.0,1530000000.0,3590000000.0,0.337,6.031,28.021,28.326,2917000000.0,0.0,114.72,2.102,2.102,3286000000.0,14966000000.0,14835000000.0,14835000000.0,479000000.0,0.064,0.207,0.15,0.101,73000000.0,3679000000.0,1.0,271851912.0,271851912,,54.57,11715000000.0,798000000.0,237000000.0,501000000.0,43.093,2549000000.0
26,PPG,MRT,2015-03-31,2015-03-31,2015-03-31,2021-10-21,-2309000000.0,17368000000.0,17322500000.0,7084000000.0,10284000000.0,0.855,18.662,-533000000.0,735000000.0,735000000.0,8322000000.0,1185000000.0,1.484,2.404,4644000000.0,621000000.0,4023000000.0,4644000000.0,0.0,451000000.0,0.0,0.012,1.34,1583000000.0,2034000000.0,0.137,2034000000.0,1583000000.0,1414000000.0,4.2,4.19,4.2,5078000000.0,5652750000.0,5078000000.0,34023760529.0,21.0,16.728,403000000.0,1.481,1.0,6495000000.0,0.438,5818000000.0,169000000.0,10686000000.0,9703500000.0,1881000000.0,884000000.0,435000000.0,449000000.0,12210000000.0,4773000000.0,7437000000.0,30684760529.0,-1824000000.0,-2053000000.0,-684000000.0,1118000000.0,-367000000.0,-208000000.0,-2417000000.0,46000000.0,936000000.0,-135000000.0,1162000000.0,1162000000.0,1162000000.0,1017000000.0,23000000.0,0.078,4875000000.0,1620000000.0,3329000000.0,0.319,6.043,26.407,26.85,2965000000.0,0.0,112.77,2.071,2.071,2961000000.0,14728000000.0,14817000000.0,14817000000.0,482000000.0,0.067,0.206,0.163,0.107,68000000.0,3710000000.0,1.0,272100386.0,272100386,,54.454,11550000000.0,823000000.0,252000000.0,624000000.0,42.448,2311000000.0
27,PPG,MRT,2014-12-31,2014-12-31,2014-12-31,2021-10-21,-2116000000.0,17535000000.0,17259750000.0,6443000000.0,11092000000.0,0.857,18.873,-564000000.0,686000000.0,686000000.0,8348000000.0,2159000000.0,1.322,2.369,4014000000.0,481000000.0,3533000000.0,4014000000.0,0.0,450000000.0,0.0,0.011,1.31,2526000000.0,2976000000.0,0.201,2976000000.0,2526000000.0,2339000000.0,7.6,7.52,7.6,5180000000.0,5881250000.0,5180000000.0,32601882039.0,13.0,10.955,964000000.0,3.512,1.0,6443000000.0,0.436,6212000000.0,187000000.0,9776000000.0,9304250000.0,1825000000.0,940000000.0,497000000.0,443000000.0,12270000000.0,4875000000.0,7395000000.0,31721882039.0,-430000000.0,-488000000.0,-693000000.0,381000000.0,-361000000.0,-969000000.0,-857000000.0,94000000.0,1528000000.0,-132000000.0,2102000000.0,2102000000.0,2102000000.0,0.0,57000000.0,0.142,4858000000.0,1585000000.0,3547000000.0,0.172,6.124,15.091,15.207,3092000000.0,0.0,115.575,2.145,2.145,2815000000.0,14498000000.0,14791000000.0,14791000000.0,483000000.0,0.122,0.357,0.271,0.171,71000000.0,3696000000.0,1.0,274470102.0,274470102,,53.889,11323000000.0,875000000.0,237000000.0,666000000.0,41.254,1568000000.0
28,PPG,MRT,2014-09-30,2014-09-30,2014-09-30,2021-10-21,-1447000000.0,17087000000.0,16841750000.0,8898000000.0,8189000000.0,0.9,22.204,-546000000.0,2468000000.0,2468000000.0,8654000000.0,2352000000.0,1.817,1.778,3348000000.0,394000000.0,2954000000.0,3348000000.0,0.0,472000000.0,0.0,0.013,1.28,2864000000.0,3336000000.0,0.22,3336000000.0,2864000000.0,2674000000.0,8.23,8.13,8.23,6121000000.0,5819250000.0,6121000000.0,28514571925.0,10.0,8.548,1000000000.0,3.628,1.0,6499000000.0,0.429,4172000000.0,190000000.0,8899000000.0,9278000000.0,1905000000.0,1019000000.0,570000000.0,449000000.0,10882000000.0,4896000000.0,5986000000.0,27117571925.0,906000000.0,1506000000.0,-1069000000.0,-45000000.0,-355000000.0,-1608000000.0,1055000000.0,124000000.0,1546000000.0,-87000000.0,2273000000.0,2273000000.0,2273000000.0,13000000.0,79000000.0,0.15,4910000000.0,1589000000.0,3687000000.0,0.156,4.43,11.93,11.953,2720000000.0,0.0,98.37,1.79,1.79,2968000000.0,14506000000.0,15153000000.0,15153000000.0,485000000.0,0.135,0.391,0.309,0.189,75000000.0,3731000000.0,1.0,275669126.0,275669126,,54.968,12915000000.0,673000000.0,401000000.0,241000000.0,46.85,4002000000.0
29,PPG,MRT,2014-06-30,2014-06-30,2014-06-30,2021-10-21,-1181000000.0,17300000000.0,16729500000.0,9035000000.0,8265000000.0,0.896,22.537,-577000000.0,1986000000.0,1986000000.0,8586000000.0,2230000000.0,1.821,1.762,3383000000.0,425000000.0,2958000000.0,3383000000.0,0.0,466000000.0,0.0,0.012,1.25,2644000000.0,3110000000.0,0.207,3110000000.0,2644000000.0,2453000000.0,7.68,7.58,7.68,6232000000.0,5591750000.0,6232000000.0,29888370312.0,11.0,9.61,1121000000.0,4.054,1.0,6406000000.0,0.427,4282000000.0,191000000.0,9453000000.0,9482000000.0,1964000000.0,1308000000.0,927000000.0,381000000.0,10979000000.0,4962000000.0,6017000000.0,29055370312.0,743000000.0,1593000000.0,-1096000000.0,-10000000.0,-351000000.0,-1601000000.0,631000000.0,-370000000.0,1698000000.0,15000000.0,2128000000.0,2128000000.0,2128000000.0,7000000.0,102000000.0,0.142,4937000000.0,1469000000.0,3691000000.0,0.163,4.662,13.654,13.682,2777000000.0,0.0,105.075,1.938,1.938,3184000000.0,14227000000.0,14992000000.0,14992000000.0,482000000.0,0.127,0.381,0.279,0.176,87000000.0,3700000000.0,1.0,276520298.0,276520298,,54.217,13018000000.0,660000000.0,325000000.0,271000000.0,47.078,4073000000.0
30,PPG,MRT,2014-03-31,2014-03-31,2014-03-31,2021-10-21,-1230000000.0,17117000000.0,16421000000.0,8888000000.0,8229000000.0,0.901,21.63,-534000000.0,2559000000.0,2559000000.0,8543000000.0,2209000000.0,1.947,1.84,3392000000.0,19000000.0,3373000000.0,3392000000.0,0.0,470000000.0,0.0,0.013,1.22,2571000000.0,3041000000.0,0.206,3041000000.0,2571000000.0,2381000000.0,7.48,7.375,7.48,5992000000.0,5294250000.0,5992000000.0,29086403256.0,11.0,9.565,1509000000.0,5.447,1.0,6250000000.0,0.422,4295000000.0,190000000.0,9089000000.0,9565000000.0,1929000000.0,860000000.0,480000000.0,380000000.0,11028000000.0,4566000000.0,6462000000.0,26796403256.0,538000000.0,620000000.0,-989000000.0,-31000000.0,-346000000.0,-1482000000.0,-16000000.0,-75000000.0,2043000000.0,-7000000.0,2083000000.0,2083000000.0,2083000000.0,0.0,126000000.0,0.141,4878000000.0,1372000000.0,3712000000.0,0.163,4.472,12.864,12.932,2724000000.0,0.0,96.73,1.811,1.811,3016000000.0,13934000000.0,14793000000.0,14793000000.0,474000000.0,0.127,0.393,0.269,0.174,84000000.0,3640000000.0,1.0,277022674.0,277022674,,53.4,12822000000.0,703000000.0,298000000.0,281000000.0,46.285,4322000000.0
31,PPG,MRT,2013-12-31,2013-12-31,2013-12-31,2021-10-21,-1260000000.0,15863000000.0,15985750000.0,7214000000.0,8649000000.0,0.892,17.363,-494000000.0,1116000000.0,1116000000.0,8314000000.0,3353000000.0,1.745,2.162,3406000000.0,34000000.0,3372000000.0,3406000000.0,0.0,452000000.0,0.0,0.013,1.21,3680000000.0,4132000000.0,0.29,4132000000.0,3680000000.0,3484000000.0,11.27,11.13,11.27,4932000000.0,4993000000.0,4932000000.0,28769012764.0,8.0,6.962,1297000000.0,4.566,1.0,5951000000.0,0.417,4347000000.0,196000000.0,9671000000.0,9618250000.0,1824000000.0,1022000000.0,629000000.0,393000000.0,10665000000.0,4135000000.0,6530000000.0,26936012764.0,-190000000.0,-43000000.0,-932000000.0,-612000000.0,-345000000.0,-1979000000.0,3000000.0,569000000.0,1791000000.0,-5000000.0,3231000000.0,3231000000.0,3231000000.0,0.0,122000000.0,0.226,4699000000.0,1252000000.0,3265000000.0,0.107,5.461,8.337,8.414,2876000000.0,0.0,94.83,1.888,1.888,2736000000.0,12757000000.0,14265000000.0,14265000000.0,463000000.0,0.202,0.647,0.383,0.258,81000000.0,3486000000.0,1.0,284045268.0,284045268,,50.221,11516000000.0,916000000.0,253000000.0,249000000.0,40.543,3079000000.0
32,PPG,MRT,2013-09-30,2013-09-30,2013-09-30,2021-10-21,-1469000000.0,16638000000.0,15989500000.0,8120000000.0,8518000000.0,0.824,18.232,-416000000.0,1562000000.0,1562000000.0,7890000000.0,3324000000.0,1.862,2.141,3395000000.0,27000000.0,3368000000.0,3395000000.0,0.0,417000000.0,0.0,0.014,1.2,3578000000.0,3995000000.0,0.303,3995000000.0,3578000000.0,3375000000.0,10.96,10.835,10.96,5211000000.0,4775750000.0,5211000000.0,26010176734.0,7.0,6.511,1614000000.0,5.647,1.0,5292000000.0,0.401,4394000000.0,203000000.0,9715000000.0,9769250000.0,1878000000.0,1091000000.0,687000000.0,404000000.0,11157000000.0,4362000000.0,6795000000.0,23874176734.0,170000000.0,-107000000.0,-249000000.0,-610000000.0,-350000000.0,-1297000000.0,-567000000.0,-3000000.0,2030000000.0,4000000.0,3204000000.0,3204000000.0,3204000000.0,0.0,120000000.0,0.243,4293000000.0,999000000.0,3503000000.0,0.109,4.581,7.451,7.621,2687000000.0,0.0,83.53,1.811,1.811,3122000000.0,12589000000.0,13182000000.0,13182000000.0,439000000.0,0.2,0.671,0.366,0.271,77000000.0,3174000000.0,1.0,285815596.0,285815596,,46.121,12244000000.0,1053000000.0,171000000.0,216000000.0,42.839,3758000000.0
33,PPG,MRT,2013-06-30,2013-06-30,2013-06-30,2021-10-21,-1639000000.0,16066000000.0,15731500000.0,7710000000.0,8356000000.0,0.815,17.673,-356000000.0,1243000000.0,1243000000.0,7712000000.0,3433000000.0,1.878,2.135,3379000000.0,24000000.0,3355000000.0,3379000000.0,0.0,408000000.0,0.0,0.016,1.19,3749000000.0,4157000000.0,0.324,4157000000.0,3749000000.0,3540000000.0,11.275,11.145,11.275,5042000000.0,4438250000.0,5042000000.0,22264866452.0,6.0,5.356,1491000000.0,5.226,1.0,5104000000.0,0.398,4311000000.0,209000000.0,9785000000.0,9828750000.0,1862000000.0,940000000.0,538000000.0,402000000.0,10765000000.0,4106000000.0,6659000000.0,20884866452.0,226000000.0,-124000000.0,-44000000.0,-242000000.0,-352000000.0,-832000000.0,-787000000.0,-247000000.0,1847000000.0,-2000000.0,3317000000.0,3317000000.0,3317000000.0,0.0,116000000.0,0.259,3952000000.0,1152000000.0,3343000000.0,0.106,4.142,6.296,6.493,2637000000.0,0.0,73.205,1.63,1.63,3223000000.0,12450000000.0,12816000000.0,12816000000.0,434000000.0,0.211,0.747,0.381,0.293,103000000.0,3043000000.0,1.0,285292896.0,285292896,,44.922,11755000000.0,0.0,223000000.0,224000000.0,41.203,3604000000.0
34,PPG,MRT,2013-03-31,2013-03-31,2013-03-31,2021-10-21,-1608000000.0,15376000000.0,15419250000.0,7726000000.0,7650000000.0,0.808,16.756,-336000000.0,2021000000.0,2021000000.0,7515000000.0,3458000000.0,2.073,2.159,3401000000.0,48000000.0,3353000000.0,3401000000.0,0.0,392000000.0,0.0,0.018,1.18,3773000000.0,4165000000.0,0.334,4165000000.0,3773000000.0,3561000000.0,11.27,11.14,11.27,4787000000.0,4043000000.0,4787000000.0,21836813197.0,6.0,5.243,1364000000.0,4.774,1.0,4946000000.0,0.397,3727000000.0,212000000.0,9302000000.0,9666250000.0,1698000000.0,777000000.0,359000000.0,418000000.0,10335000000.0,3727000000.0,6608000000.0,19132813197.0,1043000000.0,862000000.0,-36000000.0,-242000000.0,-355000000.0,-839000000.0,184000000.0,-270000000.0,1700000000.0,-2000000.0,3338000000.0,3338000000.0,3338000000.0,0.0,120000000.0,0.268,3789000000.0,1157000000.0,2949000000.0,0.105,3.997,5.732,5.942,2461000000.0,0.0,66.97,1.535,1.535,2824000000.0,12196000000.0,12461000000.0,12461000000.0,429000000.0,0.216,0.826,0.39,0.303,86000000.0,2910000000.0,1.0,285692298.0,285692298,,43.617,11649000000.0,0.0,223000000.0,235000000.0,40.775,3999000000.0
35,PPG,MRT,2012-12-31,2012-12-31,2012-12-31,2021-10-21,-1666000000.0,15878000000.0,15283750000.0,7715000000.0,8163000000.0,0.83,13.247,-330000000.0,1306000000.0,1306000000.0,7599000000.0,1064000000.0,1.729,2.844,4010000000.0,642000000.0,3368000000.0,4010000000.0,0.0,399000000.0,0.0,0.017,1.17,1299000000.0,1698000000.0,0.134,1698000000.0,1299000000.0,1089000000.0,3.065,3.03,3.065,4063000000.0,3669500000.0,4063000000.0,23364972850.0,18.0,13.76,1457000000.0,4.751,1.0,5087000000.0,0.401,3846000000.0,210000000.0,10275000000.0,9614250000.0,1687000000.0,1509000000.0,1087000000.0,422000000.0,11556000000.0,4461000000.0,7095000000.0,20755972850.0,-151000000.0,-122000000.0,30000000.0,197000000.0,-358000000.0,-351000000.0,-1611000000.0,-1082000000.0,1787000000.0,24000000.0,941000000.0,941000000.0,941000000.0,0.0,123000000.0,0.074,4227000000.0,860000000.0,3061000000.0,0.382,5.109,22.057,22.08,2888000000.0,0.0,67.675,1.636,1.636,2813000000.0,9871000000.0,12686000000.0,12686000000.0,430000000.0,0.062,0.256,0.135,0.102,71000000.0,2987000000.0,1.0,306700744.0,306700744,,41.363,12032000000.0,1099000000.0,148000000.0,231000000.0,39.23,3254000000.0
36,PPG,MRT,2012-09-30,2012-09-30,2012-09-30,2021-10-21,-1704000000.0,15606000000.0,14909750000.0,7777000000.0,7829000000.0,0.808,12.643,-228000000.0,1392000000.0,1392000000.0,6963000000.0,1050000000.0,1.732,2.972,4001000000.0,636000000.0,3365000000.0,4001000000.0,0.0,388000000.0,0.0,0.02,1.16,1215000000.0,1603000000.0,0.133,1603000000.0,1215000000.0,1009000000.0,3.035,2.995,3.035,3861000000.0,3466000000.0,3861000000.0,20128700485.0,17.0,12.557,1470000000.0,4.814,1.0,5091000000.0,0.422,3772000000.0,206000000.0,9953000000.0,9325500000.0,1777000000.0,1043000000.0,619000000.0,424000000.0,11474000000.0,4490000000.0,6984000000.0,17534700485.0,91000000.0,-28000000.0,-196000000.0,196000000.0,-354000000.0,-603000000.0,-1017000000.0,-585000000.0,1698000000.0,13000000.0,930000000.0,930000000.0,930000000.0,0.0,120000000.0,0.077,4343000000.0,748000000.0,3105000000.0,0.382,4.541,18.855,18.919,2759000000.0,0.0,57.42,1.455,1.455,3190000000.0,9734000000.0,12054000000.0,12054000000.0,442000000.0,0.062,0.268,0.13,0.101,87000000.0,3084000000.0,1.0,305376184.0,305376184,,39.473,11834000000.0,0.0,79000000.0,263000000.0,38.752,3287000000.0
37,PPG,MRT,2012-06-30,2012-06-30,2012-06-30,2021-10-21,-1793000000.0,14817000000.0,14644000000.0,7151000000.0,7666000000.0,0.853,11.363,-288000000.0,1017000000.0,1017000000.0,7333000000.0,1028000000.0,1.566,3.219,3611000000.0,647000000.0,2964000000.0,3611000000.0,0.0,400000000.0,0.0,0.022,1.15,1212000000.0,1612000000.0,0.129,1612000000.0,1212000000.0,1009000000.0,2.92,2.885,2.92,3461000000.0,3416250000.0,3461000000.0,18839643486.0,16.0,11.687,1330000000.0,4.367,1.0,5162000000.0,0.413,3711000000.0,203000000.0,9135000000.0,9155750000.0,1775000000.0,649000000.0,230000000.0,419000000.0,11142000000.0,4565000000.0,6577000000.0,16160643486.0,35000000.0,-12000000.0,-476000000.0,-181000000.0,-354000000.0,-1114000000.0,-402000000.0,25000000.0,1618000000.0,-67000000.0,902000000.0,902000000.0,902000000.0,0.0,126000000.0,0.072,4371000000.0,791000000.0,3160000000.0,0.394,4.669,17.916,18.171,2719000000.0,0.0,53.06,1.293,1.293,3310000000.0,9486000000.0,12495000000.0,12495000000.0,438000000.0,0.062,0.264,0.132,0.097,34000000.0,3111000000.0,1.0,304573002.0,304573002,,41.025,11106000000.0,0.0,107000000.0,241000000.0,36.464,2586000000.0
38,PPG,MRT,2012-03-31,2012-03-31,2012-03-31,2021-10-21,-1653000000.0,14834000000.0,14756500000.0,6944000000.0,7890000000.0,0.878,10.832,-302000000.0,978000000.0,978000000.0,7684000000.0,1004000000.0,1.523,3.437,3657000000.0,669000000.0,2988000000.0,3657000000.0,0.0,416000000.0,0.0,0.024,1.14,1225000000.0,1641000000.0,0.127,1641000000.0,1225000000.0,1017000000.0,2.81,2.775,2.81,3293000000.0,3564500000.0,3293000000.0,16787342163.0,14.0,10.23,1288000000.0,4.237,1.0,5269000000.0,0.407,3861000000.0,208000000.0,9094000000.0,9356000000.0,1830000000.0,482000000.0,56000000.0,426000000.0,11318000000.0,4558000000.0,6760000000.0,14562342163.0,182000000.0,13000000.0,-573000000.0,-542000000.0,-353000000.0,-1591000000.0,217000000.0,614000000.0,1590000000.0,-34000000.0,880000000.0,880000000.0,880000000.0,0.0,124000000.0,0.068,4420000000.0,849000000.0,3133000000.0,0.406,4.422,16.548,17.046,2785000000.0,0.0,47.9,1.124,1.124,3236000000.0,9213000000.0,12953000000.0,12953000000.0,435000000.0,0.06,0.247,0.131,0.095,34000000.0,3148000000.0,1.0,304015494.0,304015494,,42.606,10973000000.0,0.0,137000000.0,262000000.0,36.094,2386000000.0
39,PPG,MRT,2011-12-31,2011-12-31,2011-12-31,2021-10-21,-1800000000.0,14382000000.0,14823750000.0,6694000000.0,7688000000.0,0.887,10.52,-299000000.0,1457000000.0,1457000000.0,7865000000.0,1212000000.0,1.808,3.366,3682000000.0,108000000.0,3574000000.0,3682000000.0,0.0,425000000.0,0.0,0.027,1.13,1565000000.0,1990000000.0,0.151,1990000000.0,1565000000.0,1355000000.0,3.48,3.435,3.48,3249000000.0,3682750000.0,3249000000.0,15283721668.0,10.0,7.68,1137000000.0,3.681,1.0,5288000000.0,0.402,3785000000.0,210000000.0,9120000000.0,9720000000.0,1607000000.0,412000000.0,25000000.0,387000000.0,10936000000.0,3702000000.0,7234000000.0,12892721668.0,116000000.0,47000000.0,-777000000.0,-391000000.0,-355000000.0,-1632000000.0,353000000.0,714000000.0,1436000000.0,-41000000.0,1095000000.0,1095000000.0,1095000000.0,0.0,117000000.0,0.083,4050000000.0,1238000000.0,2996000000.0,0.325,3.968,11.774,11.996,2721000000.0,0.0,41.745,0.98,0.98,2830000000.0,9288000000.0,13153000000.0,13153000000.0,428000000.0,0.074,0.297,0.161,0.119,34000000.0,3122000000.0,1.0,308844692.0,308844692,,42.588,10597000000.0,473000000.0,260000000.0,272000000.0,34.312,2992000000.0
40,PPG,MRT,2011-09-30,2011-09-30,2011-09-30,2021-10-21,-1464000000.0,14543000000.0,14972000000.0,6940000000.0,7603000000.0,0.985,11.624,-384000000.0,1301000000.0,1301000000.0,8983000000.0,1201000000.0,1.832,2.905,3692000000.0,102000000.0,3590000000.0,3692000000.0,0.0,470000000.0,0.0,0.032,1.12,1698000000.0,2168000000.0,0.147,2168000000.0,1698000000.0,1487000000.0,3.405,3.36,3.405,3662000000.0,3780000000.0,3662000000.0,13872250285.0,8.0,6.399,1005000000.0,3.19,1.0,5764000000.0,0.391,3872000000.0,211000000.0,9274000000.0,9963250000.0,1737000000.0,437000000.0,37000000.0,400000000.0,10637000000.0,3788000000.0,6849000000.0,11130250285.0,371000000.0,6000000.0,-797000000.0,534000000.0,-358000000.0,-680000000.0,-303000000.0,65000000.0,1389000000.0,-35000000.0,1084000000.0,1084000000.0,1084000000.0,0.0,117000000.0,0.074,4006000000.0,1758000000.0,3105000000.0,0.329,3.039,10.268,10.376,2669000000.0,0.0,35.33,0.755,0.755,3088000000.0,9159000000.0,14747000000.0,14747000000.0,425000000.0,0.072,0.287,0.17,0.115,0.0,3200000000.0,1.0,315036804.0,315036804,,46.81,10671000000.0,0.0,403000000.0,286000000.0,33.872,3152000000.0
41,PPG,MRT,2011-06-30,2011-06-30,2011-06-30,2021-10-21,-1083000000.0,15267000000.0,14866250000.0,7239000000.0,8028000000.0,0.966,12.817,-348000000.0,982000000.0,982000000.0,8738000000.0,1151000000.0,1.846,2.708,3724000000.0,111000000.0,3613000000.0,3724000000.0,0.0,470000000.0,0.0,0.024,1.11,1618000000.0,2088000000.0,0.145,2088000000.0,1618000000.0,1412000000.0,3.21,3.17,3.21,4054000000.0,3833000000.0,4054000000.0,17651632246.0,11.0,8.454,847000000.0,2.678,1.0,5620000000.0,0.391,4151000000.0,206000000.0,9936000000.0,9839750000.0,1821000000.0,668000000.0,263000000.0,405000000.0,10979000000.0,3922000000.0,7057000000.0,14358632246.0,198000000.0,10000000.0,-699000000.0,550000000.0,-358000000.0,-589000000.0,-477000000.0,-160000000.0,1195000000.0,69000000.0,1035000000.0,1035000000.0,1035000000.0,0.0,116000000.0,0.072,3942000000.0,1678000000.0,3199000000.0,0.346,3.542,13.873,14.142,2759000000.0,0.0,45.395,1.0,1.0,3345000000.0,8938000000.0,14358000000.0,14358000000.0,414000000.0,0.07,0.27,0.164,0.113,0.0,3133000000.0,1.0,316304268.0,316304268,,45.393,11116000000.0,0.0,377000000.0,305000000.0,35.143,3317000000.0
42,PPG,MRT,2011-03-31,2011-03-31,2011-03-31,2021-10-21,-1187000000.0,15103000000.0,14391000000.0,7084000000.0,8019000000.0,0.961,11.726,-316000000.0,796000000.0,796000000.0,8397000000.0,1080000000.0,1.89,2.95,4089000000.0,96000000.0,3993000000.0,4089000000.0,0.0,466000000.0,0.0,0.023,1.095,1524000000.0,1990000000.0,0.144,1990000000.0,1524000000.0,1327000000.0,2.955,2.925,2.955,3766000000.0,3682000000.0,3766000000.0,18019692019.0,12.0,9.055,892000000.0,2.777,1.0,5433000000.0,0.393,4097000000.0,197000000.0,10550000000.0,9486000000.0,1755000000.0,1141000000.0,587000000.0,554000000.0,11108000000.0,3749000000.0,7359000000.0,15289692019.0,107000000.0,-28000000.0,-706000000.0,887000000.0,-359000000.0,-232000000.0,-901000000.0,-574000000.0,1208000000.0,32000000.0,967000000.0,967000000.0,967000000.0,0.0,113000000.0,0.07,3844000000.0,1589000000.0,3045000000.0,0.371,4.06,15.811,16.11,2696000000.0,0.0,47.605,1.106,1.106,3126000000.0,8687000000.0,13830000000.0,13830000000.0,401000000.0,0.067,0.263,0.161,0.11,0.0,3049000000.0,1.0,321178280.0,321178280,,43.06,11006000000.0,0.0,360000000.0,302000000.0,34.268,3335000000.0
43,PPG,MRT,2010-12-31,2010-12-31,2010-12-31,2021-10-21,-1411000000.0,14975000000.0,14054250000.0,7058000000.0,7917000000.0,0.955,11.158,-307000000.0,1341000000.0,1341000000.0,8214000000.0,880000000.0,1.947,3.063,4071000000.0,28000000.0,4043000000.0,4071000000.0,0.0,470000000.0,0.0,0.026,1.09,1373000000.0,1843000000.0,0.137,1843000000.0,1373000000.0,1184000000.0,2.335,2.315,2.335,3638000000.0,3638500000.0,3638000000.0,15910028852.0,12.0,8.633,1003000000.0,3.076,1.0,5209000000.0,0.388,3987000000.0,189000000.0,10093000000.0,9044000000.0,1573000000.0,1187000000.0,637000000.0,550000000.0,11142000000.0,3625000000.0,7517000000.0,13705028852.0,284000000.0,-34000000.0,-440000000.0,736000000.0,-360000000.0,-104000000.0,-949000000.0,-624000000.0,1310000000.0,27000000.0,769000000.0,769000000.0,769000000.0,0.0,111000000.0,0.057,3759000000.0,1450000000.0,3002000000.0,0.467,3.767,17.822,18.002,2686000000.0,0.0,42.035,1.021,1.021,2778000000.0,8548000000.0,13423000000.0,13423000000.0,394000000.0,0.055,0.211,0.152,0.102,0.0,2979000000.0,1.0,326038512.0,326038512,,41.17,10988000000.0,451000000.0,415000000.0,293000000.0,33.702,3433000000.0
44,PPG,MRT,2010-09-30,2010-09-30,2010-09-30,2021-10-21,-1280000000.0,14120000000.0,13870500000.0,6305000000.0,7815000000.0,0.949,11.729,-245000000.0,930000000.0,930000000.0,8062000000.0,815000000.0,1.79,2.586,3135000000.0,69000000.0,3066000000.0,3135000000.0,0.0,832000000.0,0.0,0.03,1.085,1281000000.0,2113000000.0,0.161,2113000000.0,1281000000.0,1095000000.0,2.135,2.125,2.135,3874000000.0,3667250000.0,3874000000.0,14314906823.0,11.0,6.775,1038000000.0,3.143,1.0,5098000000.0,0.387,4022000000.0,186000000.0,8780000000.0,8708750000.0,1638000000.0,536000000.0,0.0,536000000.0,10018000000.0,3523000000.0,6495000000.0,12022906823.0,32000000.0,-20000000.0,-253000000.0,-374000000.0,-361000000.0,-1056000000.0,-217000000.0,0.0,1283000000.0,22000000.0,706000000.0,706000000.0,706000000.0,0.0,109000000.0,0.054,3778000000.0,1320000000.0,2860000000.0,0.508,3.103,17.03,17.049,2620000000.0,0.0,36.4,0.914,0.914,2958000000.0,8433000000.0,13160000000.0,13160000000.0,392000000.0,0.051,0.193,0.147,0.097,0.0,2968000000.0,1.0,330299638.0,330299638,,39.843,10098000000.0,0.0,389000000.0,316000000.0,30.572,2782000000.0
45,PPG,MRT,2010-06-30,2010-06-30,2010-06-30,2021-10-21,-1603000000.0,13366000000.0,13982750000.0,5886000000.0,7480000000.0,0.924,10.371,-229000000.0,784000000.0,784000000.0,7943000000.0,708000000.0,1.745,2.819,3076000000.0,59000000.0,3017000000.0,3076000000.0,0.0,716000000.0,0.0,0.036,1.075,1175000000.0,1891000000.0,0.146,1891000000.0,1175000000.0,988000000.0,1.82,1.815,1.82,3450000000.0,3583250000.0,3450000000.0,12521818117.0,11.0,6.622,1377000000.0,4.139,1.0,4982000000.0,0.385,3764000000.0,187000000.0,8521000000.0,8785000000.0,1541000000.0,525000000.0,0.0,525000000.0,9727000000.0,3373000000.0,6354000000.0,10047818117.0,-268000000.0,-23000000.0,-110000000.0,-1098000000.0,-359000000.0,-1662000000.0,-218000000.0,0.0,1606000000.0,6000000.0,603000000.0,603000000.0,603000000.0,0.0,105000000.0,0.047,3765000000.0,1217000000.0,2724000000.0,0.591,2.912,16.663,16.596,2533000000.0,0.0,30.205,0.777,0.777,2781000000.0,8262000000.0,12925000000.0,12925000000.0,390000000.0,0.043,0.168,0.134,0.091,0.0,2961000000.0,1.0,332654134.0,332654134,,38.854,9602000000.0,0.0,385000000.0,301000000.0,28.865,2513000000.0
46,PPG,MRT,2010-03-31,2010-03-31,2010-03-31,2021-10-21,-1353000000.0,13756000000.0,14282500000.0,5922000000.0,7834000000.0,0.881,10.829,-233000000.0,689000000.0,689000000.0,7765000000.0,576000000.0,1.733,2.775,3163000000.0,112000000.0,3051000000.0,3163000000.0,0.0,601000000.0,0.0,0.033,1.07,1025000000.0,1626000000.0,0.129,1626000000.0,1025000000.0,835000000.0,1.445,1.445,1.445,3592000000.0,3514500000.0,3592000000.0,13136072848.0,13.0,8.079,1349000000.0,4.067,1.0,4817000000.0,0.383,4030000000.0,190000000.0,8782000000.0,9022500000.0,1599000000.0,503000000.0,0.0,503000000.0,9967000000.0,3418000000.0,6549000000.0,10847072848.0,158000000.0,-31000000.0,-27000000.0,-808000000.0,-356000000.0,-1268000000.0,-208000000.0,0.0,1582000000.0,52000000.0,477000000.0,477000000.0,477000000.0,0.0,99000000.0,0.038,3750000000.0,1067000000.0,2685000000.0,0.74,3.02,22.74,22.63,2660000000.0,0.0,32.7,0.862,0.862,2809000000.0,8080000000.0,12582000000.0,12582000000.0,390000000.0,0.033,0.136,0.114,0.081,0.0,2947000000.0,1.0,331714766.0,331714766,,37.93,9726000000.0,0.0,358000000.0,319000000.0,29.32,2504000000.0
47,PPG,MRT,2009-12-31,2009-12-31,2009-12-31,2021-10-21,-1261000000.0,14240000000.0,14244250000.0,5981000000.0,8259000000.0,0.859,11.238,-239000000.0,1057000000.0,1057000000.0,7539000000.0,426000000.0,1.672,2.749,3346000000.0,272000000.0,3074000000.0,3346000000.0,0.0,480000000.0,0.0,0.036,1.065,720000000.0,1200000000.0,0.098,1200000000.0,720000000.0,527000000.0,1.02,1.015,1.02,3753000000.0,3324000000.0,3753000000.0,12414319813.0,17.0,10.345,1106000000.0,3.312,1.0,4700000000.0,0.384,4200000000.0,193000000.0,8752000000.0,9083250000.0,1548000000.0,506000000.0,7000000.0,499000000.0,10318000000.0,3577000000.0,6741000000.0,9775319813.0,36000000.0,-26000000.0,-47000000.0,-646000000.0,-353000000.0,-1123000000.0,-203000000.0,0.0,1345000000.0,17000000.0,336000000.0,336000000.0,336000000.0,0.0,90000000.0,0.027,3918000000.0,782000000.0,2648000000.0,1.044,2.605,29.093,28.696,2754000000.0,0.0,29.27,0.799,0.799,2628000000.0,8139000000.0,12239000000.0,12239000000.0,388000000.0,0.024,0.101,0.079,0.059,0.0,2936000000.0,1.0,333970612.0,333970612,,36.647,10040000000.0,485000000.0,191000000.0,328000000.0,30.063,2404000000.0
48,PPG,MRT,2009-09-30,2009-09-30,2009-09-30,2021-10-21,-1431000000.0,14569000000.0,14358750000.0,6248000000.0,8321000000.0,0.857,10.727,-300000000.0,898000000.0,898000000.0,7634000000.0,345000000.0,1.615,3.062,3537000000.0,455000000.0,3082000000.0,3537000000.0,0.0,563000000.0,0.0,0.036,1.06,670000000.0,1233000000.0,0.1,1233000000.0,670000000.0,465000000.0,0.8,0.8,0.8,3538000000.0,3219000000.0,3538000000.0,12749421403.0,19.0,10.34,1029000000.0,3.12,1.0,4677000000.0,0.38,4254000000.0,205000000.0,9085000000.0,9211750000.0,1656000000.0,506000000.0,0.0,506000000.0,10835000000.0,3869000000.0,6966000000.0,9599421403.0,382000000.0,-67000000.0,-1000000.0,-482000000.0,-349000000.0,-882000000.0,-72000000.0,0.0,1329000000.0,7000000.0,265000000.0,265000000.0,265000000.0,0.0,80000000.0,0.022,3894000000.0,783000000.0,2720000000.0,1.325,2.713,36.224,36.381,2765000000.0,0.0,29.105,0.78,0.78,2853000000.0,8088000000.0,12311000000.0,12311000000.0,393000000.0,0.018,0.082,0.073,0.054,0.0,2929000000.0,1.0,329820354.0,329820354,,37.326,10315000000.0,0.0,200000000.0,336000000.0,31.275,2379000000.0
49,PPG,MRT,2009-06-30,2009-06-30,2009-06-30,2021-10-21,-1613000000.0,14565000000.0,14478000000.0,6422000000.0,8143000000.0,0.919,9.65,-340000000.0,1052000000.0,1052000000.0,8346000000.0,298000000.0,1.566,3.527,4202000000.0,896000000.0,3306000000.0,4202000000.0,0.0,563000000.0,0.0,0.048,1.055,618000000.0,1181000000.0,0.089,1181000000.0,618000000.0,398000000.0,0.675,0.67,0.675,3175000000.0,3385500000.0,3175000000.0,10545699523.0,17.0,8.929,801000000.0,2.435,1.0,4965000000.0,0.373,4142000000.0,220000000.0,9471000000.0,9364000000.0,1672000000.0,499000000.0,0.0,499000000.0,11197000000.0,4102000000.0,7095000000.0,7221699523.0,786000000.0,115000000.0,4000000.0,72000000.0,-346000000.0,-316000000.0,-3000000.0,0.0,1141000000.0,-36000000.0,223000000.0,223000000.0,223000000.0,0.0,75000000.0,0.017,4245000000.0,720000000.0,2513000000.0,1.563,2.275,32.384,32.519,2745000000.0,0.0,21.95,0.543,0.543,2847000000.0,8017000000.0,13311000000.0,13311000000.0,412000000.0,0.015,0.066,0.066,0.046,0.0,3074000000.0,1.0,329006812.0,329006812,,40.458,10423000000.0,0.0,175000000.0,293000000.0,31.68,2320000000.0
50,PPG,MRT,2009-03-31,2009-03-31,2009-03-31,2021-10-21,-1877000000.0,13603000000.0,14888500000.0,5770000000.0,7833000000.0,0.985,8.616,-372000000.0,531000000.0,531000000.0,9277000000.0,407000000.0,1.453,3.746,3855000000.0,869000000.0,2986000000.0,3855000000.0,0.0,563000000.0,0.0,0.057,1.05,770000000.0,1333000000.0,0.091,1333000000.0,770000000.0,534000000.0,0.99,0.98,0.99,2830000000.0,3747750000.0,2830000000.0,8927212128.0,12.0,6.697,725000000.0,2.207,1.0,5393000000.0,0.368,3932000000.0,236000000.0,9025000000.0,9706500000.0,1677000000.0,493000000.0,0.0,493000000.0,10600000000.0,3970000000.0,6630000000.0,6060212128.0,233000000.0,112000000.0,6000000.0,-346000000.0,-345000000.0,-764000000.0,-41000000.0,0.0,1097000000.0,-59000000.0,327000000.0,327000000.0,327000000.0,0.0,80000000.0,0.022,4516000000.0,877000000.0,2414000000.0,1.061,2.141,18.533,18.636,2658000000.0,0.0,18.45,0.413,0.413,2713000000.0,7958000000.0,14670000000.0,14670000000.0,433000000.0,0.022,0.087,0.079,0.052,0.0,3279000000.0,1.0,328466782.0,328466782,,44.662,9671000000.0,0.0,207000000.0,277000000.0,29.443,1800000000.0
51,PPG,MRT,2008-12-31,2008-12-31,2008-12-31,2021-10-21,-1628000000.0,14698000000.0,15462500000.0,6348000000.0,8350000000.0,1.025,10.149,-383000000.0,1021000000.0,1021000000.0,10155000000.0,624000000.0,1.508,3.363,3912000000.0,903000000.0,3009000000.0,3912000000.0,0.0,563000000.0,0.0,0.049,1.045,1076000000.0,1639000000.0,0.103,1639000000.0,1076000000.0,822000000.0,1.635,1.625,1.635,3333000000.0,4133750000.0,3333000000.0,10356469802.0,10.0,6.319,1054000000.0,3.209,1.0,5694000000.0,0.359,4113000000.0,254000000.0,9266000000.0,10192250000.0,1702000000.0,509000000.0,0.0,509000000.0,11209000000.0,4210000000.0,6999000000.0,6967469802.0,495000000.0,-1448000000.0,6000000.0,-681000000.0,-343000000.0,-1057000000.0,125000000.0,0.0,1437000000.0,-10000000.0,538000000.0,538000000.0,538000000.0,0.0,86000000.0,0.034,4532000000.0,1162000000.0,2724000000.0,0.639,2.09,12.951,12.976,2798000000.0,0.0,21.215,0.44,0.44,2804000000.0,8156000000.0,15849000000.0,15849000000.0,451000000.0,0.035,0.13,0.106,0.068,0.0,3432000000.0,1.0,328421862.0,328421862,,48.258,10585000000.0,515000000.0,284000000.0,425000000.0,32.23,2138000000.0
52,PPG,MRT,2008-09-30,2008-09-30,2008-09-30,2021-10-21,-766000000.0,15046000000.0,14945250000.0,6579000000.0,8467000000.0,1.055,12.807,-345000000.0,558000000.0,558000000.0,10143000000.0,818000000.0,1.472,2.539,3947000000.0,726000000.0,3221000000.0,3947000000.0,0.0,403000000.0,0.0,0.036,1.04,1209000000.0,1612000000.0,0.102,1612000000.0,1209000000.0,992000000.0,2.03,2.015,2.03,4204000000.0,4338250000.0,4204000000.0,13549643562.0,11.0,8.405,1039000000.0,3.165,1.0,5622000000.0,0.357,4272000000.0,217000000.0,9694000000.0,9541750000.0,1818000000.0,571000000.0,0.0,571000000.0,10676000000.0,4469000000.0,6207000000.0,9571643562.0,289000000.0,-1426000000.0,10000000.0,977000000.0,-341000000.0,567000000.0,-1662000000.0,0.0,1384000000.0,0.0,667000000.0,667000000.0,667000000.0,1000000.0,151000000.0,0.042,4362000000.0,1260000000.0,3128000000.0,0.512,2.277,14.35,14.365,2833000000.0,0.0,29.16,0.607,0.607,3453000000.0,8172000000.0,15765000000.0,15765000000.0,436000000.0,0.045,0.154,0.127,0.077,0.0,3298000000.0,1.0,328245664.0,328245664,,48.028,10774000000.0,0.0,325000000.0,495000000.0,32.823,2110000000.0
53,PPG,MRT,2008-06-30,2008-06-30,2008-06-30,2021-10-21,-300000000.0,16207000000.0,13910500000.0,7091000000.0,9116000000.0,1.051,14.089,-329000000.0,278000000.0,278000000.0,9389000000.0,871000000.0,1.494,2.463,4256000000.0,816000000.0,3440000000.0,4256000000.0,0.0,403000000.0,0.0,0.036,1.04,1283000000.0,1686000000.0,0.115,1686000000.0,1283000000.0,1106000000.0,2.255,2.24,2.255,4624000000.0,4288000000.0,4624000000.0,13548212763.0,11.0,8.036,911000000.0,2.776,1.0,5224000000.0,0.357,4599000000.0,177000000.0,10841000000.0,8847250000.0,2124000000.0,395000000.0,0.0,395000000.0,11389000000.0,4745000000.0,6644000000.0,9414212763.0,85000000.0,-1645000000.0,-40000000.0,1100000000.0,-341000000.0,655000000.0,-1837000000.0,0.0,1240000000.0,27000000.0,741000000.0,741000000.0,741000000.0,23000000.0,130000000.0,0.051,3845000000.0,1379000000.0,3316000000.0,0.461,2.036,12.705,12.721,3363000000.0,0.0,28.685,0.644,0.644,3907000000.0,8141000000.0,14613000000.0,14613000000.0,408000000.0,0.053,0.173,0.145,0.088,0.0,3016000000.0,1.0,328192880.0,328192880,,44.526,11608000000.0,0.0,365000000.0,618000000.0,35.369,2346000000.0
54,PPG,MRT,2008-03-31,2008-03-31,2008-03-31,2021-10-21,-378000000.0,15899000000.0,12529750000.0,6949000000.0,8950000000.0,1.061,13.35,-337000000.0,310000000.0,310000000.0,8561000000.0,842000000.0,1.547,2.594,4444000000.0,805000000.0,3639000000.0,4444000000.0,0.0,403000000.0,0.0,0.034,1.03,1249000000.0,1652000000.0,0.124,1652000000.0,1249000000.0,1114000000.0,2.25,2.235,2.25,4374000000.0,4053250000.0,4374000000.0,10700866437.0,9.0,6.478,875000000.0,2.671,1.0,4733000000.0,0.356,4573000000.0,135000000.0,10968000000.0,7834250000.0,1977000000.0,382000000.0,0.0,382000000.0,11346000000.0,4492000000.0,6854000000.0,9912866437.0,130000000.0,-1656000000.0,-74000000.0,1182000000.0,-338000000.0,759000000.0,-1869000000.0,0.0,1212000000.0,28000000.0,740000000.0,740000000.0,740000000.0,24000000.0,102000000.0,0.056,3385000000.0,1348000000.0,3003000000.0,0.458,2.266,13.396,13.447,3253000000.0,0.0,30.255,0.746,0.746,3433000000.0,7976000000.0,13294000000.0,13294000000.0,377000000.0,0.059,0.183,0.159,0.094,0.0,2644000000.0,1.0,327643908.0,327643908,,40.575,11326000000.0,0.0,374000000.0,616000000.0,34.568,2457000000.0
55,PPG,MRT,2007-12-31,2007-12-31,2007-12-31,2021-10-21,-582000000.0,12629000000.0,11141250000.0,6941000000.0,5688000000.0,1.097,12.675,-364000000.0,2232000000.0,2232000000.0,7828000000.0,910000000.0,1.498,2.004,3020000000.0,1819000000.0,1201000000.0,3020000000.0,0.0,403000000.0,0.0,0.029,1.02,1310000000.0,1713000000.0,0.14,1713000000.0,1310000000.0,1217000000.0,2.535,2.515,2.535,4151000000.0,3818750000.0,4151000000.0,12631715556.0,10.0,7.374,699000000.0,2.134,1.0,4392000000.0,0.359,2121000000.0,93000000.0,6664000000.0,6738750000.0,1532000000.0,370000000.0,0.0,370000000.0,8317000000.0,4632000000.0,3685000000.0,11499715556.0,83000000.0,-233000000.0,-80000000.0,1673000000.0,-335000000.0,1216000000.0,-2207000000.0,0.0,1063000000.0,11000000.0,834000000.0,834000000.0,834000000.0,22000000.0,76000000.0,0.068,2984000000.0,1408000000.0,2220000000.0,0.402,2.77,13.789,13.852,2578000000.0,0.0,35.115,0.941,0.941,2522000000.0,7963000000.0,12220000000.0,12220000000.0,348000000.0,0.075,0.218,0.194,0.107,0.0,2310000000.0,1.0,327487272.0,327487272,,37.314,10508000000.0,418000000.0,383000000.0,164000000.0,32.087,2309000000.0
56,PPG,MRT,2007-09-30,2007-09-30,2007-09-30,2021-10-21,-596000000.0,10907000000.0,10500750000.0,5416000000.0,5491000000.0,1.184,12.2,-405000000.0,227000000.0,227000000.0,8025000000.0,791000000.0,1.786,1.69,1359000000.0,178000000.0,1181000000.0,1359000000.0,0.0,375000000.0,0.0,0.026,1.0,1273000000.0,1648000000.0,0.133,1648000000.0,1273000000.0,1186000000.0,2.4,2.38,2.4,4003000000.0,3601000000.0,4003000000.0,13564129053.0,11.0,8.231,592000000.0,1.804,1.0,4412000000.0,0.355,2091000000.0,87000000.0,6916000000.0,6618750000.0,1385000000.0,357000000.0,0.0,357000000.0,6764000000.0,3032000000.0,3732000000.0,12394129053.0,-82000000.0,-229000000.0,-166000000.0,-9000000.0,-329000000.0,-478000000.0,-618000000.0,0.0,997000000.0,17000000.0,791000000.0,791000000.0,791000000.0,52000000.0,0.0,0.064,3017000000.0,1395000000.0,2111000000.0,0.417,3.096,15.669,15.74,2391000000.0,0.0,37.775,0.997,0.997,2497000000.0,7848000000.0,12437000000.0,12437000000.0,346000000.0,0.075,0.22,0.192,0.102,0.0,2294000000.0,1.0,328104012.0,328104012,,37.906,8816000000.0,0.0,395000000.0,156000000.0,26.87,2384000000.0
57,PPG,MRT,2007-06-30,2007-06-30,2007-06-30,2021-10-21,-832000000.0,10684000000.0,10217250000.0,4951000000.0,5733000000.0,1.162,11.223,-399000000.0,197000000.0,197000000.0,7653000000.0,690000000.0,1.672,1.849,1367000000.0,216000000.0,1151000000.0,1367000000.0,0.0,375000000.0,0.0,0.026,0.98,1081000000.0,1456000000.0,0.123,1456000000.0,1081000000.0,994000000.0,2.09,2.075,2.09,3685000000.0,3471000000.0,3685000000.0,13777199419.0,13.0,9.462,608000000.0,1.852,1.0,4215000000.0,0.355,2103000000.0,87000000.0,6789000000.0,6407000000.0,1480000000.0,374000000.0,0.0,374000000.0,6815000000.0,2962000000.0,3853000000.0,12495199419.0,-241000000.0,-436000000.0,-117000000.0,3000000.0,-324000000.0,-412000000.0,-847000000.0,0.0,1007000000.0,11000000.0,690000000.0,690000000.0,690000000.0,10000000.0,0.0,0.058,3057000000.0,1158000000.0,2145000000.0,0.469,3.391,18.109,18.208,2535000000.0,0.0,38.055,1.053,1.053,2583000000.0,7742000000.0,11868000000.0,11868000000.0,336000000.0,0.068,0.199,0.169,0.091,0.0,2161000000.0,1.0,328345800.0,328345800,,36.145,8581000000.0,0.0,304000000.0,146000000.0,26.134,1989000000.0
58,PPG,MRT,2007-03-31,2007-03-31,2007-03-31,2021-10-21,-923000000.0,10345000000.0,9921750000.0,4729000000.0,5616000000.0,1.163,10.477,-379000000.0,182000000.0,182000000.0,7399000000.0,721000000.0,1.604,1.963,1464000000.0,306000000.0,1158000000.0,1464000000.0,0.0,375000000.0,0.0,0.028,0.97,1092000000.0,1467000000.0,0.127,1467000000.0,1092000000.0,1007000000.0,2.18,2.165,2.18,3436000000.0,3419000000.0,3436000000.0,12369215277.0,11.0,8.432,601000000.0,1.833,1.0,4138000000.0,0.359,2092000000.0,85000000.0,6586000000.0,6205500000.0,1459000000.0,356000000.0,0.0,356000000.0,6744000000.0,2949000000.0,3795000000.0,11529215277.0,-251000000.0,-533000000.0,-112000000.0,81000000.0,-320000000.0,-335000000.0,-915000000.0,0.0,980000000.0,19000000.0,721000000.0,721000000.0,721000000.0,9000000.0,0.0,0.062,2962000000.0,1176000000.0,2078000000.0,0.445,3.355,15.991,16.126,2512000000.0,0.0,35.155,0.999,0.999,2434000000.0,7576000000.0,11537000000.0,11537000000.0,327000000.0,0.073,0.211,0.176,0.095,0.0,2092000000.0,1.0,327953784.0,327953784,,35.179,8253000000.0,0.0,286000000.0,144000000.0,25.165,1780000000.0
59,PPG,MRT,2006-12-31,2006-12-31,2006-12-31,2021-10-21,-939000000.0,10067000000.0,9565000000.0,4855000000.0,5212000000.0,1.144,9.924,-369000000.0,443000000.0,443000000.0,6957000000.0,711000000.0,1.724,2.032,1295000000.0,140000000.0,1155000000.0,1295000000.0,0.0,375000000.0,0.0,0.03,0.955,1069000000.0,1444000000.0,0.132,1444000000.0,1069000000.0,986000000.0,2.145,2.135,2.145,3280000000.0,3363500000.0,3280000000.0,11608477707.0,11.0,8.039,746000000.0,2.257,1.0,3981000000.0,0.364,1919000000.0,83000000.0,6184000000.0,5997250000.0,1203000000.0,343000000.0,0.0,343000000.0,6666000000.0,2816000000.0,3850000000.0,10611477707.0,-26000000.0,-402000000.0,-98000000.0,-99000000.0,-316000000.0,-501000000.0,-662000000.0,0.0,1115000000.0,22000000.0,711000000.0,711000000.0,711000000.0,-4000000.0,0.0,0.065,2845000000.0,1136000000.0,1991000000.0,0.445,3.235,14.925,14.967,2307000000.0,0.0,32.105,0.97,0.97,2016000000.0,7453000000.0,10938000000.0,10938000000.0,314000000.0,0.074,0.211,0.178,0.098,0.0,1979000000.0,1.0,330524146.0,330524146,,33.093,8148000000.0,392000000.0,275000000.0,136000000.0,24.652,2039000000.0
60,PPG,MRT,2006-09-30,2006-09-30,2006-09-30,2021-10-21,-726000000.0,9773000000.0,9218500000.0,4547000000.0,5226000000.0,1.009,10.543,-285000000.0,316000000.0,316000000.0,5788000000.0,667000000.0,1.651,1.769,1313000000.0,118000000.0,1195000000.0,1313000000.0,0.0,325000000.0,0.0,0.028,0.95,969000000.0,1294000000.0,0.139,1294000000.0,969000000.0,887000000.0,2.01,2.005,2.01,3483000000.0,3306750000.0,3483000000.0,11995865279.0,12.0,9.27,735000000.0,2.225,1.0,3510000000.0,0.378,1947000000.0,82000000.0,6069000000.0,5821750000.0,1377000000.0,336000000.0,0.0,336000000.0,6160000000.0,2754000000.0,3406000000.0,11079865279.0,-177000000.0,-443000000.0,-121000000.0,-39000000.0,-315000000.0,-465000000.0,-743000000.0,0.0,1020000000.0,11000000.0,667000000.0,667000000.0,667000000.0,-58000000.0,0.0,0.072,2544000000.0,966000000.0,2075000000.0,0.473,3.181,16.611,16.687,2412000000.0,0.0,33.54,1.192,1.192,2240000000.0,7375000000.0,9298000000.0,9298000000.0,293000000.0,0.072,0.202,0.166,0.104,0.0,1697000000.0,1.0,330347802.0,330347802,,28.146,7826000000.0,0.0,220000000.0,156000000.0,23.69,1793000000.0
61,PPG,MRT,2006-06-30,2006-06-30,2006-06-30,2021-10-21,-706000000.0,9502000000.0,8973750000.0,4517000000.0,4985000000.0,1.041,10.496,-282000000.0,419000000.0,419000000.0,5827000000.0,734000000.0,1.712,1.696,1335000000.0,139000000.0,1196000000.0,1335000000.0,0.0,325000000.0,0.0,0.029,0.945,1098000000.0,1423000000.0,0.152,1423000000.0,1098000000.0,1017000000.0,2.205,2.195,2.205,3477000000.0,3265500000.0,3477000000.0,11775689758.0,11.0,8.275,852000000.0,2.572,1.0,3514000000.0,0.376,1797000000.0,81000000.0,5983000000.0,5697750000.0,1273000000.0,341000000.0,0.0,341000000.0,5896000000.0,2638000000.0,3258000000.0,10931689758.0,-45000000.0,-204000000.0,-312000000.0,-106000000.0,-314000000.0,-722000000.0,-469000000.0,0.0,1134000000.0,12000000.0,734000000.0,734000000.0,734000000.0,-38000000.0,0.0,0.079,2384000000.0,1130000000.0,1939000000.0,0.429,3.144,14.893,14.966,2364000000.0,0.0,33.0,1.17,1.17,2248000000.0,7364000000.0,9341000000.0,9341000000.0,294000000.0,0.082,0.225,0.193,0.118,0.0,1672000000.0,1.0,331263326.0,331263326,,28.198,7705000000.0,0.0,283000000.0,122000000.0,23.259,1879000000.0
62,PPG,MRT,2006-03-31,2006-03-31,2006-03-31,2021-10-21,-786000000.0,8918000000.0,8795750000.0,4174000000.0,4744000000.0,1.043,9.72,-271000000.0,416000000.0,416000000.0,5730000000.0,685000000.0,1.781,1.735,1260000000.0,86000000.0,1174000000.0,1260000000.0,0.0,325000000.0,0.0,0.03,0.94,1052000000.0,1377000000.0,0.15,1377000000.0,1052000000.0,972000000.0,2.035,2.025,2.035,3214000000.0,3249500000.0,3214000000.0,11277845360.0,11.0,8.19,695000000.0,2.102,1.0,3443000000.0,0.375,1665000000.0,80000000.0,5753000000.0,5648250000.0,1195000000.0,351000000.0,0.0,351000000.0,5577000000.0,2344000000.0,3233000000.0,10473845360.0,-218000000.0,-108000000.0,-474000000.0,-59000000.0,-316000000.0,-839000000.0,-326000000.0,38000000.0,966000000.0,-19000000.0,685000000.0,685000000.0,685000000.0,-38000000.0,0.0,0.075,2332000000.0,1111000000.0,1778000000.0,0.462,3.259,15.29,15.565,2283000000.0,0.0,31.675,1.142,1.142,2038000000.0,7163000000.0,9173000000.0,9173000000.0,292000000.0,0.078,0.211,0.186,0.115,0.0,1638000000.0,1.0,330665994.0,330665994,,27.741,7253000000.0,0.0,287000000.0,92000000.0,21.935,1830000000.0
63,PPG,MRT,2005-12-31,2005-12-31,2005-12-31,2021-10-21,-819000000.0,8681000000.0,8821750000.0,4019000000.0,4662000000.0,1.023,9.139,-261000000.0,466000000.0,466000000.0,5597000000.0,596000000.0,1.711,1.808,1270000000.0,101000000.0,1169000000.0,1270000000.0,0.0,325000000.0,0.0,0.032,0.93,932000000.0,1257000000.0,0.139,1257000000.0,932000000.0,851000000.0,1.755,1.745,1.755,3053000000.0,3333250000.0,3053000000.0,10434891092.0,11.0,8.301,810000000.0,2.425,1.0,3431000000.0,0.38,1654000000.0,81000000.0,5482000000.0,5620500000.0,1119000000.0,311000000.0,0.0,311000000.0,5520000000.0,2349000000.0,3171000000.0,9670891092.0,-187000000.0,-91000000.0,-469000000.0,-82000000.0,-316000000.0,-857000000.0,-365000000.0,50000000.0,1071000000.0,-36000000.0,596000000.0,596000000.0,596000000.0,-38000000.0,0.0,0.066,2470000000.0,961000000.0,1776000000.0,0.53,3.168,16.226,16.496,2304000000.0,0.0,28.95,1.071,1.071,1871000000.0,7057000000.0,9028000000.0,9028000000.0,294000000.0,0.068,0.179,0.166,0.103,0.0,1628000000.0,1.0,334054960.0,334054960,,27.025,7027000000.0,345000000.0,255000000.0,90000000.0,21.035,1670000000.0
64,PPG,MRT,2005-09-30,2005-09-30,2005-09-30,2021-10-21,-613000000.0,8794000000.0,8884500000.0,4073000000.0,4721000000.0,1.138,9.765,-281000000.0,489000000.0,489000000.0,6348000000.0,666000000.0,1.744,1.611,1253000000.0,72000000.0,1181000000.0,1253000000.0,0.0,388000000.0,0.0,0.031,0.92,1042000000.0,1430000000.0,0.141,1430000000.0,1042000000.0,960000000.0,1.95,1.935,1.95,3318000000.0,3463000000.0,3318000000.0,10938094698.0,10.0,7.649,741000000.0,2.181,1.0,3759000000.0,0.372,1650000000.0,82000000.0,5573000000.0,5659750000.0,1116000000.0,332000000.0,0.0,332000000.0,5346000000.0,2335000000.0,3011000000.0,10056094698.0,-72000000.0,-33000000.0,-378000000.0,-116000000.0,-315000000.0,-799000000.0,-294000000.0,0.0,1022000000.0,-1000000.0,666000000.0,666000000.0,666000000.0,0.0,0.0,0.066,2633000000.0,1126000000.0,1789000000.0,0.472,3.031,15.099,15.177,2336000000.0,0.0,29.595,0.995,0.995,1968000000.0,7021000000.0,10107000000.0,10107000000.0,309000000.0,0.075,0.192,0.184,0.103,0.0,1792000000.0,1.0,339790326.0,339790326,,29.745,7144000000.0,0.0,294000000.0,128000000.0,21.025,1738000000.0
65,PPG,MRT,2005-06-30,2005-06-30,2005-06-30,2021-10-21,-620000000.0,8790000000.0,8835750000.0,4057000000.0,4733000000.0,1.128,9.941,-264000000.0,470000000.0,470000000.0,6250000000.0,703000000.0,1.817,1.54,1352000000.0,164000000.0,1188000000.0,1352000000.0,0.0,388000000.0,0.0,0.029,0.91,1085000000.0,1473000000.0,0.148,1473000000.0,1085000000.0,1002000000.0,2.05,2.035,2.05,3413000000.0,3447250000.0,3413000000.0,11394477183.0,11.0,7.736,673000000.0,1.96,1.0,3719000000.0,0.373,1654000000.0,83000000.0,5785000000.0,5646750000.0,1105000000.0,322000000.0,0.0,322000000.0,5256000000.0,2233000000.0,3023000000.0,10773477183.0,41000000.0,-27000000.0,-184000000.0,-314000000.0,-313000000.0,-801000000.0,-105000000.0,154000000.0,937000000.0,10000000.0,703000000.0,703000000.0,703000000.0,0.0,0.0,0.071,2547000000.0,1172000000.0,1590000000.0,0.444,3.157,15.325,15.307,2356000000.0,0.0,31.38,1.081,1.081,1987000000.0,6944000000.0,9969000000.0,9969000000.0,306000000.0,0.08,0.204,0.192,0.109,0.0,1777000000.0,1.0,343323046.0,343323046,,29.037,7136000000.0,0.0,299000000.0,131000000.0,20.785,1824000000.0
66,PPG,MRT,2005-03-31,2005-03-31,2005-03-31,2021-10-21,-514000000.0,9022000000.0,8800250000.0,4209000000.0,4813000000.0,1.107,10.306,-260000000.0,677000000.0,677000000.0,6119000000.0,659000000.0,1.813,1.51,1298000000.0,161000000.0,1137000000.0,1298000000.0,0.0,388000000.0,0.0,0.025,0.9,1034000000.0,1422000000.0,0.146,1422000000.0,1034000000.0,946000000.0,1.92,1.905,1.92,3549000000.0,3359000000.0,3549000000.0,12955056915.0,13.0,9.11,768000000.0,2.23,1.0,3623000000.0,0.372,1680000000.0,88000000.0,5642000000.0,5618500000.0,1130000000.0,312000000.0,0.0,312000000.0,5358000000.0,2321000000.0,3037000000.0,12314056915.0,244000000.0,-5000000.0,20000000.0,-348000000.0,-310000000.0,-628000000.0,-183000000.0,32000000.0,1028000000.0,27000000.0,659000000.0,659000000.0,659000000.0,0.0,0.0,0.068,2526000000.0,1097000000.0,1751000000.0,0.469,3.47,18.686,18.625,2412000000.0,0.0,35.76,1.264,1.264,1920000000.0,6793000000.0,9742000000.0,9742000000.0,304000000.0,0.075,0.196,0.184,0.106,0.0,1739000000.0,1.0,344352822.0,344352822,,28.291,7342000000.0,0.0,287000000.0,140000000.0,21.321,1888000000.0
67,PPG,MRT,2004-12-31,2004-12-31,2004-12-31,2021-10-21,-435000000.0,8932000000.0,8696500000.0,4054000000.0,4878000000.0,1.094,10.39,-244000000.0,709000000.0,709000000.0,5999000000.0,683000000.0,1.825,1.474,1350000000.0,166000000.0,1184000000.0,1350000000.0,0.0,388000000.0,0.0,0.026,0.895,1095000000.0,1483000000.0,0.156,1483000000.0,1095000000.0,1005000000.0,1.99,1.975,1.99,3572000000.0,3214750000.0,3572000000.0,12520256052.0,11.0,8.443,774000000.0,2.251,1.0,3514000000.0,0.369,1713000000.0,90000000.0,5639000000.0,5683500000.0,1076000000.0,298000000.0,0.0,298000000.0,5264000000.0,2221000000.0,3043000000.0,11716256052.0,160000000.0,-67000000.0,21000000.0,-312000000.0,-307000000.0,-585000000.0,-310000000.0,-50000000.0,1018000000.0,37000000.0,683000000.0,683000000.0,683000000.0,0.0,0.0,0.072,2361000000.0,1153000000.0,1651000000.0,0.45,3.28,17.154,17.126,2471000000.0,0.0,34.08,1.232,1.232,1797000000.0,6776000000.0,9513000000.0,9513000000.0,303000000.0,0.079,0.212,0.193,0.115,0.0,1715000000.0,1.0,343786856.0,343786856,,27.671,7219000000.0,306000000.0,322000000.0,145000000.0,20.998,1833000000.0
68,PPG,MRT,2004-09-30,2004-09-30,2004-09-30,2021-10-21,-647000000.0,8599000000.0,8569500000.0,3831000000.0,4768000000.0,1.083,9.475,-228000000.0,561000000.0,561000000.0,5837000000.0,622000000.0,1.724,1.607,1365000000.0,165000000.0,1200000000.0,1365000000.0,0.0,394000000.0,0.0,0.029,0.89,1027000000.0,1421000000.0,0.153,1421000000.0,1027000000.0,931000000.0,1.815,1.8,1.815,3255000000.0,3049500000.0,3255000000.0,11585706560.0,11.0,8.153,837000000.0,2.436,1.0,3440000000.0,0.371,1660000000.0,96000000.0,5521000000.0,5723750000.0,1010000000.0,281000000.0,0.0,281000000.0,5230000000.0,2222000000.0,3008000000.0,10525706560.0,278000000.0,-70000000.0,86000000.0,-371000000.0,-305000000.0,-575000000.0,-230000000.0,0.0,1065000000.0,18000000.0,622000000.0,622000000.0,622000000.0,0.0,0.0,0.067,2402000000.0,1038000000.0,1663000000.0,0.49,3.234,16.922,16.882,2420000000.0,0.0,30.64,1.135,1.135,1809000000.0,6670000000.0,9277000000.0,9277000000.0,299000000.0,0.073,0.204,0.179,0.111,0.0,1688000000.0,1.0,343528282.0,343528282,,27.005,6939000000.0,0.0,309000000.0,102000000.0,20.199,1609000000.0
69,PPG,MRT,2004-06-30,2004-06-30,2004-06-30,2021-10-21,-707000000.0,8648000000.0,8495750000.0,3890000000.0,4758000000.0,1.068,8.917,-222000000.0,583000000.0,583000000.0,5691000000.0,570000000.0,1.631,1.788,1643000000.0,348000000.0,1295000000.0,1643000000.0,0.0,394000000.0,0.0,0.028,0.88,982000000.0,1376000000.0,0.152,1376000000.0,982000000.0,883000000.0,1.665,1.655,1.665,3060000000.0,2866250000.0,3060000000.0,11931814548.0,12.0,8.671,840000000.0,2.448,1.0,3383000000.0,0.373,1651000000.0,99000000.0,5672000000.0,5823250000.0,1025000000.0,278000000.0,0.0,278000000.0,5472000000.0,2385000000.0,3087000000.0,10721814548.0,276000000.0,-68000000.0,86000000.0,-233000000.0,-301000000.0,-430000000.0,-364000000.0,-154000000.0,1062000000.0,8000000.0,570000000.0,570000000.0,570000000.0,0.0,0.0,0.063,2376000000.0,1007000000.0,1641000000.0,0.529,3.504,18.81,18.766,2453000000.0,0.0,31.245,1.182,1.182,1845000000.0,6545000000.0,9074000000.0,9074000000.0,296000000.0,0.067,0.199,0.169,0.108,0.0,1661000000.0,1.0,343152970.0,343152970,,26.443,6997000000.0,0.0,313000000.0,97000000.0,20.39,1505000000.0
70,PPG,MRT,2004-03-31,2004-03-31,2004-03-31,2021-10-21,-668000000.0,8607000000.0,8415250000.0,3705000000.0,4902000000.0,1.063,8.678,-209000000.0,466000000.0,466000000.0,5617000000.0,535000000.0,1.653,1.857,1676000000.0,347000000.0,1329000000.0,1676000000.0,0.0,394000000.0,0.0,0.03,0.87,944000000.0,1338000000.0,0.15,1338000000.0,944000000.0,842000000.0,1.57,1.56,1.57,2972000000.0,2708750000.0,2972000000.0,11149780476.0,12.0,8.333,931000000.0,2.719,1.0,3332000000.0,0.372,1674000000.0,102000000.0,5902000000.0,6013000000.0,1044000000.0,278000000.0,0.0,278000000.0,5519000000.0,2241000000.0,3278000000.0,9982780476.0,319000000.0,-65000000.0,72000000.0,-357000000.0,-296000000.0,-556000000.0,-279000000.0,-70000000.0,1140000000.0,14000000.0,535000000.0,535000000.0,535000000.0,0.0,0.0,0.06,2339000000.0,993000000.0,1594000000.0,0.554,3.359,18.659,18.567,2512000000.0,0.0,29.15,1.116,1.116,1794000000.0,6439000000.0,8949000000.0,8949000000.0,294000000.0,0.064,0.198,0.157,0.105,0.0,1627000000.0,1.0,342462452.0,342462452,,26.131,6933000000.0,0.0,307000000.0,99000000.0,20.245,1464000000.0
71,PPG,MRT,2003-12-31,2003-12-31,2003-12-31,2021-10-21,-642000000.0,8424000000.0,8276250000.0,3537000000.0,4887000000.0,1.058,8.565,-217000000.0,499000000.0,499000000.0,5521000000.0,494000000.0,1.654,1.847,1666000000.0,327000000.0,1339000000.0,1666000000.0,0.0,394000000.0,0.0,0.027,0.865,894000000.0,1288000000.0,0.147,1288000000.0,894000000.0,787000000.0,1.455,1.445,1.455,2911000000.0,2524750000.0,2911000000.0,12336671163.0,14.0,9.578,906000000.0,2.666,1.0,3235000000.0,0.369,1652000000.0,107000000.0,5800000000.0,6159250000.0,997000000.0,265000000.0,0.0,265000000.0,5376000000.0,2139000000.0,3237000000.0,10878671163.0,382000000.0,-3000000.0,61000000.0,-385000000.0,-294000000.0,-593000000.0,-166000000.0,0.0,1123000000.0,18000000.0,494000000.0,494000000.0,494000000.0,0.0,0.0,0.056,2285000000.0,950000000.0,1504000000.0,0.595,3.737,22.022,22.0,2566000000.0,0.0,32.01,1.242,1.242,1631000000.0,6399000000.0,8756000000.0,8756000000.0,290000000.0,0.06,0.196,0.145,0.102,0.0,1578000000.0,1.0,339852270.0,339852270,,25.764,6772000000.0,254000000.0,293000000.0,88000000.0,19.926,1398000000.0
72,PPG,MRT,2003-09-30,2003-09-30,2003-09-30,2021-10-21,-921000000.0,8304000000.0,8136000000.0,3371000000.0,4933000000.0,1.053,7.429,-248000000.0,283000000.0,283000000.0,5418000000.0,466000000.0,1.508,2.239,1741000000.0,385000000.0,1356000000.0,1741000000.0,0.0,398000000.0,0.0,0.033,0.86,867000000.0,1265000000.0,0.148,1265000000.0,867000000.0,757000000.0,1.375,1.365,1.375,2522000000.0,2334500000.0,2522000000.0,10628402951.0,12.0,8.402,802000000.0,2.363,1.0,3153000000.0,0.368,1607000000.0,110000000.0,5919000000.0,6288250000.0,990000000.0,267000000.0,0.0,267000000.0,5646000000.0,2236000000.0,3410000000.0,8863402951.0,120000000.0,-10000000.0,12000000.0,-474000000.0,-291000000.0,-730000000.0,-208000000.0,0.0,1050000000.0,8000000.0,466000000.0,466000000.0,466000000.0,0.0,0.0,0.054,2214000000.0,939000000.0,1560000000.0,0.625,3.514,19.02,18.989,2543000000.0,0.0,26.11,1.034,1.034,1689000000.0,6350000000.0,8571000000.0,8571000000.0,286000000.0,0.057,0.2,0.138,0.101,0.0,1527000000.0,1.0,339463920.0,339463920,,25.249,6697000000.0,0.0,291000000.0,75000000.0,19.728,1135000000.0
73,PPG,MRT,2003-06-30,2003-06-30,2003-06-30,2021-10-21,-933000000.0,8326000000.0,8205500000.0,3323000000.0,5003000000.0,1.028,7.159,-252000000.0,153000000.0,153000000.0,5339000000.0,472000000.0,1.621,2.363,1918000000.0,234000000.0,1684000000.0,1918000000.0,0.0,398000000.0,0.0,0.034,0.85,884000000.0,1282000000.0,0.152,1282000000.0,884000000.0,766000000.0,1.395,1.385,1.395,2430000000.0,2397250000.0,2430000000.0,10565580267.0,12.0,8.241,671000000.0,1.977,1.0,3094000000.0,0.367,1610000000.0,118000000.0,6431000000.0,6563500000.0,1004000000.0,276000000.0,0.0,276000000.0,5741000000.0,2050000000.0,3691000000.0,8611580267.0,17000000.0,-13000000.0,16000000.0,-451000000.0,-291000000.0,-702000000.0,-210000000.0,0.0,923000000.0,6000000.0,472000000.0,472000000.0,472000000.0,0.0,0.0,0.056,2137000000.0,957000000.0,1527000000.0,0.609,3.544,18.245,18.186,2610000000.0,0.0,25.37,1.021,1.021,1773000000.0,6282000000.0,8433000000.0,8433000000.0,283000000.0,0.058,0.197,0.135,0.105,0.0,1484000000.0,1.0,339439506.0,339439506,,24.844,6716000000.0,0.0,294000000.0,71000000.0,19.786,1273000000.0
74,PPG,MRT,2003-03-31,2003-03-31,2003-03-31,2021-10-21,-1039000000.0,8051000000.0,8312250000.0,3095000000.0,4956000000.0,0.994,6.595,-252000000.0,77000000.0,77000000.0,5219000000.0,-25000000.0,1.592,2.536,2031000000.0,332000000.0,1699000000.0,2031000000.0,0.0,398000000.0,0.0,0.037,0.845,113000000.0,511000000.0,0.062,511000000.0,113000000.0,-10000000.0,-0.075,-0.075,-0.075,2236000000.0,2471000000.0,2236000000.0,9575638962.0,85.0,18.739,685000000.0,2.02,1.0,3044000000.0,0.368,1574000000.0,123000000.0,6487000000.0,6741000000.0,1004000000.0,278000000.0,0.0,278000000.0,5670000000.0,1944000000.0,3726000000.0,7641638962.0,5000000.0,-13000000.0,30000000.0,-485000000.0,-289000000.0,-721000000.0,-217000000.0,0.0,937000000.0,6000000.0,-25000000.0,-25000000.0,-25000000.0,0.0,0.0,-0.003,2865000000.0,179000000.0,1429000000.0,-11.267,3.418,-305.666,-300.533,2611000000.0,0.0,22.54,0.925,0.925,1649000000.0,6203000000.0,8263000000.0,8263000000.0,279000000.0,-0.003,-0.01,0.017,0.014,0.0,1454000000.0,1.0,339025686.0,339025686,,24.373,6477000000.0,0.0,15000000.0,66000000.0,19.105,1151000000.0
75,PPG,MRT,2002-12-31,2002-12-31,2002-12-31,2021-10-21,-1101000000.0,7863000000.0,8421250000.0,2945000000.0,4918000000.0,0.958,6.345,-238000000.0,117000000.0,117000000.0,5066000000.0,-69000000.0,1.534,2.596,2051000000.0,352000000.0,1699000000.0,2051000000.0,0.0,398000000.0,0.0,0.033,0.84,52000000.0,450000000.0,0.056,450000000.0,52000000.0,-76000000.0,-0.205,-0.205,-0.205,2150000000.0,2671250000.0,2150000000.0,10535154317.0,203.0,23.411,634000000.0,1.871,1.0,3001000000.0,0.372,1561000000.0,128000000.0,6316000000.0,6933000000.0,942000000.0,262000000.0,0.0,262000000.0,5582000000.0,1920000000.0,3662000000.0,8497154317.0,9000000.0,-22000000.0,32000000.0,-423000000.0,-287000000.0,-655000000.0,-212000000.0,0.0,872000000.0,4000000.0,-69000000.0,-69000000.0,-69000000.0,0.0,0.0,-0.009,2901000000.0,100000000.0,1378000000.0,-4.098,3.952,-123.147,-122.317,2632000000.0,0.0,25.075,1.053,1.053,1486000000.0,6197000000.0,8067000000.0,8067000000.0,273000000.0,-0.008,-0.026,0.008,0.006,0.0,1419000000.0,1.0,338869564.0,338869564,,23.806,6302000000.0,219000000.0,-7000000.0,64000000.0,18.597,1025000000.0
76,PPG,MRT,2002-09-30,2002-09-30,2002-09-30,2021-10-21,-448000000.0,8582000000.0,8568500000.0,3050000000.0,5532000000.0,0.932,8.187,-204000000.0,163000000.0,163000000.0,5015000000.0,-80000000.0,1.475,2.047,2201000000.0,494000000.0,1707000000.0,2201000000.0,0.0,447000000.0,0.0,0.037,0.835,37000000.0,484000000.0,0.061,484000000.0,37000000.0,-94000000.0,-0.24,-0.235,-0.24,2773000000.0,2903750000.0,2773000000.0,9751192280.0,264.0,20.147,682000000.0,2.014,1.0,2969000000.0,0.372,1532000000.0,131000000.0,7020000000.0,7164500000.0,957000000.0,252000000.0,0.0,252000000.0,5675000000.0,2068000000.0,3607000000.0,7570192280.0,4000000.0,-14000000.0,32000000.0,-511000000.0,-286000000.0,-738000000.0,-145000000.0,0.0,886000000.0,1000000.0,-80000000.0,-80000000.0,-80000000.0,0.0,0.0,-0.01,2897000000.0,72000000.0,1392000000.0,-3.479,2.73,-94.627,-93.125,2606000000.0,0.0,22.35,0.948,0.948,1559000000.0,6174000000.0,7984000000.0,7984000000.0,268000000.0,-0.009,-0.028,0.005,0.005,0.0,1407000000.0,1.0,338711064.0,338711064,,23.572,7050000000.0,215000000.0,-14000000.0,346000000.0,20.814,982000000.0
77,PPG,MRT,2002-06-30,2002-06-30,2002-06-30,2021-10-21,-405000000.0,8753000000.0,8630000000.0,3094000000.0,5659000000.0,0.917,8.073,-256000000.0,136000000.0,136000000.0,4985000000.0,-135000000.0,1.379,2.163,2317000000.0,627000000.0,1690000000.0,2317000000.0,0.0,447000000.0,0.0,0.027,0.84,-42000000.0,405000000.0,0.051,405000000.0,-42000000.0,-183000000.0,-0.395,-0.395,-0.395,2725000000.0,2986250000.0,2725000000.0,12789203202.0,-305.0,31.578,774000000.0,2.293,1.0,2930000000.0,0.37,1549000000.0,141000000.0,7141000000.0,7271250000.0,962000000.0,294000000.0,0.0,294000000.0,5894000000.0,2244000000.0,3650000000.0,10447203202.0,18000000.0,-11000000.0,20000000.0,-566000000.0,-284000000.0,-800000000.0,-215000000.0,0.0,1030000000.0,3000000.0,-135000000.0,-135000000.0,-135000000.0,0.0,0.0,-0.017,2929000000.0,1000000.0,1411000000.0,-2.127,3.834,-77.387,-78.354,2674000000.0,0.0,30.95,1.32,1.32,1640000000.0,6099000000.0,7915000000.0,7915000000.0,266000000.0,-0.016,-0.045,-0.006,-0.005,0.0,1403000000.0,1.0,337550992.0,337550992,,23.448,7204000000.0,222000000.0,-48000000.0,349000000.0,21.342,850000000.0
78,PPG,MRT,2002-03-31,2002-03-31,2002-03-31,2021-10-21,-485000000.0,8487000000.0,8679750000.0,2841000000.0,5646000000.0,0.915,9.01,-281000000.0,72000000.0,72000000.0,5002000000.0,365000000.0,1.374,1.752,2414000000.0,735000000.0,1679000000.0,2414000000.0,0.0,447000000.0,0.0,0.031,0.84,751000000.0,1198000000.0,0.151,1198000000.0,751000000.0,597000000.0,1.085,1.08,1.085,3037000000.0,3070500000.0,3037000000.0,11541182447.0,15.0,9.634,777000000.0,2.305,1.0,2943000000.0,0.37,1506000000.0,154000000.0,7255000000.0,7380500000.0,948000000.0,306000000.0,0.0,306000000.0,5322000000.0,2068000000.0,3254000000.0,9254182447.0,-6000000.0,-11000000.0,13000000.0,-563000000.0,-283000000.0,-830000000.0,-233000000.0,0.0,1058000000.0,-1000000.0,365000000.0,365000000.0,365000000.0,0.0,0.0,0.046,2154000000.0,789000000.0,1333000000.0,0.774,3.047,25.354,25.304,2695000000.0,0.0,27.455,1.165,1.165,1533000000.0,6514000000.0,7945000000.0,7945000000.0,265000000.0,0.042,0.119,0.102,0.095,0.0,1386000000.0,1.0,337067290.0,337067290,,23.571,6981000000.0,0.0,232000000.0,523000000.0,20.711,773000000.0
79,PPG,MRT,2001-12-31,2001-12-31,2001-12-31,2021-10-21,-460000000.0,8452000000.0,8823250000.0,2703000000.0,5749000000.0,0.926,9.146,-291000000.0,108000000.0,108000000.0,5137000000.0,387000000.0,1.383,1.705,2395000000.0,696000000.0,1699000000.0,2395000000.0,0.0,447000000.0,0.0,0.032,0.84,803000000.0,1250000000.0,0.153,1250000000.0,803000000.0,634000000.0,1.15,1.145,1.15,3080000000.0,3064750000.0,3080000000.0,11213283678.0,14.0,8.971,769000000.0,2.284,1.0,3032000000.0,0.371,1542000000.0,169000000.0,7242000000.0,7495500000.0,904000000.0,305000000.0,0.0,305000000.0,5250000000.0,1955000000.0,3295000000.0,8708283678.0,-3000000.0,-10000000.0,8000000.0,-547000000.0,-283000000.0,-816000000.0,-245000000.0,0.0,1060000000.0,-2000000.0,387000000.0,387000000.0,387000000.0,0.0,0.0,0.047,2197000000.0,835000000.0,1259000000.0,0.73,2.827,22.502,22.487,2752000000.0,0.0,25.86,1.066,1.066,1416000000.0,6551000000.0,8169000000.0,8169000000.0,266000000.0,0.044,0.126,0.107,0.098,0.0,1395000000.0,1.0,336747242.0,336747242,,24.259,6910000000.0,155000000.0,247000000.0,552000000.0,20.52,748000000.0
80,PPG,MRT,2001-09-30,2001-09-30,2001-09-30,2021-10-21,-412000000.0,8828000000.0,8991500000.0,2984000000.0,5844000000.0,0.925,9.221,-451000000.0,159000000.0,159000000.0,5213000000.0,430000000.0,1.291,1.804,2664000000.0,944000000.0,1720000000.0,2664000000.0,0.0,447000000.0,0.0,0.036,0.83,847000000.0,1294000000.0,0.156,1294000000.0,847000000.0,663000000.0,1.28,1.275,1.28,3103000000.0,3069000000.0,3103000000.0,10398769004.0,12.0,8.036,573000000.0,1.703,1.0,3107000000.0,0.373,1574000000.0,184000000.0,7447000000.0,7633500000.0,1006000000.0,302000000.0,0.0,302000000.0,5598000000.0,2312000000.0,3286000000.0,7697769004.0,24000000.0,-9000000.0,-118000000.0,-197000000.0,-280000000.0,-585000000.0,-414000000.0,0.0,1024000000.0,-1000000.0,430000000.0,430000000.0,430000000.0,0.0,0.0,0.052,2227000000.0,880000000.0,1368000000.0,0.648,2.481,17.902,17.871,2791000000.0,0.0,22.875,0.925,0.925,1534000000.0,6538000000.0,8320000000.0,8320000000.0,270000000.0,0.048,0.14,0.111,0.102,0.0,1406000000.0,1.0,336514492.0,336514492,,24.724,7254000000.0,0.0,233000000.0,555000000.0,21.556,672000000.0
81,PPG,MRT,2001-06-30,2001-06-30,2001-06-30,2021-10-21,-424000000.0,8952000000.0,9041750000.0,3136000000.0,5816000000.0,0.936,9.092,-455000000.0,118000000.0,118000000.0,5289000000.0,487000000.0,1.252,1.879,2819000000.0,1116000000.0,1703000000.0,2819000000.0,0.0,447000000.0,0.0,0.031,0.82,941000000.0,1388000000.0,0.164,1388000000.0,941000000.0,757000000.0,1.435,1.43,1.435,3062000000.0,3078000000.0,3062000000.0,11759654472.0,12.0,8.472,443000000.0,1.315,1.0,3176000000.0,0.375,1570000000.0,184000000.0,7578000000.0,7681750000.0,1076000000.0,302000000.0,0.0,302000000.0,5755000000.0,2505000000.0,3250000000.0,8852654472.0,-26000000.0,-14000000.0,-238000000.0,26000000.0,-278000000.0,-479000000.0,-442000000.0,0.0,898000000.0,-3000000.0,487000000.0,487000000.0,487000000.0,0.0,0.0,0.058,2219000000.0,957000000.0,1389000000.0,0.571,2.891,18.178,18.317,2801000000.0,0.0,26.285,1.046,1.046,1637000000.0,6515000000.0,8465000000.0,8465000000.0,276000000.0,0.054,0.158,0.122,0.111,0.0,1387000000.0,1.0,336794920.0,336794920,,25.134,7382000000.0,0.0,270000000.0,539000000.0,21.918,631000000.0
82,PPG,MRT,2001-03-31,2001-03-31,2001-03-31,2021-10-21,-398000000.0,9061000000.0,9079000000.0,3161000000.0,5900000000.0,0.945,8.96,-500000000.0,78000000.0,78000000.0,5339000000.0,537000000.0,1.189,1.963,2985000000.0,1284000000.0,1701000000.0,2985000000.0,0.0,447000000.0,0.0,0.035,0.81,1027000000.0,1474000000.0,0.172,1474000000.0,1027000000.0,845000000.0,1.565,1.555,1.565,3014000000.0,3119000000.0,3014000000.0,10612327445.0,10.0,7.2,330000000.0,0.981,1.0,3237000000.0,0.377,1595000000.0,182000000.0,7715000000.0,7692750000.0,1141000000.0,331000000.0,0.0,331000000.0,5916000000.0,2658000000.0,3258000000.0,7752327445.0,-67000000.0,-17000000.0,-245000000.0,99000000.0,-277000000.0,-405000000.0,-490000000.0,0.0,830000000.0,-2000000.0,537000000.0,537000000.0,537000000.0,0.0,0.0,0.063,2222000000.0,1015000000.0,1374000000.0,0.518,2.572,14.436,14.725,2849000000.0,0.0,23.045,0.904,0.904,1617000000.0,6430000000.0,8576000000.0,8576000000.0,279000000.0,0.059,0.172,0.134,0.12,0.0,1388000000.0,1.0,336399542.0,336399542,,25.493,7466000000.0,0.0,308000000.0,547000000.0,22.194,503000000.0
83,PPG,MRT,2000-12-31,2000-12-31,2000-12-31,2021-10-21,-311000000.0,9125000000.0,9081750000.0,3093000000.0,6032000000.0,0.95,9.176,-561000000.0,111000000.0,111000000.0,5334000000.0,620000000.0,1.216,1.905,2971000000.0,1161000000.0,1810000000.0,2971000000.0,0.0,447000000.0,0.0,0.035,0.8,1166000000.0,1613000000.0,0.187,1613000000.0,1166000000.0,989000000.0,1.8,1.785,1.8,3097000000.0,3149750000.0,3097000000.0,10523948096.0,9.0,6.524,309000000.0,0.916,1.0,3295000000.0,0.382,1648000000.0,177000000.0,7794000000.0,7670750000.0,1121000000.0,320000000.0,0.0,320000000.0,5900000000.0,2543000000.0,3357000000.0,7814948096.0,-47000000.0,-115000000.0,-243000000.0,221000000.0,-276000000.0,-278000000.0,-636000000.0,0.0,870000000.0,-3000000.0,620000000.0,620000000.0,620000000.0,0.0,0.0,0.072,2101000000.0,1194000000.0,1382000000.0,0.444,2.523,12.605,12.864,2941000000.0,0.0,23.155,0.906,0.906,1563000000.0,6444000000.0,8629000000.0,8629000000.0,282000000.0,0.068,0.197,0.152,0.135,0.0,1364000000.0,1.0,337505856.0,337505856,,25.567,7477000000.0,155000000.0,369000000.0,543000000.0,22.154,550000000.0
84,PPG,MRT,2000-09-30,2000-09-30,2000-09-30,2021-10-21,-325000000.0,9029000000.0,9029000000.0,3143000000.0,5886000000.0,0.982,9.023,-335000000.0,135000000.0,135000000.0,5531000000.0,656000000.0,1.278,1.834,2844000000.0,1024000000.0,1820000000.0,2844000000.0,0.0,415000000.0,0.0,0.04,0.79,1267000000.0,1682000000.0,0.19,1682000000.0,1267000000.0,1094000000.0,1.89,1.87,1.89,3139000000.0,3152000000.0,3139000000.0,9601653516.0,8.0,5.708,461000000.0,1.325,1.0,3331000000.0,0.376,1638000000.0,173000000.0,7640000000.0,7597250000.0,1070000000.0,232000000.0,0.0,232000000.0,5756000000.0,2460000000.0,3296000000.0,6903653516.0,-29000000.0,-167000000.0,-117000000.0,187000000.0,-274000000.0,-188000000.0,-635000000.0,0.0,796000000.0,-2000000.0,656000000.0,656000000.0,656000000.0,0.0,0.0,0.074,1986000000.0,1345000000.0,1436000000.0,0.418,2.199,10.524,10.5,2900000000.0,0.0,19.845,0.779,0.779,1652000000.0,6385000000.0,8862000000.0,8862000000.0,290000000.0,0.073,0.208,0.167,0.143,0.0,1321000000.0,1.0,347878736.0,347878736,,25.474,7391000000.0,0.0,438000000.0,480000000.0,21.246,683000000.0
85,PPG,MRT,2000-06-30,2000-06-30,2000-06-30,2021-10-21,-270000000.0,9101000000.0,8959250000.0,3191000000.0,5910000000.0,0.968,9.262,-364000000.0,144000000.0,144000000.0,5400000000.0,605000000.0,1.286,1.789,2842000000.0,1018000000.0,1824000000.0,2842000000.0,0.0,415000000.0,0.0,0.035,0.78,1193000000.0,1608000000.0,0.185,1608000000.0,1193000000.0,1028000000.0,1.74,1.72,1.74,3226000000.0,3117500000.0,3226000000.0,10501439302.0,9.0,6.531,512000000.0,1.47,1.0,3272000000.0,0.377,1696000000.0,165000000.0,7622000000.0,7713500000.0,1067000000.0,234000000.0,0.0,234000000.0,5770000000.0,2481000000.0,3289000000.0,7716439302.0,48000000.0,-1339000000.0,6000000.0,1103000000.0,-271000000.0,852000000.0,-1678000000.0,0.0,876000000.0,-2000000.0,605000000.0,605000000.0,605000000.0,0.0,0.0,0.07,2020000000.0,1252000000.0,1463000000.0,0.448,2.392,12.754,12.733,2920000000.0,0.0,22.155,0.89,0.89,1724000000.0,6303000000.0,8672000000.0,8672000000.0,290000000.0,0.068,0.194,0.155,0.138,0.0,1307000000.0,1.0,348293356.0,348293356,,24.899,7405000000.0,0.0,423000000.0,461000000.0,21.261,710000000.0
86,PPG,MRT,2000-03-31,2000-03-31,2000-03-31,2021-10-21,-237000000.0,9072000000.0,8562250000.0,3177000000.0,5895000000.0,0.975,9.012,-336000000.0,145000000.0,145000000.0,5173000000.0,584000000.0,1.267,1.859,2930000000.0,1105000000.0,1825000000.0,2930000000.0,0.0,415000000.0,0.0,0.029,0.77,1141000000.0,1556000000.0,0.186,1556000000.0,1141000000.0,991000000.0,1.68,1.66,1.68,3137000000.0,3044750000.0,3137000000.0,11735862706.0,10.0,7.542,531000000.0,1.526,1.0,3171000000.0,0.38,1722000000.0,150000000.0,7627000000.0,7462750000.0,1067000000.0,227000000.0,0.0,227000000.0,5833000000.0,2508000000.0,3325000000.0,9103862706.0,63000000.0,-1360000000.0,8000000.0,1114000000.0,-268000000.0,869000000.0,-1671000000.0,0.0,867000000.0,-2000000.0,584000000.0,584000000.0,584000000.0,0.0,0.0,0.07,1988000000.0,1183000000.0,1403000000.0,0.458,2.902,15.589,15.568,2918000000.0,0.0,26.155,1.091,1.091,1713000000.0,6168000000.0,8344000000.0,8344000000.0,287000000.0,0.068,0.192,0.153,0.137,0.0,1271000000.0,1.0,348073512.0,348073512,,23.972,7350000000.0,0.0,407000000.0,490000000.0,21.116,669000000.0
87,PPG,MRT,1999-12-31,1999-12-31,1999-12-31,2021-10-21,-178000000.0,8914000000.0,8153000000.0,3062000000.0,5852000000.0,0.981,8.936,-338000000.0,158000000.0,158000000.0,4957000000.0,568000000.0,1.284,1.838,2790000000.0,954000000.0,1836000000.0,2790000000.0,0.0,415000000.0,0.0,0.024,0.76,1078000000.0,1493000000.0,0.187,1493000000.0,1078000000.0,945000000.0,1.635,1.615,1.635,3106000000.0,2959750000.0,3106000000.0,13429661557.0,12.0,8.995,564000000.0,1.623,1.0,3038000000.0,0.38,1662000000.0,133000000.0,7500000000.0,7197250000.0,1016000000.0,261000000.0,0.0,261000000.0,5710000000.0,2384000000.0,3326000000.0,10872661557.0,30000000.0,-1343000000.0,-73000000.0,1095000000.0,-264000000.0,773000000.0,-1644000000.0,0.0,902000000.0,-1000000.0,568000000.0,568000000.0,568000000.0,0.0,0.0,0.071,1932000000.0,1106000000.0,1430000000.0,0.465,3.501,19.142,19.131,2933000000.0,0.0,31.28,1.36,1.36,1594000000.0,6098000000.0,7995000000.0,7995000000.0,284000000.0,0.07,0.192,0.15,0.135,0.0,1230000000.0,1.0,347591482.0,347591482,,23.001,7252000000.0,165000000.0,377000000.0,520000000.0,20.864,678000000.0
88,PPG,MRT,1999-09-30,1999-09-30,1999-09-30,2021-10-21,-176000000.0,8750000000.0,7771250000.0,3141000000.0,5609000000.0,0.995,8.643,-491000000.0,164000000.0,164000000.0,4778000000.0,568000000.0,1.371,1.882,2721000000.0,872000000.0,1849000000.0,2721000000.0,0.0,383000000.0,0.0,0.025,0.75,1041000000.0,1424000000.0,0.184,1424000000.0,1041000000.0,926000000.0,1.625,1.61,1.625,3001000000.0,2903250000.0,3001000000.0,12082647580.0,12.0,8.485,454000000.0,1.308,1.0,2956000000.0,0.382,911000000.0,115000000.0,8105000000.0,6907500000.0,1020000000.0,256000000.0,0.0,256000000.0,5648000000.0,2291000000.0,3357000000.0,10416647580.0,-100000000.0,-1482000000.0,-199000000.0,1197000000.0,-262000000.0,750000000.0,-1794000000.0,0.0,945000000.0,-1000000.0,568000000.0,568000000.0,568000000.0,0.0,0.0,0.073,1788000000.0,1168000000.0,1379000000.0,0.462,3.471,18.339,18.462,2861000000.0,0.0,30.0,1.347,1.347,1592000000.0,6001000000.0,7734000000.0,7734000000.0,275000000.0,0.073,0.196,0.151,0.135,0.0,1203000000.0,1.0,347221586.0,347221586,,22.274,7839000000.0,0.0,358000000.0,535000000.0,22.576,850000000.0
89,PPG,MRT,1999-06-30,1999-06-30,1999-06-30,2021-10-21,-201000000.0,7513000000.0,7367000000.0,2779000000.0,4734000000.0,1.029,8.448,-477000000.0,96000000.0,96000000.0,4654000000.0,717000000.0,1.397,1.529,1762000000.0,711000000.0,1051000000.0,1762000000.0,0.0,383000000.0,0.0,0.025,0.74,1229000000.0,1612000000.0,0.213,1612000000.0,1229000000.0,1122000000.0,2.04,2.025,2.04,2935000000.0,2883250000.0,2935000000.0,12020107780.0,10.0,7.457,392000000.0,1.128,1.0,2930000000.0,0.386,571000000.0,107000000.0,6619000000.0,6600500000.0,915000000.0,262000000.0,0.0,262000000.0,4487000000.0,1989000000.0,2498000000.0,10259107780.0,-55000000.0,-156000000.0,-204000000.0,112000000.0,-260000000.0,-333000000.0,-590000000.0,-3000000.0,869000000.0,-1000000.0,717000000.0,717000000.0,717000000.0,0.0,0.0,0.095,1694000000.0,1236000000.0,1242000000.0,0.363,3.495,14.308,14.475,2876000000.0,0.0,29.53,1.353,1.353,1500000000.0,5968000000.0,7584000000.0,7584000000.0,271000000.0,0.097,0.249,0.186,0.162,0.0,1170000000.0,1.0,347413064.0,347413064,,21.83,6942000000.0,0.0,405000000.0,487000000.0,19.982,790000000.0
90,PPG,MRT,1999-03-31,1999-03-31,1999-03-31,2021-10-21,-230000000.0,7435000000.0,7294750000.0,2725000000.0,4710000000.0,1.047,8.028,-499000000.0,82000000.0,82000000.0,4675000000.0,732000000.0,1.333,1.624,1843000000.0,777000000.0,1066000000.0,1843000000.0,0.0,383000000.0,0.0,0.028,0.73,1257000000.0,1640000000.0,0.215,1640000000.0,1257000000.0,1151000000.0,2.075,2.055,2.075,2797000000.0,2825250000.0,2797000000.0,10517739596.0,8.0,6.413,349000000.0,1.002,1.0,2966000000.0,0.388,586000000.0,106000000.0,6565000000.0,6699750000.0,948000000.0,247000000.0,0.0,247000000.0,4541000000.0,2045000000.0,2496000000.0,8927739596.0,-59000000.0,-129000000.0,-233000000.0,163000000.0,-258000000.0,-315000000.0,-589000000.0,-1000000.0,848000000.0,-3000000.0,732000000.0,732000000.0,732000000.0,0.0,0.0,0.096,1682000000.0,1284000000.0,1202000000.0,0.352,3.192,12.196,12.349,2874000000.0,0.0,25.625,1.168,1.168,1438000000.0,5849000000.0,7641000000.0,7641000000.0,271000000.0,0.1,0.259,0.188,0.165,0.0,1156000000.0,1.0,348399594.0,348399594,,21.932,6849000000.0,0.0,419000000.0,500000000.0,19.658,680000000.0
91,PPG,MRT,1998-12-31,1998-12-31,1998-12-31,2021-10-21,-153000000.0,7387000000.0,7212500000.0,2660000000.0,4727000000.0,1.075,8.127,-487000000.0,128000000.0,128000000.0,4717000000.0,801000000.0,1.391,1.535,1718000000.0,637000000.0,1081000000.0,1718000000.0,0.0,383000000.0,0.0,0.024,0.71,1377000000.0,1760000000.0,0.227,1760000000.0,1377000000.0,1267000000.0,2.26,2.24,2.26,2880000000.0,2777750000.0,2880000000.0,11595249173.0,8.0,6.588,455000000.0,1.284,1.0,3034000000.0,0.391,724000000.0,110000000.0,6341000000.0,6783250000.0,917000000.0,263000000.0,0.0,263000000.0,4420000000.0,1912000000.0,2508000000.0,10321249173.0,-1000000.0,-112000000.0,-195000000.0,73000000.0,-252000000.0,-361000000.0,-581000000.0,0.0,942000000.0,-1000000.0,801000000.0,801000000.0,801000000.0,0.0,0.0,0.103,1630000000.0,1404000000.0,1275000000.0,0.314,3.584,12.885,12.887,2905000000.0,0.0,29.125,1.332,1.332,1366000000.0,5791000000.0,7751000000.0,7751000000.0,271000000.0,0.111,0.288,0.203,0.178,0.0,1133000000.0,1.0,354377654.0,354377654,,21.872,6663000000.0,146000000.0,466000000.0,440000000.0,18.802,748000000.0
92,PPG,MRT,1998-09-30,1998-09-30,1998-09-30,2021-10-21,-145000000.0,7133000000.0,7082750000.0,2716000000.0,4417000000.0,1.068,8.252,-521000000.0,264000000.0,264000000.0,4498000000.0,798000000.0,1.775,1.413,1538000000.0,335000000.0,1203000000.0,1538000000.0,0.0,373000000.0,0.0,0.026,0.7,1375000000.0,1748000000.0,0.231,1748000000.0,1375000000.0,1261000000.0,2.25,2.23,2.25,2921000000.0,2685000000.0,2921000000.0,11240626559.0,8.0,6.431,477000000.0,1.348,1.0,3069000000.0,0.406,0.0,114000000.0,6877000000.0,6812000000.0,870000000.0,241000000.0,0.0,241000000.0,4126000000.0,1530000000.0,2596000000.0,9656626559.0,174000000.0,-54000000.0,-105000000.0,14000000.0,-248000000.0,-321000000.0,-499000000.0,-22000000.0,998000000.0,-4000000.0,798000000.0,798000000.0,798000000.0,0.0,0.0,0.105,1858000000.0,1211000000.0,1164000000.0,0.311,3.306,12.101,12.124,2806000000.0,0.0,27.28,1.276,1.276,1354000000.0,5692000000.0,7567000000.0,7567000000.0,270000000.0,0.113,0.297,0.202,0.182,0.0,1118000000.0,1.0,353981912.0,353981912,,21.377,7133000000.0,0.0,463000000.0,460000000.0,20.151,1186000000.0
93,PPG,MRT,1998-06-30,1998-06-30,1998-06-30,2021-10-21,-171000000.0,7224000000.0,6934000000.0,2811000000.0,4413000000.0,1.092,7.62,-484000000.0,151000000.0,151000000.0,4495000000.0,721000000.0,1.569,1.641,1735000000.0,512000000.0,1223000000.0,1735000000.0,0.0,373000000.0,0.0,0.02,0.685,1280000000.0,1653000000.0,0.218,1653000000.0,1280000000.0,1168000000.0,2.03,2.01,2.03,2703000000.0,2575500000.0,2703000000.0,13948433301.0,11.0,8.438,547000000.0,1.542,1.0,3080000000.0,0.407,0.0,112000000.0,7016000000.0,6679750000.0,902000000.0,245000000.0,0.0,245000000.0,4435000000.0,1792000000.0,2643000000.0,12337433301.0,46000000.0,-261000000.0,-194000000.0,131000000.0,-244000000.0,-295000000.0,-686000000.0,-19000000.0,1031000000.0,-4000000.0,721000000.0,721000000.0,721000000.0,0.0,0.0,0.095,1823000000.0,1257000000.0,1245000000.0,0.337,4.564,17.112,17.133,2889000000.0,0.0,34.78,1.629,1.629,1509000000.0,5508000000.0,7575000000.0,7575000000.0,265000000.0,0.104,0.28,0.192,0.169,0.0,1102000000.0,1.0,354727812.0,354727812,,21.354,7224000000.0,0.0,447000000.0,480000000.0,20.365,1019000000.0
94,PPG,MRT,1998-03-31,1998-03-31,1998-03-31,2021-10-21,-172000000.0,7106000000.0,6769500000.0,2729000000.0,4377000000.0,1.11,7.331,-471000000.0,141000000.0,141000000.0,4455000000.0,740000000.0,1.501,1.692,1752000000.0,522000000.0,1230000000.0,1752000000.0,0.0,373000000.0,0.0,0.02,0.67,1305000000.0,1678000000.0,0.223,1678000000.0,1305000000.0,1195000000.0,2.07,2.055,2.07,2607000000.0,2515750000.0,2607000000.0,13651760535.0,10.0,8.136,592000000.0,1.665,1.0,3060000000.0,0.407,0.0,110000000.0,6899000000.0,6502750000.0,898000000.0,249000000.0,0.0,249000000.0,4412000000.0,1818000000.0,2594000000.0,12079760535.0,31000000.0,-264000000.0,-276000000.0,137000000.0,-239000000.0,-366000000.0,-662000000.0,-2000000.0,1063000000.0,-4000000.0,740000000.0,740000000.0,740000000.0,0.0,0.0,0.098,1779000000.0,1281000000.0,1212000000.0,0.324,4.634,16.324,16.411,2878000000.0,0.0,33.97,1.607,1.607,1443000000.0,5371000000.0,7515000000.0,7515000000.0,259000000.0,0.109,0.294,0.201,0.174,0.0,1084000000.0,1.0,355600840.0,355600840,,21.133,7106000000.0,0.0,455000000.0,493000000.0,19.983,911000000.0
95,PPG,MRT,1997-12-31,1997-12-31,1997-12-31,2021-10-21,-161000000.0,6868000000.0,6631300000.0,2584000000.0,4284000000.0,1.113,7.043,-466000000.0,129000000.0,129000000.0,4397000000.0,714000000.0,1.555,1.705,1701000000.0,444000000.0,1257000000.0,1701000000.0,0.0,373000000.0,0.0,0.023,0.665,1254000000.0,1627000000.0,0.22,1627000000.0,1254000000.0,1149000000.0,1.985,1.97,1.985,2509000000.0,2477200000.0,2509000000.0,11642336380.0,9.0,7.156,541000000.0,1.519,1.0,2982000000.0,0.404,322000000.0,105000000.0,6456000000.0,6356850000.0,863000000.0,219000000.0,0.0,219000000.0,4277000000.0,1662000000.0,2615000000.0,10176336380.0,59000000.0,-192000000.0,-329000000.0,197000000.0,-239000000.0,-360000000.0,-583000000.0,0.0,1007000000.0,-5000000.0,714000000.0,714000000.0,714000000.0,0.0,0.0,0.097,1702000000.0,1280000000.0,1210000000.0,0.335,4.056,14.253,14.39,2855000000.0,0.0,28.565,1.379,1.379,1353000000.0,5239000000.0,7379000000.0,7379000000.0,250000000.0,0.108,0.288,0.197,0.17,0.0,1068000000.0,1.0,356251930.0,356251930,,20.713,6546000000.0,118000000.0,435000000.0,414000000.0,18.375,922000000.0
96,PPG,MRT,1997-09-30,1997-09-30,1997-09-30,2021-10-21,-111000000.0,6538000000.0,6524550000.0,2411000000.0,4127000000.0,1.117,6.944,-423000000.0,90000000.0,90000000.0,4384000000.0,707000000.0,1.456,1.6,1556000000.0,566000000.0,990000000.0,1556000000.0,0.0,363000000.0,0.0,0.021,0.655,1256000000.0,1619000000.0,0.222,1619000000.0,1256000000.0,1156000000.0,1.955,,1.955,2483000000.0,2470700000.0,2483000000.0,12723256050.0,10.0,7.859,608000000.0,1.7,1.0,2903000000.0,0.398,0.0,100000000.0,6348000000.0,6263850000.0,819000000.0,234000000.0,0.0,234000000.0,3973000000.0,1656000000.0,2317000000.0,11250256050.0,-14000000.0,-71000000.0,-491000000.0,139000000.0,-238000000.0,-578000000.0,-465000000.0,8000000.0,1031000000.0,-2000000.0,707000000.0,707000000.0,707000000.0,0.0,0.0,0.097,1580000000.0,1323000000.0,1081000000.0,0.335,4.531,15.913,16.049,2846000000.0,0.0,31.375,1.544,1.54,1301000000.0,5139000000.0,7287000000.0,7287000000.0,245000000.0,0.108,0.286,0.201,0.172,0.0,1053000000.0,1.0,358573898.0,357600000,,20.378,6538000000.0,0.0,449000000.0,420000000.0,18.283,755000000.0
97,PPG,MRT,1997-06-30,1997-06-30,1997-06-30,2021-10-21,-101000000.0,6566000000.0,,2480000000.0,4086000000.0,,6.841,-452000000.0,105000000.0,105000000.0,4378000000.0,727000000.0,1.433,1.632,1578000000.0,598000000.0,980000000.0,1578000000.0,0.0,363000000.0,0.0,0.022,0.65,1289000000.0,1652000000.0,0.227,1652000000.0,1289000000.0,1189000000.0,1.99,,1.99,2464000000.0,,2464000000.0,11968176075.0,9.0,7.245,683000000.0,1.896,1.0,2899000000.0,0.398,0.0,100000000.0,6308000000.0,,807000000.0,227000000.0,0.0,227000000.0,4022000000.0,1731000000.0,2291000000.0,10479176075.0,-17000000.0,-13000000.0,-459000000.0,-34000000.0,-238000000.0,-718000000.0,-432000000.0,10000000.0,1135000000.0,-2000000.0,727000000.0,727000000.0,727000000.0,0.0,0.0,0.1,1580000000.0,1319000000.0,1095000000.0,0.327,4.253,14.414,14.606,2861000000.0,0.0,29.065,1.44,1.439,1376000000.0,5026000000.0,7277000000.0,7277000000.0,241000000.0,,,,0.177,0.0,1036000000.0,1.0,360542786.0,360200000,,20.203,6566000000.0,0.0,462000000.0,455000000.0,18.229,749000000.0
98,PPG,MRT,1997-03-31,1997-03-31,1997-03-31,2021-10-21,-77900000.0,6553200000.0,,2467300000.0,4085900000.0,,6.727,-462400000.0,109500000.0,109500000.0,4360000000.0,738000000.0,1.429,1.64,1598500000.0,590200000.0,1008300000.0,1598500000.0,0.0,363000000.0,0.0,0.024,0.645,1305000000.0,1668000000.0,0.23,1668000000.0,1305000000.0,1206000000.0,1.985,,1.985,2452800000.0,,2452800000.0,11255093978.0,9.0,6.748,568900000.0,1.56,1.0,2886000000.0,0.398,0.0,99000000.0,6315400000.0,,819600000.0,229800000.0,0.0,229800000.0,4023100000.0,1726800000.0,2296300000.0,9842493978.0,20600000.0,-13000000.0,-510600000.0,187300000.0,-239200000.0,-548100000.0,-462100000.0,-7400000.0,1031300000.0,-500000.0,738000000.0,738000000.0,738000000.0,0.0,0.0,0.102,1556000000.0,1330000000.0,1055400000.0,0.325,4.013,13.337,13.602,2871400000.0,0.0,27.0,1.358,1.359,1344800000.0,4866400000.0,7246000000.0,7246000000.0,238000000.0,,,,0.18,0.0,1013000000.0,1.0,364536814.0,364600000,,19.874,6553200000.0,0.0,468000000.0,492600000.0,17.974,740500000.0
99,PPG,MRT,1996-12-31,1996-12-31,1996-12-31,2021-10-21,-20000000.0,6441000000.0,6317650000.0,2296000000.0,4145000000.0,1.143,6.611,-476000000.0,70000000.0,70000000.0,4340000000.0,744000000.0,1.298,1.563,1482000000.0,648000000.0,834000000.0,1482000000.0,0.0,363000000.0,0.0,0.022,0.63,1311000000.0,1674000000.0,0.232,1674000000.0,1311000000.0,1215000000.0,1.98,1.965,1.98,2483000000.0,2526100000.0,2483000000.0,,,,532000000.0,1.416,1.0,2878000000.0,0.399,0.0,96000000.0,6084000000.0,5882050000.0,797000000.0,254000000.0,0.0,254000000.0,3882000000.0,1769000000.0,2113000000.0,10228903001.0,-36000000.0,-13000000.0,-608000000.0,262000000.0,-237000000.0,-575000000.0,-469000000.0,0.0,1008000000.0,0.0,744000000.0,744000000.0,744000000.0,0.0,0.0,0.103,1542000000.0,1336000000.0,1106000000.0,0.318,4.12,13.749,14.172,2913000000.0,0.0,28.06,1.417,1.46,1226000000.0,4760000000.0,7218000000.0,7218000000.0,239000000.0,0.118,0.295,0.223,0.182,0.0,1004000000.0,1.0,364536814.0,375600000,,19.217,6441000000.0,116000000.0,471000000.0,434000000.0,17.149,527000000.0
100,PPG,MRT,1996-09-30,1996-09-30,1996-09-30,2021-10-21,,,,,,,,,,,,,,,,,,,,,,0.023,0.62,,,,,,,,,,,,,,,,,,1.0,,,,,,,,,,,,,,,,,,,,,,,,,,,,,,,,,,,,,,,,27.19,,,,,,,,,,,,,,1.0,,373000000,,,,,,,,
101,PPG,MRT,1996-06-30,1996-06-30,1996-06-30,2021-10-21,,,,,,,,,,,,,,,,,,,,,,0.025,0.61,,,,,,,,,,,,,,,,,,1.0,,,,,,,,,,,,,,,,,,,,,,,,,,,,,,,,,,,,,,,,24.812,,,,,,,,,,,,,,1.0,,377200000,,,,,,,,
102,PPG,MRT,1996-03-31,1996-03-31,1996-03-31,2021-10-21,,,,,,,,,,,,,,,,,,,,,,0.024,0.595,,,,,,,,,,,,,,,,,,1.0,,,,,,,,,,,,,,,,,,,,,,,,,,,,,,,,,,,,,,,,24.438,,,,,,,,,,,,,,1.0,,384800000,,,,,,,,
103,PPG,MRT,1995-12-31,1995-12-31,1995-12-31,2021-10-21,-6600000.0,6194300000.0,,2275500000.0,3918800000.0,,6.359,-448000000.0,105600000.0,105600000.0,4212000000.0,768000000.0,1.397,1.384,1220800000.0,485300000.0,735500000.0,1220800000.0,0.0,352000000.0,0.0,0.026,0.59,1333000000.0,1685000000.0,0.239,1685000000.0,1333000000.0,1248000000.0,1.9,1.89,1.9,2569200000.0,,2569200000.0,,,,624000000.0,1.545,1.0,2846000000.0,0.403,0.0,85000000.0,5680100000.0,,737500000.0,223800000.0,0.0,223800000.0,3556900000.0,1629400000.0,1927500000.0,,44000000.0,54000000.0,-580000000.0,62000000.0,-239000000.0,-753000000.0,-275000000.0,0.0,1072000000.0,0.0,768000000.0,768000000.0,768000000.0,0.0,0.0,0.109,1499000000.0,1347000000.0,1103500000.0,0.311,,,12.039,2834800000.0,0.0,22.875,,1.309,1245100000.0,4249000000.0,7058000000.0,7058000000.0,236000000.0,,,,0.189,0.0,977000000.0,1.0,,404000000,,17.47,6194300000.0,119500000.0,480000000.0,395500000.0,15.332,646100000.0
104,PPG,MRT,1994-12-31,1994-12-31,1994-12-31,2021-10-21,,,,,,,,-321800000.0,,,3865500000.0,514600000.0,,,,,,,,335200000.0,,0.03,0.56,925900000.0,1261100000.0,0.199,1261100000.0,925900000.0,839800000.0,1.215,,1.215,,,,,,,369300000.0,0.871,1.0,2465700000.0,0.389,,86100000.0,,,,,,,,,,,-49800000.0,-5400000.0,-260600000.0,1300000.0,-237800000.0,-497600000.0,-245400000.0,0.0,691100000.0,2100000.0,514600000.0,514600000.0,514600000.0,0.0,0.0,0.081,1523900000.0,941800000.0,,0.461,,,15.28,,0.0,18.565,,1.243,,,6331200000.0,6331200000.0,218100000.0,,,,0.146,0.0,919000000.0,1.0,,423800000,,14.939,,,325200000.0,,,
