None,ticker,dimension,calendardate,datekey,reportperiod,lastupdated,accoci,assets,assetsavg,assetsc,assetsnc,assetturnover,bvps,capex,cashneq,cashnequsd,cor,consolinc,currentratio,de,debt,debtc,debtnc,debtusd,deferredrev,depamor,deposits,divyield,dps,ebit,ebitda,ebitdamargin,ebitdausd,ebitusd,ebt,eps,epsdil,epsusd,equity,equityavg,equityusd,ev,evebit,evebitda,fcf,fcfps,fxusd,gp,grossmargin,intangibles,intexp,invcap,invcapavg,inventory,investments,investmentsc,investmentsnc,liabilities,liabilitiesc,liabilitiesnc,marketcap,ncf,ncfbus,ncfcommon,ncfdebt,ncfdiv,ncff,ncfi,ncfinv,ncfo,ncfx,netinc,netinccmn,netinccmnusd,netincdis,netincnci,netmargin,opex,opinc,payables,payoutratio,pb,pe,pe1,ppnenet,prefdivis,price,ps,ps1,receivables,retearn,revenue,revenueusd,rnd,roa,roe,roic,ros,sbcomp,sgna,sharefactor,sharesbas,shareswa,shareswadil,sps,tangibles,taxassets,taxexp,taxliabilities,tbvps,workingcapital
0,PENN,MRY,2020-12-31,2020-12-31,2020-12-31,2021-08-25,0.0,14667300000.0,14434800000.0,2085000000.0,12582300000.0,0.248,19.822,-125700000.0,1853800000.0,1853800000.0,1868000000.0,-669100000.0,2.424,4.522,11157500000.0,251700000.0,10905800000.0,11157500000.0,0.0,366700000.0,0.0,0.0,0.0,-291400000.0,75300000.0,0.021,75300000.0,-291400000.0,-834600000.0,-5.0,-5.0,-5.0,2656200000.0,2018625000.0,2656200000.0,22816259359.0,-78.0,303.005,213100000.0,1.59,1.0,1710700000.0,0.478,2670600000.0,543200000.0,20440400000.0,21032300000.0,0.0,266800000.0,0.0,266800000.0,12011500000.0,860000000.0,11151500000.0,13415359359.0,1415200000.0,-143400000.0,1351500000.0,-27500000.0,0.0,1310100000.0,-233700000.0,0.0,338800000.0,0.0,-669500000.0,-669500000.0,-669500000.0,0.0,400000.0,-0.187,2120900000.0,-410200000.0,33200000.0,0.0,5.051,-20.038,-17.274,9347000000.0,0.0,86.37,3.749,3.234,96400000.0,-507300000.0,3578700000.0,3578700000.0,0.0,-0.046,-0.332,-0.014,-0.081,14500000.0,1130800000.0,1.0,155324295.0,134000000,134000000.0,26.707,11996700000.0,0.0,-165100000.0,126300000.0,89.528,1225000000.0
1,PENN,MRY,2019-12-31,2019-12-31,2019-12-31,2021-08-25,0.0,14194500000.0,14054974000.0,642800000.0,13551700000.0,0.377,16.013,-201700000.0,437400000.0,437400000.0,2954500000.0,43100000.0,0.71,6.662,11328400000.0,234000000.0,11094400000.0,11328400000.0,0.0,414200000.0,0.0,0.0,0.0,621100000.0,1035300000.0,0.195,1035300000.0,621100000.0,86900000.0,0.38,0.37,0.38,1852700000.0,1886557250.0,1852700000.0,13954426721.0,22.0,13.479,502200000.0,4.341,1.0,2346900000.0,0.443,3297200000.0,534200000.0,20882700000.0,20642663750.0,0.0,128300000.0,0.0,128300000.0,12342600000.0,905600000.0,11437000000.0,2962726721.0,-26000000.0,-1359800000.0,-23000000.0,-95100000.0,0.0,-122400000.0,-607500000.0,956000000.0,703900000.0,0.0,43900000.0,43900000.0,43900000.0,0.0,-800000.0,0.008,1775000000.0,571900000.0,40300000.0,0.0,1.599,67.488,67.263,9957500000.0,0.0,25.56,0.559,0.558,88700000.0,161600000.0,5301400000.0,5301400000.0,0.0,0.003,0.023,0.03,0.117,14900000.0,1187700000.0,1.0,115912626.0,115700000,117800000.0,45.82,10897300000.0,0.0,43000000.0,244600000.0,94.186,-262800000.0
2,PENN,MRY,2018-12-31,2018-12-31,2018-12-31,2021-08-25,0.0,10961000000.0,6575551250.0,677600000.0,10283400000.0,0.546,7.53,487900000.0,479600000.0,479600000.0,2048000000.0,93500000.0,0.918,13.99,9560600000.0,129900000.0,9430700000.0,9560600000.0,0.0,269000000.0,0.0,0.0,0.0,628300000.0,897300000.0,0.25,897300000.0,628300000.0,89900000.0,0.96,0.93,0.96,731200000.0,198943250.0,731200000.0,6539808917.0,10.0,7.288,840700000.0,8.658,1.0,1539900000.0,0.429,3085300000.0,538400000.0,16218300000.0,9719640500.0,0.0,128500000.0,0.0,128500000.0,10229800000.0,738400000.0,9491400000.0,2238056917.0,201800000.0,-1926300000.0,-42600000.0,1096100000.0,0.0,1272100000.0,-1423100000.0,15200000.0,352800000.0,0.0,93500000.0,93500000.0,93500000.0,0.0,0.0,0.026,905800000.0,634100000.0,30500000.0,0.0,3.061,23.936,19.615,6868800000.0,0.0,18.83,0.624,0.51,106800000.0,-968000000.0,3587900000.0,3587900000.0,0.0,0.014,0.47,0.065,0.175,12000000.0,618900000.0,1.0,118855917.0,97100000,100300000.0,36.951,7875700000.0,80600000.0,-3600000.0,0.0,81.109,-60800000.0
3,PENN,MRY,2017-12-31,2017-12-31,2017-12-31,2021-08-25,-1453000.0,5234812000.0,5183818000.0,401032000.0,4833780000.0,0.607,-0.805,-100900000.0,277953000.0,277953000.0,1812900000.0,473400000.0,0.757,-72.567,4789058000.0,91860000.0,4697198000.0,4789058000.0,0.0,267100000.0,0.0,0.0,0.0,438100000.0,705200000.0,0.224,705200000.0,438100000.0,-25100000.0,5.21,5.07,5.21,-73146000.0,-217847750.0,-73146000.0,7461068837.0,17.0,10.58,376900000.0,4.146,1.0,1335100000.0,0.424,1430703000.0,463200000.0,7785205000.0,7869010250.0,0.0,169812000.0,0.0,169812000.0,5307958000.0,530009000.0,4777949000.0,2854025837.0,49200000.0,-120000000.0,-14400000.0,-230000000.0,0.0,-207000000.0,-221600000.0,0.0,477800000.0,0.0,473400000.0,473400000.0,473400000.0,0.0,0.0,0.15,889400000.0,445700000.0,26048000.0,0.0,-39.018,6.029,6.013,2756669000.0,0.0,31.33,0.907,0.905,62805000.0,-1051818000.0,3148000000.0,3148000000.0,0.0,0.091,-2.173,0.056,0.139,7800000.0,514500000.0,1.0,91095622.0,90900000,93400000.0,34.631,3804109000.0,390943000.0,-498500000.0,103744000.0,41.849,-128977000.0
4,PENN,MRY,2016-12-31,2016-12-31,2016-12-31,2021-08-25,-4676000.0,4974484000.0,5124401000.0,399265000.0,4575219000.0,0.592,-6.552,-84767000.0,229510000.0,229510000.0,1757848000.0,109310000.0,0.744,-10.156,4932250000.0,144826000.0,4787424000.0,4932250000.0,0.0,271214000.0,0.0,0.0,0.0,579860000.0,851074000.0,0.28,851074000.0,579860000.0,120617000.0,1.21,1.19,1.21,-543320000.0,-588300750.0,-543320000.0,6148349378.0,11.0,7.224,323193000.0,3.897,1.0,1276532000.0,0.421,1425179000.0,459243000.0,7715729000.0,8152787250.0,0.0,247577000.0,0.0,247577000.0,5517804000.0,536316000.0,4981488000.0,1151776378.0,-11258000.0,5479000.0,11601000.0,-349471000.0,0.0,-339930000.0,-79288000.0,0.0,407960000.0,0.0,109310000.0,109310000.0,109310000.0,0.0,0.0,0.036,733516000.0,543016000.0,35091000.0,0.0,-2.12,10.537,11.397,2820383000.0,0.0,13.79,0.38,0.377,61855000.0,-1525281000.0,3034380000.0,3034380000.0,0.0,0.021,-0.186,0.071,0.191,6871000.0,462302000.0,1.0,83522580.0,82929000,91407000.0,36.59,3549305000.0,0.0,11307000.0,214099000.0,42.799,-137051000.0
5,PENN,MRY,2015-12-31,2015-12-31,2015-12-31,2021-08-25,-4554000.0,5138752000.0,4937529750.0,372476000.0,4766276000.0,0.575,-8.475,-198679000.0,237009000.0,237009000.0,1621576000.0,686000.0,0.668,-8.579,5278712000.0,145781000.0,5132931000.0,5278712000.0,0.0,259461000.0,0.0,0.0,0.0,499737000.0,759198000.0,0.267,759198000.0,499737000.0,56610000.0,0.01,0.01,0.01,-678043000.0,-684295500.0,-678043000.0,2318469319.0,5.0,3.054,215129000.0,2.689,1.0,1216782000.0,0.429,1303384000.0,443127000.0,8319297000.0,7935798000.0,0.0,168149000.0,0.0,168149000.0,5816795000.0,557774000.0,5259021000.0,1284572319.0,28336000.0,-582326000.0,9399000.0,386134000.0,0.0,395533000.0,-781005000.0,0.0,413808000.0,0.0,686000.0,686000.0,686000.0,0.0,0.0,0.0,748936000.0,467846000.0,72816000.0,0.0,-1.895,1872.554,1602.0,2980068000.0,0.0,16.02,0.453,0.452,45186000.0,-1634591000.0,2838358000.0,2838358000.0,0.0,0.0,-0.001,0.063,0.176,8223000.0,449433000.0,1.0,80185538.0,80003000,90904000.0,35.478,3835368000.0,0.0,55924000.0,165407000.0,47.94,-185298000.0
6,PENN,MRY,2014-12-31,2014-12-31,2014-12-31,2021-08-25,-1282000.0,4624551000.0,2898737000.0,332265000.0,4292286000.0,0.894,-9.028,-226480000.0,208673000.0,208673000.0,1465951000.0,-183822000.0,0.686,-7.532,4866623000.0,91417000.0,4775206000.0,4866623000.0,0.0,266742000.0,0.0,0.0,0.0,271811000.0,538553000.0,0.208,538553000.0,271811000.0,-153303000.0,-2.34,-2.34,-2.34,-708014000.0,414031500.0,-708014000.0,2082326778.0,8.0,3.867,35743000.0,0.456,1.0,1124576000.0,0.434,1293637000.0,425114000.0,7504277000.0,3284397500.0,0.0,179551000.0,0.0,179551000.0,5332565000.0,484587000.0,4847978000.0,1080603778.0,-84322000.0,-167056000.0,9799000.0,8832000.0,0.0,28991000.0,-375536000.0,0.0,262223000.0,0.0,-183822000.0,-183822000.0,-183822000.0,0.0,0.0,-0.071,867388000.0,257188000.0,43136000.0,0.0,-1.526,-5.879,-5.868,2669732000.0,0.0,13.73,0.417,0.416,41618000.0,-1635277000.0,2590527000.0,2590527000.0,0.0,-0.063,-0.444,0.083,0.105,10666000.0,446436000.0,1.0,78703844.0,78425000,78425000.0,33.032,3330914000.0,0.0,30519000.0,97297000.0,42.473,-152322000.0
7,PENN,MRY,2013-12-31,2013-12-31,2013-12-31,2021-08-25,383000.0,2183991000.0,4644918750.0,508861000.0,1675130000.0,0.598,9.709,-196076000.0,292995000.0,292995000.0,1583794000.0,-581252000.0,1.408,1.88,1053812000.0,30618000.0,1023194000.0,1053812000.0,0.0,315297000.0,0.0,0.0,0.0,-454935000.0,-139638000.0,-0.05,-139638000.0,-454935000.0,-614832000.0,-7.44,-7.44,-7.44,758400000.0,1949714250.0,758400000.0,3244031888.0,-7.0,-23.232,257691000.0,3.299,1.0,1194092000.0,0.43,852046000.0,159897000.0,1731293000.0,4347091750.0,0.0,193331000.0,0.0,193331000.0,1425591000.0,361469000.0,1064122000.0,1108379888.0,32528000.0,249000.0,51535000.0,586532000.0,0.0,-240882000.0,-180357000.0,6870000.0,453767000.0,0.0,-581252000.0,-581252000.0,-581252000.0,-11545000.0,0.0,-0.209,1617960000.0,-423868000.0,22580000.0,0.0,1.461,-1.907,-1.926,497457000.0,0.0,14.33,0.399,0.403,52538000.0,-130314000.0,2777886000.0,2777886000.0,0.0,-0.125,-0.298,-0.105,-0.164,22809000.0,516143000.0,1.0,77346817.0,78111000,78111000.0,35.563,1331945000.0,71093000.0,-33580000.0,85931000.0,17.052,147392000.0
8,PENN,MRY,2012-12-31,2012-12-31,2012-12-31,2021-08-25,3022000.0,5644057000.0,5011301250.0,487140000.0,5156917000.0,0.537,29.484,-467662000.0,260467000.0,260467000.0,1560291000.0,210497000.0,0.975,1.507,2734426000.0,85353000.0,2649073000.0,2734426000.0,0.0,247497000.0,0.0,0.0,0.0,430070000.0,677567000.0,0.252,677567000.0,430070000.0,347946000.0,2.22,2.03,2.22,2250929000.0,2164365500.0,2250929000.0,5727858031.0,13.0,8.454,39527000.0,0.518,1.0,1128531000.0,0.42,2087166000.0,82124000.0,5531231000.0,4864046750.0,0.0,204506000.0,0.0,204506000.0,3393128000.0,499619000.0,2893509000.0,3766280031.0,22027000.0,-745450000.0,31933000.0,665311000.0,0.0,703325000.0,-1188487000.0,0.0,507189000.0,0.0,210497000.0,210497000.0,210497000.0,-22919000.0,0.0,0.078,731075000.0,397456000.0,38268000.0,0.0,1.673,17.892,22.122,2730797000.0,0.0,49.11,1.401,1.394,53720000.0,795173000.0,2688822000.0,2688822000.0,0.0,0.042,0.097,0.088,0.16,28609000.0,504897000.0,1.0,76690695.0,76345000,103804000.0,35.219,3556891000.0,39793000.0,137449000.0,292360000.0,46.59,-12479000.0
9,PENN,MRY,2011-12-31,2011-12-31,2011-12-31,2021-08-25,2318000.0,4606346000.0,4518215500.0,415789000.0,4190557000.0,0.607,25.202,-280115000.0,238440000.0,238440000.0,1620739000.0,242351000.0,0.975,1.336,2059528000.0,60922000.0,1998606000.0,2059528000.0,0.0,211476000.0,0.0,0.0,0.0,488796000.0,700272000.0,0.255,700272000.0,488796000.0,389232000.0,2.52,2.26,2.52,1971631000.0,1937183000.0,1971631000.0,4740718314.0,10.0,6.77,287250000.0,3.672,1.0,1121518000.0,0.409,1601952000.0,99564000.0,4399142000.0,4207145250.0,0.0,174116000.0,0.0,174116000.0,2634715000.0,426340000.0,2208375000.0,2978367314.0,-7945000.0,-91524000.0,-88487000.0,-150578000.0,0.0,-236508000.0,-338802000.0,0.0,567365000.0,0.0,242351000.0,242351000.0,242351000.0,0.0,0.0,0.088,621937000.0,499581000.0,39582000.0,0.0,1.511,12.289,15.107,2277200000.0,0.0,38.07,1.086,1.086,56527000.0,583202000.0,2742257000.0,2742257000.0,0.0,0.054,0.125,0.116,0.178,24330000.0,423718000.0,1.0,78233972.0,78233972,,35.052,3004394000.0,32306000.0,146881000.0,256703000.0,38.403,-10551000.0
10,PENN,MRY,2010-12-31,2010-12-31,2010-12-31,2021-08-25,-7885000.0,4462879000.0,4520698000.0,465953000.0,3996926000.0,0.544,22.786,-361328000.0,246385000.0,246385000.0,1464897000.0,-61660000.0,0.674,1.51,2182725000.0,369529000.0,1813196000.0,2182725000.0,0.0,212387000.0,0.0,0.0,0.0,136926000.0,349313000.0,0.142,349313000.0,136926000.0,6711000.0,-0.76,-0.76,-0.76,1777766000.0,1868677500.0,1777766000.0,4491255959.0,33.0,12.857,131850000.0,1.69,1.0,994214000.0,0.404,1600908000.0,130215000.0,4106782000.0,4132295000.0,0.0,294620000.0,0.0,294620000.0,2685113000.0,691529000.0,1993584000.0,2742389959.0,-466733000.0,-350027000.0,-24370000.0,-165894000.0,0.0,-223153000.0,-736758000.0,0.0,493178000.0,0.0,-59467000.0,-59467000.0,-59467000.0,0.0,-2193000.0,-0.024,840988000.0,153226000.0,17312000.0,0.0,1.543,-46.116,-46.25,1965774000.0,0.0,35.15,1.115,1.115,44463000.0,337940000.0,2459111000.0,2459111000.0,0.0,-0.013,-0.032,0.033,0.056,25954000.0,411415000.0,1.0,78019629.0,78019629,,31.519,2861971000.0,25206000.0,66178000.0,217867000.0,36.683,-225576000.0
11,PENN,MRY,2009-12-31,2009-12-31,2009-12-31,2021-08-25,-26028000.0,4712616000.0,5086818500.0,928871000.0,3783745000.0,0.466,23.557,-286923000.0,713118000.0,713118000.0,1427861000.0,-267413000.0,2.159,1.544,2341529000.0,92823000.0,2248706000.0,2341529000.0,0.0,194436000.0,0.0,0.0,0.0,-190432000.0,4004000.0,0.002,4004000.0,-190432000.0,-325416000.0,-3.39,-3.39,-3.39,1852641000.0,2080671000.0,1852641000.0,3763639662.0,-20.0,939.97,51323000.0,0.653,1.0,941414000.0,0.397,1766492000.0,134984000.0,4144279000.0,4140657750.0,0.0,26305000.0,0.0,26305000.0,2860540000.0,430256000.0,2430284000.0,2138344662.0,-33160000.0,-21895000.0,5431000.0,-118466000.0,0.0,-108747000.0,-262659000.0,50602000.0,338246000.0,0.0,-264948000.0,-264948000.0,-264948000.0,0.0,-2465000.0,-0.112,1136012000.0,-194598000.0,19850000.0,0.0,1.154,-8.071,-8.021,1837504000.0,0.0,27.19,0.903,0.903,80166000.0,397407000.0,2369275000.0,2369275000.0,0.0,-0.052,-0.127,-0.046,-0.08,28360000.0,403136000.0,1.0,78644526.0,78644526,,30.126,2946124000.0,23619000.0,-60468000.0,212752000.0,37.461,498615000.0
12,PENN,MRY,2008-12-31,2008-12-31,2008-12-31,2021-08-25,-48693000.0,5189676000.0,5071304250.0,906303000.0,4283373000.0,0.478,26.334,-343828000.0,746278000.0,746278000.0,1439523000.0,-153323000.0,1.926,1.523,2438273000.0,113374000.0,2324899000.0,2438273000.0,0.0,173545000.0,0.0,0.016,0.34,122242000.0,295787000.0,0.122,295787000.0,122242000.0,-47585000.0,-1.81,-1.81,-1.81,2057273000.0,1437450000.0,2057273000.0,3952550321.0,32.0,13.363,76635000.0,0.981,1.0,983530000.0,0.406,2292335000.0,169827000.0,4118850000.0,4337630000.0,0.0,14419000.0,0.0,14419000.0,3132403000.0,470486000.0,2661917000.0,1670284321.0,571906000.0,-384000.0,-149964000.0,-554555000.0,0.0,542941000.0,-391498000.0,-47286000.0,420463000.0,0.0,-153323000.0,-153323000.0,-153323000.0,0.0,0.0,-0.063,1069971000.0,-86441000.0,35540000.0,-0.188,0.812,-10.894,-11.812,1812131000.0,0.0,21.38,0.689,0.689,43574000.0,662355000.0,2423053000.0,2423053000.0,0.0,-0.03,-0.107,0.028,0.05,26857000.0,415093000.0,1.0,78123682.0,78123682,,31.016,2897341000.0,21065000.0,105738000.0,378745000.0,37.087,435817000.0
13,PENN,MRY,2007-12-31,2007-12-31,2007-12-31,2021-08-25,-15984000.0,4967032000.0,4763336250.0,302703000.0,4664329000.0,0.512,12.936,-346135000.0,174372000.0,174372000.0,1421349000.0,160053000.0,0.613,3.431,2991437000.0,109967000.0,2881470000.0,2991437000.0,0.0,147915000.0,0.0,0.0,0.0,490299000.0,638214000.0,0.262,638214000.0,490299000.0,292240000.0,1.87,1.81,1.87,1120962000.0,1048324250.0,1120962000.0,7928316172.0,16.0,12.423,85084000.0,0.982,1.0,1015444000.0,0.417,2790580000.0,198059000.0,4499643000.0,4339386750.0,0.0,15548000.0,0.0,15548000.0,3846070000.0,493874000.0,3352196000.0,5160236172.0,5857000.0,-265482000.0,24911000.0,140884000.0,0.0,186255000.0,-611617000.0,0.0,431219000.0,0.0,160053000.0,160053000.0,160053000.0,0.0,0.0,0.066,517635000.0,497809000.0,28581000.0,0.0,4.603,32.241,31.845,1688393000.0,0.0,59.55,2.118,2.118,56427000.0,815678000.0,2436793000.0,2436793000.0,0.0,0.034,0.153,0.113,0.201,25465000.0,369720000.0,1.0,86653840.0,86653840,,28.121,2176452000.0,19079000.0,132187000.0,515201000.0,25.117,-191171000.0
14,PENN,MRY,2006-12-31,2006-12-31,2006-12-31,2021-08-25,3174000.0,4514082000.0,4340091750.0,401963000.0,4112119000.0,0.517,10.848,-406477000.0,168515000.0,168515000.0,1286577000.0,327088000.0,0.967,3.9,2848784000.0,59394000.0,2789390000.0,2848784000.0,0.0,123951000.0,0.0,0.0,0.0,680268000.0,804219000.0,0.358,804219000.0,680268000.0,483940000.0,3.88,3.78,3.88,921163000.0,759645500.0,921163000.0,6226704265.0,9.0,7.743,-124668000.0,-1.468,1.0,957970000.0,0.427,2595570000.0,196328000.0,4183110000.0,4062367250.0,0.0,16138000.0,0.0,16138000.0,3592919000.0,415671000.0,3177248000.0,3534342265.0,35895000.0,0.0,12201000.0,31833000.0,0.0,56427000.0,-302341000.0,0.0,281809000.0,0.0,327088000.0,327088000.0,327088000.0,-114008000.0,0.0,0.146,380129000.0,577841000.0,37928000.0,0.0,3.837,10.805,10.727,1365871000.0,0.0,41.62,1.575,1.575,153829000.0,667557000.0,2244547000.0,2244547000.0,0.0,0.075,0.431,0.167,0.303,20562000.0,349909000.0,1.0,84919324.0,84919324,,26.432,1918512000.0,22187000.0,156852000.0,456816000.0,22.592,-13708000.0
15,PENN,MRY,2005-12-31,2005-12-31,2005-12-31,2021-08-25,840000.0,4190404000.0,2421352750.0,306342000.0,3884062000.0,0.565,6.55,-120415000.0,132620000.0,132620000.0,805597000.0,120930000.0,0.898,6.667,2792344000.0,24682000.0,2767662000.0,2792344000.0,0.0,72531000.0,0.0,0.0,0.0,264867000.0,337398000.0,0.246,337398000.0,264867000.0,175523000.0,1.46,1.41,1.46,546543000.0,484240000.0,546543000.0,3213486884.0,12.0,9.524,30060000.0,0.36,1.0,563508000.0,0.412,2592182000.0,89344000.0,3916637000.0,2024207250.0,0.0,17184000.0,0.0,17184000.0,3643861000.0,341309000.0,3302552000.0,2749317884.0,45000000.0,-1828257000.0,10876000.0,1927122000.0,0.0,1873221000.0,-1978800000.0,0.0,150475000.0,104000.0,120930000.0,120930000.0,120930000.0,-33753000.0,0.0,0.088,319960000.0,243548000.0,25549000.0,0.0,5.03,22.735,22.568,1059892000.0,0.0,32.95,2.008,2.008,98792000.0,340469000.0,1369105000.0,1369105000.0,0.0,0.05,0.25,0.131,0.193,17447000.0,198109000.0,1.0,83439086.0,83439086,,16.408,1598222000.0,48150000.0,54593000.0,325716000.0,19.154,-34967000.0
16,PENN,MRY,2004-12-31,2004-12-31,2004-12-31,2021-08-25,1642000.0,1632701000.0,1637003000.0,174203000.0,1458498000.0,0.675,4.945,-67562000.0,87620000.0,87620000.0,645991000.0,71484000.0,1.041,3.101,858909000.0,4494000.0,854415000.0,858909000.0,0.0,65785000.0,0.0,0.0,0.0,197492000.0,263277000.0,0.238,263277000.0,197492000.0,121772000.0,0.89,0.86,0.89,398092000.0,365817000.0,398092000.0,3291244391.0,17.0,12.501,129602000.0,1.61,1.0,459299000.0,0.416,604600000.0,75720000.0,1631985000.0,1691690250.0,0.0,15709000.0,0.0,15709000.0,1234609000.0,167405000.0,1067204000.0,2464650391.0,6053000.0,2158000.0,7816000.0,-131214000.0,0.0,-124177000.0,-67114000.0,0.0,197164000.0,180000.0,71484000.0,71484000.0,71484000.0,15856000.0,0.0,0.065,245519000.0,213780000.0,13629000.0,0.0,6.191,34.478,34.017,597394000.0,0.0,30.275,2.23,2.205,40812000.0,219539000.0,1105290000.0,1105290000.0,0.0,0.044,0.195,0.117,0.179,8624000.0,179734000.0,1.0,81408766.0,80510000,83508000.0,13.729,1028101000.0,18274000.0,50288000.0,69852000.0,12.77,6798000.0
17,PENN,MRY,2003-12-31,2003-12-31,2003-12-31,2021-08-25,1351000.0,1609599000.0,1737254000.0,157630000.0,1451969000.0,0.583,3.925,-56070000.0,81567000.0,81567000.0,609505000.0,51471000.0,1.208,4.194,990123000.0,5634000.0,984489000.0,990123000.0,0.0,57471000.0,0.0,0.0,0.0,165550000.0,223021000.0,0.22,223021000.0,165550000.0,88934000.0,0.65,0.63,0.65,309878000.0,285104000.0,309878000.0,1952410006.0,12.0,8.754,84709000.0,1.073,1.0,403176000.0,0.398,605996000.0,76616000.0,1781621000.0,1842411500.0,0.0,17187000.0,0.0,17187000.0,1299721000.0,130538000.0,1169183000.0,916125006.0,27031000.0,-273892000.0,2332000.0,238434000.0,0.0,217459000.0,-331607000.0,-1902000.0,140779000.0,400000.0,51471000.0,51471000.0,51471000.0,10723000.0,0.0,0.051,226641000.0,176535000.0,10785000.0,0.0,2.956,17.799,17.785,594152000.0,0.0,11.56,0.905,0.901,25739000.0,148055000.0,1012681000.0,1012681000.0,0.0,0.03,0.181,0.09,0.163,6067000.0,169170000.0,1.0,79249568.0,78946000,81224000.0,12.828,1003603000.0,24877000.0,37463000.0,34607000.0,12.713,27092000.0
18,PENN,MRY,2002-12-31,2002-12-31,2002-12-31,2021-08-25,-1657000.0,765480000.0,735769000.0,94439000.0,671041000.0,0.841,3.269,-88164000.0,55121000.0,55121000.0,388968000.0,30863000.0,1.016,2.099,375018000.0,18000.0,375000000.0,375018000.0,0.0,34518000.0,0.0,0.0,0.0,90501000.0,125019000.0,0.202,125019000.0,90501000.0,48397000.0,0.41,0.39,0.41,247000000.0,229516250.0,247000000.0,978030528.0,11.0,7.823,13477000.0,0.178,1.0,229888000.0,0.371,182045000.0,42104000.0,810350000.0,801283750.0,0.0,16152000.0,0.0,16152000.0,518480000.0,92982000.0,425498000.0,635013528.0,17899000.0,-9570000.0,106723000.0,-85139000.0,0.0,18312000.0,-102064000.0,-3830000.0,101641000.0,10000.0,30863000.0,30863000.0,30863000.0,-2534000.0,0.0,0.05,131644000.0,98244000.0,19450000.0,0.0,2.571,20.575,19.341,450886000.0,0.0,7.93,1.026,0.968,19418000.0,96584000.0,618856000.0,618856000.0,0.0,0.042,0.134,0.113,0.146,3962000.0,97126000.0,1.0,80077368.0,75550000,78188000.0,8.191,583435000.0,10820000.0,17534000.0,59780000.0,7.723,1457000.0
19,PENN,MRY,2001-12-31,2001-12-31,2001-12-31,2021-08-25,-3842000.0,679377000.0,665239750.0,70106000.0,609271000.0,0.777,1.684,-41212000.0,38378000.0,38378000.0,316150000.0,23758000.0,0.761,5.579,458909000.0,15141000.0,443768000.0,458909000.0,0.0,32093000.0,0.0,0.0,0.0,82462000.0,114555000.0,0.222,114555000.0,82462000.0,36366000.0,0.39,0.375,0.39,103265000.0,93565500.0,103265000.0,901449309.0,11.0,7.869,44621000.0,0.728,1.0,200987000.0,0.389,184260000.0,46096000.0,823553000.0,823270750.0,0.0,14187000.0,0.0,14187000.0,576112000.0,92095000.0,484017000.0,469628309.0,15091000.0,-179730000.0,2932000.0,149611000.0,0.0,145593000.0,-216335000.0,0.0,85833000.0,0.0,23758000.0,23758000.0,23758000.0,0.0,0.0,0.046,124096000.0,76891000.0,18975000.0,0.0,4.548,19.767,19.449,389919000.0,0.0,7.585,0.908,0.899,19367000.0,65721000.0,517137000.0,517137000.0,0.0,0.036,0.254,0.1,0.159,1196000.0,92003000.0,1.0,61915400.0,61306000,63674000.0,8.435,495117000.0,4610000.0,12608000.0,45701000.0,8.076,-21989000.0
20,PENN,MRY,2000-12-31,2000-12-31,2000-12-31,2021-08-25,0.0,439900000.0,318144750.0,40845000.0,399055000.0,0.917,1.323,-27144000.0,28394000.0,28394000.0,189926000.0,11992000.0,0.829,4.553,309299000.0,11390000.0,297909000.0,309299000.0,0.0,12039000.0,0.0,0.0,0.0,42773000.0,54812000.0,0.188,54812000.0,42773000.0,22129000.0,0.2,0.195,0.2,79221000.0,75515500.0,79221000.0,436539350.0,10.0,7.964,14669000.0,0.245,1.0,101875000.0,0.349,78161000.0,20644000.0,593354000.0,411487000.0,0.0,14584000.0,0.0,14584000.0,360679000.0,49290000.0,311389000.0,153150350.0,13853000.0,-202519000.0,692000.0,211525000.0,0.0,201810000.0,-229770000.0,0.0,41813000.0,0.0,11992000.0,11992000.0,11992000.0,0.0,0.0,0.041,56716000.0,45159000.0,18436000.0,0.0,1.933,12.771,12.738,288316000.0,0.0,2.547,0.525,0.523,10341000.0,41963000.0,291801000.0,291801000.0,0.0,0.038,0.159,0.104,0.147,265000.0,44677000.0,1.0,60117900.0,59872000,61772000.0,4.874,361739000.0,1905000.0,10137000.0,16296000.0,6.042,-8445000.0
21,PENN,MRY,1999-12-31,1999-12-31,1999-12-31,2021-08-25,0.0,189712000.0,179702750.0,17094000.0,172618000.0,0.948,1.117,-13243000.0,14434000.0,14434000.0,103759000.0,6733000.0,0.674,1.863,91213000.0,5160000.0,86053000.0,91213000.0,0.0,7733000.0,800000.0,0.0,0.0,20123000.0,27856000.0,0.164,27856000.0,20123000.0,10510000.0,0.113,0.11,0.113,66272000.0,63079750.0,66272000.0,207816139.0,10.0,7.46,9218000.0,0.155,1.0,66601000.0,0.391,21582000.0,9613000.0,219558000.0,212325000.0,0.0,12862000.0,0.0,12862000.0,123440000.0,25351000.0,98089000.0,133871139.0,2608000.0,-11513000.0,503000.0,12957000.0,0.0,9903000.0,-29756000.0,0.0,22461000.0,0.0,6733000.0,6733000.0,6733000.0,0.0,0.0,0.04,48936000.0,17665000.0,12324000.0,0.0,2.02,19.883,19.912,126871000.0,0.0,2.25,0.786,0.784,4779000.0,29971000.0,170360000.0,170360000.0,0.0,0.037,0.107,0.095,0.118,0.0,30030000.0,1.0,59498284.0,59348000,60784000.0,2.871,168130000.0,1088000.0,3777000.0,13527000.0,2.833,-8257000.0
22,PENN,MRY,1998-12-31,1998-12-31,1998-12-31,2021-08-25,0.0,160798000.0,160840000.0,14114000.0,146684000.0,0.958,0.983,-22333000.0,6826000.0,6826000.0,96847000.0,7503000.0,1.157,1.724,78256000.0,168000.0,78088000.0,78256000.0,0.0,5748000.0,548000.0,0.0,0.0,20396000.0,26144000.0,0.17,26144000.0,20396000.0,12022000.0,0.125,0.122,0.125,59036000.0,84525750.0,59036000.0,163017410.0,8.0,6.235,-10467000.0,-0.174,1.0,57218000.0,0.371,22442000.0,8374000.0,197583000.0,184035500.0,0.0,0.0,0.0,0.0,101762000.0,12203000.0,89559000.0,103149410.0,-15028000.0,0.0,-2323000.0,-2080000.0,0.0,-4561000.0,-22333000.0,0.0,11866000.0,0.0,7503000.0,7503000.0,7503000.0,0.0,0.0,0.049,37760000.0,19458000.0,7104000.0,0.0,1.747,13.748,14.0,120752000.0,0.0,1.75,0.67,0.682,3840000.0,23238000.0,154065000.0,154065000.0,0.0,0.047,0.089,0.111,0.132,0.0,23932000.0,1.0,58942520.0,60060000,61496000.0,2.565,138356000.0,1317000.0,4519000.0,11974000.0,2.304,1911000.0
23,PENN,MRY,1997-12-31,1997-12-31,1997-12-31,2021-08-25,0.0,158878000.0,127800500.0,29024000.0,129854000.0,0.873,0.902,-29196000.0,21854000.0,21854000.0,59009000.0,2287000.0,2.103,1.95,80336000.0,204000.0,80132000.0,80336000.0,0.0,4040000.0,470000.0,0.0,0.0,9186000.0,13226000.0,0.119,13226000.0,9186000.0,4595000.0,0.037,0.037,0.037,53856000.0,40868500.0,53856000.0,,,,-18518000.0,-0.31,1.0,52527000.0,0.471,23055000.0,4591000.0,180507000.0,142575000.0,0.0,0.0,0.0,0.0,105022000.0,13798000.0,91224000.0,147769342.0,16220000.0,-18248000.0,23086000.0,32819000.0,0.0,53162000.0,-47620000.0,0.0,10678000.0,0.0,2287000.0,2287000.0,2287000.0,0.0,0.0,0.021,42792000.0,9735000.0,7405000.0,0.0,2.744,64.613,65.878,103161000.0,0.0,2.438,1.325,1.305,2257000.0,15735000.0,111536000.0,111536000.0,0.0,0.018,0.056,0.064,0.082,0.0,0.0,1.0,60623320.0,59700000,61832000.0,1.868,135823000.0,3472000.0,2308000.0,11741000.0,2.275,15226000.0
24,PENN,MRY,1996-12-31,1996-12-31,1996-12-31,2021-08-25,0.0,96723000.0,,11569000.0,85154000.0,,0.524,-6995000.0,5634000.0,5634000.0,32974000.0,5510000.0,0.958,2.469,47517000.0,1563000.0,45954000.0,47517000.0,0.0,1433000.0,420000.0,0.0,0.0,9810000.0,11243000.0,0.179,11243000.0,9810000.0,9304000.0,0.102,0.1,0.102,27881000.0,,27881000.0,,,,952000.0,0.018,1.0,29860000.0,0.475,21885000.0,506000.0,104643000.0,,0.0,0.0,0.0,0.0,68842000.0,12078000.0,56764000.0,,-1880000.0,-47320000.0,1569000.0,46877000.0,0.0,46002000.0,-55829000.0,0.0,7947000.0,0.0,5510000.0,5510000.0,5510000.0,0.0,0.0,0.088,20400000.0,9460000.0,6487000.0,0.0,,,34.926,58718000.0,0.0,3.562,,3.017,4293000.0,13448000.0,62834000.0,62834000.0,0.0,,,,0.156,0.0,0.0,1.0,,53208000,55288000.0,1.181,74838000.0,90000.0,3794000.0,11202000.0,1.407,-509000.0
25,PENN,MRY,1995-12-31,1995-12-31,1995-12-31,2021-08-25,,,,,,,,-3958000.0,,,30876000.0,4996000.0,,,,,,,,881000.0,,0.0,0.0,8534000.0,9415000.0,0.163,9415000.0,8534000.0,8463000.0,0.098,0.095,0.098,,,,,,,1959000.0,0.038,1.0,26800000.0,0.465,,71000.0,,,,,,,,,,,2012000.0,0.0,179000.0,-126000.0,0.0,53000.0,-3958000.0,0.0,5917000.0,0.0,4996000.0,4996000.0,4996000.0,0.0,0.0,0.087,18545000.0,8255000.0,,0.0,,,10.952,,0.0,1.073,,0.961,,,57676000.0,57676000.0,0.0,,,,0.148,0.0,0.0,1.0,,51624000,52068000.0,1.117,,,3467000.0,,,
0,PENN,MRQ,2021-06-30,2021-06-30,2021-06-30,2021-08-25,0.0,15078200000.0,,2552400000.0,12525800000.0,,18.963,-57600000.0,2274700000.0,2274700000.0,769500000.0,198700000.0,2.664,4.097,11150000000.0,267900000.0,10882100000.0,11150000000.0,0.0,81900000.0,0.0,0.0,0.0,389800000.0,471700000.0,0.305,471700000.0,389800000.0,251800000.0,1.27,1.17,1.27,2958300000.0,,2958300000.0,21082018754.0,20.0,15.02,266500000.0,1.708,1.0,776300000.0,0.502,2697300000.0,138000000.0,20298100000.0,,0.0,277300000.0,0.0,277300000.0,12120400000.0,958100000.0,11162300000.0,11959818754.0,211000000.0,-6200000.0,2800000.0,-39500000.0,0.0,-41300000.0,-71800000.0,0.0,324100000.0,0.0,198700000.0,198700000.0,198700000.0,0.0,0.0,0.129,398400000.0,377900000.0,38300000.0,0.0,4.043,27.016,23.681,9223500000.0,0.0,76.49,2.403,2.397,138500000.0,-217600000.0,1545800000.0,1545800000.0,0.0,,,,,9200000.0,316500000.0,1.0,156357939.0,156000000,172700000.0,9.909,12380900000.0,0.0,53100000.0,148100000.0,79.365,1594300000.0
1,PENN,MRQ,2021-03-31,2021-03-31,2021-03-31,2021-08-25,0.0,14888200000.0,,2347700000.0,12540500000.0,,17.703,-25700000.0,2062200000.0,2062200000.0,650900000.0,90900000.0,2.478,4.402,11184400000.0,260200000.0,10924200000.0,11184400000.0,0.0,81300000.0,0.0,0.0,0.0,247300000.0,328600000.0,0.258,328600000.0,247300000.0,111600000.0,0.58,0.55,0.58,2756300000.0,,2756300000.0,25709743297.0,48.0,29.001,154800000.0,0.994,1.0,624000000.0,0.489,2669000000.0,135700000.0,20394100000.0,,0.0,275800000.0,0.0,275800000.0,12132400000.0,947300000.0,11185100000.0,16406043297.0,213300000.0,0.0,5700000.0,59200000.0,0.0,60100000.0,-27300000.0,0.0,180500000.0,0.0,91000000.0,91000000.0,91000000.0,0.0,-100000.0,0.071,407500000.0,216500000.0,26700000.0,0.0,5.952,545.051,388.296,9269100000.0,0.0,104.84,4.39,4.368,137500000.0,-416300000.0,1274900000.0,1274900000.0,0.0,,,,,4200000.0,326200000.0,1.0,156486487.0,155700000,172800000.0,8.188,12219200000.0,0.0,20600000.0,134600000.0,78.479,1400400000.0
2,PENN,MRQ,2020-12-31,2020-12-31,2020-12-31,2021-08-25,0.0,14667300000.0,,2085000000.0,12582300000.0,,17.104,-28100000.0,1853800000.0,1853800000.0,507000000.0,12700000.0,2.424,4.522,11157500000.0,251700000.0,10905800000.0,11157500000.0,0.0,91400000.0,0.0,0.0,0.0,154300000.0,245700000.0,0.239,245700000.0,154300000.0,18200000.0,0.36,0.36,0.36,2656200000.0,,2656200000.0,22816259359.0,-78.0,303.005,89900000.0,0.579,1.0,520400000.0,0.507,2670600000.0,136100000.0,20440400000.0,,0.0,266800000.0,0.0,266800000.0,12011500000.0,860000000.0,11151500000.0,13415359359.0,-15200000.0,-1500000.0,7200000.0,-142600000.0,0.0,-135400000.0,2200000.0,0.0,118000000.0,0.0,11100000.0,11100000.0,11100000.0,0.0,1600000.0,0.011,400800000.0,119600000.0,33200000.0,0.0,5.051,-20.038,-17.274,9347000000.0,0.0,86.37,3.749,3.234,96400000.0,-507300000.0,1027400000.0,1027400000.0,0.0,,,,,2800000.0,302100000.0,1.0,155324295.0,155300000,155300000.0,6.616,11996700000.0,0.0,7100000.0,126300000.0,77.249,1225000000.0
3,PENN,MRQ,2020-09-30,2020-09-30,2020-09-30,2021-08-25,0.0,14812000000.0,,2186500000.0,12625500000.0,,19.057,-23900000.0,1873100000.0,1873100000.0,528200000.0,141200000.0,2.373,4.625,11274000000.0,247300000.0,11026700000.0,11274000000.0,0.0,87700000.0,0.0,0.0,0.0,269900000.0,357600000.0,0.317,357600000.0,269900000.0,127600000.0,1.02,0.93,1.02,2633700000.0,,2633700000.0,20751359779.0,-50.0,-501.241,327800000.0,2.372,1.0,601500000.0,0.532,2672800000.0,142300000.0,20618700000.0,,0.0,263000000.0,0.0,263000000.0,12180300000.0,921400000.0,11258900000.0,10005659779.0,624700000.0,-300000.0,985600000.0,-691200000.0,0.0,290400000.0,-17400000.0,0.0,351700000.0,0.0,141900000.0,141900000.0,141900000.0,0.0,-700000.0,0.126,405300000.0,196200000.0,64400000.0,0.0,3.799,-12.942,-10.802,9425600000.0,0.0,72.7,2.57,2.581,138600000.0,-518400000.0,1129700000.0,1129700000.0,0.0,,,,,2800000.0,317600000.0,1.0,137629433.0,138200000,155500000.0,8.174,12139200000.0,64000000.0,-14300000.0,120700000.0,87.838,1265100000.0
4,PENN,MRQ,2020-06-30,2020-06-30,2020-06-30,2021-08-25,0.0,14321500000.0,,1646600000.0,12674900000.0,,11.879,-30900000.0,1244300000.0,1244300000.0,174900000.0,-214400000.0,1.989,8.509,11990000000.0,236800000.0,11753200000.0,11990000000.0,0.0,91900000.0,0.0,0.0,0.0,-137300000.0,-45400000.0,-0.149,-45400000.0,-137300000.0,-272300000.0,-1.69,-1.69,-1.69,1506200000.0,,1506200000.0,14634214615.0,-30.0,-152.918,-128600000.0,-1.014,1.0,130600000.0,0.427,2677400000.0,135000000.0,21562000000.0,,0.0,264000000.0,0.0,264000000.0,12816600000.0,827800000.0,11988800000.0,3567014615.0,513500000.0,0.0,354100000.0,302100000.0,0.0,646300000.0,-35100000.0,0.0,-97700000.0,0.0,-213900000.0,-213900000.0,-213900000.0,0.0,-500000.0,-0.7,296000000.0,-165400000.0,30600000.0,0.0,2.368,-4.095,-4.144,9539300000.0,0.0,30.54,0.866,0.941,71100000.0,-660300000.0,305500000.0,305500000.0,0.0,,,,,2900000.0,204100000.0,1.0,116798121.0,126800000,126800000.0,2.409,11644100000.0,64200000.0,-58400000.0,130500000.0,91.83,818800000.0
5,PENN,MRQ,2020-03-31,2020-03-31,2020-03-31,2021-08-25,0.0,13938400000.0,,1270000000.0,12668400000.0,,11.049,-42800000.0,730700000.0,730700000.0,657900000.0,-608600000.0,1.56,9.904,11797900000.0,229100000.0,11568800000.0,11797900000.0,0.0,95700000.0,0.0,0.0,0.0,-578300000.0,-482600000.0,-0.432,-482600000.0,-578300000.0,-708100000.0,-5.26,-5.26,-5.26,1278400000.0,,1278400000.0,12369330435.0,-85.0,47.483,-76000000.0,-0.657,1.0,458200000.0,0.411,2683600000.0,129800000.0,21508100000.0,,0.0,264700000.0,0.0,264700000.0,12660800000.0,813900000.0,11846900000.0,1478330435.0,292200000.0,-138000000.0,4600000.0,504200000.0,0.0,508800000.0,-183400000.0,0.0,-33200000.0,0.0,-608600000.0,-608600000.0,-608600000.0,0.0,0.0,-0.545,1018800000.0,-560600000.0,74300000.0,0.0,1.156,-2.441,-2.414,9562900000.0,0.0,12.65,0.288,0.285,50100000.0,-446400000.0,1116100000.0,1116100000.0,0.0,,,,,6000000.0,307000000.0,1.0,116864066.0,115700000,115700000.0,9.646,11254800000.0,53900000.0,-99500000.0,177300000.0,97.276,456100000.0
6,PENN,MRQ,2019-12-31,2019-12-31,2019-12-31,2021-08-25,0.0,14194500000.0,,642800000.0,13551700000.0,,16.055,-65000000.0,437400000.0,437400000.0,754900000.0,-92900000.0,0.71,6.662,11328400000.0,234000000.0,11094400000.0,11328400000.0,0.0,97800000.0,0.0,0.0,0.0,31200000.0,129000000.0,0.096,129000000.0,31200000.0,-102500000.0,-0.8,-0.79,-0.8,1852700000.0,,1852700000.0,13954426721.0,22.0,13.479,119700000.0,1.037,1.0,586300000.0,0.437,3297200000.0,133700000.0,20882700000.0,,0.0,128300000.0,0.0,128300000.0,12342600000.0,905600000.0,11437000000.0,2962726721.0,30800000.0,-400000.0,900000.0,-89200000.0,0.0,-88500000.0,-65400000.0,0.0,184700000.0,0.0,-92500000.0,-92500000.0,-92500000.0,0.0,-400000.0,-0.069,575000000.0,11300000.0,40300000.0,0.0,1.599,67.488,67.263,9957500000.0,0.0,25.56,0.559,0.558,88700000.0,161600000.0,1341200000.0,1341200000.0,0.0,,,,,4500000.0,304100000.0,1.0,115912626.0,115400000,118100000.0,11.622,10897300000.0,0.0,-10000000.0,244600000.0,94.431,-262800000.0
7,PENN,MRQ,2019-09-30,2019-09-30,2019-09-30,2021-08-25,0.0,14318000000.0,,628200000.0,13689800000.0,,16.839,-41700000.0,406900000.0,406900000.0,758700000.0,43700000.0,0.716,6.381,11398600000.0,238900000.0,11159700000.0,11398600000.0,0.0,106300000.0,0.0,0.0,0.0,197000000.0,303300000.0,0.224,303300000.0,197000000.0,63500000.0,0.38,0.38,0.38,1939800000.0,,1939800000.0,13167317581.0,19.0,11.899,162300000.0,1.409,1.0,595800000.0,0.44,3454900000.0,133500000.0,20977500000.0,,0.0,128500000.0,0.0,128500000.0,12378600000.0,877300000.0,11501300000.0,2158081581.0,35700000.0,300000.0,300000.0,-117700000.0,0.0,-120800000.0,-47500000.0,-5100000.0,204000000.0,0.0,43900000.0,43900000.0,43900000.0,0.0,-200000.0,0.032,416000000.0,179800000.0,39500000.0,0.0,1.113,22.837,28.654,9969900000.0,0.0,18.625,0.422,0.419,91600000.0,254100000.0,1354500000.0,1354500000.0,0.0,,,,,3700000.0,309700000.0,1.0,115870152.0,115200000,116700000.0,11.758,10863100000.0,0.0,19600000.0,252800000.0,94.298,-249100000.0
8,PENN,MRQ,2019-06-30,2019-06-30,2019-06-30,2021-08-25,0.0,14209225000.0,,609234000.0,13599991000.0,,16.31,-57300000.0,378766000.0,378766000.0,731700000.0,51400000.0,0.708,6.511,11388002000.0,242406000.0,11145596000.0,11388002000.0,0.0,106000000.0,0.0,0.0,0.0,204800000.0,310800000.0,0.235,310800000.0,204800000.0,70100000.0,0.44,0.44,0.44,1891908000.0,,1891908000.0,12598640676.0,19.0,12.352,132200000.0,1.14,1.0,591400000.0,0.447,3464990000.0,134700000.0,20892965000.0,,0.0,127219000.0,0.0,127219000.0,12317517000.0,860506000.0,11457011000.0,2256095676.0,-25400000.0,-989400000.0,-24700000.0,157700000.0,0.0,132600000.0,-347500000.0,700000000.0,189500000.0,0.0,51600000.0,51600000.0,51600000.0,0.0,-200000.0,0.039,393000000.0,198400000.0,28350000.0,0.0,1.192,26.022,29.182,9898675000.0,0.0,19.26,0.496,0.491,106442000.0,210242000.0,1323100000.0,1323100000.0,0.0,,,,,3300000.0,287000000.0,1.0,117138924.0,116000000,117700000.0,11.406,10744235000.0,0.0,18500000.0,249318000.0,92.623,-251272000.0
9,PENN,MRQ,2019-03-31,2019-03-31,2019-03-31,2021-08-25,0.0,13498171000.0,,639204000.0,12858967000.0,,16.009,-37700000.0,400280000.0,400280000.0,709200000.0,41000000.0,0.779,6.25,10742825000.0,216873000.0,10525952000.0,10742825000.0,0.0,104100000.0,0.0,0.0,0.0,188100000.0,292200000.0,0.228,292200000.0,188100000.0,55800000.0,0.35,0.35,0.35,1861821000.0,,1861821000.0,11429529000.0,18.0,11.996,88000000.0,0.757,1.0,573400000.0,0.447,3202843000.0,132300000.0,19817490000.0,,0.0,127924000.0,0.0,127924000.0,11636360000.0,820383000.0,10815977000.0,2348484000.0,-67100000.0,-370300000.0,500000.0,-45900000.0,0.0,-45700000.0,-147100000.0,261100000.0,125700000.0,0.0,41000000.0,41000000.0,41000000.0,0.0,0.0,0.032,391000000.0,182400000.0,31388000.0,0.0,1.261,26.361,24.815,9422867000.0,0.0,20.1,0.579,0.577,114439000.0,158695000.0,1282600000.0,1282600000.0,0.0,,,,,3400000.0,286900000.0,1.0,116840000.0,116300000,118600000.0,11.028,10295328000.0,0.0,14800000.0,265140000.0,88.524,-181179000.0
10,PENN,MRQ,2018-12-31,2018-12-31,2018-12-31,2021-08-25,0.0,10961000000.0,,677600000.0,10283400000.0,,6.42,603600000.0,479600000.0,479600000.0,663400000.0,-42000000.0,0.918,13.99,9560600000.0,129900000.0,9430700000.0,9560600000.0,0.0,93200000.0,0.0,0.0,0.0,107100000.0,200300000.0,0.173,200300000.0,107100000.0,-85600000.0,-0.52,-0.5,-0.52,731200000.0,,731200000.0,6539808917.0,10.0,7.288,656200000.0,5.761,1.0,491900000.0,0.426,3085300000.0,192700000.0,16218300000.0,,0.0,128500000.0,0.0,128500000.0,10229800000.0,738400000.0,9491400000.0,2238056917.0,236000000.0,-1942300000.0,-50000000.0,1349600000.0,0.0,1522400000.0,-1339000000.0,0.0,52600000.0,0.0,-42000000.0,-42000000.0,-42000000.0,0.0,0.0,-0.036,367500000.0,124400000.0,30500000.0,0.0,3.061,23.936,19.615,6868800000.0,0.0,18.83,0.624,0.51,106800000.0,-968000000.0,1155300000.0,1155300000.0,0.0,,,,,3200000.0,240000000.0,1.0,118855917.0,113900000,116200000.0,10.143,7875700000.0,80600000.0,-43600000.0,0.0,69.146,-60800000.0
11,PENN,MRQ,2018-09-30,2018-09-30,2018-09-30,2021-08-25,0.0,5083842000.0,,348366000.0,4735476000.0,,0.767,-24730000.0,244548000.0,244548000.0,451900000.0,36100000.0,0.737,71.156,4546300000.0,65138000.0,4481162000.0,4546300000.0,0.0,56851000.0,0.0,0.0,0.0,159800000.0,216651000.0,0.274,216651000.0,159800000.0,45200000.0,0.39,0.38,0.39,70456000.0,,70456000.0,7428854337.0,14.0,9.449,68411000.0,0.744,1.0,337800000.0,0.428,1481859000.0,114600000.0,7431098000.0,,0.0,124653000.0,0.0,124653000.0,5013386000.0,472637000.0,4540749000.0,3041364337.0,43628000.0,19006000.0,2205000.0,-43075000.0,0.0,-44529000.0,-4984000.0,14000.0,93141000.0,0.0,36100000.0,36100000.0,36100000.0,0.0,0.0,0.046,182000000.0,155800000.0,21801000.0,0.0,43.167,-15.012,-14.696,2650322000.0,0.0,32.92,0.95,0.945,49542000.0,-925918000.0,789700000.0,789700000.0,0.0,,,,,2868000.0,125100000.0,1.0,92386523.0,91900000,95300000.0,8.593,3601983000.0,385108000.0,9100000.0,107329000.0,39.195,-124271000.0
12,PENN,MRQ,2018-06-30,2018-06-30,2018-06-30,2021-08-25,-1453000.0,5091830000.0,,308505000.0,4783325000.0,,0.303,-28827000.0,200151000.0,200151000.0,470993000.0,53988000.0,0.63,182.45,4587641000.0,74547000.0,4513094000.0,4587641000.0,0.0,58559000.0,0.0,0.0,0.0,185103000.0,243662000.0,0.295,243662000.0,185103000.0,69230000.0,0.59,0.57,0.59,27756000.0,,27756000.0,7596411995.0,14.0,9.683,111307000.0,1.217,1.0,355920000.0,0.43,1484208000.0,115873000.0,7505768000.0,,0.0,146593000.0,0.0,146593000.0,5064074000.0,489344000.0,4574730000.0,3085554995.0,-17860000.0,-3006000.0,4404000.0,-145332000.0,0.0,-141348000.0,-16646000.0,15186000.0,140134000.0,0.0,53988000.0,53988000.0,53988000.0,0.0,0.0,0.065,174165000.0,181755000.0,24131000.0,0.0,111.167,5.604,5.552,2680565000.0,0.0,33.59,0.959,0.955,54969000.0,-962043000.0,826913000.0,826913000.0,0.0,,,,,3003000.0,132591000.0,1.0,91859333.0,91468000,94995000.0,9.04,3607622000.0,384777000.0,15242000.0,101946000.0,39.441,-180839000.0
13,PENN,MRQ,2018-03-31,2018-03-31,2018-03-31,2021-08-25,-1453000.0,5165533000.0,,334683000.0,4830850000.0,,-0.369,-62143000.0,217997000.0,217997000.0,461680000.0,45437000.0,0.704,-154.558,4728854000.0,87922000.0,4640932000.0,4728854000.0,0.0,60390000.0,0.0,0.0,0.0,176866000.0,237256000.0,0.291,237256000.0,176866000.0,61126000.0,0.5,0.48,0.5,-33639000.0,,-33639000.0,6920882736.0,14.0,9.229,4782000.0,0.052,1.0,354405000.0,0.434,1477675000.0,115740000.0,7723396000.0,,0.0,168271000.0,0.0,168271000.0,5199172000.0,475319000.0,4723853000.0,2407373736.0,-59968000.0,0.0,791000.0,-65093000.0,0.0,-64423000.0,-62470000.0,0.0,66925000.0,0.0,45437000.0,45437000.0,45437000.0,0.0,0.0,0.056,182271000.0,172134000.0,18782000.0,0.0,-71.565,4.686,4.648,2710652000.0,0.0,26.26,0.755,0.751,56563000.0,-1016031000.0,816085000.0,816085000.0,0.0,,,,,2929000.0,121263000.0,1.0,91674552.0,91191000,94650000.0,8.949,3687858000.0,388058000.0,15689000.0,98254000.0,40.441,-140636000.0
14,PENN,MRQ,2017-12-31,2017-12-31,2017-12-31,2021-08-25,-1453000.0,5234812000.0,,401032000.0,4833780000.0,,-0.805,-31420000.0,277953000.0,277953000.0,451657000.0,-338123000.0,0.757,-72.567,4789058000.0,91860000.0,4697198000.0,4789058000.0,0.0,61412000.0,0.0,0.0,0.0,27218000.0,88630000.0,0.115,88630000.0,27218000.0,-85982000.0,-3.72,-3.67,-3.72,-73146000.0,,-73146000.0,7461068837.0,17.0,10.58,91039000.0,1.002,1.0,317409000.0,0.413,1430703000.0,113200000.0,7785205000.0,,0.0,169812000.0,0.0,169812000.0,5307958000.0,530009000.0,4777949000.0,2854025837.0,13803000.0,3549000.0,3166000.0,-57011000.0,0.0,-79508000.0,-29148000.0,0.0,122459000.0,0.0,-338123000.0,-338123000.0,-338123000.0,0.0,0.0,-0.44,290648000.0,26761000.0,26048000.0,0.0,-39.018,6.029,6.013,2756669000.0,0.0,31.33,0.907,0.905,62805000.0,-1051818000.0,769066000.0,769066000.0,0.0,,,,,1973000.0,151388000.0,1.0,91095622.0,90900000,,8.461,3804109000.0,390943000.0,252141000.0,103744000.0,41.849,-128977000.0
15,PENN,MRQ,2017-09-30,2017-09-30,2017-09-30,2021-08-25,-1185000.0,5569401000.0,,402328000.0,5167073000.0,,2.847,-26997000.0,264907000.0,264907000.0,464583000.0,789340000.0,0.817,20.42,4871950000.0,99018000.0,4772932000.0,4871950000.0,0.0,66483000.0,0.0,0.0,0.0,148512000.0,214995000.0,0.267,214995000.0,148512000.0,30276000.0,8.68,8.43,8.68,260012000.0,,260012000.0,6821243284.0,13.0,8.435,114426000.0,1.253,1.0,341664000.0,0.424,1434051000.0,118236000.0,8250190000.0,,0.0,225048000.0,0.0,225048000.0,5309389000.0,492203000.0,4817186000.0,2136367284.0,40508000.0,756000.0,-15493000.0,-39682000.0,0.0,-74674000.0,-26241000.0,0.0,141423000.0,0.0,789340000.0,789340000.0,789340000.0,0.0,0.0,0.979,198001000.0,143663000.0,24104000.0,0.0,8.216,2.616,2.605,2785958000.0,0.0,23.39,0.684,0.684,54081000.0,-713758000.0,806247000.0,806247000.0,0.0,,,,,1853000.0,107201000.0,1.0,91336780.0,91336780,,8.827,4135350000.0,635864000.0,-759064000.0,101182000.0,45.276,-89875000.0
16,PENN,MRQ,2017-06-30,2017-06-30,2017-06-30,2021-08-25,-3022000.0,4984019000.0,,373553000.0,4610466000.0,,-5.681,-25636000.0,224399000.0,224399000.0,456774000.0,17079000.0,0.746,-10.63,4909275000.0,100199000.0,4809076000.0,4909275000.0,0.0,68969000.0,0.0,0.0,0.0,140072000.0,209041000.0,0.262,209041000.0,140072000.0,23304000.0,0.19,0.18,0.19,-517525000.0,,-517525000.0,6620581961.0,12.0,8.144,103450000.0,1.136,1.0,339689000.0,0.426,1456219000.0,116768000.0,7712100000.0,,0.0,237065000.0,0.0,237065000.0,5501544000.0,500576000.0,5000968000.0,1949536961.0,-35089000.0,-121696000.0,3109000.0,-106967000.0,0.0,-21275000.0,-142900000.0,0.0,129086000.0,0.0,17079000.0,17079000.0,17079000.0,0.0,0.0,0.021,204700000.0,134989000.0,28975000.0,0.0,-3.767,26.434,26.098,2827717000.0,0.0,21.4,0.633,0.633,48984000.0,-1503098000.0,796463000.0,796463000.0,0.0,,,,,1801000.0,130096000.0,1.0,91099858.0,91099858,,8.743,3527800000.0,0.0,6225000.0,212830000.0,38.725,-127023000.0
17,PENN,MRQ,2017-03-31,2017-03-31,2017-03-31,2021-08-25,-4239000.0,4947040000.0,,417117000.0,4529923000.0,,-5.95,-16847000.0,259488000.0,259488000.0,439886000.0,5104000.0,0.893,-10.149,4930533000.0,101632000.0,4828901000.0,4930533000.0,0.0,70236000.0,0.0,0.0,0.0,122298000.0,192534000.0,0.248,192534000.0,122298000.0,7302000.0,0.06,0.06,0.06,-540732000.0,,-540732000.0,6377750679.0,12.0,7.687,67985000.0,0.748,1.0,336338000.0,0.433,1422417000.0,114996000.0,7728546000.0,,0.0,154974000.0,0.0,154974000.0,5487772000.0,467122000.0,5020650000.0,1675010679.0,29978000.0,-2609000.0,-5182000.0,-26340000.0,0.0,-31543000.0,-23311000.0,0.0,84832000.0,0.0,5104000.0,5104000.0,5104000.0,0.0,0.0,0.007,196051000.0,140287000.0,29292000.0,0.0,-3.098,18.466,18.248,2774323000.0,0.0,18.43,0.548,0.548,49490000.0,-1520177000.0,776224000.0,776224000.0,0.0,,,,,2173000.0,125815000.0,1.0,90885007.0,90885007,,8.541,3524623000.0,0.0,2198000.0,208728000.0,38.781,-50005000.0
18,PENN,MRQ,2016-12-31,2016-12-31,2016-12-31,2021-08-25,-4676000.0,4974484000.0,,399265000.0,4575219000.0,,-6.552,-32066000.0,229510000.0,229510000.0,435779000.0,5032000.0,0.744,-10.156,4932250000.0,144826000.0,4787424000.0,4932250000.0,0.0,71109000.0,0.0,0.0,0.0,120969000.0,192078000.0,0.259,192078000.0,120969000.0,7274000.0,0.05,0.05,0.05,-543320000.0,,-543320000.0,6148349378.0,11.0,7.224,55863000.0,0.674,1.0,307131000.0,0.413,1425179000.0,113695000.0,7715729000.0,,0.0,247577000.0,0.0,247577000.0,5517804000.0,536316000.0,4981488000.0,1151776378.0,23983000.0,230090000.0,5947000.0,-267650000.0,0.0,-261970000.0,198024000.0,0.0,87929000.0,0.0,5032000.0,5032000.0,5032000.0,0.0,0.0,0.007,193283000.0,113848000.0,35091000.0,0.0,-2.12,10.537,11.397,2820383000.0,0.0,13.79,0.38,0.377,61855000.0,-1525281000.0,742910000.0,742910000.0,0.0,,,,,2317000.0,121448000.0,1.0,83522580.0,82929000,,8.958,3549305000.0,0.0,2242000.0,214099000.0,42.799,-137051000.0
19,PENN,MRQ,2016-09-30,2016-09-30,2016-09-30,2021-08-25,-3494000.0,5251679000.0,,353030000.0,4898649000.0,,-6.642,-11439000.0,201768000.0,201768000.0,444744000.0,46535000.0,0.639,-10.482,5198341000.0,137672000.0,5060669000.0,5198341000.0,0.0,67903000.0,0.0,0.0,0.0,151411000.0,219314000.0,0.286,219314000.0,151411000.0,37062000.0,0.52,0.51,0.52,-553862000.0,,-553862000.0,6121701248.0,11.0,7.419,114554000.0,1.374,1.0,320853000.0,0.419,1425622000.0,114349000.0,8269733000.0,,0.0,158304000.0,0.0,158304000.0,5805541000.0,552897000.0,5252644000.0,1131515248.0,-19592000.0,-122111000.0,1045000.0,-11287000.0,0.0,-12035000.0,-133550000.0,0.0,125993000.0,0.0,46535000.0,46535000.0,46535000.0,0.0,0.0,0.061,181553000.0,139300000.0,60823000.0,0.0,-2.043,11.884,12.802,2844992000.0,0.0,13.57,0.374,0.374,43209000.0,-1530313000.0,765597000.0,765597000.0,0.0,,,,,1517000.0,114376000.0,1.0,83383585.0,83383585,,9.182,3826057000.0,0.0,-9473000.0,211056000.0,45.885,-199867000.0
20,PENN,MRQ,2016-06-30,2016-06-30,2016-06-30,2021-08-25,-3282000.0,5142753000.0,,342709000.0,4800044000.0,,-7.443,-21984000.0,221360000.0,221360000.0,443929000.0,34035000.0,0.634,-9.473,5211546000.0,159311000.0,5052235000.0,5211546000.0,0.0,66182000.0,0.0,0.0,0.0,159526000.0,225708000.0,0.293,225708000.0,159526000.0,44839000.0,0.38,0.37,0.38,-606924000.0,,-606924000.0,6178137446.0,11.0,7.501,100032000.0,1.227,1.0,325493000.0,0.423,1302711000.0,114687000.0,8289675000.0,,0.0,162951000.0,0.0,162951000.0,5749677000.0,540553000.0,5209124000.0,1137448446.0,7122000.0,-50571000.0,2867000.0,-45206000.0,0.0,-42339000.0,-72555000.0,0.0,122016000.0,0.0,34035000.0,34035000.0,34035000.0,0.0,0.0,0.044,176156000.0,149337000.0,68949000.0,0.0,-1.874,21.23,23.25,2894742000.0,0.0,13.95,0.379,0.379,47069000.0,-1576848000.0,769422000.0,769422000.0,0.0,,,,,1582000.0,109974000.0,1.0,81537523.0,81537523,,9.436,3840042000.0,0.0,10804000.0,188543000.0,47.095,-197844000.0
21,PENN,MRQ,2016-03-31,2016-03-31,2016-03-31,2021-08-25,-3242000.0,5128688000.0,,340420000.0,4788268000.0,,-7.985,-19278000.0,214238000.0,214238000.0,433396000.0,23708000.0,0.642,-8.901,5254927000.0,157762000.0,5097165000.0,5254927000.0,0.0,66020000.0,0.0,0.0,0.0,147954000.0,213974000.0,0.283,213974000.0,147954000.0,31442000.0,0.26,0.26,0.26,-649097000.0,,-649097000.0,6398412772.0,12.0,8.108,52744000.0,0.649,1.0,323055000.0,0.427,1303091000.0,116512000.0,8336012000.0,,0.0,165356000.0,0.0,165356000.0,5777785000.0,530274000.0,5247511000.0,1356709772.0,-22771000.0,-51929000.0,1742000.0,-25328000.0,0.0,-23586000.0,-71207000.0,0.0,72022000.0,0.0,23708000.0,23708000.0,23708000.0,0.0,0.0,0.031,182524000.0,140531000.0,68059000.0,0.0,-2.09,60.231,66.76,2935270000.0,0.0,16.69,0.463,0.463,47029000.0,-1610883000.0,756451000.0,756451000.0,0.0,,,,,1455000.0,116504000.0,1.0,81288782.0,81288782,,9.306,3825597000.0,0.0,7734000.0,159682000.0,47.062,-189854000.0
22,PENN,MRQ,2015-12-31,2015-12-31,2015-12-31,2021-08-25,-4554000.0,5138752000.0,,372476000.0,4766276000.0,,-8.475,-32033000.0,237009000.0,237009000.0,428963000.0,-9066000.0,0.668,-8.579,5278712000.0,145781000.0,5132931000.0,5278712000.0,0.0,67676000.0,0.0,0.0,0.0,98419000.0,166095000.0,0.226,166095000.0,98419000.0,-15158000.0,-0.1,-0.1,-0.1,-678043000.0,,-678043000.0,2318469319.0,5.0,3.054,75630000.0,0.945,1.0,305004000.0,0.416,1303384000.0,113577000.0,8319297000.0,,0.0,168149000.0,0.0,168149000.0,5816795000.0,557774000.0,5259021000.0,1284572319.0,13520000.0,-65129000.0,1330000.0,11815000.0,0.0,3019000.0,-97162000.0,0.0,107663000.0,0.0,-9066000.0,-9066000.0,-9066000.0,0.0,0.0,-0.012,214380000.0,90624000.0,72816000.0,0.0,-1.895,1872.554,1602.0,2980068000.0,0.0,16.02,0.453,0.452,45186000.0,-1634591000.0,733967000.0,733967000.0,0.0,,,,,1777000.0,106662000.0,1.0,80185538.0,80003000,,9.174,3835368000.0,0.0,-6092000.0,165407000.0,47.94,-185298000.0
23,PENN,MRQ,2015-09-30,2015-09-30,2015-09-30,2021-08-25,-3946000.0,5142006000.0,,373654000.0,4768352000.0,,-8.433,-46284000.0,223489000.0,223489000.0,423370000.0,4900000.0,0.699,-8.604,5265028000.0,139506000.0,5125522000.0,5265028000.0,0.0,66141000.0,0.0,0.0,0.0,151686000.0,217827000.0,0.295,217827000.0,151686000.0,40280000.0,0.06,0.05,0.06,-676202000.0,,-676202000.0,2379410328.0,7.0,3.928,60169000.0,0.75,1.0,315927000.0,0.427,1343799000.0,111406000.0,8304892000.0,,0.0,171904000.0,0.0,171904000.0,5818208000.0,534854000.0,5283354000.0,1345513328.0,-9629000.0,-478417000.0,2551000.0,399978000.0,0.0,404619000.0,-520701000.0,0.0,106453000.0,0.0,4900000.0,4900000.0,4900000.0,0.0,0.0,0.007,173755000.0,142172000.0,68190000.0,0.0,-1.99,-9.609,-9.322,3029375000.0,0.0,16.78,0.488,0.488,40929000.0,-1625525000.0,739297000.0,739297000.0,0.0,,,,,2025000.0,107614000.0,1.0,80185538.0,80185538,,9.22,3798207000.0,30267000.0,35380000.0,208593000.0,47.368,-161200000.0
24,PENN,MRQ,2015-06-30,2015-06-30,2015-06-30,2021-08-25,-2459000.0,4744876000.0,,397589000.0,4347287000.0,,-8.599,-71719000.0,233118000.0,233118000.0,396419000.0,2983000.0,0.734,-7.914,4859272000.0,98292000.0,4760980000.0,4859272000.0,0.0,62275000.0,0.0,0.0,0.0,129002000.0,191277000.0,0.273,191277000.0,129002000.0,19204000.0,0.03,0.03,0.03,-686309000.0,,-686309000.0,2513040853.0,8.0,4.481,49937000.0,0.626,1.0,304537000.0,0.434,1291119000.0,109798000.0,7538017000.0,,0.0,173726000.0,0.0,173726000.0,5431185000.0,541894000.0,4889291000.0,1464567853.0,-4611000.0,-22111000.0,2775000.0,-32869000.0,0.0,-28437000.0,-97830000.0,0.0,121656000.0,0.0,2983000.0,2983000.0,2983000.0,0.0,0.0,0.004,181176000.0,123361000.0,73393000.0,0.0,-2.134,-9.138,-8.908,2694942000.0,0.0,18.35,0.55,0.55,45135000.0,-1630425000.0,700956000.0,700956000.0,0.0,,,,,2337000.0,118901000.0,1.0,79812962.0,79812962,,8.782,3453757000.0,36603000.0,16221000.0,163920000.0,43.273,-144305000.0
25,PENN,MRQ,2015-03-31,2015-03-31,2015-03-31,2021-08-25,-2998000.0,4724485000.0,,409887000.0,4314598000.0,,-8.744,-48643000.0,237729000.0,237729000.0,372824000.0,1869000.0,0.813,-7.782,4890638000.0,98198000.0,4792440000.0,4890638000.0,0.0,63369000.0,0.0,0.0,0.0,120630000.0,183999000.0,0.277,183999000.0,120630000.0,12284000.0,0.02,0.02,0.02,-696628000.0,,-696628000.0,2313527466.0,11.0,4.995,29393000.0,0.369,1.0,291314000.0,0.439,1292289000.0,108346000.0,7580986000.0,,0.0,175574000.0,0.0,175574000.0,5421113000.0,504119000.0,4916994000.0,1247688466.0,29056000.0,-16669000.0,2743000.0,7210000.0,0.0,16332000.0,-65312000.0,0.0,78036000.0,0.0,1869000.0,1869000.0,1869000.0,0.0,0.0,0.003,179625000.0,111689000.0,66587000.0,0.0,-1.791,-7.843,-7.676,2682661000.0,0.0,15.66,0.477,0.477,40918000.0,-1633408000.0,664138000.0,664138000.0,0.0,,,,,2084000.0,116256000.0,1.0,79673593.0,79673593,,8.336,3432196000.0,33907000.0,10415000.0,153170000.0,43.078,-94232000.0
26,PENN,MRQ,2014-12-31,2014-12-31,2014-12-31,2021-08-25,-1282000.0,4624551000.0,,332265000.0,4292286000.0,,-9.028,-66385000.0,208673000.0,208673000.0,373240000.0,-149781000.0,0.686,-7.532,4866623000.0,91417000.0,4775206000.0,4866623000.0,0.0,64662000.0,0.0,0.0,0.0,-51943000.0,12719000.0,0.02,12719000.0,-51943000.0,-161541000.0,-1.91,-1.91,-1.91,-708014000.0,,-708014000.0,2082326778.0,8.0,3.867,-40745000.0,-0.52,1.0,278121000.0,0.427,1293637000.0,109598000.0,7504277000.0,,0.0,179551000.0,0.0,179551000.0,5332565000.0,484587000.0,4847978000.0,1080603778.0,-22034000.0,-16879000.0,3576000.0,31484000.0,0.0,35590000.0,-83264000.0,0.0,25640000.0,0.0,-149781000.0,-149781000.0,-149781000.0,0.0,0.0,-0.23,334767000.0,-56646000.0,43136000.0,0.0,-1.526,-5.879,-5.868,2669732000.0,0.0,13.73,0.417,0.416,41618000.0,-1635277000.0,651361000.0,651361000.0,0.0,,,,,2654000.0,114781000.0,1.0,78703844.0,78425000,,8.306,3330914000.0,0.0,-11760000.0,97297000.0,42.473,-152322000.0
27,PENN,MRQ,2014-09-30,2014-09-30,2014-09-30,2021-08-25,-574000.0,2463099000.0,,404073000.0,2059026000.0,,10.151,-79957000.0,230707000.0,230707000.0,367395000.0,-15348000.0,0.918,2.086,1232430000.0,33582000.0,1198848000.0,1232430000.0,0.0,62021000.0,0.0,0.0,0.0,110752000.0,172773000.0,0.267,172773000.0,110752000.0,4819000.0,-0.2,-0.2,-0.2,798238000.0,,798238000.0,1693904191.0,-3.0,-5.592,12898000.0,0.164,1.0,278545000.0,0.431,966144000.0,105933000.0,2058407000.0,,0.0,183067000.0,0.0,183067000.0,1664861000.0,440271000.0,1224590000.0,881533191.0,-20592000.0,-42136000.0,189000.0,8218000.0,0.0,8646000.0,-122093000.0,0.0,92855000.0,0.0,-15348000.0,-15348000.0,-15348000.0,0.0,0.0,-0.024,172692000.0,105853000.0,41689000.0,0.0,1.104,-1.292,-1.316,745355000.0,0.0,11.21,0.361,0.361,42303000.0,-113584000.0,645940000.0,645940000.0,0.0,,,,,2916000.0,116345000.0,1.0,78638108.0,78638108,,8.214,1496955000.0,83487000.0,20167000.0,84608000.0,19.036,-36198000.0
28,PENN,MRQ,2014-06-30,2014-06-30,2014-06-30,2021-08-25,302000.0,2253858000.0,,497101000.0,1756757000.0,,10.023,-43226000.0,251299000.0,251299000.0,364510000.0,4176000.0,1.256,1.861,1063670000.0,35694000.0,1027976000.0,1063670000.0,0.0,69874000.0,0.0,0.0,0.0,23822000.0,93696000.0,0.144,93696000.0,23822000.0,12930000.0,0.05,0.05,0.05,787753000.0,,787753000.0,1741374325.0,-3.0,-5.8,57066000.0,0.726,1.0,287636000.0,0.441,867715000.0,10892000.0,1802834000.0,,0.0,187307000.0,0.0,187307000.0,1466105000.0,395680000.0,1070425000.0,954132325.0,-36396000.0,-99468000.0,453000.0,-21872000.0,0.0,-19580000.0,-117108000.0,0.0,100292000.0,0.0,4176000.0,4176000.0,4176000.0,0.0,0.0,0.006,264254000.0,23382000.0,60773000.0,0.0,1.211,-1.525,-1.539,557044000.0,0.0,12.14,0.38,0.38,69521000.0,-121601000.0,652146000.0,652146000.0,0.0,,,,,2517000.0,107898000.0,1.0,78594096.0,78594096,,8.298,1386143000.0,76189000.0,8754000.0,92087000.0,17.637,101421000.0
29,PENN,MRQ,2014-03-31,2014-03-31,2014-03-31,2021-08-25,-317000.0,2253440000.0,,507637000.0,1745803000.0,,9.961,-36912000.0,287695000.0,287695000.0,363615000.0,4537000.0,1.286,1.896,1074937000.0,40102000.0,1034835000.0,1074937000.0,0.0,70185000.0,0.0,0.0,0.0,22632000.0,92817000.0,0.145,92817000.0,22632000.0,11337000.0,0.05,0.05,0.05,778149000.0,,778149000.0,1723274792.0,-3.0,-6.632,6524000.0,0.084,1.0,277465000.0,0.433,873777000.0,11295000.0,1772072000.0,,0.0,190312000.0,0.0,190312000.0,1475291000.0,394833000.0,1080458000.0,962457792.0,-5300000.0,-8573000.0,5581000.0,-8998000.0,0.0,4335000.0,-53071000.0,0.0,43436000.0,0.0,4537000.0,4537000.0,4537000.0,0.0,0.0,0.007,259414000.0,18051000.0,24887000.0,0.0,1.237,-1.499,-1.521,550427000.0,0.0,12.32,0.367,0.367,53137000.0,-125777000.0,641080000.0,641080000.0,0.0,,,,,2579000.0,107739000.0,1.0,78121574.0,78121574,,8.206,1379663000.0,71715000.0,6800000.0,94020000.0,17.66,112804000.0
30,PENN,MRQ,2013-12-31,2013-12-31,2013-12-31,2021-08-25,383000.0,2183991000.0,,508861000.0,1675130000.0,,9.709,-40275000.0,292995000.0,292995000.0,290665000.0,-675660000.0,1.408,1.88,1053812000.0,30618000.0,1023194000.0,1053812000.0,0.0,77643000.0,0.0,0.0,0.0,-739853000.0,-662210000.0,-1.314,-662210000.0,-739853000.0,-819706000.0,-8.42,-8.36,-8.42,758400000.0,,758400000.0,3244031888.0,-7.0,-23.232,-14466000.0,-0.185,1.0,213169000.0,0.423,852046000.0,79853000.0,1731293000.0,,0.0,193331000.0,0.0,193331000.0,1425591000.0,361469000.0,1064122000.0,1108379888.0,25124000.0,-3657000.0,6156000.0,918779000.0,0.0,60456000.0,-61141000.0,191000.0,25809000.0,0.0,-675660000.0,-675660000.0,-675660000.0,-11545000.0,0.0,-1.341,910513000.0,-697344000.0,22580000.0,0.0,1.461,-1.907,-1.926,497457000.0,0.0,14.33,0.399,0.403,52538000.0,-130314000.0,503834000.0,503834000.0,0.0,,,,,4739000.0,120696000.0,1.0,77346817.0,78111000,,6.45,1331945000.0,71093000.0,-144046000.0,85931000.0,17.052,147392000.0
31,PENN,MRQ,2013-09-30,2013-09-30,2013-09-30,2021-08-25,931000.0,5396738000.0,,401235000.0,4995503000.0,,30.323,-42002000.0,267871000.0,267871000.0,410047000.0,41317000.0,0.839,1.256,2403523000.0,103594000.0,2299929000.0,2403523000.0,0.0,79968000.0,0.0,0.0,0.0,95509000.0,175477000.0,0.246,175477000.0,95509000.0,70449000.0,0.43,0.4,0.43,2392225000.0,,2392225000.0,6616684170.0,19.0,10.093,94526000.0,1.198,1.0,304388000.0,0.426,2002011000.0,25060000.0,5052216000.0,,0.0,195825000.0,0.0,195825000.0,3004513000.0,478163000.0,2526350000.0,4367494170.0,32736000.0,4458000.0,12574000.0,-80867000.0,0.0,-66248000.0,-37544000.0,0.0,136528000.0,0.0,41317000.0,41317000.0,41317000.0,0.0,0.0,0.058,211108000.0,93280000.0,28317000.0,0.0,1.826,38.591,48.561,2642297000.0,0.0,55.36,1.556,1.556,43182000.0,889581000.0,714435000.0,714435000.0,0.0,,,,,6369000.0,131140000.0,1.0,78892597.0,78892597,,9.056,3394727000.0,38987000.0,29132000.0,291254000.0,43.03,-76928000.0
32,PENN,MRQ,2013-06-30,2013-06-30,2013-06-30,2021-08-25,629000.0,5433370000.0,,401282000.0,5032088000.0,,29.642,-53613000.0,235135000.0,235135000.0,430799000.0,-12180000.0,0.878,1.332,2484325000.0,90719000.0,2393606000.0,2484325000.0,0.0,80615000.0,0.0,0.0,0.0,53447000.0,134062000.0,0.176,134062000.0,53447000.0,26387000.0,-0.16,-0.16,-0.16,2329618000.0,,2329618000.0,6538470545.0,19.0,10.213,104029000.0,1.324,1.0,330572000.0,0.434,2007880000.0,27060000.0,5217632000.0,,0.0,201547000.0,0.0,201547000.0,3103752000.0,457048000.0,2646704000.0,4159032545.0,-12567000.0,-52000.0,17344000.0,-143985000.0,0.0,-124348000.0,-45861000.0,6679000.0,157642000.0,0.0,-12180000.0,-12180000.0,-12180000.0,0.0,0.0,-0.016,283691000.0,46881000.0,25256000.0,0.0,1.785,35.156,44.1,2678003000.0,0.0,52.92,1.485,1.485,52345000.0,848264000.0,761371000.0,761371000.0,0.0,,,,,5450000.0,128730000.0,1.0,78590940.0,78590940,,9.688,3425490000.0,36674000.0,38567000.0,311905000.0,43.586,-55766000.0
33,PENN,MRQ,2013-03-31,2013-03-31,2013-03-31,2021-08-25,2532000.0,5565576000.0,,427458000.0,5138118000.0,,29.835,-60186000.0,247702000.0,247702000.0,452283000.0,65271000.0,0.906,1.4,2627140000.0,101824000.0,2525316000.0,2627140000.0,0.0,77071000.0,0.0,0.0,0.0,135962000.0,213033000.0,0.267,213033000.0,135962000.0,108038000.0,0.68,0.63,0.68,2318614000.0,,2318614000.0,6704029559.0,16.0,9.664,73602000.0,0.947,1.0,345963000.0,0.433,2086073000.0,27924000.0,5387226000.0,,0.0,201727000.0,0.0,201727000.0,3246962000.0,471715000.0,2775247000.0,4230070559.0,-12765000.0,-500000.0,15461000.0,-107395000.0,0.0,-110742000.0,-35811000.0,0.0,133788000.0,0.0,65271000.0,65271000.0,65271000.0,0.0,0.0,0.082,212648000.0,133315000.0,37198000.0,0.0,1.824,21.456,26.422,2707172000.0,0.0,54.43,1.538,1.538,56888000.0,860444000.0,798246000.0,798246000.0,0.0,,,,,6251000.0,135577000.0,1.0,77715792.0,77715792,,10.271,3479503000.0,36863000.0,42767000.0,304194000.0,44.772,-44257000.0
34,PENN,MRQ,2012-12-31,2012-12-31,2012-12-31,2021-08-25,3022000.0,5644057000.0,,487140000.0,5156917000.0,,29.484,-105854000.0,260467000.0,260467000.0,308094000.0,18765000.0,0.975,1.507,2734426000.0,85353000.0,2649073000.0,2734426000.0,0.0,74970000.0,0.0,0.0,0.0,58028000.0,132998000.0,0.249,132998000.0,58028000.0,31723000.0,0.19,0.22,0.19,2250929000.0,,2250929000.0,5727858031.0,13.0,8.454,63575000.0,0.833,1.0,225074000.0,0.422,2087166000.0,26305000.0,5531231000.0,,0.0,204506000.0,0.0,204506000.0,3393128000.0,499619000.0,2893509000.0,3766280031.0,43035000.0,-600834000.0,22241000.0,556079000.0,0.0,571469000.0,-697863000.0,0.0,169429000.0,0.0,18765000.0,18765000.0,18765000.0,-22919000.0,0.0,0.035,196914000.0,28160000.0,38268000.0,0.0,1.673,17.892,22.122,2730797000.0,0.0,49.11,1.401,1.394,53720000.0,795173000.0,533168000.0,533168000.0,0.0,,,,,6414000.0,136034000.0,1.0,76690695.0,76345000,,6.984,3556891000.0,39793000.0,12958000.0,292360000.0,46.59,-12479000.0
35,PENN,MRQ,2012-09-30,2012-09-30,2012-09-30,2021-08-25,3017000.0,4968196000.0,,439127000.0,4529069000.0,,28.708,-110433000.0,217432000.0,217432000.0,408364000.0,46446000.0,1.006,1.259,2179010000.0,49535000.0,2129475000.0,2179010000.0,0.0,62399000.0,0.0,0.0,0.0,97737000.0,160136000.0,0.226,160136000.0,97737000.0,77784000.0,0.49,0.44,0.49,2198881000.0,,2198881000.0,5207703443.0,11.0,7.51,-3559000.0,-0.046,1.0,298680000.0,0.422,1702740000.0,19953000.0,4790446000.0,,0.0,208748000.0,0.0,208748000.0,2769315000.0,436588000.0,2332727000.0,3302797443.0,13306000.0,-55016000.0,1158000.0,59969000.0,0.0,71581000.0,-165149000.0,0.0,106874000.0,0.0,46446000.0,46446000.0,46446000.0,0.0,0.0,0.066,200014000.0,98666000.0,57605000.0,0.0,1.502,14.009,17.317,2495122000.0,0.0,43.12,1.166,1.166,56851000.0,774934000.0,707044000.0,707044000.0,0.0,,,,,6888000.0,137615000.0,1.0,76595488.0,76595488,,9.231,3265456000.0,36146000.0,31338000.0,255046000.0,42.632,2539000.0
36,PENN,MRQ,2012-06-30,2012-06-30,2012-06-30,2021-08-25,2236000.0,4782989000.0,,377409000.0,4405580000.0,,27.995,-132999000.0,204126000.0,204126000.0,415860000.0,66667000.0,0.984,1.232,2109032000.0,49599000.0,2059433000.0,2109032000.0,0.0,56791000.0,0.0,0.0,0.0,130789000.0,187580000.0,0.263,187580000.0,130789000.0,112966000.0,0.7,0.63,0.7,2143154000.0,,2143154000.0,5238369382.0,10.0,7.295,-24737000.0,-0.323,1.0,296691000.0,0.416,1649516000.0,17823000.0,4654742000.0,,0.0,216478000.0,0.0,216478000.0,2639835000.0,383637000.0,2256198000.0,3413539382.0,-13325000.0,-50000000.0,3894000.0,66669000.0,0.0,71562000.0,-193149000.0,0.0,108262000.0,0.0,66667000.0,66667000.0,66667000.0,0.0,0.0,0.094,168676000.0,128015000.0,30332000.0,0.0,1.593,13.123,16.333,2420087000.0,0.0,44.59,1.204,1.204,53602000.0,728488000.0,712551000.0,712551000.0,0.0,,,,,7396000.0,115251000.0,1.0,76553922.0,76553922,,9.308,3133473000.0,31856000.0,46299000.0,234630000.0,40.932,-6228000.0
37,PENN,MRQ,2012-03-31,2012-03-31,2012-03-31,2021-08-25,2536000.0,4649963000.0,,377206000.0,4272757000.0,,27.061,-118376000.0,217451000.0,217451000.0,427973000.0,78619000.0,0.956,1.252,2042281000.0,56262000.0,1986019000.0,2042281000.0,0.0,53337000.0,0.0,0.0,0.0,143516000.0,196853000.0,0.267,196853000.0,143516000.0,125473000.0,0.83,0.74,0.83,2064498000.0,,2064498000.0,5100084206.0,10.0,7.033,4248000.0,0.056,1.0,308086000.0,0.419,1600445000.0,18043000.0,4479768000.0,,0.0,215416000.0,0.0,215416000.0,2585465000.0,394580000.0,2190885000.0,3278996206.0,-20989000.0,-39600000.0,4640000.0,-17406000.0,0.0,-11287000.0,-132326000.0,0.0,122624000.0,0.0,78619000.0,78619000.0,78619000.0,0.0,0.0,0.107,165471000.0,142615000.0,29447000.0,0.0,1.588,12.17,15.241,2339781000.0,0.0,42.98,1.166,1.166,55569000.0,661821000.0,736059000.0,736059000.0,0.0,,,,,7911000.0,115997000.0,1.0,76291210.0,76291210,,9.648,3049518000.0,29679000.0,46854000.0,283179000.0,39.972,-17374000.0
38,PENN,MRQ,2011-12-31,2011-12-31,2011-12-31,2021-08-25,2318000.0,4606346000.0,,415789000.0,4190557000.0,,25.202,-88249000.0,238440000.0,238440000.0,409653000.0,44031000.0,0.975,1.336,2059528000.0,60922000.0,1998606000.0,2059528000.0,0.0,51893000.0,0.0,0.0,0.0,96992000.0,148885000.0,0.22,148885000.0,96992000.0,76077000.0,0.47,0.41,0.47,1971631000.0,,1971631000.0,4740718314.0,10.0,6.77,41044000.0,0.525,1.0,266797000.0,0.394,1601952000.0,20915000.0,4399142000.0,,0.0,174116000.0,0.0,174116000.0,2634715000.0,426340000.0,2208375000.0,2978367314.0,30619000.0,-26911000.0,-71716000.0,88887000.0,0.0,17411000.0,-116085000.0,0.0,129293000.0,0.0,44031000.0,44031000.0,44031000.0,0.0,0.0,0.065,160878000.0,105919000.0,39582000.0,0.0,1.511,12.289,15.107,2277200000.0,0.0,38.07,1.086,1.086,56527000.0,583202000.0,676450000.0,676450000.0,0.0,,,,,5874000.0,109023000.0,1.0,78233972.0,78233972,,8.646,3004394000.0,32306000.0,32046000.0,256703000.0,38.403,-10551000.0
39,PENN,MRQ,2011-09-30,2011-09-30,2011-09-30,2021-08-25,31000.0,4484261000.0,,370332000.0,4113929000.0,,25.226,-85226000.0,207821000.0,207821000.0,419448000.0,70803000.0,1.018,1.252,1970172000.0,47980000.0,1922192000.0,1970172000.0,0.0,52195000.0,0.0,0.0,0.0,132595000.0,184790000.0,0.26,184790000.0,132595000.0,109081000.0,0.73,0.66,0.73,1990915000.0,,1990915000.0,4409226436.0,16.0,9.136,61869000.0,0.784,1.0,291457000.0,0.41,1602825000.0,23514000.0,4280117000.0,,0.0,153762000.0,0.0,153762000.0,2493346000.0,363670000.0,2129676000.0,2627398436.0,-114164000.0,3527000.0,-24466000.0,-159115000.0,0.0,-183322000.0,-77937000.0,0.0,147095000.0,0.0,70803000.0,70803000.0,70803000.0,0.0,0.0,0.1,161122000.0,130335000.0,23221000.0,0.0,1.32,58.144,104.031,2221467000.0,0.0,33.29,0.975,0.975,42765000.0,539171000.0,710905000.0,710905000.0,0.0,,,,,6107000.0,108897000.0,1.0,78924555.0,78924555,,9.007,2881436000.0,28833000.0,38278000.0,251042000.0,36.509,6662000.0
40,PENN,MRQ,2011-06-30,2011-06-30,2011-06-30,2021-08-25,-73000.0,4547468000.0,,485485000.0,4061983000.0,,24.588,-52274000.0,321985000.0,321985000.0,402290000.0,75989000.0,1.571,1.346,2103813000.0,8729000.0,2095084000.0,2103813000.0,0.0,54230000.0,0.0,0.0,0.0,140418000.0,194648000.0,0.283,194648000.0,140418000.0,114309000.0,0.79,0.71,0.79,1938109000.0,,1938109000.0,5088534024.0,20.0,10.9,136413000.0,1.731,1.0,285589000.0,0.415,1601980000.0,26109000.0,4418299000.0,,0.0,142978000.0,0.0,142978000.0,2609359000.0,309017000.0,2300342000.0,3179744024.0,87507000.0,-42928000.0,4374000.0,-40834000.0,0.0,-35978000.0,-65202000.0,0.0,188687000.0,0.0,75989000.0,75989000.0,75989000.0,0.0,0.0,0.11,144997000.0,140592000.0,19391000.0,0.0,1.641,139.892,403.4,2179737000.0,0.0,40.34,1.212,1.212,52664000.0,468368000.0,687879000.0,687879000.0,0.0,,,,,6124000.0,102322000.0,1.0,78823600.0,78823600,,8.727,2945488000.0,25459000.0,38320000.0,235805000.0,37.368,176468000.0
41,PENN,MRQ,2011-03-31,2011-03-31,2011-03-31,2021-08-25,-3268000.0,4434787000.0,,421154000.0,4013633000.0,,23.531,-54366000.0,234478000.0,234478000.0,389348000.0,51528000.0,0.417,1.4,2143268000.0,753810000.0,1389458000.0,2143268000.0,0.0,53158000.0,0.0,0.0,0.0,118791000.0,171949000.0,0.258,171949000.0,118791000.0,89765000.0,0.53,0.48,0.53,1848077000.0,,1848077000.0,4846942233.0,29.0,12.764,47924000.0,0.61,1.0,277675000.0,0.416,1602468000.0,29026000.0,3731023000.0,,0.0,302506000.0,0.0,302506000.0,2586710000.0,1010086000.0,1576624000.0,2910602233.0,-11907000.0,-25212000.0,3321000.0,-39516000.0,0.0,-34619000.0,-79578000.0,0.0,102290000.0,0.0,51528000.0,51528000.0,51528000.0,0.0,0.0,0.077,154940000.0,122735000.0,14174000.0,0.0,1.575,-65.996,-61.767,1974705000.0,0.0,37.06,1.149,1.149,41512000.0,392512000.0,667023000.0,667023000.0,0.0,,,,,6225000.0,103476000.0,1.0,78537567.0,78537567,,8.493,2832319000.0,21624000.0,38237000.0,219439000.0,36.063,-588932000.0
42,PENN,MRQ,2010-12-31,2010-12-31,2010-12-31,2021-08-25,-7885000.0,4462879000.0,,465953000.0,3996926000.0,,22.786,-77469000.0,246385000.0,246385000.0,377719000.0,-153132000.0,0.674,1.51,2182725000.0,369529000.0,1813196000.0,2182725000.0,0.0,54712000.0,0.0,0.0,0.0,-123494000.0,-68782000.0,-0.109,-68782000.0,-123494000.0,-154094000.0,-1.73,-1.64,-1.73,1777766000.0,,1777766000.0,4491255959.0,33.0,12.857,46003000.0,0.59,1.0,252502000.0,0.401,1600908000.0,30600000.0,4106782000.0,,0.0,294620000.0,0.0,294620000.0,2685113000.0,691529000.0,1993584000.0,2742389959.0,-109057000.0,-243866000.0,7499000.0,78358000.0,0.0,88766000.0,-321295000.0,0.0,123472000.0,0.0,-153132000.0,-153132000.0,-153132000.0,0.0,0.0,-0.243,353800000.0,-101298000.0,17312000.0,0.0,1.543,-46.116,-46.25,1965774000.0,0.0,35.15,1.115,1.115,44463000.0,337940000.0,630221000.0,630221000.0,0.0,,,,,6197000.0,107782000.0,1.0,78019629.0,78019629,,8.078,2861971000.0,25206000.0,-962000.0,217867000.0,36.683,-225576000.0
43,PENN,MRQ,2010-09-30,2010-09-30,2010-09-30,2021-08-25,-13386000.0,4489679000.0,,541894000.0,3947785000.0,,24.509,-74184000.0,355442000.0,355442000.0,376848000.0,48345000.0,1.754,1.352,2104308000.0,6203000.0,2098105000.0,2104308000.0,0.0,53842000.0,0.0,0.0,0.0,115194000.0,169036000.0,0.265,169036000.0,115194000.0,82782000.0,0.51,0.46,0.51,1908792000.0,,1908792000.0,4011100747.0,-20.0,333.897,72173000.0,0.927,1.0,261408000.0,0.41,1796252000.0,32412000.0,4133366000.0,,0.0,70936000.0,0.0,70936000.0,2580887000.0,308927000.0,2271960000.0,2306106747.0,-42762000.0,-73461000.0,-24799000.0,859000.0,0.0,-48826000.0,-140293000.0,0.0,146357000.0,0.0,48345000.0,48345000.0,48345000.0,0.0,0.0,0.076,150946000.0,110462000.0,19867000.0,0.0,1.208,-8.809,-8.812,1945538000.0,0.0,29.61,0.967,0.967,43917000.0,491072000.0,638256000.0,638256000.0,0.0,,,,,6704000.0,102164000.0,1.0,77882700.0,77882700,,8.195,2693427000.0,21479000.0,34437000.0,216830000.0,34.583,232967000.0
44,PENN,MRQ,2010-06-30,2010-06-30,2010-06-30,2021-08-25,-18268000.0,4474486000.0,,597502000.0,3876984000.0,,23.958,-90393000.0,398204000.0,398204000.0,356249000.0,6972000.0,1.918,1.355,2103198000.0,5111000.0,2098087000.0,2103198000.0,0.0,52653000.0,0.0,0.0,0.0,54869000.0,107522000.0,0.18,107522000.0,54869000.0,21958000.0,0.09,0.09,0.09,1901349000.0,,1901349000.0,3496118029.0,-15.0,-140.955,39220000.0,0.494,1.0,242062000.0,0.405,1779540000.0,32911000.0,4088469000.0,,0.0,38086000.0,0.0,38086000.0,2575895000.0,311471000.0,2264424000.0,1833260029.0,-244303000.0,-23971000.0,-7816000.0,-208907000.0,0.0,-215775000.0,-158141000.0,0.0,129613000.0,0.0,9156000.0,9156000.0,9156000.0,0.0,-2184000.0,0.015,190351000.0,51711000.0,23852000.0,0.0,0.964,-6.349,-6.329,1908499000.0,0.0,23.1,0.775,0.775,60115000.0,442727000.0,598311000.0,598311000.0,0.0,,,,,6669000.0,106953000.0,1.0,79361906.0,79361906,,7.539,2694946000.0,22753000.0,12802000.0,194748000.0,33.958,286031000.0
45,PENN,MRQ,2010-03-31,2010-03-31,2010-03-31,2021-08-25,-23708000.0,4655748000.0,,819968000.0,3835780000.0,,23.861,-119282000.0,642507000.0,642507000.0,354081000.0,36155000.0,2.252,1.468,2305365000.0,77177000.0,2228188000.0,2305365000.0,0.0,51180000.0,0.0,0.0,0.0,90357000.0,141537000.0,0.239,141537000.0,90357000.0,56065000.0,0.37,0.34,0.37,1886803000.0,,1886803000.0,3827464196.0,-19.0,-831.335,-25546000.0,-0.323,1.0,238242000.0,0.402,1753917000.0,34292000.0,4200563000.0,,0.0,38503000.0,0.0,38503000.0,2769519000.0,364126000.0,2405393000.0,2199053196.0,-70611000.0,-8729000.0,746000.0,-36204000.0,0.0,-47318000.0,-117029000.0,0.0,93736000.0,0.0,36164000.0,36164000.0,36164000.0,0.0,-9000.0,0.061,145891000.0,92351000.0,23230000.0,0.0,1.165,-8.161,-8.061,1909192000.0,0.0,27.81,0.936,0.936,51500000.0,433571000.0,592323000.0,592323000.0,0.0,,,,,6384000.0,94516000.0,1.0,79074189.0,79074189,,7.491,2901831000.0,20375000.0,19901000.0,208570000.0,36.698,455842000.0
46,PENN,MRQ,2009-12-31,2009-12-31,2009-12-31,2021-08-25,-26028000.0,4712616000.0,,928871000.0,3783745000.0,,23.557,-61468000.0,713118000.0,713118000.0,341101000.0,-357905000.0,2.159,1.544,2341529000.0,92823000.0,2248706000.0,2341529000.0,0.0,53009000.0,0.0,0.0,0.0,-459091000.0,-406082000.0,-0.731,-406082000.0,-459091000.0,-496201000.0,-4.33,-4.24,-4.33,1852641000.0,,1852641000.0,3763639662.0,-20.0,939.97,-58000.0,-0.001,1.0,214705000.0,0.386,1766492000.0,37110000.0,4144279000.0,,0.0,26305000.0,0.0,26305000.0,2860540000.0,430256000.0,2430284000.0,2138344662.0,-51291000.0,-26395000.0,1132000.0,-48930000.0,0.0,-45395000.0,-67306000.0,0.0,61410000.0,0.0,-355440000.0,-355440000.0,-355440000.0,0.0,-2465000.0,-0.64,674247000.0,-459542000.0,19850000.0,0.0,1.154,-8.071,-8.021,1837504000.0,0.0,27.19,0.903,0.903,80166000.0,397407000.0,555806000.0,555806000.0,0.0,,,,,6456000.0,100549000.0,1.0,78644526.0,78644526,,7.067,2946124000.0,23619000.0,-140761000.0,212752000.0,37.461,498615000.0
47,PENN,MRQ,2009-09-30,2009-09-30,2009-09-30,2021-08-25,-31568000.0,5251239000.0,,969256000.0,4281983000.0,,27.932,-95222000.0,764409000.0,764409000.0,372520000.0,21351000.0,2.801,1.393,2389704000.0,9320000.0,2380384000.0,2389704000.0,0.0,50055000.0,0.0,0.0,0.0,82165000.0,132220000.0,0.213,132220000.0,82165000.0,45380000.0,0.22,0.2,0.22,2194130000.0,,2194130000.0,3756981469.0,-28.0,74.764,16300000.0,0.208,1.0,247906000.0,0.4,2281718000.0,36785000.0,4248774000.0,,0.0,26237000.0,0.0,26237000.0,3057109000.0,346042000.0,2711067000.0,2172739469.0,-30708000.0,-11500000.0,826000.0,-11761000.0,0.0,-10507000.0,-131723000.0,-1000.0,111522000.0,0.0,21351000.0,21351000.0,21351000.0,0.0,0.0,0.034,160502000.0,87404000.0,15438000.0,0.0,0.99,-7.542,-7.926,1820391000.0,0.0,27.66,0.911,0.911,85433000.0,752847000.0,620426000.0,620426000.0,0.0,,,,,6632000.0,110116000.0,1.0,78551680.0,78551680,,7.898,2969521000.0,22900000.0,24029000.0,376251000.0,37.803,623214000.0
48,PENN,MRQ,2009-06-30,2009-06-30,2009-06-30,2021-08-25,-31771000.0,5217004000.0,,988780000.0,4228224000.0,,27.579,-67870000.0,795117000.0,795117000.0,352149000.0,28480000.0,2.253,1.411,2379359000.0,99106000.0,2280253000.0,2379359000.0,0.0,46942000.0,0.0,0.0,0.0,80779000.0,127721000.0,0.22,127721000.0,80779000.0,50928000.0,0.29,0.27,0.29,2164266000.0,,2164266000.0,3932454847.0,52.0,15.402,-6669000.0,-0.085,1.0,228668000.0,0.394,2286318000.0,29851000.0,4075980000.0,,0.0,13754000.0,0.0,13754000.0,3052738000.0,438948000.0,2613790000.0,2284451847.0,56881000.0,16000000.0,2697000.0,-6880000.0,0.0,-3053000.0,-1267000.0,50603000.0,61201000.0,0.0,28480000.0,28480000.0,28480000.0,0.0,0.0,0.049,151963000.0,76705000.0,49774000.0,0.0,1.056,-14.107,-14.628,1818467000.0,0.0,29.11,0.959,0.959,78008000.0,731496000.0,580817000.0,580817000.0,0.0,,,,,6787000.0,93001000.0,1.0,78476532.0,78476532,,7.401,2930686000.0,21541000.0,22448000.0,369180000.0,37.345,549832000.0
49,PENN,MRQ,2009-03-31,2009-03-31,2009-03-31,2021-08-25,-44972000.0,5166415000.0,,911302000.0,4255113000.0,,26.962,-62363000.0,738236000.0,738236000.0,362091000.0,40661000.0,2.119,1.447,2386239000.0,101464000.0,2284775000.0,2386239000.0,0.0,44430000.0,0.0,0.014,0.0,105715000.0,150145000.0,0.245,150145000.0,105715000.0,74477000.0,0.42,0.38,0.42,2111647000.0,,2111647000.0,3583420102.0,33.0,12.521,41750000.0,0.533,1.0,250135000.0,0.409,2290675000.0,31238000.0,4093598000.0,,0.0,14136000.0,0.0,14136000.0,3054768000.0,430145000.0,2624623000.0,1891425102.0,-8042000.0,0.0,776000.0,-50895000.0,0.0,-49792000.0,-62363000.0,0.0,104113000.0,0.0,40661000.0,40661000.0,40661000.0,0.0,0.0,0.066,149300000.0,100835000.0,27899000.0,0.0,0.896,-12.33,-13.054,1792201000.0,0.0,24.15,0.781,0.781,70921000.0,703016000.0,612226000.0,612226000.0,0.0,,,,,8485000.0,99470000.0,1.0,78319880.0,78319880,,7.817,2875740000.0,20635000.0,33816000.0,395528000.0,36.718,481157000.0
50,PENN,MRQ,2008-12-31,2008-12-31,2008-12-31,2021-08-25,-48693000.0,5189676000.0,,906303000.0,4283373000.0,,26.334,-71759000.0,746278000.0,746278000.0,340870000.0,-378573000.0,1.926,1.523,2438273000.0,113374000.0,2324899000.0,2438273000.0,0.0,44347000.0,0.0,0.016,0.0,-404182000.0,-359835000.0,-0.63,-359835000.0,-404182000.0,-444378000.0,-4.42,-4.36,-4.42,2057273000.0,,2057273000.0,3952550321.0,32.0,13.363,-22041000.0,-0.282,1.0,230216000.0,0.403,2292335000.0,40196000.0,4118850000.0,,0.0,14419000.0,0.0,14419000.0,3132403000.0,470486000.0,2661917000.0,1670284321.0,620622000.0,-2000.0,-120279000.0,30025000.0,0.0,684841000.0,-113937000.0,-42176000.0,49718000.0,0.0,-378573000.0,-378573000.0,-378573000.0,0.0,0.0,-0.663,645184000.0,-414968000.0,35540000.0,0.0,0.812,-10.894,-11.812,1812131000.0,0.0,21.38,0.689,0.689,43574000.0,662355000.0,571086000.0,571086000.0,0.0,,,,,8338000.0,119504000.0,1.0,78123682.0,78123682,,7.31,2897341000.0,21065000.0,-65805000.0,378745000.0,37.087,435817000.0
51,PENN,MRQ,2008-09-30,2008-09-30,2008-09-30,2021-08-25,-15455000.0,5049794000.0,,284600000.0,4765194000.0,,15.519,-76046000.0,125656000.0,125656000.0,369218000.0,147491000.0,0.577,2.785,2407922000.0,119936000.0,2287986000.0,2407922000.0,0.0,44224000.0,0.0,0.013,0.0,293065000.0,337289000.0,0.546,337289000.0,293065000.0,255185000.0,1.72,1.69,1.72,1334091000.0,,1334091000.0,5117402296.0,8.0,6.385,115089000.0,1.339,1.0,248669000.0,0.402,2783055000.0,37880000.0,4055978000.0,,0.0,14945000.0,0.0,14945000.0,3715703000.0,493027000.0,3222676000.0,2284077296.0,1285000.0,-31000.0,-30479000.0,-550135000.0,0.0,-108663000.0,-81187000.0,-5110000.0,191135000.0,0.0,147491000.0,147491000.0,147491000.0,0.0,0.0,0.239,152292000.0,96377000.0,26753000.0,0.0,1.712,8.871,8.886,1791009000.0,0.0,26.57,0.937,0.937,54559000.0,1040928000.0,617887000.0,617887000.0,0.0,,,,,8991000.0,108068000.0,1.0,85964520.0,85964520,,7.188,2266739000.0,21715000.0,107694000.0,559580000.0,26.368,-208427000.0
52,PENN,MRQ,2008-06-30,2008-06-30,2008-06-30,2021-08-25,-16143000.0,5040174000.0,,291364000.0,4748810000.0,,13.91,-75812000.0,124371000.0,124371000.0,367681000.0,37023000.0,0.585,3.168,2957696000.0,102301000.0,2855395000.0,2957696000.0,0.0,45182000.0,0.0,0.011,0.34,113418000.0,158600000.0,0.256,158600000.0,113418000.0,68882000.0,0.43,0.42,0.43,1209297000.0,,1209297000.0,5645191418.0,12.0,8.911,17166000.0,0.197,1.0,252905000.0,0.408,2785177000.0,44536000.0,4590095000.0,,0.0,15114000.0,0.0,15114000.0,3830877000.0,498227000.0,3332650000.0,2795073418.0,-43528000.0,-85000.0,49000.0,-60676000.0,0.0,-60609000.0,-75897000.0,0.0,92978000.0,0.0,37023000.0,37023000.0,37023000.0,0.0,0.0,0.06,139314000.0,113591000.0,44966000.0,0.791,2.311,17.852,17.762,1773886000.0,0.0,32.15,1.141,1.141,54681000.0,893437000.0,620586000.0,620586000.0,0.0,,,,,5383000.0,94132000.0,1.0,86938520.0,86938520,,7.138,2254997000.0,18909000.0,31859000.0,578652000.0,25.938,-206863000.0
53,PENN,MRQ,2008-03-31,2008-03-31,2008-03-31,2021-08-25,-33829000.0,5005573000.0,,296361000.0,4709212000.0,,13.226,-120211000.0,167899000.0,167899000.0,361754000.0,40736000.0,0.615,3.356,3018017000.0,106083000.0,2911934000.0,3018017000.0,0.0,39792000.0,0.0,0.0,0.0,119941000.0,159733000.0,0.26,159733000.0,119941000.0,72726000.0,0.47,0.46,0.47,1149139000.0,,1149139000.0,6616590655.0,14.0,10.385,-33579000.0,-0.386,1.0,251740000.0,0.41,2787823000.0,47215000.0,4585597000.0,,0.0,14748000.0,0.0,14748000.0,3856434000.0,482271000.0,3374163000.0,3799525655.0,-6473000.0,-266000.0,745000.0,26231000.0,0.0,27372000.0,-120477000.0,0.0,86632000.0,0.0,40736000.0,40736000.0,40736000.0,0.0,0.0,0.066,133181000.0,118559000.0,32263000.0,0.0,3.306,24.071,23.896,1733068000.0,0.0,43.73,1.548,1.548,60072000.0,856414000.0,613494000.0,613494000.0,0.0,,,,,4145000.0,93389000.0,1.0,86886020.0,86886020,,7.061,2217750000.0,19257000.0,31990000.0,541015000.0,25.525,-185910000.0
54,PENN,MRQ,2007-12-31,2007-12-31,2007-12-31,2021-08-25,-15984000.0,4967032000.0,,302703000.0,4664329000.0,,12.936,-128325000.0,174372000.0,174372000.0,359124000.0,32223000.0,0.613,3.431,2991437000.0,109967000.0,2881470000.0,2991437000.0,0.0,37694000.0,0.0,0.0,0.0,108133000.0,145827000.0,0.249,145827000.0,108133000.0,59926000.0,0.37,0.36,0.37,1120962000.0,,1120962000.0,7928316172.0,16.0,12.423,-43241000.0,-0.499,1.0,226717000.0,0.387,2790580000.0,48207000.0,4499643000.0,,0.0,15548000.0,0.0,15548000.0,3846070000.0,493874000.0,3352196000.0,5160236172.0,-4765000.0,-12404000.0,3521000.0,43796000.0,0.0,50880000.0,-140729000.0,0.0,85084000.0,0.0,32223000.0,32223000.0,32223000.0,0.0,0.0,0.055,115987000.0,110730000.0,28581000.0,0.0,4.603,32.241,31.845,1688393000.0,0.0,59.55,2.118,2.118,56427000.0,815678000.0,585841000.0,585841000.0,0.0,,,,,6281000.0,78293000.0,1.0,86653840.0,86653840,,6.761,2176452000.0,19079000.0,27703000.0,515201000.0,25.117,-191171000.0
55,PENN,MRQ,2007-09-30,2007-09-30,2007-09-30,2021-08-25,-3936000.0,4843552000.0,,304437000.0,4539115000.0,,12.579,-76589000.0,179137000.0,179137000.0,359395000.0,46590000.0,0.673,3.454,2947217000.0,110442000.0,2836775000.0,2947217000.0,0.0,37241000.0,0.0,0.0,0.0,132140000.0,169381000.0,0.269,169381000.0,132140000.0,81937000.0,0.54,0.52,0.54,1087422000.0,,1087422000.0,7888564762.0,14.0,10.91,-7351000.0,-0.085,1.0,270055000.0,0.429,2786916000.0,50203000.0,4372320000.0,,0.0,15935000.0,0.0,15935000.0,3756130000.0,452396000.0,3303734000.0,5102295762.0,19543000.0,-101000.0,14061000.0,898000.0,0.0,26995000.0,-76690000.0,0.0,69238000.0,0.0,46590000.0,46590000.0,46590000.0,0.0,0.0,0.074,136176000.0,133879000.0,34074000.0,0.0,4.692,23.712,23.328,1554410000.0,0.0,59.02,2.105,2.105,50651000.0,783455000.0,629450000.0,629450000.0,0.0,,,,,6330000.0,98935000.0,1.0,86450284.0,86450284,,7.281,2056636000.0,16244000.0,35347000.0,530559000.0,23.79,-147959000.0
56,PENN,MRQ,2007-06-30,2007-06-30,2007-06-30,2021-08-25,8201000.0,4732942000.0,,262197000.0,4470745000.0,,11.927,-67838000.0,159594000.0,159594000.0,360209000.0,38299000.0,0.691,3.638,2945863000.0,73206000.0,2872657000.0,2945863000.0,0.0,37622000.0,0.0,0.0,0.0,124558000.0,162180000.0,0.259,162180000.0,124558000.0,73256000.0,0.45,0.43,0.45,1020542000.0,,1020542000.0,7769195295.0,11.0,9.403,40320000.0,0.471,1.0,265035000.0,0.424,2788306000.0,51302000.0,4351206000.0,,0.0,16481000.0,0.0,16481000.0,3712400000.0,379699000.0,3332701000.0,5141457295.0,-11228000.0,-201865000.0,2367000.0,146855000.0,0.0,150317000.0,-269703000.0,0.0,108158000.0,0.0,38299000.0,38299000.0,38299000.0,0.0,0.0,0.061,136615000.0,128420000.0,20017000.0,0.0,5.038,15.886,15.689,1497653000.0,0.0,60.09,2.16,2.16,41237000.0,736865000.0,625244000.0,625244000.0,0.0,,,,,6256000.0,98993000.0,1.0,85562611.0,85562611,,7.307,1944636000.0,24357000.0,34957000.0,529315000.0,22.728,-117502000.0
57,PENN,MRQ,2007-03-31,2007-03-31,2007-03-31,2021-08-25,47000.0,4509819000.0,,286285000.0,4223534000.0,,11.294,-73383000.0,170822000.0,170822000.0,342621000.0,42941000.0,0.792,3.676,2798560000.0,61548000.0,2737012000.0,2798560000.0,0.0,35358000.0,0.0,0.0,0.0,125468000.0,160826000.0,0.27,160826000.0,125468000.0,77121000.0,0.51,0.49,0.51,964371000.0,,964371000.0,6302453327.0,9.0,7.731,95356000.0,1.117,1.0,253637000.0,0.425,2641936000.0,48347000.0,4134378000.0,,0.0,16134000.0,0.0,16134000.0,3545448000.0,361243000.0,3184205000.0,3622184327.0,2307000.0,-51112000.0,4962000.0,-50665000.0,0.0,-41937000.0,-124495000.0,0.0,168739000.0,0.0,42941000.0,42941000.0,42941000.0,0.0,0.0,0.072,128857000.0,124780000.0,17344000.0,0.0,3.756,11.042,10.905,1404740000.0,0.0,42.42,1.58,1.58,45075000.0,698566000.0,596258000.0,596258000.0,0.0,,,,,6598000.0,93499000.0,1.0,85388598.0,85388598,,6.983,1867883000.0,23856000.0,34180000.0,529805000.0,21.875,-74958000.0
58,PENN,MRQ,2006-12-31,2006-12-31,2006-12-31,2021-08-25,3174000.0,4514082000.0,,401963000.0,4112119000.0,,10.848,-162074000.0,168515000.0,168515000.0,331891000.0,87350000.0,0.967,3.9,2848784000.0,59394000.0,2789390000.0,2848784000.0,0.0,35309000.0,0.0,0.0,0.0,195381000.0,230690000.0,0.403,230690000.0,195381000.0,144980000.0,1.03,1.01,1.03,921163000.0,,921163000.0,6226704265.0,9.0,7.743,-97363000.0,-1.147,1.0,240970000.0,0.421,2595570000.0,50401000.0,4183110000.0,,0.0,16138000.0,0.0,16138000.0,3592919000.0,415671000.0,3177248000.0,3534342265.0,32193000.0,0.0,2290000.0,20100000.0,0.0,25420000.0,-57938000.0,0.0,64711000.0,0.0,87350000.0,87350000.0,87350000.0,653000.0,0.0,0.152,41922000.0,199048000.0,37928000.0,0.0,3.837,10.805,10.727,1365871000.0,0.0,41.62,1.575,1.575,153829000.0,667557000.0,572861000.0,572861000.0,0.0,,,,,5327000.0,100344000.0,1.0,84919324.0,84919324,,6.746,1918512000.0,22187000.0,57630000.0,456816000.0,22.592,-13708000.0
59,PENN,MRQ,2006-09-30,2006-09-30,2006-09-30,2021-08-25,2731000.0,4370924000.0,,282254000.0,4088670000.0,,9.509,-127188000.0,136322000.0,136322000.0,335811000.0,155060000.0,0.716,4.313,2828684000.0,44971000.0,2783713000.0,2828684000.0,0.0,31196000.0,0.0,0.0,0.0,241340000.0,272536000.0,0.465,272536000.0,241340000.0,191608000.0,1.84,1.79,1.84,822723000.0,,822723000.0,5836730349.0,10.0,8.201,15102000.0,0.175,1.0,250300000.0,0.427,2621629000.0,49732000.0,4047635000.0,,0.0,16277000.0,0.0,16277000.0,3548201000.0,394022000.0,3154179000.0,3159643349.0,6004000.0,-153000.0,358000.0,-9443000.0,0.0,-8945000.0,-127341000.0,0.0,142290000.0,0.0,155060000.0,155060000.0,155060000.0,-114661000.0,0.0,0.265,122245000.0,128055000.0,43472000.0,0.0,3.84,11.393,11.067,1317614000.0,0.0,36.52,1.452,1.452,58857000.0,580207000.0,586111000.0,586111000.0,0.0,,,,,4831000.0,91049000.0,1.0,86518164.0,86518164,,6.774,1749295000.0,33992000.0,36548000.0,452566000.0,20.219,-111768000.0
60,PENN,MRQ,2006-06-30,2006-06-30,2006-06-30,2021-08-25,16708000.0,4273849000.0,,283167000.0,3990682000.0,,7.979,-62822000.0,130318000.0,130318000.0,309618000.0,42695000.0,1.015,5.319,2807405000.0,18447000.0,2788958000.0,2807405000.0,0.0,27728000.0,0.0,0.0,0.0,123462000.0,151190000.0,0.281,151190000.0,123462000.0,75696000.0,0.51,0.49,0.51,676305000.0,,676305000.0,5894777413.0,14.0,11.044,-71791000.0,-0.847,1.0,228155000.0,0.424,2573371000.0,47766000.0,4098688000.0,,0.0,18018000.0,0.0,18018000.0,3597544000.0,278877000.0,3318667000.0,3287067413.0,-7802000.0,153000.0,781000.0,61575000.0,0.0,64002000.0,-62834000.0,0.0,-8969000.0,-1000.0,42695000.0,42695000.0,42695000.0,0.0,0.0,0.079,106318000.0,121837000.0,20163000.0,0.0,4.86,18.5,18.207,1194664000.0,0.0,38.78,1.751,1.751,73384000.0,425147000.0,537773000.0,537773000.0,0.0,,,,,5493000.0,78590000.0,1.0,84761924.0,84761924,,6.345,1700478000.0,32153000.0,33001000.0,300516000.0,20.062,4290000.0
61,PENN,MRQ,2006-03-31,2006-03-31,2006-03-31,2021-08-25,9314000.0,4201512000.0,,305965000.0,3895547000.0,,7.356,-54393000.0,138120000.0,138120000.0,309257000.0,41983000.0,0.959,5.794,2745830000.0,18433000.0,2727397000.0,2745830000.0,0.0,29718000.0,0.0,0.0,0.0,120085000.0,149803000.0,0.273,149803000.0,120085000.0,71656000.0,0.5,0.49,0.5,618391000.0,,618391000.0,6199297171.0,18.0,14.415,29384000.0,0.35,1.0,238545000.0,0.435,2570113000.0,48429000.0,3920036000.0,,0.0,17597000.0,0.0,17597000.0,3583121000.0,319073000.0,3264048000.0,3545688171.0,5500000.0,0.0,8772000.0,-40399000.0,0.0,-24050000.0,-54228000.0,0.0,83777000.0,1000.0,41983000.0,41983000.0,41983000.0,0.0,0.0,0.077,109644000.0,128901000.0,22286000.0,0.0,5.734,24.103,23.831,1103697000.0,0.0,42.18,2.168,2.168,81781000.0,382452000.0,547802000.0,547802000.0,0.0,,,,,4911000.0,79926000.0,1.0,84060886.0,84060886,,6.517,1631399000.0,48369000.0,29673000.0,363129000.0,19.407,-13108000.0
62,PENN,MRQ,2005-12-31,2005-12-31,2005-12-31,2021-08-25,840000.0,4190404000.0,,306342000.0,3884062000.0,,6.55,-52620000.0,132620000.0,132620000.0,298471000.0,37604000.0,0.898,6.667,2792344000.0,24682000.0,2767662000.0,2792344000.0,0.0,26125000.0,0.0,0.0,0.0,112096000.0,138221000.0,0.274,138221000.0,112096000.0,64404000.0,0.45,0.44,0.45,546543000.0,,546543000.0,3213486884.0,12.0,9.524,-2049000.0,-0.025,1.0,206063000.0,0.408,2592182000.0,47692000.0,3916637000.0,,0.0,17184000.0,0.0,17184000.0,3643861000.0,341309000.0,3302552000.0,2749317884.0,-41323000.0,-2101710000.0,500000.0,2147919000.0,0.0,2091329000.0,-2183327000.0,0.0,50571000.0,104000.0,37604000.0,37604000.0,37604000.0,-1377000.0,0.0,0.075,94749000.0,111314000.0,25549000.0,0.0,5.03,22.735,22.568,1059892000.0,0.0,32.95,2.008,2.008,98792000.0,340469000.0,504534000.0,504534000.0,0.0,,,,,335000.0,66621000.0,1.0,83439086.0,83439086,,6.047,1598222000.0,48150000.0,26800000.0,325716000.0,19.154,-34967000.0
63,PENN,MRQ,2005-09-30,2005-09-30,2005-09-30,2021-08-25,648000.0,1701411000.0,,307766000.0,1393645000.0,,6.1,-16299000.0,173943000.0,173943000.0,171311000.0,55401000.0,1.224,2.35,638112000.0,1827000.0,636285000.0,638112000.0,0.0,14942000.0,0.0,0.0,0.0,79611000.0,94553000.0,0.33,94553000.0,79611000.0,66787000.0,0.67,0.64,0.67,507914000.0,,507914000.0,3078417870.0,16.0,11.783,20529000.0,0.247,1.0,115626000.0,0.403,604913000.0,12824000.0,1309319000.0,,0.0,16944000.0,0.0,16944000.0,1193497000.0,251348000.0,942149000.0,2595338870.0,18640000.0,-700000.0,375000.0,-270000.0,0.0,-1189000.0,-16999000.0,0.0,36828000.0,0.0,55401000.0,55401000.0,55401000.0,-35597000.0,0.0,0.193,73332000.0,42294000.0,8765000.0,0.0,5.11,25.907,25.5,588854000.0,0.0,31.11,2.33,2.326,76819000.0,302865000.0,286937000.0,286937000.0,0.0,,,,,559000.0,39248000.0,1.0,83424586.0,83259000,86186000.0,3.446,1096498000.0,107195000.0,11386000.0,161138000.0,13.17,56418000.0
64,PENN,MRQ,2005-06-30,2005-06-30,2005-06-30,2021-08-25,477000.0,1842921000.0,,259532000.0,1583389000.0,,5.424,-36343000.0,155303000.0,155303000.0,172416000.0,12119000.0,0.928,3.083,638382000.0,1805000.0,636577000.0,638382000.0,0.0,15969000.0,0.0,0.0,0.0,31498000.0,47467000.0,0.16,47467000.0,31498000.0,19174000.0,0.15,0.14,0.15,451407000.0,,451407000.0,3516612639.0,21.0,15.107,4393000.0,0.053,1.0,123788000.0,0.418,605519000.0,12324000.0,1440716000.0,,0.0,16714000.0,0.0,16714000.0,1391514000.0,279765000.0,1111749000.0,3026108639.0,-152160000.0,-20000.0,4485000.0,-159585000.0,0.0,-155575000.0,-37337000.0,0.0,40736000.0,16000.0,12119000.0,12119000.0,12119000.0,2774000.0,0.0,0.041,90145000.0,33643000.0,12376000.0,0.0,6.704,48.833,48.026,618605000.0,0.0,36.5,2.713,2.724,45615000.0,247464000.0,296204000.0,296204000.0,0.0,,,,,5047000.0,46001000.0,1.0,82907086.0,83227000,85732000.0,3.559,1237402000.0,131247000.0,7055000.0,169772000.0,14.868,-20233000.0
65,PENN,MRQ,2005-03-31,2005-03-31,2005-03-31,2021-08-25,1821000.0,1950675000.0,,392353000.0,1558322000.0,,5.245,-15153000.0,307463000.0,307463000.0,171299000.0,15802000.0,0.964,3.525,797967000.0,161104000.0,636863000.0,797967000.0,0.0,15495000.0,0.0,0.0,0.0,41657000.0,57152000.0,0.198,57152000.0,41657000.0,25154000.0,0.19,0.19,0.19,431096000.0,,431096000.0,3204396227.0,17.0,12.591,7187000.0,0.087,1.0,118007000.0,0.408,603972000.0,16503000.0,1430157000.0,,0.0,16072000.0,0.0,16072000.0,1519579000.0,407050000.0,1112529000.0,2433107227.0,219843000.0,274173000.0,5516000.0,-60942000.0,0.0,-61344000.0,258863000.0,0.0,22340000.0,-16000.0,15802000.0,15802000.0,15802000.0,452000.0,0.0,0.055,61708000.0,56299000.0,15575000.0,0.0,5.644,35.005,34.163,597682000.0,0.0,29.38,2.194,2.178,36002000.0,235341000.0,289306000.0,289306000.0,0.0,,,,,11506000.0,46213000.0,1.0,82815086.0,82198000,85390000.0,3.52,1346703000.0,119851000.0,9352000.0,181069000.0,16.384,-14697000.0
66,PENN,MRQ,2004-12-31,2004-12-31,2004-12-31,2021-08-25,1642000.0,1632701000.0,,174203000.0,1458498000.0,,4.894,-19887000.0,87620000.0,87620000.0,130975000.0,16858000.0,1.041,3.101,858909000.0,4494000.0,854415000.0,858909000.0,0.0,16372000.0,0.0,0.0,0.0,45726000.0,62098000.0,0.257,62098000.0,45726000.0,27596000.0,0.21,0.2,0.21,398092000.0,,398092000.0,3291244391.0,17.0,12.501,45347000.0,0.557,1.0,110314000.0,0.457,604600000.0,18130000.0,1631985000.0,,0.0,15709000.0,0.0,15709000.0,1234609000.0,167405000.0,1067204000.0,2464650391.0,4420000.0,10000000.0,1537000.0,-50885000.0,0.0,-49362000.0,-11597000.0,0.0,65234000.0,145000.0,16858000.0,16858000.0,16858000.0,1938000.0,0.0,0.07,60417000.0,49897000.0,13629000.0,0.0,6.191,34.478,34.017,597394000.0,0.0,30.275,2.23,2.205,40812000.0,219539000.0,241289000.0,241289000.0,0.0,,,,,1338000.0,44045000.0,1.0,81408766.0,81344000,84912000.0,2.966,1028101000.0,18274000.0,10738000.0,69852000.0,12.639,6798000.0
67,PENN,MRQ,2004-09-30,2004-09-30,2004-09-30,2021-08-25,2970000.0,1628135000.0,,161525000.0,1466610000.0,,4.695,-19384000.0,83200000.0,83200000.0,172777000.0,17190000.0,1.168,3.288,909794000.0,4906000.0,904888000.0,909794000.0,0.0,16492000.0,0.0,0.0,0.0,49570000.0,66062000.0,0.229,66062000.0,49570000.0,30600000.0,0.21,0.2,0.21,379688000.0,,379688000.0,2480813418.0,13.0,9.755,21299000.0,0.263,1.0,115776000.0,0.401,604900000.0,18970000.0,1711509000.0,,0.0,15372000.0,0.0,15372000.0,1248447000.0,138320000.0,1110127000.0,1635854418.0,-38086000.0,-4000000.0,2334000.0,-57745000.0,0.0,-55526000.0,-23384000.0,0.0,40683000.0,141000.0,17190000.0,17190000.0,17190000.0,6382000.0,0.0,0.06,60326000.0,55450000.0,9061000.0,0.0,4.308,25.63,25.409,593933000.0,0.0,20.2,1.46,1.458,34475000.0,202681000.0,288553000.0,288553000.0,0.0,,,,,4579000.0,43834000.0,1.0,80982892.0,80875000,83853000.0,3.568,1023235000.0,25151000.0,13410000.0,59339000.0,12.652,23205000.0
68,PENN,MRQ,2004-06-30,2004-06-30,2004-06-30,2021-08-25,3438000.0,1664395000.0,,197113000.0,1467282000.0,,4.465,-15624000.0,122573000.0,122573000.0,173380000.0,19657000.0,1.487,3.674,967532000.0,5473000.0,962059000.0,967532000.0,0.0,16480000.0,0.0,0.0,0.0,52713000.0,69193000.0,0.239,69193000.0,52713000.0,33508000.0,0.25,0.24,0.25,356094000.0,,356094000.0,2299786040.0,13.0,9.309,30863000.0,0.387,1.0,116393000.0,0.402,622028000.0,19205000.0,1754737000.0,,0.0,15167000.0,0.0,15167000.0,1308301000.0,132589000.0,1175712000.0,1329982040.0,31173000.0,-954000.0,2716000.0,-1281000.0,0.0,1319000.0,-16578000.0,0.0,46487000.0,-55000.0,19657000.0,19657000.0,19657000.0,4168000.0,0.0,0.068,60082000.0,56311000.0,16457000.0,0.0,3.735,22.073,21.987,625509000.0,0.0,16.6,1.227,1.221,32446000.0,185492000.0,289773000.0,289773000.0,0.0,,,,,1000000.0,43603000.0,1.0,80119400.0,79744000,82485000.0,3.634,1042367000.0,25609000.0,13851000.0,56724000.0,13.071,64524000.0
69,PENN,MRQ,2004-03-31,2004-03-31,2004-03-31,2021-08-25,148000.0,1622781000.0,,202479000.0,1420302000.0,,4.132,-12667000.0,118361000.0,118361000.0,168197000.0,17787000.0,0.673,3.927,1088165000.0,124736000.0,963429000.0,1088165000.0,0.0,16441000.0,0.0,0.0,0.0,49650000.0,66091000.0,0.232,66091000.0,49650000.0,30234000.0,0.22,0.22,0.22,329394000.0,,329394000.0,2150319866.0,12.0,9.02,32093000.0,0.403,1.0,116859000.0,0.41,623381000.0,19416000.0,1668530000.0,,0.0,14535000.0,0.0,14535000.0,1293387000.0,300674000.0,992713000.0,1147820866.0,8546000.0,-2888000.0,1229000.0,-21303000.0,0.0,-20608000.0,-15555000.0,0.0,44760000.0,-51000.0,17787000.0,17787000.0,17787000.0,3205000.0,0.0,0.062,64733000.0,52126000.0,21331000.0,0.0,3.485,20.471,20.55,734107000.0,0.0,14.385,1.07,1.069,30346000.0,165842000.0,285056000.0,285056000.0,0.0,,,,,1707000.0,48292000.0,1.0,79792900.0,79717000,82224000.0,3.576,999400000.0,23911000.0,12447000.0,57195000.0,12.537,-98195000.0
70,PENN,MRQ,2003-12-31,2003-12-31,2003-12-31,2021-08-25,1351000.0,1609599000.0,,157630000.0,1451969000.0,,3.906,-9600000.0,81567000.0,81567000.0,154184000.0,9192000.0,1.208,4.194,990123000.0,5634000.0,984489000.0,990123000.0,0.0,15920000.0,0.0,0.0,0.0,37037000.0,52957000.0,0.206,52957000.0,37037000.0,16931000.0,0.115,0.11,0.115,309878000.0,,309878000.0,1952410006.0,12.0,8.754,31273000.0,0.394,1.0,102889000.0,0.4,605996000.0,20106000.0,1781621000.0,,0.0,17187000.0,0.0,17187000.0,1299721000.0,130538000.0,1169183000.0,916125006.0,20658000.0,1733000.0,577000.0,-8012000.0,0.0,-11715000.0,-8610000.0,0.0,40873000.0,110000.0,9192000.0,9192000.0,9192000.0,3877000.0,0.0,0.036,61298000.0,41591000.0,10785000.0,0.0,2.956,17.799,17.785,594152000.0,0.0,11.56,0.905,0.901,25739000.0,148055000.0,257073000.0,257073000.0,0.0,,,,,3729000.0,45378000.0,1.0,79249568.0,79336000,81746000.0,3.24,1003603000.0,24877000.0,7739000.0,34607000.0,12.65,27092000.0
71,PENN,MRQ,2003-09-30,2003-09-30,2003-09-30,2021-08-25,-999000.0,1640703000.0,,170017000.0,1470686000.0,,3.714,-14586000.0,82550000.0,82550000.0,148493000.0,13619000.0,0.951,4.58,1118835000.0,10043000.0,1108792000.0,1118835000.0,0.0,14593000.0,0.0,0.0,0.0,44223000.0,58816000.0,0.233,58816000.0,44223000.0,23057000.0,0.17,0.165,0.17,294039000.0,,294039000.0,1898863185.0,13.0,9.485,17443000.0,0.22,1.0,103448000.0,0.411,645405000.0,21166000.0,1852889000.0,,0.0,16995000.0,0.0,16995000.0,1346664000.0,178694000.0,1167970000.0,843537185.0,-32704000.0,-12334000.0,365000.0,-31334000.0,0.0,-30152000.0,-26920000.0,0.0,32029000.0,9000.0,13619000.0,13619000.0,13619000.0,2841000.0,0.0,0.054,57217000.0,46231000.0,30372000.0,0.0,2.869,16.903,16.787,748913000.0,0.0,10.66,0.956,0.956,26379000.0,138873000.0,251941000.0,251941000.0,0.0,,,,,1439000.0,42624000.0,1.0,79131068.0,79168000,81498000.0,3.182,995298000.0,49803000.0,9438000.0,97732000.0,12.572,-8677000.0
72,PENN,MRQ,2003-06-30,2003-06-30,2003-06-30,2021-08-25,-3271000.0,1639367000.0,,179677000.0,1459690000.0,,3.505,-21996000.0,94198000.0,94198000.0,169391000.0,15473000.0,0.931,4.933,1149524000.0,15994000.0,1133530000.0,1149524000.0,0.0,14129000.0,0.0,0.0,0.0,46406000.0,60535000.0,0.217,60535000.0,46406000.0,27414000.0,0.195,0.19,0.195,276335000.0,,276335000.0,1858781378.0,14.0,10.49,-12916000.0,-0.164,1.0,109142000.0,0.392,648616000.0,18992000.0,1853065000.0,,0.0,17667000.0,0.0,17667000.0,1363032000.0,193012000.0,1170020000.0,807647378.0,-23854000.0,790000.0,1069000.0,-422220000.0,0.0,-422166000.0,381406000.0,0.0,9080000.0,156000.0,15473000.0,15473000.0,15473000.0,4005000.0,0.0,0.056,59232000.0,49910000.0,33596000.0,0.0,2.923,17.472,17.39,752156000.0,0.0,10.26,1.003,1.005,27604000.0,125244000.0,278533000.0,278533000.0,0.0,,,,,557000.0,45103000.0,1.0,78718068.0,78842000,81092000.0,3.533,990751000.0,28408000.0,11941000.0,72524000.0,12.566,-13335000.0
73,PENN,MRQ,2003-03-31,2003-03-31,2003-03-31,2021-08-25,-2343000.0,2059347000.0,,601929000.0,1457418000.0,,3.317,-9888000.0,520664000.0,520664000.0,137437000.0,13187000.0,1.037,6.916,1571798000.0,387510000.0,1184288000.0,1571798000.0,0.0,12829000.0,0.0,0.0,0.0,37884000.0,50713000.0,0.225,50713000.0,37884000.0,21532000.0,0.17,0.165,0.17,260164000.0,,260164000.0,1016611728.0,9.0,6.783,48909000.0,0.624,1.0,87697000.0,0.39,647783000.0,16352000.0,1882071000.0,,0.0,17736000.0,0.0,17736000.0,1799183000.0,580627000.0,1218556000.0,696714728.0,62931000.0,-264081000.0,321000.0,700000000.0,0.0,681492000.0,-677483000.0,-1902000.0,58797000.0,125000.0,13187000.0,13187000.0,13187000.0,0.0,0.0,0.059,48894000.0,38803000.0,53306000.0,0.0,2.678,17.453,17.067,749711000.0,0.0,8.875,1.009,1.008,22574000.0,109771000.0,225134000.0,225134000.0,0.0,,,,,342000.0,36065000.0,1.0,78503068.0,78438000,80560000.0,2.87,1411564000.0,28393000.0,8345000.0,64751000.0,17.996,21302000.0
74,PENN,MRQ,2002-12-31,2002-12-31,2002-12-31,2021-08-25,-1657000.0,765480000.0,,94439000.0,671041000.0,,3.151,-4776000.0,55121000.0,55121000.0,87725000.0,7625000.0,1.016,2.099,375018000.0,18000.0,375000000.0,375018000.0,0.0,8793000.0,0.0,0.0,0.0,21349000.0,30142000.0,0.237,30142000.0,21349000.0,10623000.0,0.1,0.09,0.1,247000000.0,,247000000.0,978030528.0,11.0,7.823,28770000.0,0.367,1.0,39293000.0,0.309,182045000.0,10726000.0,810350000.0,,0.0,16152000.0,0.0,16152000.0,518480000.0,92982000.0,425498000.0,635013528.0,11026000.0,-2456000.0,231000.0,-13250000.0,0.0,-13024000.0,-9494000.0,-1292000.0,33546000.0,-2000.0,7625000.0,7625000.0,7625000.0,-2534000.0,0.0,0.06,20630000.0,18663000.0,19450000.0,0.0,2.571,20.575,19.341,450886000.0,0.0,7.93,1.026,0.968,19418000.0,96584000.0,127018000.0,127018000.0,0.0,,,,,114000.0,11837000.0,1.0,80077368.0,78376000,80720000.0,1.621,583435000.0,10820000.0,2998000.0,59780000.0,7.444,1457000.0
75,PENN,MRQ,2002-09-30,2002-09-30,2002-09-30,2021-08-25,-2043000.0,752869000.0,,79442000.0,673427000.0,,3.048,-30660000.0,45251000.0,45251000.0,107451000.0,9940000.0,0.95,2.155,388268000.0,18000.0,388250000.0,388268000.0,0.0,9271000.0,0.0,0.0,0.0,26538000.0,35809000.0,0.205,35809000.0,26538000.0,15907000.0,0.125,0.125,0.125,238644000.0,,238644000.0,1086686674.0,12.0,8.844,-8254000.0,-0.105,1.0,66952000.0,0.384,182466000.0,10631000.0,829814000.0,,0.0,15948000.0,0.0,15948000.0,514225000.0,83606000.0,430619000.0,754188674.0,-2769000.0,0.0,379000.0,7750000.0,0.0,8128000.0,-33228000.0,-2538000.0,22406000.0,-75000.0,9940000.0,9940000.0,9940000.0,0.0,0.0,0.057,38845000.0,28107000.0,19520000.0,0.0,3.16,26.76,24.205,455897000.0,0.0,9.44,1.202,1.178,19172000.0,88962000.0,174403000.0,174403000.0,0.0,,,,,674000.0,29574000.0,1.0,79892868.0,78288000,80524000.0,2.228,570403000.0,4421000.0,5967000.0,50679000.0,7.286,-4164000.0
76,PENN,MRQ,2002-06-30,2002-06-30,2002-06-30,2021-08-25,-2355000.0,730793000.0,,79573000.0,651220000.0,,2.934,-32851000.0,48020000.0,48020000.0,100109000.0,9167000.0,0.981,2.215,380518000.0,18000.0,380500000.0,380518000.0,0.0,8388000.0,0.0,0.0,0.0,24828000.0,33216000.0,0.203,33216000.0,24828000.0,14873000.0,0.125,0.115,0.125,227337000.0,,227337000.0,1053311902.0,12.0,8.804,-6673000.0,-0.086,1.0,63837000.0,0.389,183093000.0,9955000.0,799102000.0,,0.0,15511000.0,0.0,15511000.0,503456000.0,81096000.0,422360000.0,724800902.0,2013000.0,-7114000.0,9799000.0,5500000.0,0.0,15213000.0,-39465000.0,0.0,26178000.0,87000.0,9167000.0,9167000.0,9167000.0,0.0,0.0,0.056,36864000.0,26973000.0,19082000.0,0.0,3.188,27.924,23.269,434203000.0,0.0,9.075,1.211,1.175,17239000.0,79019000.0,163946000.0,163946000.0,0.0,,,,,2834000.0,28476000.0,1.0,79867868.0,77472000,80038000.0,2.116,547700000.0,6125000.0,5706000.0,46289000.0,7.07,-1523000.0
77,PENN,MRQ,2002-03-31,2002-03-31,2002-03-31,2021-08-25,-2808000.0,693934000.0,,74025000.0,619909000.0,,3.013,-19877000.0,46507000.0,46507000.0,93683000.0,4131000.0,1.016,2.384,375018000.0,0.0,375018000.0,375018000.0,0.0,8066000.0,0.0,0.0,0.0,17786000.0,25852000.0,0.168,25852000.0,17786000.0,6994000.0,0.06,0.06,0.06,205084000.0,,205084000.0,1096233931.0,13.0,9.318,-366000.0,-0.005,1.0,59806000.0,0.39,183721000.0,10792000.0,765869000.0,,0.0,14961000.0,0.0,14961000.0,488850000.0,72855000.0,415995000.0,676202931.0,7629000.0,0.0,96314000.0,-85139000.0,0.0,7995000.0,-19877000.0,0.0,19511000.0,0.0,4131000.0,4131000.0,4131000.0,0.0,0.0,0.027,35305000.0,24501000.0,17413000.0,0.0,3.297,29.055,23.535,402178000.0,0.0,8.755,1.194,1.052,15495000.0,69852000.0,153489000.0,153489000.0,0.0,,,,,340000.0,27239000.0,1.0,77236200.0,68064000,71470000.0,2.255,510213000.0,4311000.0,2863000.0,49842000.0,7.496,1170000.0
78,PENN,MRQ,2001-12-31,2001-12-31,2001-12-31,2021-08-25,-3842000.0,679377000.0,,70106000.0,609271000.0,,1.666,-18482000.0,38378000.0,38378000.0,106561000.0,4945000.0,0.761,5.579,458909000.0,15141000.0,443768000.0,458909000.0,0.0,8790000.0,0.0,0.0,0.0,19208000.0,27998000.0,0.207,27998000.0,19208000.0,7349000.0,0.08,0.08,0.08,103265000.0,,103265000.0,901449309.0,11.0,7.869,9850000.0,0.159,1.0,28944000.0,0.214,184260000.0,11859000.0,823553000.0,,0.0,14187000.0,0.0,14187000.0,576112000.0,92095000.0,484017000.0,469628309.0,1977000.0,2053000.0,-208068000.0,201187000.0,0.0,-9926000.0,-16429000.0,0.0,28332000.0,0.0,4945000.0,4945000.0,4945000.0,0.0,0.0,0.036,11362000.0,17582000.0,18975000.0,0.0,4.548,19.767,19.449,389919000.0,0.0,7.585,0.908,0.899,19367000.0,65721000.0,135505000.0,135505000.0,0.0,,,,,-679000.0,26385000.0,1.0,61915400.0,61972000,64664000.0,2.187,495117000.0,4610000.0,2404000.0,45701000.0,7.989,-21989000.0
79,PENN,MRQ,2001-09-30,2001-09-30,2001-09-30,2021-08-25,-6390000.0,670268000.0,,65848000.0,604420000.0,,1.559,-9463000.0,36901000.0,36901000.0,79566000.0,7713000.0,0.813,5.945,468722000.0,14204000.0,454518000.0,468722000.0,0.0,8494000.0,794000.0,0.0,0.0,24082000.0,32576000.0,0.224,32576000.0,24082000.0,11864000.0,0.125,0.12,0.125,96514000.0,,96514000.0,692715740.0,9.0,6.676,9412000.0,0.152,1.0,65973000.0,0.453,188901000.0,12218000.0,832209000.0,,0.0,15426000.0,0.0,15426000.0,573754000.0,80979000.0,492775000.0,253754740.0,-1272000.0,-437000.0,206187000.0,-218912000.0,0.0,-9747000.0,-10400000.0,0.0,18875000.0,0.0,7713000.0,7713000.0,7713000.0,0.0,0.0,0.053,42674000.0,23299000.0,15575000.0,0.0,2.629,11.781,11.549,378618000.0,0.0,4.1,0.536,0.536,20801000.0,60776000.0,145539000.0,145539000.0,0.0,,,,,1875000.0,25155000.0,1.0,61891400.0,61912000,64200000.0,2.351,481367000.0,0.0,4151000.0,43522000.0,7.775,-15131000.0
80,PENN,MRQ,2001-06-30,2001-06-30,2001-06-30,2021-08-25,-2171000.0,669526000.0,,66872000.0,602654000.0,,1.52,-9350000.0,37673000.0,37673000.0,71869000.0,6484000.0,0.87,6.202,476634000.0,13266000.0,463368000.0,476634000.0,0.0,8341000.0,825000.0,0.0,0.0,22880000.0,31221000.0,0.237,31221000.0,22880000.0,9926000.0,0.107,0.1,0.107,92963000.0,,92963000.0,663913140.0,11.0,7.888,19828000.0,0.324,1.0,59838000.0,0.454,189690000.0,12954000.0,841931000.0,,0.0,15067000.0,0.0,15067000.0,576563000.0,76866000.0,499697000.0,383517140.0,8628000.0,-182423000.0,4702000.0,-32289000.0,0.0,-28260000.0,7710000.0,0.0,29178000.0,0.0,6484000.0,6484000.0,6484000.0,0.0,0.0,0.049,38603000.0,21235000.0,16247000.0,0.0,4.125,28.953,28.864,376448000.0,0.0,6.35,0.924,0.936,20599000.0,53063000.0,131707000.0,131707000.0,0.0,,,,,0.0,22365000.0,1.0,60396400.0,61164000,63736000.0,2.153,479836000.0,1649000.0,3442000.0,39355000.0,7.845,-9994000.0
81,PENN,MRQ,2001-03-31,2001-03-31,2001-03-31,2021-08-25,-2428000.0,641788000.0,,45381000.0,596407000.0,,1.355,-3917000.0,228528000.0,228528000.0,58154000.0,4616000.0,0.923,6.873,508924000.0,12327000.0,496597000.0,508924000.0,0.0,6468000.0,922000.0,0.0,0.0,16292000.0,22760000.0,0.218,22760000.0,16292000.0,7227000.0,0.077,0.075,0.077,81520000.0,,81520000.0,469075000.0,9.0,6.975,5531000.0,0.092,1.0,46232000.0,0.443,77653000.0,9065000.0,795390000.0,,0.0,14577000.0,0.0,14577000.0,560268000.0,49141000.0,511127000.0,188170000.0,5758000.0,1077000.0,111000.0,199625000.0,0.0,193526000.0,-197216000.0,0.0,9448000.0,0.0,4616000.0,4616000.0,4616000.0,0.0,0.0,0.044,31457000.0,14775000.0,14572000.0,0.0,2.308,14.49,14.335,285706000.0,0.0,3.125,0.548,0.547,9874000.0,46579000.0,104386000.0,104386000.0,0.0,,,,,0.0,18098000.0,1.0,60214400.0,60176000,62096000.0,1.735,564135000.0,442000.0,2611000.0,17411000.0,9.375,-3760000.0
82,PENN,MRQ,2000-12-31,2000-12-31,2000-12-31,2021-08-25,0.0,439900000.0,,40845000.0,399055000.0,,1.318,-9947000.0,28394000.0,28394000.0,71811000.0,2727000.0,0.829,4.553,309299000.0,11390000.0,297909000.0,309299000.0,0.0,3582000.0,0.0,0.0,0.0,13628000.0,17210000.0,0.188,17210000.0,13628000.0,3988000.0,0.045,0.045,0.045,79221000.0,,79221000.0,436539350.0,10.0,7.964,940000.0,0.016,1.0,19973000.0,0.218,78161000.0,9640000.0,593354000.0,,0.0,14584000.0,0.0,14584000.0,360679000.0,49290000.0,311389000.0,153150350.0,2885000.0,1387000.0,66000.0,-6060000.0,0.0,542000.0,-8659000.0,0.0,10887000.0,0.0,2727000.0,2727000.0,2727000.0,0.0,0.0,0.03,6963000.0,13010000.0,18436000.0,0.0,1.933,12.771,12.738,288316000.0,0.0,2.547,0.525,0.523,10341000.0,41963000.0,91784000.0,91784000.0,0.0,,,,,265000.0,15361000.0,1.0,60117900.0,60112000,62204000.0,1.527,361739000.0,1905000.0,1261000.0,16296000.0,6.018,-8445000.0
83,PENN,MRQ,2000-09-30,2000-09-30,2000-09-30,2021-08-25,0.0,430734000.0,,35823000.0,394911000.0,,1.269,-10077000.0,25410000.0,25410000.0,49924000.0,-581000.0,0.829,4.655,308799000.0,10563000.0,298236000.0,308799000.0,0.0,4089000.0,1006000.0,0.0,0.0,8892000.0,12981000.0,0.149,12981000.0,8892000.0,2704000.0,-0.01,-0.01,-0.01,76163000.0,,76163000.0,305610550.0,8.0,6.492,9597000.0,0.16,1.0,37058000.0,0.426,79660000.0,6188000.0,591273000.0,,0.0,14507000.0,0.0,14507000.0,354571000.0,43190000.0,311381000.0,228398550.0,6571000.0,-198061000.0,27000.0,212755000.0,0.0,195932000.0,-208920000.0,0.0,19674000.0,0.0,-581000.0,-581000.0,-581000.0,0.0,0.0,-0.007,23006000.0,14052000.0,14587000.0,0.0,2.999,21.551,21.376,282569000.0,0.0,3.805,0.934,0.934,8494000.0,39236000.0,86982000.0,86982000.0,0.0,,,,,0.0,13143000.0,1.0,60025900.0,60028000,62016000.0,1.449,351074000.0,783000.0,3285000.0,15159000.0,5.849,-7367000.0
84,PENN,MRQ,2000-06-30,2000-06-30,2000-06-30,2021-08-25,0.0,204366000.0,,22184000.0,182182000.0,,1.284,-5269000.0,18831000.0,18831000.0,36581000.0,6224000.0,0.93,1.664,96043000.0,5160000.0,90883000.0,96043000.0,0.0,2192000.0,1121000.0,0.0,0.0,12108000.0,14300000.0,0.237,14300000.0,12108000.0,9674000.0,0.105,0.1,0.105,76717000.0,,76717000.0,282463039.0,9.0,7.085,522000.0,0.009,1.0,23743000.0,0.394,27123000.0,2434000.0,230595000.0,,0.0,13517000.0,0.0,13517000.0,127649000.0,23860000.0,103789000.0,203441039.0,2401000.0,0.0,529000.0,591000.0,0.0,1105000.0,-4495000.0,0.0,5791000.0,0.0,6224000.0,6224000.0,6224000.0,0.0,0.0,0.103,13495000.0,10248000.0,9115000.0,0.0,2.652,14.514,14.5,130667000.0,0.0,3.408,0.991,0.992,5011000.0,39817000.0,60324000.0,60324000.0,0.0,,,,,0.0,7910000.0,1.0,59703900.0,59752000,61856000.0,1.01,177243000.0,594000.0,3450000.0,17114000.0,2.966,-1676000.0
85,PENN,MRQ,2000-03-31,2000-03-31,2000-03-31,2021-08-25,0.0,197579000.0,,18701000.0,178878000.0,,1.174,-1851000.0,16430000.0,16430000.0,31610000.0,3622000.0,0.765,1.824,95452000.0,5160000.0,90292000.0,95452000.0,0.0,2176000.0,946000.0,0.0,0.0,8145000.0,10321000.0,0.196,10321000.0,8145000.0,5763000.0,0.06,0.06,0.06,69961000.0,,69961000.0,242406602.0,9.0,7.111,3610000.0,0.061,1.0,21101000.0,0.4,21430000.0,2382000.0,230726000.0,,0.0,19294000.0,0.0,19294000.0,127618000.0,24445000.0,103173000.0,165627602.0,1996000.0,-5845000.0,70000.0,4239000.0,0.0,4231000.0,-7696000.0,0.0,5461000.0,0.0,3622000.0,3622000.0,3622000.0,0.0,0.0,0.069,13252000.0,7849000.0,8947000.0,0.0,2.367,16.029,16.055,127067000.0,0.0,2.777,0.87,0.87,4410000.0,33590000.0,52711000.0,52711000.0,0.0,,,,,0.0,8263000.0,1.0,59631900.0,59592000,60848000.0,0.885,176149000.0,669000.0,2141000.0,15915000.0,2.956,-5744000.0
86,PENN,MRQ,1999-12-31,1999-12-31,1999-12-31,2021-08-25,0.0,189712000.0,,17094000.0,172618000.0,,1.111,-8241000.0,14434000.0,14434000.0,16395000.0,1333000.0,0.674,1.863,91213000.0,5160000.0,86053000.0,91213000.0,0.0,1264000.0,800000.0,0.0,0.0,8211729.0,9475729.0,0.212,9475729.0,8211729.0,5106729.0,0.023,0.02,0.023,66272000.0,,66272000.0,207816139.0,10.0,7.46,-3019000.0,-0.051,1.0,28226000.0,0.633,21582000.0,3105000.0,219558000.0,,0.0,12862000.0,0.0,12862000.0,123440000.0,25351000.0,98089000.0,133871139.0,-343000.0,505000.0,0.0,7491000.0,0.0,7171000.0,-12736000.0,0.0,5222000.0,0.0,1333000.0,1333000.0,1333000.0,0.0,0.0,0.03,24771000.0,3455000.0,12324000.0,0.0,2.02,19.883,19.912,126871000.0,0.0,2.25,0.786,0.784,4779000.0,29971000.0,44621000.0,44621000.0,0.0,,,,,0.0,20416000.0,1.0,59498284.0,59648000,60988000.0,0.748,168130000.0,1088000.0,3773729.0,13527000.0,2.819,-8257000.0
87,PENN,MRQ,1999-09-30,1999-09-30,1999-09-30,2021-08-25,0.0,177856000.0,,17261000.0,160595000.0,,1.092,-2424000.0,9777000.0,9777000.0,50364000.0,2838000.0,0.777,1.739,83722000.0,5158000.0,78564000.0,83722000.0,0.0,2324000.0,828000.0,0.0,0.0,3448271.0,5772271.0,0.121,5772271.0,3448271.0,1273271.0,0.047,0.047,0.047,64938000.0,,64938000.0,217201700.0,13.0,8.934,5598000.0,0.094,1.0,-2797000.0,-0.059,21733000.0,2175000.0,207843000.0,,0.0,12269000.0,0.0,12269000.0,112918000.0,22225000.0,90693000.0,141255700.0,-707000.0,-768000.0,79000.0,-2708000.0,0.0,-5286000.0,-3443000.0,0.0,8022000.0,0.0,2838000.0,2838000.0,2838000.0,0.0,0.0,0.06,-9142000.0,6345000.0,9480000.0,0.0,2.175,20.597,20.652,120330000.0,0.0,2.375,0.857,0.857,4580000.0,28637000.0,47567000.0,47567000.0,0.0,,,,,0.0,9614000.0,1.0,59476084.0,59472000,61068000.0,0.8,156123000.0,255000.0,-1564729.0,13489000.0,2.625,-4964000.0
88,PENN,MRQ,1999-06-30,1999-06-30,1999-06-30,2021-08-25,0.0,175727000.0,,19006000.0,156721000.0,,1.047,-1120000.0,10484000.0,10484000.0,21038000.0,2540000.0,0.926,1.833,86430000.0,5158000.0,81272000.0,86430000.0,0.0,2130000.0,719000.0,0.0,0.0,6389000.0,8519000.0,0.188,8519000.0,6389000.0,4181000.0,0.043,0.043,0.043,62022000.0,,62022000.0,216859296.0,12.0,8.376,2970000.0,0.05,1.0,24345000.0,0.536,21885000.0,2208000.0,209272000.0,,0.0,11250000.0,0.0,11250000.0,113705000.0,20516000.0,93189000.0,137298296.0,306000.0,-11250000.0,395000.0,-3309000.0,0.0,-2915000.0,-869000.0,11250000.0,4090000.0,0.0,2540000.0,2540000.0,2540000.0,0.0,0.0,0.056,18345000.0,6000000.0,10053000.0,0.0,2.214,21.493,21.412,119779000.0,0.0,2.312,0.864,0.862,5995000.0,25800000.0,45383000.0,45383000.0,0.0,,,,,0.0,0.0,1.0,59372236.0,59224000,60764000.0,0.766,153842000.0,446000.0,1641000.0,12882000.0,2.598,-1510000.0
89,PENN,MRQ,1999-03-31,1999-03-31,1999-03-31,2021-08-25,0.0,175516000.0,,17549000.0,157967000.0,,1.001,-1458000.0,10178000.0,10178000.0,15962000.0,22000.0,0.87,1.97,89739000.0,5159000.0,84580000.0,89739000.0,0.0,2015000.0,550000.0,0.0,0.0,2074000.0,4089000.0,0.125,4089000.0,2074000.0,-51000.0,0.0,0.0,0.0,59087000.0,,59087000.0,173814475.0,9.0,6.997,3669000.0,0.062,1.0,16827000.0,0.513,22289000.0,2125000.0,212627000.0,,0.0,11250000.0,0.0,11250000.0,116429000.0,20161000.0,96268000.0,102384475.0,3352000.0,0.0,29000.0,11483000.0,0.0,10933000.0,-12708000.0,-11250000.0,5127000.0,0.0,22000.0,22000.0,22000.0,0.0,0.0,0.001,14962000.0,1865000.0,7415000.0,,1.733,16.192,16.519,120488000.0,0.0,1.734,0.667,0.667,3307000.0,23260000.0,32789000.0,32789000.0,0.0,,,,,0.0,0.0,1.0,59028236.0,59048000,60316000.0,0.555,153227000.0,1784000.0,-73000.0,12039000.0,2.595,-2612000.0
90,PENN,MRQ,1998-12-31,1998-12-31,1998-12-31,2021-08-25,0.0,160798000.0,,14114000.0,146684000.0,,1.002,-15013000.0,6826000.0,6826000.0,41078000.0,1458000.0,1.157,1.724,78256000.0,168000.0,78088000.0,78256000.0,0.0,1456000.0,548000.0,0.0,0.0,4476000.0,5932000.0,0.152,5932000.0,4476000.0,2428000.0,0.025,0.025,0.025,59036000.0,,59036000.0,163017410.0,8.0,6.235,-11174000.0,-0.19,1.0,-2027000.0,-0.052,22442000.0,2048000.0,197583000.0,,0.0,0.0,0.0,0.0,101762000.0,12203000.0,89559000.0,103149410.0,-2586000.0,0.0,13000.0,8976000.0,0.0,8588000.0,-15013000.0,0.0,3839000.0,0.0,1458000.0,1458000.0,1458000.0,0.0,0.0,0.037,-6302000.0,4275000.0,7104000.0,0.0,1.747,13.748,14.0,120752000.0,0.0,1.75,0.67,0.682,3840000.0,23238000.0,39051000.0,39051000.0,0.0,,,,,0.0,23932000.0,1.0,58942520.0,58944000,60428000.0,0.663,138356000.0,1317000.0,970000.0,11974000.0,2.347,1911000.0
91,PENN,MRQ,1998-09-30,1998-09-30,1998-09-30,2021-08-25,0.0,155386000.0,,22335000.0,133051000.0,,0.958,-2388000.0,9412000.0,9412000.0,19910000.0,2368000.0,1.291,1.699,69280000.0,175000.0,69105000.0,69280000.0,0.0,1451000.0,681000.0,0.0,0.0,5901000.0,7352000.0,0.177,7352000.0,5901000.0,3818000.0,0.04,0.038,0.04,57565000.0,,57565000.0,178056640.0,12.0,8.504,-1054000.0,-0.018,1.0,21691000.0,0.521,22596000.0,2083000.0,175352000.0,,0.0,3092000.0,3092000.0,0.0,97821000.0,17306000.0,80515000.0,121246640.0,-14080000.0,0.0,-2354000.0,-11022000.0,0.0,-13026000.0,-2388000.0,0.0,1334000.0,0.0,2368000.0,2368000.0,2368000.0,0.0,0.0,0.057,16046000.0,5645000.0,10152000.0,0.0,2.106,28.349,27.397,106942000.0,0.0,2.0,0.836,0.829,6503000.0,21780000.0,41601000.0,41601000.0,0.0,,,,,0.0,0.0,1.0,60623320.0,60064000,61092000.0,0.693,132790000.0,995000.0,1450000.0,12331000.0,2.211,5029000.0
92,PENN,MRQ,1998-06-30,1998-06-30,1998-06-30,2021-08-25,0.0,163225000.0,,30960000.0,132265000.0,,0.949,-1166000.0,23492000.0,23492000.0,19504000.0,2475000.0,2.165,1.836,80302000.0,189000.0,80113000.0,80302000.0,0.0,1424000.0,703000.0,0.0,0.0,6044000.0,7468000.0,0.186,7468000.0,6044000.0,3911000.0,0.04,0.04,0.04,57551000.0,,57551000.0,171388542.0,15.0,10.164,-102000.0,-0.002,1.0,20556000.0,0.513,22749000.0,2133000.0,182989000.0,,0.0,0.0,0.0,0.0,105674000.0,14297000.0,91377000.0,114623542.0,-63000.0,0.0,0.0,-18000.0,0.0,39000.0,-1166000.0,0.0,1064000.0,0.0,2475000.0,2475000.0,2475000.0,0.0,0.0,0.062,14792000.0,5764000.0,8516000.0,0.0,1.992,43.27,45.018,105783000.0,0.0,1.891,0.865,0.865,4060000.0,19412000.0,40060000.0,40060000.0,0.0,,,,,0.0,0.0,1.0,60623320.0,60620000,62120000.0,0.661,140476000.0,1299000.0,1436000.0,12070000.0,2.317,16663000.0
93,PENN,MRQ,1998-03-31,1998-03-31,1998-03-31,2021-08-25,0.0,163951000.0,,31403000.0,132548000.0,,2.705,-3766000.0,23555000.0,23555000.0,16355000.0,1202000.0,1.785,0.0,80320000.0,197000.0,80123000.0,80320000.0,0.0,1417000.0,525000.0,0.0,0.0,3975000.0,5392000.0,0.162,5392000.0,3975000.0,1865000.0,0.02,0.02,0.02,163951000.0,,163951000.0,226105480.0,25.0,17.096,1863000.0,0.031,1.0,16998000.0,0.51,22902000.0,2110000.0,180218000.0,,0.0,0.0,0.0,0.0,0.0,17596000.0,91279000.0,167623480.0,1701000.0,0.0,18000.0,-16000.0,0.0,-162000.0,-3766000.0,0.0,5629000.0,0.0,1202000.0,1202000.0,1202000.0,0.0,0.0,0.036,13224000.0,3774000.0,9201000.0,0.0,1.022,73.294,72.763,105775000.0,0.0,2.765,1.503,1.503,3418000.0,55076000.0,33353000.0,33353000.0,0.0,,,,,0.0,0.0,1.0,60623320.0,60612000,62344000.0,0.55,141049000.0,2651000.0,663000.0,12040000.0,2.327,13807000.0
94,PENN,MRQ,1997-12-31,1997-12-31,1997-12-31,2021-08-25,0.0,158878000.0,,29024000.0,129854000.0,,0.889,-2804000.0,21854000.0,21854000.0,15462000.0,-1768000.0,2.103,1.95,80336000.0,204000.0,80132000.0,80336000.0,0.0,1339000.0,470000.0,0.0,0.0,-614000.0,725000.0,0.024,725000.0,-614000.0,-2553000.0,-0.028,-0.028,-0.028,53856000.0,,53856000.0,,,,-3298000.0,-0.054,1.0,14506000.0,0.484,23055000.0,1939000.0,180507000.0,,0.0,0.0,0.0,0.0,105022000.0,13798000.0,91224000.0,147769342.0,17903000.0,-1938000.0,-59000.0,26476000.0,0.0,23315000.0,-4918000.0,0.0,-494000.0,0.0,-1768000.0,-1768000.0,-1768000.0,0.0,0.0,-0.059,14641000.0,-135000.0,7405000.0,0.0,2.744,64.613,65.878,103161000.0,0.0,2.438,1.325,1.305,2257000.0,15735000.0,29968000.0,29968000.0,0.0,,,,,0.0,0.0,1.0,60623320.0,60588000,62000000.0,0.495,135823000.0,3472000.0,-785000.0,11741000.0,2.242,15226000.0
95,PENN,MRQ,1997-09-30,1997-09-30,1997-09-30,2021-08-25,,,,,,,,-10942000.0,,,16209000.0,740000.0,,,,,,,,1041000.0,,0.0,0.0,2237000.0,3278000.0,0.112,3278000.0,2237000.0,1260000.0,0.01,0.01,0.01,,,,,,,-3085000.0,-0.054,1.0,12955000.0,0.444,,977000.0,,,,,,,,,,,-876000.0,-310000.0,63000.0,8979000.0,0.0,8995000.0,-11076000.0,0.0,7857000.0,0.0,740000.0,740000.0,740000.0,0.0,0.0,0.025,10877000.0,2078000.0,,0.0,,,,,0.0,4.657,,,,,29164000.0,29164000.0,0.0,,,,,0.0,0.0,1.0,,57204000,62776000.0,0.51,,,520000.0,,,
96,PENN,MRQ,1997-06-30,1997-06-30,1997-06-30,2021-08-25,,,,,,,,-11684000.0,,,10983000.0,2113000.0,,,,,,,,243000.0,,0.0,0.0,3588000.0,3831000.0,0.201,3831000.0,3588000.0,4023000.0,0.035,0.035,0.035,,,,,,,-13998000.0,-0.232,1.0,8068000.0,0.423,,-435000.0,,,,,,,,,,,-2508000.0,-16000000.0,23064000.0,-2620000.0,0.0,21014000.0,-27860000.0,0.0,-2314000.0,0.0,2113000.0,2113000.0,2113000.0,0.0,0.0,0.111,4050000.0,4018000.0,,0.0,,,,,0.0,3.72,,,,,19051000.0,19051000.0,0.0,,,,,0.0,0.0,1.0,,60396000,60208000.0,0.315,,,1910000.0,,,
97,PENN,MRQ,1997-03-31,1997-03-31,1997-03-31,2021-08-25,,,,,,,,-3766000.0,,,16355000.0,1202000.0,,,,,,,,1417000.0,,0.0,0.0,3975000.0,5392000.0,0.162,5392000.0,3975000.0,1865000.0,0.02,0.02,0.02,,,,,,,1863000.0,0.031,1.0,16998000.0,0.51,,2110000.0,,,,,,,,,,,1701000.0,0.0,18000.0,-16000.0,0.0,-162000.0,-3766000.0,0.0,5629000.0,0.0,1202000.0,1202000.0,1202000.0,0.0,0.0,0.036,13224000.0,3774000.0,,0.0,,,,,0.0,4.125,,,,,33353000.0,33353000.0,0.0,,,,,0.0,0.0,1.0,,60612000,62344000.0,0.55,,,663000.0,,,
98,PENN,MRQ,1996-12-31,1996-12-31,1996-12-31,2021-08-25,0.0,96723000.0,,11569000.0,85154000.0,,0.524,,5634000.0,5634000.0,,,0.958,2.469,47517000.0,1563000.0,45954000.0,47517000.0,0.0,,420000.0,0.0,0.0,,,,,,,,,,27881000.0,,27881000.0,,,,,,1.0,,,21885000.0,,104643000.0,,0.0,0.0,0.0,0.0,68842000.0,12078000.0,56764000.0,,,,,,,,,,,,,,,,,,,,6487000.0,,,,34.926,58718000.0,,3.562,,3.017,4293000.0,13448000.0,,,,,,,,,,1.0,,53208000,,,74838000.0,90000.0,,11202000.0,1.407,-509000.0
0,PENN,MRT,2021-06-30,2021-06-30,2021-06-30,2021-08-25,0.0,15078200000.0,14861425000.0,2552400000.0,12525800000.0,0.335,18.963,-135300000.0,2274700000.0,2274700000.0,2455600000.0,443500000.0,2.664,4.097,11150000000.0,267900000.0,10882100000.0,11150000000.0,0.0,342300000.0,0.0,0.0,0.0,1061300000.0,1403600000.0,0.282,1403600000.0,1061300000.0,509200000.0,3.23,3.01,3.23,2958300000.0,2751125000.0,2958300000.0,21082018754.0,20.0,15.02,839000000.0,5.378,1.0,2522200000.0,0.507,2697300000.0,552100000.0,20298100000.0,20437825000.0,0.0,277300000.0,0.0,277300000.0,12120400000.0,958100000.0,11162300000.0,11959818754.0,1033800000.0,-8000000.0,1001300000.0,-814100000.0,0.0,173800000.0,-114300000.0,0.0,974300000.0,0.0,442700000.0,442700000.0,442700000.0,0.0,800000.0,0.089,1612000000.0,910200000.0,38300000.0,0.0,4.043,27.016,23.681,9223500000.0,0.0,76.49,2.403,2.397,138500000.0,-217600000.0,4977800000.0,4977800000.0,0.0,0.03,0.161,0.052,0.213,19000000.0,1262400000.0,1.0,156357939.0,156000000,172700000.0,31.909,12380900000.0,0.0,66500000.0,148100000.0,79.365,1594300000.0
1,PENN,MRT,2021-03-31,2021-03-31,2021-03-31,2021-08-25,0.0,14888200000.0,14672250000.0,2347700000.0,12540500000.0,0.255,17.703,-108600000.0,2062200000.0,2062200000.0,1861000000.0,30400000.0,2.478,4.402,11184400000.0,260200000.0,10924200000.0,11184400000.0,0.0,352300000.0,0.0,0.0,0.0,534200000.0,886500000.0,0.237,886500000.0,534200000.0,-14900000.0,0.27,0.15,0.27,2756300000.0,2388100000.0,2756300000.0,25709743297.0,48.0,29.001,443900000.0,2.851,1.0,1876500000.0,0.502,2669000000.0,549100000.0,20394100000.0,20753800000.0,0.0,275800000.0,0.0,275800000.0,12132400000.0,947300000.0,11185100000.0,16406043297.0,1336300000.0,-1800000.0,1352600000.0,-472500000.0,0.0,861400000.0,-77600000.0,0.0,552500000.0,0.0,30100000.0,30100000.0,30100000.0,0.0,300000.0,0.008,1509600000.0,366900000.0,26700000.0,0.0,5.952,545.051,388.296,9269100000.0,0.0,104.84,4.39,4.368,137500000.0,-416300000.0,3737500000.0,3737500000.0,0.0,0.002,0.013,0.026,0.143,12700000.0,1150000000.0,1.0,156486487.0,155700000,172800000.0,24.004,12219200000.0,0.0,-45000000.0,134600000.0,78.479,1400400000.0
2,PENN,MRT,2020-12-31,2020-12-31,2020-12-31,2021-08-25,0.0,14667300000.0,14434800000.0,2085000000.0,12582300000.0,0.248,19.822,-125700000.0,1853800000.0,1853800000.0,1868000000.0,-669100000.0,2.424,4.522,11157500000.0,251700000.0,10905800000.0,11157500000.0,0.0,366700000.0,0.0,0.0,0.0,-291400000.0,75300000.0,0.021,75300000.0,-291400000.0,-834600000.0,-5.0,-5.0,-5.0,2656200000.0,2018625000.0,2656200000.0,22816259359.0,-78.0,303.005,213100000.0,1.59,1.0,1710700000.0,0.478,2670600000.0,543200000.0,20440400000.0,21032300000.0,0.0,266800000.0,0.0,266800000.0,12011500000.0,860000000.0,11151500000.0,13415359359.0,1415200000.0,-143400000.0,1351500000.0,-27500000.0,0.0,1310100000.0,-233700000.0,0.0,338800000.0,0.0,-669500000.0,-669500000.0,-669500000.0,0.0,400000.0,-0.187,2120900000.0,-410200000.0,33200000.0,0.0,5.051,-20.038,-17.274,9347000000.0,0.0,86.37,3.749,3.234,96400000.0,-507300000.0,3578700000.0,3578700000.0,0.0,-0.046,-0.332,-0.014,-0.081,14500000.0,1130800000.0,1.0,155324295.0,134000000,134000000.0,26.707,11996700000.0,0.0,-165100000.0,126300000.0,89.528,1225000000.0
3,PENN,MRT,2020-09-30,2020-09-30,2020-09-30,2021-08-25,0.0,14812000000.0,14316600000.0,2186500000.0,12625500000.0,0.272,19.057,-162600000.0,1873100000.0,1873100000.0,2115900000.0,-774700000.0,2.373,4.625,11274000000.0,247300000.0,11026700000.0,11274000000.0,0.0,373100000.0,0.0,0.0,0.0,-414500000.0,-41400000.0,-0.011,-41400000.0,-414500000.0,-955300000.0,-6.73,-6.81,-6.73,2633700000.0,1817750000.0,2633700000.0,20751359779.0,-50.0,-501.241,242900000.0,1.758,1.0,1776600000.0,0.456,2672800000.0,540800000.0,20618700000.0,21142875000.0,0.0,263000000.0,0.0,263000000.0,12180300000.0,921400000.0,11258900000.0,10005659779.0,1461200000.0,-138700000.0,1345200000.0,25900000.0,0.0,1357000000.0,-301300000.0,0.0,405500000.0,0.0,-773100000.0,-773100000.0,-773100000.0,0.0,-1600000.0,-0.199,2295100000.0,-518500000.0,64400000.0,0.0,3.799,-12.942,-10.802,9425600000.0,0.0,72.7,2.57,2.581,138600000.0,-518400000.0,3892500000.0,3892500000.0,0.0,-0.054,-0.425,-0.02,-0.106,16200000.0,1132800000.0,1.0,137629433.0,138200000,155500000.0,28.166,12139200000.0,64000000.0,-182200000.0,120700000.0,87.838,1265100000.0
4,PENN,MRT,2020-06-30,2020-06-30,2020-06-30,2021-08-25,0.0,14321500000.0,14193100000.0,1646600000.0,12674900000.0,0.29,11.879,-180400000.0,1244300000.0,1244300000.0,2346400000.0,-872200000.0,1.989,8.509,11990000000.0,236800000.0,11753200000.0,11990000000.0,0.0,391700000.0,0.0,0.0,0.0,-487400000.0,-95700000.0,-0.023,-95700000.0,-487400000.0,-1019400000.0,-7.37,-7.36,-7.37,1506200000.0,1644275000.0,1506200000.0,14634214615.0,-30.0,-152.918,77400000.0,0.61,1.0,1770900000.0,0.43,2677400000.0,532000000.0,21562000000.0,21232575000.0,0.0,264000000.0,0.0,264000000.0,12816600000.0,827800000.0,11988800000.0,3567014615.0,872200000.0,-138100000.0,359900000.0,599400000.0,0.0,945800000.0,-331400000.0,-5100000.0,257800000.0,0.0,-871100000.0,-871100000.0,-871100000.0,0.0,-1100000.0,-0.212,2305800000.0,-534900000.0,30600000.0,0.0,2.368,-4.095,-4.144,9539300000.0,0.0,30.54,0.866,0.941,71100000.0,-660300000.0,4117300000.0,4117300000.0,0.0,-0.061,-0.53,-0.023,-0.118,17100000.0,1124900000.0,1.0,116798121.0,126800000,126800000.0,32.471,11644100000.0,64200000.0,-148300000.0,130500000.0,91.83,818800000.0
5,PENN,MRT,2020-03-31,2020-03-31,2020-03-31,2021-08-25,0.0,13938400000.0,14165031250.0,1270000000.0,12668400000.0,0.363,11.049,-206800000.0,730700000.0,730700000.0,2903200000.0,-606400000.0,1.56,9.904,11797900000.0,229100000.0,11568800000.0,11797900000.0,0.0,405800000.0,0.0,0.0,0.0,-145300000.0,260500000.0,0.051,260500000.0,-145300000.0,-677000000.0,-5.24,-5.23,-5.24,1278400000.0,1740702000.0,1278400000.0,12369330435.0,-85.0,47.483,338200000.0,2.923,1.0,2231700000.0,0.435,2683600000.0,531700000.0,21508100000.0,21065316250.0,0.0,264700000.0,0.0,264700000.0,12660800000.0,813900000.0,11846900000.0,1478330435.0,333300000.0,-1127500000.0,-18900000.0,455000000.0,0.0,432100000.0,-643800000.0,694900000.0,545000000.0,0.0,-605600000.0,-605600000.0,-605600000.0,0.0,-800000.0,-0.118,2402800000.0,-171100000.0,74300000.0,0.0,1.156,-2.441,-2.414,9562900000.0,0.0,12.65,0.288,0.285,50100000.0,-446400000.0,5134900000.0,5134900000.0,0.0,-0.043,-0.348,-0.007,-0.028,17500000.0,1207800000.0,1.0,116864066.0,115700000,115700000.0,44.381,11254800000.0,53900000.0,-71400000.0,177300000.0,97.276,456100000.0
6,PENN,MRT,2019-12-31,2019-12-31,2019-12-31,2021-08-25,0.0,14194500000.0,14054974000.0,642800000.0,13551700000.0,0.377,16.013,-201700000.0,437400000.0,437400000.0,2954500000.0,43100000.0,0.71,6.662,11328400000.0,234000000.0,11094400000.0,11328400000.0,0.0,414200000.0,0.0,0.0,0.0,621100000.0,1035300000.0,0.195,1035300000.0,621100000.0,86900000.0,0.38,0.37,0.38,1852700000.0,1886557250.0,1852700000.0,13954426721.0,22.0,13.479,502200000.0,4.341,1.0,2346900000.0,0.443,3297200000.0,534200000.0,20882700000.0,20642663750.0,0.0,128300000.0,0.0,128300000.0,12342600000.0,905600000.0,11437000000.0,2962726721.0,-26000000.0,-1359800000.0,-23000000.0,-95100000.0,0.0,-122400000.0,-607500000.0,956000000.0,703900000.0,0.0,43900000.0,43900000.0,43900000.0,0.0,-800000.0,0.008,1775000000.0,571900000.0,40300000.0,0.0,1.599,67.488,67.263,9957500000.0,0.0,25.56,0.559,0.558,88700000.0,161600000.0,5301400000.0,5301400000.0,0.0,0.003,0.023,0.03,0.117,14900000.0,1187700000.0,1.0,115912626.0,115700000,117800000.0,45.82,10897300000.0,0.0,43000000.0,244600000.0,94.186,-262800000.0
7,PENN,MRT,2019-09-30,2019-09-30,2019-09-30,2021-08-25,0.0,14318000000.0,13246599000.0,628200000.0,13689800000.0,0.386,16.839,466900000.0,406900000.0,406900000.0,2863000000.0,94100000.0,0.716,6.381,11398600000.0,238900000.0,11159700000.0,11398600000.0,0.0,409600000.0,0.0,0.0,0.0,697000000.0,1106600000.0,0.216,1106600000.0,697000000.0,103800000.0,0.65,0.67,0.65,1939800000.0,1606182250.0,1939800000.0,13167317581.0,19.0,11.899,1038700000.0,9.016,1.0,2252500000.0,0.44,3454900000.0,593200000.0,20977500000.0,19476563750.0,0.0,128500000.0,0.0,128500000.0,12378600000.0,877300000.0,11501300000.0,2158081581.0,179200000.0,-3301700000.0,-73900000.0,1343700000.0,0.0,1488500000.0,-1881100000.0,956000000.0,571800000.0,0.0,94500000.0,94500000.0,94500000.0,0.0,-400000.0,0.018,1567500000.0,685000000.0,39500000.0,0.0,1.113,22.837,28.654,9969900000.0,0.0,18.625,0.422,0.419,91600000.0,254100000.0,5115500000.0,5115500000.0,0.0,0.007,0.059,0.036,0.136,13600000.0,1123600000.0,1.0,115870152.0,115200000,116700000.0,44.405,10863100000.0,0.0,9300000.0,252800000.0,94.298,-249100000.0
8,PENN,MRT,2019-06-30,2019-06-30,2019-06-30,2021-08-25,0.0,14209225000.0,10938059500.0,609234000.0,13599991000.0,0.416,16.31,483870000.0,378766000.0,378766000.0,2556200000.0,86500000.0,0.708,6.511,11388002000.0,242406000.0,11145596000.0,11388002000.0,0.0,360151000.0,0.0,0.0,0.0,659800000.0,1019951000.0,0.224,1019951000.0,659800000.0,85500000.0,0.66,0.67,0.66,1891908000.0,1138846250.0,1891908000.0,12598640676.0,19.0,12.352,944811000.0,8.145,1.0,1994500000.0,0.438,3464990000.0,574300000.0,20892965000.0,16089963250.0,0.0,127219000.0,0.0,127219000.0,12317517000.0,860506000.0,11457011000.0,2256095676.0,187128000.0,-3282994000.0,-71995000.0,1418325000.0,0.0,1564771000.0,-1838584000.0,961114000.0,460941000.0,0.0,86700000.0,86700000.0,86700000.0,0.0,-200000.0,0.019,1333500000.0,661000000.0,28350000.0,0.0,1.192,26.022,29.182,9898675000.0,0.0,19.26,0.496,0.491,106442000.0,210242000.0,4550700000.0,4550700000.0,0.0,0.008,0.076,0.041,0.145,12768000.0,939000000.0,1.0,117138924.0,116000000,117700000.0,39.23,10744235000.0,0.0,-1200000.0,249318000.0,92.623,-251272000.0
9,PENN,MRT,2019-03-31,2019-03-31,2019-03-31,2021-08-25,0.0,13498171000.0,8658710750.0,639204000.0,12858967000.0,0.468,16.009,512343000.0,400280000.0,400280000.0,2295493000.0,89088000.0,0.779,6.25,10742825000.0,216873000.0,10525952000.0,10742825000.0,0.0,312710000.0,0.0,0.0,0.0,640103000.0,952813000.0,0.235,952813000.0,640103000.0,84630000.0,0.81,0.8,0.81,1861821000.0,672808250.0,1861821000.0,11429529000.0,18.0,11.996,923918000.0,7.944,1.0,1759020000.0,0.434,3202843000.0,555473000.0,19817490000.0,12743164000.0,0.0,127924000.0,0.0,127924000.0,11636360000.0,820383000.0,10815977000.0,2348484000.0,194668000.0,-2296600000.0,-42891000.0,1115293000.0,0.0,1290823000.0,-1507730000.0,276300000.0,411575000.0,0.0,89088000.0,89088000.0,89088000.0,0.0,0.0,0.022,1114665000.0,644355000.0,31388000.0,0.0,1.261,26.361,24.815,9422867000.0,0.0,20.1,0.579,0.577,114439000.0,158695000.0,4054513000.0,4054513000.0,0.0,0.01,0.132,0.05,0.158,12471000.0,784591000.0,1.0,116840000.0,116300000,118600000.0,34.863,10295328000.0,0.0,-4458000.0,265140000.0,88.524,-181179000.0
10,PENN,MRT,2018-12-31,2018-12-31,2018-12-31,2021-08-25,0.0,10961000000.0,6575551250.0,677600000.0,10283400000.0,0.546,7.53,487900000.0,479600000.0,479600000.0,2048000000.0,93500000.0,0.918,13.99,9560600000.0,129900000.0,9430700000.0,9560600000.0,0.0,269000000.0,0.0,0.0,0.0,628300000.0,897300000.0,0.25,897300000.0,628300000.0,89900000.0,0.96,0.93,0.96,731200000.0,198943250.0,731200000.0,6539808917.0,10.0,7.288,840700000.0,8.658,1.0,1539900000.0,0.429,3085300000.0,538400000.0,16218300000.0,9719640500.0,0.0,128500000.0,0.0,128500000.0,10229800000.0,738400000.0,9491400000.0,2238056917.0,201800000.0,-1926300000.0,-42600000.0,1096100000.0,0.0,1272100000.0,-1423100000.0,15200000.0,352800000.0,0.0,93500000.0,93500000.0,93500000.0,0.0,0.0,0.026,905800000.0,634100000.0,30500000.0,0.0,3.061,23.936,19.615,6868800000.0,0.0,18.83,0.624,0.51,106800000.0,-968000000.0,3587900000.0,3587900000.0,0.0,0.014,0.47,0.065,0.175,12000000.0,618900000.0,1.0,118855917.0,97100000,100300000.0,36.951,7875700000.0,80600000.0,-3600000.0,0.0,81.109,-60800000.0
11,PENN,MRT,2018-09-30,2018-09-30,2018-09-30,2021-08-25,0.0,5083842000.0,5144004250.0,348366000.0,4735476000.0,0.622,0.767,-147120000.0,244548000.0,244548000.0,1836230000.0,-202598000.0,0.737,71.156,4546300000.0,65138000.0,4481162000.0,4546300000.0,0.0,237212000.0,0.0,0.0,0.0,548987000.0,786199000.0,0.246,786199000.0,548987000.0,89574000.0,-2.24,-2.24,-2.24,70456000.0,-2143250.0,70456000.0,7428854337.0,14.0,9.449,275539000.0,2.998,1.0,1365534000.0,0.426,1481859000.0,459413000.0,7431098000.0,7611366750.0,0.0,124653000.0,0.0,124653000.0,5013386000.0,472637000.0,4540749000.0,3041364337.0,-20397000.0,19549000.0,10566000.0,-310511000.0,0.0,-329808000.0,-113248000.0,15200000.0,422659000.0,0.0,-202598000.0,-202598000.0,-202598000.0,0.0,0.0,-0.063,829084000.0,536450000.0,21801000.0,0.0,43.167,-15.012,-14.696,2650322000.0,0.0,32.92,0.95,0.945,49542000.0,-925918000.0,3201764000.0,3201764000.0,0.0,-0.039,94.528,0.072,0.171,10773000.0,530342000.0,1.0,92386523.0,91900000,,34.84,3601983000.0,385108000.0,292172000.0,107329000.0,39.195,-124271000.0
12,PENN,MRT,2018-06-30,2018-06-30,2018-06-30,2021-08-25,-1453000.0,5091830000.0,5265394000.0,308505000.0,4783325000.0,0.611,0.303,-149387000.0,200151000.0,200151000.0,1848913000.0,550642000.0,0.63,182.45,4587641000.0,74547000.0,4513094000.0,4587641000.0,0.0,246844000.0,0.0,0.0,0.0,537699000.0,784543000.0,0.244,784543000.0,537699000.0,74650000.0,6.05,5.81,6.05,27756000.0,45245750.0,27756000.0,7596411995.0,14.0,9.683,321554000.0,3.515,1.0,1369398000.0,0.426,1484208000.0,463049000.0,7505768000.0,7816139750.0,0.0,146593000.0,0.0,146593000.0,5064074000.0,489344000.0,4574730000.0,3085554995.0,-23517000.0,1299000.0,-7132000.0,-307118000.0,0.0,-359953000.0,-134505000.0,15186000.0,470941000.0,0.0,550642000.0,550642000.0,550642000.0,0.0,0.0,0.171,845085000.0,524313000.0,24131000.0,0.0,111.167,5.604,5.552,2680565000.0,0.0,33.59,0.959,0.955,54969000.0,-962043000.0,3218311000.0,3218311000.0,0.0,0.105,12.17,0.069,0.167,9758000.0,512443000.0,1.0,91859333.0,91468000,,35.185,3607622000.0,384777000.0,-475992000.0,101946000.0,39.441,-180839000.0
13,PENN,MRT,2018-03-31,2018-03-31,2018-03-31,2021-08-25,-1453000.0,5165533000.0,5238441250.0,334683000.0,4830850000.0,0.609,-0.369,-146196000.0,217997000.0,217997000.0,1834694000.0,513733000.0,0.704,-154.558,4728854000.0,87922000.0,4640932000.0,4728854000.0,0.0,257254000.0,0.0,0.0,0.0,492668000.0,749922000.0,0.235,749922000.0,492668000.0,28724000.0,5.65,5.42,5.65,-33639000.0,-91074500.0,-33639000.0,6920882736.0,14.0,9.229,313697000.0,3.44,1.0,1353167000.0,0.424,1477675000.0,463944000.0,7723396000.0,7867722750.0,0.0,168271000.0,0.0,168271000.0,5199172000.0,475319000.0,4723853000.0,2407373736.0,-40746000.0,-117391000.0,-8427000.0,-268753000.0,0.0,-239880000.0,-260759000.0,0.0,459893000.0,0.0,513733000.0,513733000.0,513733000.0,0.0,0.0,0.161,875620000.0,477547000.0,18782000.0,0.0,-71.565,4.686,4.648,2710652000.0,0.0,26.26,0.755,0.751,56563000.0,-1016031000.0,3187861000.0,3187861000.0,0.0,0.098,-5.641,0.063,0.155,8556000.0,509948000.0,1.0,91674552.0,91191000,,34.958,3687858000.0,388058000.0,-485009000.0,98254000.0,40.441,-140636000.0
14,PENN,MRT,2017-12-31,2017-12-31,2017-12-31,2021-08-25,-1453000.0,5234812000.0,5183818000.0,401032000.0,4833780000.0,0.607,-0.805,-100900000.0,277953000.0,277953000.0,1812900000.0,473400000.0,0.757,-72.567,4789058000.0,91860000.0,4697198000.0,4789058000.0,0.0,267100000.0,0.0,0.0,0.0,438100000.0,705200000.0,0.224,705200000.0,438100000.0,-25100000.0,5.21,5.07,5.21,-73146000.0,-217847750.0,-73146000.0,7461068837.0,17.0,10.58,376900000.0,4.146,1.0,1335100000.0,0.424,1430703000.0,463200000.0,7785205000.0,7869010250.0,0.0,169812000.0,0.0,169812000.0,5307958000.0,530009000.0,4777949000.0,2854025837.0,49200000.0,-120000000.0,-14400000.0,-230000000.0,0.0,-207000000.0,-221600000.0,0.0,477800000.0,0.0,473400000.0,473400000.0,473400000.0,0.0,0.0,0.15,889400000.0,445700000.0,26048000.0,0.0,-39.018,6.029,6.013,2756669000.0,0.0,31.33,0.907,0.905,62805000.0,-1051818000.0,3148000000.0,3148000000.0,0.0,0.091,-2.173,0.056,0.139,7800000.0,514500000.0,1.0,91095622.0,90900000,93400000.0,34.631,3804109000.0,390943000.0,-498500000.0,103744000.0,41.849,-128977000.0
15,PENN,MRT,2017-09-30,2017-09-30,2017-09-30,2021-08-25,-1185000.0,5569401000.0,5118736000.0,402328000.0,5167073000.0,0.61,2.847,-101546000.0,264907000.0,264907000.0,1797022000.0,816555000.0,0.817,20.42,4871950000.0,99018000.0,4772932000.0,4871950000.0,0.0,276797000.0,0.0,0.0,0.0,531851000.0,808648000.0,0.259,808648000.0,531851000.0,68156000.0,8.98,8.72,8.98,260012000.0,-335391250.0,260012000.0,6821243284.0,13.0,8.435,341724000.0,3.741,1.0,1324822000.0,0.424,1434051000.0,463695000.0,8250190000.0,7851641250.0,0.0,225048000.0,0.0,225048000.0,5309389000.0,492203000.0,4817186000.0,2136367284.0,59380000.0,106541000.0,-11619000.0,-440639000.0,0.0,-389462000.0,5572000.0,0.0,443270000.0,0.0,816555000.0,816555000.0,816555000.0,0.0,0.0,0.262,792035000.0,532787000.0,24104000.0,0.0,8.216,2.616,2.605,2785958000.0,0.0,23.39,0.684,0.684,54081000.0,-713758000.0,3121844000.0,3121844000.0,0.0,0.16,-2.435,0.068,0.17,8144000.0,484560000.0,1.0,91336780.0,91336780,,34.179,4135350000.0,635864000.0,-748399000.0,101182000.0,45.276,-89875000.0
16,PENN,MRT,2017-06-30,2017-06-30,2017-06-30,2021-08-25,-3022000.0,4984019000.0,5039305500.0,373553000.0,4610466000.0,0.611,-5.681,-85988000.0,224399000.0,224399000.0,1777183000.0,73750000.0,0.746,-10.63,4909275000.0,100199000.0,4809076000.0,4909275000.0,0.0,278217000.0,0.0,0.0,0.0,534750000.0,812967000.0,0.264,812967000.0,534750000.0,74942000.0,0.82,0.8,0.82,-517525000.0,-538859750.0,-517525000.0,6620581961.0,12.0,8.144,341852000.0,3.752,1.0,1304011000.0,0.423,1456219000.0,459808000.0,7712100000.0,7856527000.0,0.0,237065000.0,0.0,237065000.0,5501544000.0,500576000.0,5000968000.0,1949536961.0,-720000.0,-16326000.0,4919000.0,-412244000.0,0.0,-326823000.0,-101737000.0,0.0,427840000.0,0.0,73750000.0,73750000.0,73750000.0,0.0,0.0,0.024,775587000.0,528424000.0,28975000.0,0.0,-3.767,26.434,26.098,2827717000.0,0.0,21.4,0.633,0.633,48984000.0,-1503098000.0,3081194000.0,3081194000.0,0.0,0.015,-0.137,0.068,0.174,7808000.0,491735000.0,1.0,91099858.0,91099858,,33.822,3527800000.0,0.0,1192000.0,212830000.0,38.725,-127023000.0
17,PENN,MRT,2017-03-31,2017-03-31,2017-03-31,2021-08-25,-4239000.0,4947040000.0,5078989000.0,417117000.0,4529923000.0,0.601,-5.95,-82336000.0,259488000.0,259488000.0,1764338000.0,90706000.0,0.893,-10.149,4930533000.0,101632000.0,4828901000.0,4930533000.0,0.0,275430000.0,0.0,0.0,0.0,554204000.0,829634000.0,0.272,829634000.0,554204000.0,96477000.0,1.01,0.99,1.01,-540732000.0,-561209500.0,-540732000.0,6377750679.0,12.0,7.687,338434000.0,3.724,1.0,1289815000.0,0.422,1422417000.0,457727000.0,7728546000.0,8000920750.0,0.0,154974000.0,0.0,154974000.0,5487772000.0,467122000.0,5020650000.0,1675010679.0,41491000.0,54799000.0,4677000.0,-350483000.0,0.0,-347887000.0,-31392000.0,0.0,420770000.0,0.0,90706000.0,90706000.0,90706000.0,0.0,0.0,0.03,747043000.0,542772000.0,29292000.0,0.0,-3.098,18.466,18.248,2774323000.0,0.0,18.43,0.548,0.548,49490000.0,-1520177000.0,3054153000.0,3054153000.0,0.0,0.018,-0.162,0.069,0.181,7589000.0,471613000.0,1.0,90885007.0,90885007,,33.605,3524623000.0,0.0,5771000.0,208728000.0,38.781,-50005000.0
18,PENN,MRT,2016-12-31,2016-12-31,2016-12-31,2021-08-25,-4676000.0,4974484000.0,5124401000.0,399265000.0,4575219000.0,0.592,-6.552,-84767000.0,229510000.0,229510000.0,1757848000.0,109310000.0,0.744,-10.156,4932250000.0,144826000.0,4787424000.0,4932250000.0,0.0,271214000.0,0.0,0.0,0.0,579860000.0,851074000.0,0.28,851074000.0,579860000.0,120617000.0,1.21,1.19,1.21,-543320000.0,-588300750.0,-543320000.0,6148349378.0,11.0,7.224,323193000.0,3.897,1.0,1276532000.0,0.421,1425179000.0,459243000.0,7715729000.0,8152787250.0,0.0,247577000.0,0.0,247577000.0,5517804000.0,536316000.0,4981488000.0,1151776378.0,-11258000.0,5479000.0,11601000.0,-349471000.0,0.0,-339930000.0,-79288000.0,0.0,407960000.0,0.0,109310000.0,109310000.0,109310000.0,0.0,0.0,0.036,733516000.0,543016000.0,35091000.0,0.0,-2.12,10.537,11.397,2820383000.0,0.0,13.79,0.38,0.377,61855000.0,-1525281000.0,3034380000.0,3034380000.0,0.0,0.021,-0.186,0.071,0.191,6871000.0,462302000.0,1.0,83522580.0,82929000,91407000.0,36.59,3549305000.0,0.0,11307000.0,214099000.0,42.799,-137051000.0
19,PENN,MRT,2016-09-30,2016-09-30,2016-09-30,2021-08-25,-3494000.0,5251679000.0,5165468000.0,353030000.0,4898649000.0,0.586,-6.642,-84734000.0,201768000.0,201768000.0,1751032000.0,95212000.0,0.639,-10.482,5198341000.0,137672000.0,5060669000.0,5198341000.0,0.0,267781000.0,0.0,0.0,0.0,557310000.0,825091000.0,0.273,825091000.0,557310000.0,98185000.0,1.06,1.04,1.06,-553862000.0,-621981500.0,-553862000.0,6121701248.0,11.0,7.419,342960000.0,4.113,1.0,1274405000.0,0.421,1425622000.0,459125000.0,8269733000.0,8303679250.0,0.0,158304000.0,0.0,158304000.0,5805541000.0,552897000.0,5252644000.0,1131515248.0,-21721000.0,-289740000.0,6984000.0,-70006000.0,0.0,-74941000.0,-374474000.0,0.0,427694000.0,0.0,95212000.0,95212000.0,95212000.0,0.0,0.0,0.031,754613000.0,519792000.0,60823000.0,0.0,-2.043,11.884,12.802,2844992000.0,0.0,13.57,0.374,0.374,43209000.0,-1530313000.0,3025437000.0,3025437000.0,0.0,0.018,-0.153,0.067,0.184,6331000.0,447516000.0,1.0,83383585.0,83383585,,36.283,3826057000.0,0.0,2973000.0,211056000.0,45.885,-199867000.0
20,PENN,MRT,2016-06-30,2016-06-30,2016-06-30,2021-08-25,-3282000.0,5142753000.0,5138049750.0,342709000.0,4800044000.0,0.584,-7.443,-119579000.0,221360000.0,221360000.0,1729658000.0,53577000.0,0.634,-9.473,5211546000.0,159311000.0,5052235000.0,5211546000.0,0.0,266019000.0,0.0,0.0,0.0,557585000.0,823604000.0,0.275,823604000.0,557585000.0,101403000.0,0.6,0.58,0.6,-606924000.0,-652566500.0,-606924000.0,6178137446.0,11.0,7.501,288575000.0,3.539,1.0,1269479000.0,0.423,1302711000.0,456182000.0,8289675000.0,8312469000.0,0.0,162951000.0,0.0,162951000.0,5749677000.0,540553000.0,5209124000.0,1137448446.0,-11758000.0,-646046000.0,8490000.0,341259000.0,0.0,341713000.0,-761625000.0,0.0,408154000.0,0.0,53577000.0,53577000.0,53577000.0,0.0,0.0,0.018,746815000.0,522664000.0,68949000.0,0.0,-1.874,21.23,23.25,2894742000.0,0.0,13.95,0.379,0.379,47069000.0,-1576848000.0,2999137000.0,2999137000.0,0.0,0.01,-0.082,0.067,0.186,6839000.0,440754000.0,1.0,81537523.0,81537523,,36.782,3840042000.0,0.0,47826000.0,188543000.0,47.095,-197844000.0
21,PENN,MRT,2016-03-31,2016-03-31,2016-03-31,2021-08-25,-3242000.0,5128688000.0,5038580500.0,340420000.0,4788268000.0,0.582,-7.985,-169314000.0,214238000.0,214238000.0,1682148000.0,22525000.0,0.642,-8.901,5254927000.0,157762000.0,5097165000.0,5254927000.0,0.0,262112000.0,0.0,0.0,0.0,527061000.0,789173000.0,0.269,789173000.0,527061000.0,75768000.0,0.25,0.24,0.25,-649097000.0,-672412750.0,-649097000.0,6398412772.0,12.0,8.108,238480000.0,2.934,1.0,1248523000.0,0.426,1303091000.0,451293000.0,8336012000.0,8124554500.0,0.0,165356000.0,0.0,165356000.0,5777785000.0,530274000.0,5247511000.0,1356709772.0,-23491000.0,-617586000.0,8398000.0,353596000.0,0.0,355615000.0,-786900000.0,0.0,407794000.0,0.0,22525000.0,22525000.0,22525000.0,0.0,0.0,0.008,751835000.0,496688000.0,68059000.0,0.0,-2.09,60.231,66.76,2935270000.0,0.0,16.69,0.463,0.463,47029000.0,-1610883000.0,2930671000.0,2930671000.0,0.0,0.004,-0.033,0.065,0.18,7594000.0,449681000.0,1.0,81288782.0,81288782,,36.053,3825597000.0,0.0,53243000.0,159682000.0,47.062,-189854000.0
22,PENN,MRT,2015-12-31,2015-12-31,2015-12-31,2021-08-25,-4554000.0,5138752000.0,4937529750.0,372476000.0,4766276000.0,0.575,-8.475,-198679000.0,237009000.0,237009000.0,1621576000.0,686000.0,0.668,-8.579,5278712000.0,145781000.0,5132931000.0,5278712000.0,0.0,259461000.0,0.0,0.0,0.0,499737000.0,759198000.0,0.267,759198000.0,499737000.0,56610000.0,0.01,0.01,0.01,-678043000.0,-684295500.0,-678043000.0,2318469319.0,5.0,3.054,215129000.0,2.689,1.0,1216782000.0,0.429,1303384000.0,443127000.0,8319297000.0,7935798000.0,0.0,168149000.0,0.0,168149000.0,5816795000.0,557774000.0,5259021000.0,1284572319.0,28336000.0,-582326000.0,9399000.0,386134000.0,0.0,395533000.0,-781005000.0,0.0,413808000.0,0.0,686000.0,686000.0,686000.0,0.0,0.0,0.0,748936000.0,467846000.0,72816000.0,0.0,-1.895,1872.554,1602.0,2980068000.0,0.0,16.02,0.453,0.452,45186000.0,-1634591000.0,2838358000.0,2838358000.0,0.0,0.0,-0.001,0.063,0.176,8223000.0,449433000.0,1.0,80185538.0,80003000,90904000.0,35.478,3835368000.0,0.0,55924000.0,165407000.0,47.94,-185298000.0
23,PENN,MRT,2015-09-30,2015-09-30,2015-09-30,2021-08-25,-3946000.0,5142006000.0,4808979500.0,373654000.0,4768352000.0,0.573,-8.433,-233031000.0,223489000.0,223489000.0,1565853000.0,-140029000.0,0.699,-8.604,5265028000.0,139506000.0,5125522000.0,5265028000.0,0.0,256447000.0,0.0,0.0,0.0,349375000.0,605822000.0,0.22,605822000.0,349375000.0,-89773000.0,-1.8,-1.81,-1.8,-676202000.0,-691788250.0,-676202000.0,2379410328.0,7.0,3.928,98754000.0,1.232,1.0,1189899000.0,0.432,1343799000.0,439148000.0,8304892000.0,7732043000.0,0.0,171904000.0,0.0,171904000.0,5818208000.0,534854000.0,5283354000.0,1345513328.0,-7218000.0,-534076000.0,11645000.0,405803000.0,0.0,428104000.0,-767107000.0,0.0,331785000.0,0.0,-140029000.0,-140029000.0,-140029000.0,0.0,0.0,-0.051,869323000.0,320576000.0,68190000.0,0.0,-1.99,-9.609,-9.322,3029375000.0,0.0,16.78,0.488,0.488,40929000.0,-1625525000.0,2755752000.0,2755752000.0,0.0,-0.029,0.202,0.045,0.127,9100000.0,457552000.0,1.0,80185538.0,80185538,,34.367,3798207000.0,30267000.0,50256000.0,208593000.0,47.368,-161200000.0
24,PENN,MRT,2015-06-30,2015-06-30,2015-06-30,2021-08-25,-2459000.0,4744876000.0,4139252750.0,397589000.0,4347287000.0,0.643,-8.599,-266704000.0,233118000.0,233118000.0,1509878000.0,-160277000.0,0.734,-7.914,4859272000.0,98292000.0,4760980000.0,4859272000.0,0.0,252327000.0,0.0,0.0,0.0,308441000.0,560768000.0,0.211,560768000.0,308441000.0,-125234000.0,-2.06,-2.06,-2.06,-686309000.0,-323178250.0,-686309000.0,2513040853.0,8.0,4.481,51483000.0,0.645,1.0,1152517000.0,0.433,1291119000.0,433675000.0,7538017000.0,6170421750.0,0.0,173726000.0,0.0,173726000.0,5431185000.0,541894000.0,4889291000.0,1464567853.0,-18181000.0,-97795000.0,9283000.0,14043000.0,0.0,32131000.0,-368499000.0,0.0,318187000.0,0.0,-160277000.0,-160277000.0,-160277000.0,0.0,0.0,-0.06,868260000.0,284257000.0,73393000.0,0.0,-2.134,-9.138,-8.908,2694942000.0,0.0,18.35,0.55,0.55,45135000.0,-1630425000.0,2662395000.0,2662395000.0,0.0,-0.039,0.496,0.05,0.116,9991000.0,466283000.0,1.0,79812962.0,79812962,,33.358,3453757000.0,36603000.0,35043000.0,163920000.0,43.273,-144305000.0
25,PENN,MRT,2015-03-31,2015-03-31,2015-03-31,2021-08-25,-2998000.0,4724485000.0,3516498250.0,409887000.0,4314598000.0,0.743,-8.744,-238211000.0,237729000.0,237729000.0,1477969000.0,-159084000.0,0.813,-7.782,4890638000.0,98198000.0,4792440000.0,4890638000.0,0.0,259926000.0,0.0,0.0,0.0,203261000.0,463187000.0,0.177,463187000.0,203261000.0,-131508000.0,-2.04,-2.04,-2.04,-696628000.0,45337250.0,-696628000.0,2313527466.0,11.0,4.995,58612000.0,0.736,1.0,1135616000.0,0.435,1292289000.0,334769000.0,7580986000.0,4736626000.0,0.0,175574000.0,0.0,175574000.0,5421113000.0,504119000.0,4916994000.0,1247688466.0,-49966000.0,-175152000.0,6961000.0,25040000.0,0.0,40988000.0,-387777000.0,0.0,296823000.0,0.0,-159084000.0,-159084000.0,-159084000.0,0.0,0.0,-0.061,951338000.0,184278000.0,66587000.0,0.0,-1.791,-7.843,-7.676,2682661000.0,0.0,15.66,0.477,0.477,40918000.0,-1633408000.0,2613585000.0,2613585000.0,0.0,-0.045,-3.509,0.043,0.078,10171000.0,455280000.0,1.0,79673593.0,79673593,,32.804,3432196000.0,33907000.0,27576000.0,153170000.0,43.078,-94232000.0
26,PENN,MRT,2014-12-31,2014-12-31,2014-12-31,2021-08-25,-1282000.0,4624551000.0,2898737000.0,332265000.0,4292286000.0,0.894,-9.028,-226480000.0,208673000.0,208673000.0,1465951000.0,-183822000.0,0.686,-7.532,4866623000.0,91417000.0,4775206000.0,4866623000.0,0.0,266742000.0,0.0,0.0,0.0,271811000.0,538553000.0,0.208,538553000.0,271811000.0,-153303000.0,-2.34,-2.34,-2.34,-708014000.0,414031500.0,-708014000.0,2082326778.0,8.0,3.867,35743000.0,0.456,1.0,1124576000.0,0.434,1293637000.0,425114000.0,7504277000.0,3284397500.0,0.0,179551000.0,0.0,179551000.0,5332565000.0,484587000.0,4847978000.0,1080603778.0,-84322000.0,-167056000.0,9799000.0,8832000.0,0.0,28991000.0,-375536000.0,0.0,262223000.0,0.0,-183822000.0,-183822000.0,-183822000.0,0.0,0.0,-0.071,867388000.0,257188000.0,43136000.0,0.0,-1.526,-5.879,-5.868,2669732000.0,0.0,13.73,0.417,0.416,41618000.0,-1635277000.0,2590527000.0,2590527000.0,0.0,-0.063,-0.444,0.083,0.105,10666000.0,446436000.0,1.0,78703844.0,78425000,78425000.0,33.032,3330914000.0,0.0,30519000.0,97297000.0,42.473,-152322000.0
27,PENN,MRT,2014-09-30,2014-09-30,2014-09-30,2021-08-25,-574000.0,2463099000.0,2288597000.0,404073000.0,2059026000.0,1.067,10.151,-200370000.0,230707000.0,230707000.0,1386185000.0,-682295000.0,0.918,2.086,1232430000.0,33582000.0,1198848000.0,1232430000.0,0.0,279723000.0,0.0,0.0,0.0,-582647000.0,-302924000.0,-0.124,-302924000.0,-582647000.0,-790620000.0,-8.52,-8.46,-8.52,798238000.0,780635000.0,798238000.0,1693904191.0,-3.0,-5.592,62022000.0,0.789,1.0,1056815000.0,0.433,966144000.0,207973000.0,2058407000.0,1841151500.0,0.0,183067000.0,0.0,183067000.0,1664861000.0,440271000.0,1224590000.0,881533191.0,-37164000.0,-153834000.0,12379000.0,896127000.0,0.0,53857000.0,-353413000.0,191000.0,262392000.0,0.0,-682295000.0,-682295000.0,-682295000.0,-11545000.0,0.0,-0.279,1606873000.0,-550058000.0,41689000.0,0.0,1.104,-1.292,-1.316,745355000.0,0.0,11.21,0.361,0.361,42303000.0,-113584000.0,2443000000.0,2443000000.0,0.0,-0.298,-0.874,-0.316,-0.238,12751000.0,452678000.0,1.0,78638108.0,78638108,,31.066,1496955000.0,83487000.0,-108325000.0,84608000.0,19.036,-36198000.0
28,PENN,MRT,2014-06-30,2014-06-30,2014-06-30,2021-08-25,302000.0,2253858000.0,3022006750.0,497101000.0,1756757000.0,0.831,10.023,-162415000.0,251299000.0,251299000.0,1428837000.0,-625630000.0,1.256,1.861,1063670000.0,35694000.0,1027976000.0,1063670000.0,0.0,297670000.0,0.0,0.0,0.0,-597890000.0,-300220000.0,-0.12,-300220000.0,-597890000.0,-724990000.0,-7.89,-7.86,-7.89,787753000.0,1179131750.0,787753000.0,1741374325.0,-3.0,-5.8,143650000.0,1.828,1.0,1082658000.0,0.431,867715000.0,127100000.0,1802834000.0,2589603750.0,0.0,187307000.0,0.0,187307000.0,1466105000.0,395680000.0,1070425000.0,954132325.0,16164000.0,-107240000.0,24764000.0,807042000.0,0.0,-21037000.0,-268864000.0,191000.0,306065000.0,0.0,-625630000.0,-625630000.0,-625630000.0,-11545000.0,0.0,-0.249,1645289000.0,-562631000.0,60773000.0,0.0,1.211,-1.525,-1.539,557044000.0,0.0,12.14,0.38,0.38,69521000.0,-121601000.0,2511495000.0,2511495000.0,0.0,-0.207,-0.531,-0.231,-0.238,16204000.0,467473000.0,1.0,78594096.0,78594096,,31.955,1386143000.0,76189000.0,-99360000.0,92087000.0,17.637,101421000.0
29,PENN,MRT,2014-03-31,2014-03-31,2014-03-31,2021-08-25,-317000.0,2253440000.0,3816884750.0,507637000.0,1745803000.0,0.687,9.961,-172802000.0,287695000.0,287695000.0,1495126000.0,-641986000.0,1.286,1.896,1074937000.0,40102000.0,1034835000.0,1074937000.0,0.0,308411000.0,0.0,0.0,0.0,-568265000.0,-259854000.0,-0.099,-259854000.0,-568265000.0,-711533000.0,-8.1,-8.07,-8.1,778149000.0,1564598000.0,778149000.0,1723274792.0,-3.0,-6.632,190613000.0,2.44,1.0,1125594000.0,0.429,873777000.0,143268000.0,1772072000.0,3443303250.0,0.0,190312000.0,0.0,190312000.0,1475291000.0,394833000.0,1080458000.0,962457792.0,39993000.0,-7824000.0,41655000.0,684929000.0,0.0,-125805000.0,-197617000.0,6870000.0,363415000.0,0.0,-641986000.0,-641986000.0,-641986000.0,-11545000.0,0.0,-0.245,1664726000.0,-539132000.0,24887000.0,0.0,1.237,-1.499,-1.521,550427000.0,0.0,12.32,0.367,0.367,53137000.0,-125777000.0,2620720000.0,2620720000.0,0.0,-0.168,-0.41,-0.165,-0.217,19137000.0,488305000.0,1.0,78121574.0,78121574,,33.547,1379663000.0,71715000.0,-69547000.0,94020000.0,17.66,112804000.0
30,PENN,MRT,2013-12-31,2013-12-31,2013-12-31,2021-08-25,383000.0,2183991000.0,4644918750.0,508861000.0,1675130000.0,0.598,9.709,-196076000.0,292995000.0,292995000.0,1583794000.0,-581252000.0,1.408,1.88,1053812000.0,30618000.0,1023194000.0,1053812000.0,0.0,315297000.0,0.0,0.0,0.0,-454935000.0,-139638000.0,-0.05,-139638000.0,-454935000.0,-614832000.0,-7.44,-7.44,-7.44,758400000.0,1949714250.0,758400000.0,3244031888.0,-7.0,-23.232,257691000.0,3.299,1.0,1194092000.0,0.43,852046000.0,159897000.0,1731293000.0,4347091750.0,0.0,193331000.0,0.0,193331000.0,1425591000.0,361469000.0,1064122000.0,1108379888.0,32528000.0,249000.0,51535000.0,586532000.0,0.0,-240882000.0,-180357000.0,6870000.0,453767000.0,0.0,-581252000.0,-581252000.0,-581252000.0,-11545000.0,0.0,-0.209,1617960000.0,-423868000.0,22580000.0,0.0,1.461,-1.907,-1.926,497457000.0,0.0,14.33,0.399,0.403,52538000.0,-130314000.0,2777886000.0,2777886000.0,0.0,-0.125,-0.298,-0.105,-0.164,22809000.0,516143000.0,1.0,77346817.0,78111000,78111000.0,35.563,1331945000.0,71093000.0,-33580000.0,85931000.0,17.052,147392000.0
31,PENN,MRT,2013-09-30,2013-09-30,2013-09-30,2021-08-25,931000.0,5396738000.0,5509935250.0,401235000.0,4995503000.0,0.509,30.323,-261655000.0,267871000.0,267871000.0,1601223000.0,113173000.0,0.839,1.256,2403523000.0,103594000.0,2299929000.0,2403523000.0,0.0,312624000.0,0.0,0.0,0.0,342946000.0,655570000.0,0.234,655570000.0,342946000.0,236597000.0,1.14,1.09,1.14,2392225000.0,2322846500.0,2392225000.0,6616684170.0,19.0,10.093,335732000.0,4.256,1.0,1205997000.0,0.43,2002011000.0,106349000.0,5052216000.0,5297076250.0,0.0,195825000.0,0.0,195825000.0,3004513000.0,478163000.0,2526350000.0,4367494170.0,50439000.0,-596928000.0,67620000.0,223832000.0,0.0,270131000.0,-817079000.0,6679000.0,597387000.0,0.0,113173000.0,113173000.0,113173000.0,-22919000.0,0.0,0.04,904361000.0,301636000.0,28317000.0,0.0,1.826,38.591,48.561,2642297000.0,0.0,55.36,1.556,1.556,43182000.0,889581000.0,2807220000.0,2807220000.0,0.0,0.021,0.049,0.065,0.122,24484000.0,531481000.0,1.0,78892597.0,78892597,,35.583,3394727000.0,38987000.0,123424000.0,291254000.0,43.03,-76928000.0
32,PENN,MRT,2013-06-30,2013-06-30,2013-06-30,2021-08-25,629000.0,5433370000.0,5402799750.0,401282000.0,5032088000.0,0.518,29.642,-330086000.0,235135000.0,235135000.0,1599540000.0,118302000.0,0.878,1.332,2484325000.0,90719000.0,2393606000.0,2484325000.0,0.0,295055000.0,0.0,0.0,0.0,345174000.0,640229000.0,0.229,640229000.0,345174000.0,243932000.0,1.2,1.13,1.2,2329618000.0,2274510500.0,2329618000.0,6538470545.0,19.0,10.213,237647000.0,3.024,1.0,1200289000.0,0.429,2007880000.0,101242000.0,5217632000.0,5231633750.0,0.0,201547000.0,0.0,201547000.0,3103752000.0,457048000.0,2646704000.0,4159032545.0,31009000.0,-656402000.0,56204000.0,364668000.0,0.0,407960000.0,-944684000.0,6679000.0,567733000.0,0.0,118302000.0,118302000.0,118302000.0,-22919000.0,0.0,0.042,893267000.0,307022000.0,25256000.0,0.0,1.785,35.156,44.1,2678003000.0,0.0,52.92,1.485,1.485,52345000.0,848264000.0,2799829000.0,2799829000.0,0.0,0.022,0.052,0.066,0.123,25003000.0,537956000.0,1.0,78590940.0,78590940,,35.625,3425490000.0,36674000.0,125630000.0,311905000.0,43.586,-55766000.0
33,PENN,MRT,2013-03-31,2013-03-31,2013-03-31,2021-08-25,2532000.0,5565576000.0,5240204500.0,427458000.0,5138118000.0,0.525,29.835,-409472000.0,247702000.0,247702000.0,1584601000.0,197149000.0,0.906,1.4,2627140000.0,101824000.0,2525316000.0,2627140000.0,0.0,271231000.0,0.0,0.0,0.0,422516000.0,693747000.0,0.252,693747000.0,422516000.0,330511000.0,2.06,1.92,2.06,2318614000.0,2227894500.0,2318614000.0,6704029559.0,16.0,9.664,108881000.0,1.401,1.0,1166408000.0,0.424,2086073000.0,92005000.0,5387226000.0,5090911250.0,0.0,201727000.0,0.0,201727000.0,3246962000.0,471715000.0,2775247000.0,4230070559.0,30251000.0,-706350000.0,42754000.0,575322000.0,0.0,603870000.0,-1091972000.0,0.0,518353000.0,0.0,197149000.0,197149000.0,197149000.0,-22919000.0,0.0,0.072,778252000.0,388156000.0,37198000.0,0.0,1.824,21.456,26.422,2707172000.0,0.0,54.43,1.538,1.538,56888000.0,860444000.0,2751009000.0,2751009000.0,0.0,0.038,0.088,0.083,0.154,26949000.0,524477000.0,1.0,77715792.0,77715792,,35.398,3479503000.0,36863000.0,133362000.0,304194000.0,44.772,-44257000.0
34,PENN,MRT,2012-12-31,2012-12-31,2012-12-31,2021-08-25,3022000.0,5644057000.0,5011301250.0,487140000.0,5156917000.0,0.537,29.484,-467662000.0,260467000.0,260467000.0,1560291000.0,210497000.0,0.975,1.507,2734426000.0,85353000.0,2649073000.0,2734426000.0,0.0,247497000.0,0.0,0.0,0.0,430070000.0,677567000.0,0.252,677567000.0,430070000.0,347946000.0,2.22,2.03,2.22,2250929000.0,2164365500.0,2250929000.0,5727858031.0,13.0,8.454,39527000.0,0.518,1.0,1128531000.0,0.42,2087166000.0,82124000.0,5531231000.0,4864046750.0,0.0,204506000.0,0.0,204506000.0,3393128000.0,499619000.0,2893509000.0,3766280031.0,22027000.0,-745450000.0,31933000.0,665311000.0,0.0,703325000.0,-1188487000.0,0.0,507189000.0,0.0,210497000.0,210497000.0,210497000.0,-22919000.0,0.0,0.078,731075000.0,397456000.0,38268000.0,0.0,1.673,17.892,22.122,2730797000.0,0.0,49.11,1.401,1.394,53720000.0,795173000.0,2688822000.0,2688822000.0,0.0,0.042,0.097,0.088,0.16,28609000.0,504897000.0,1.0,76690695.0,76345000,103804000.0,35.219,3556891000.0,39793000.0,137449000.0,292360000.0,46.59,-12479000.0
35,PENN,MRT,2012-09-30,2012-09-30,2012-09-30,2021-08-25,3017000.0,4968196000.0,4751873500.0,439127000.0,4529069000.0,0.596,28.708,-450057000.0,217432000.0,217432000.0,1661850000.0,235763000.0,1.006,1.259,2179010000.0,49535000.0,2129475000.0,2179010000.0,0.0,224420000.0,0.0,0.0,0.0,469034000.0,693454000.0,0.245,693454000.0,469034000.0,392300000.0,2.49,2.22,2.49,2198881000.0,2094541000.0,2198881000.0,5207703443.0,11.0,7.51,16996000.0,0.222,1.0,1170254000.0,0.413,1702740000.0,76734000.0,4790446000.0,4581024500.0,0.0,208748000.0,0.0,208748000.0,2769315000.0,436588000.0,2332727000.0,3302797443.0,9611000.0,-171527000.0,-62024000.0,198119000.0,0.0,149267000.0,-606709000.0,0.0,467053000.0,0.0,235763000.0,235763000.0,235763000.0,0.0,0.0,0.083,695039000.0,475215000.0,57605000.0,0.0,1.502,14.009,17.317,2495122000.0,0.0,43.12,1.166,1.166,56851000.0,774934000.0,2832104000.0,2832104000.0,0.0,0.05,0.113,0.102,0.166,28069000.0,477886000.0,1.0,76595488.0,76595488,,36.975,3265456000.0,36146000.0,156537000.0,255046000.0,42.632,2539000.0
36,PENN,MRT,2012-06-30,2012-06-30,2012-06-30,2021-08-25,2236000.0,4782989000.0,4630889750.0,377409000.0,4405580000.0,0.612,27.995,-424850000.0,204126000.0,204126000.0,1672934000.0,260120000.0,0.984,1.232,2109032000.0,49599000.0,2059433000.0,2109032000.0,0.0,214216000.0,0.0,0.0,0.0,503892000.0,718108000.0,0.253,718108000.0,503892000.0,423597000.0,2.73,2.44,2.73,2143154000.0,2042549500.0,2143154000.0,5238369382.0,10.0,7.295,82424000.0,1.077,1.0,1163031000.0,0.41,1649516000.0,80295000.0,4654742000.0,4453442250.0,0.0,216478000.0,0.0,216478000.0,2639835000.0,383637000.0,2256198000.0,3413539382.0,-117859000.0,-112984000.0,-87648000.0,-20965000.0,0.0,-105636000.0,-519497000.0,0.0,507274000.0,0.0,260120000.0,260120000.0,260120000.0,0.0,0.0,0.092,656147000.0,506884000.0,30332000.0,0.0,1.593,13.123,16.333,2420087000.0,0.0,44.59,1.204,1.204,53602000.0,728488000.0,2835965000.0,2835965000.0,0.0,0.056,0.127,0.113,0.178,27288000.0,449168000.0,1.0,76553922.0,76553922,,37.045,3133473000.0,31856000.0,163477000.0,234630000.0,40.932,-6228000.0
37,PENN,MRT,2012-03-31,2012-03-31,2012-03-31,2021-08-25,2536000.0,4649963000.0,4572009500.0,377206000.0,4272757000.0,0.615,27.061,-344125000.0,217451000.0,217451000.0,1659364000.0,269442000.0,0.956,1.252,2042281000.0,56262000.0,1986019000.0,2042281000.0,0.0,211655000.0,0.0,0.0,0.0,513521000.0,725176000.0,0.258,725176000.0,513521000.0,424940000.0,2.82,2.52,2.82,2064498000.0,1991288250.0,2064498000.0,5100084206.0,10.0,7.033,243574000.0,3.193,1.0,1151929000.0,0.41,1600445000.0,88581000.0,4479768000.0,4394331500.0,0.0,215416000.0,0.0,215416000.0,2585465000.0,394580000.0,2190885000.0,3278996206.0,-17027000.0,-105912000.0,-87168000.0,-128468000.0,0.0,-213176000.0,-391550000.0,0.0,587699000.0,0.0,269442000.0,269442000.0,269442000.0,0.0,0.0,0.096,632468000.0,519461000.0,29447000.0,0.0,1.588,12.17,15.241,2339781000.0,0.0,42.98,1.166,1.166,55569000.0,661821000.0,2811293000.0,2811293000.0,0.0,0.059,0.135,0.117,0.183,26016000.0,436239000.0,1.0,76291210.0,76291210,,36.85,3049518000.0,29679000.0,155498000.0,283179000.0,39.972,-17374000.0
38,PENN,MRT,2011-12-31,2011-12-31,2011-12-31,2021-08-25,2318000.0,4606346000.0,4518215500.0,415789000.0,4190557000.0,0.607,25.202,-280115000.0,238440000.0,238440000.0,1620739000.0,242351000.0,0.975,1.336,2059528000.0,60922000.0,1998606000.0,2059528000.0,0.0,211476000.0,0.0,0.0,0.0,488796000.0,700272000.0,0.255,700272000.0,488796000.0,389232000.0,2.52,2.26,2.52,1971631000.0,1937183000.0,1971631000.0,4740718314.0,10.0,6.77,287250000.0,3.672,1.0,1121518000.0,0.409,1601952000.0,99564000.0,4399142000.0,4207145250.0,0.0,174116000.0,0.0,174116000.0,2634715000.0,426340000.0,2208375000.0,2978367314.0,-7945000.0,-91524000.0,-88487000.0,-150578000.0,0.0,-236508000.0,-338802000.0,0.0,567365000.0,0.0,242351000.0,242351000.0,242351000.0,0.0,0.0,0.088,621937000.0,499581000.0,39582000.0,0.0,1.511,12.289,15.107,2277200000.0,0.0,38.07,1.086,1.086,56527000.0,583202000.0,2742257000.0,2742257000.0,0.0,0.054,0.125,0.116,0.178,24330000.0,423718000.0,1.0,78233972.0,78233972,,35.052,3004394000.0,32306000.0,146881000.0,256703000.0,38.403,-10551000.0
39,PENN,MRT,2011-09-30,2011-09-30,2011-09-30,2021-08-25,31000.0,4484261000.0,4482348750.0,370332000.0,4113929000.0,0.601,25.226,-269335000.0,207821000.0,207821000.0,1588805000.0,45188000.0,1.018,1.252,1970172000.0,47980000.0,1922192000.0,1970172000.0,0.0,214295000.0,0.0,0.0,0.0,268310000.0,482605000.0,0.179,482605000.0,268310000.0,159061000.0,0.32,0.21,0.32,1990915000.0,1888716750.0,1990915000.0,4409226436.0,16.0,9.136,292209000.0,3.702,1.0,1107223000.0,0.411,1602825000.0,109249000.0,4280117000.0,4134055250.0,0.0,153762000.0,0.0,153762000.0,2493346000.0,363670000.0,2129676000.0,2627398436.0,-147621000.0,-308479000.0,-9272000.0,-161107000.0,0.0,-165153000.0,-544012000.0,0.0,561544000.0,0.0,45188000.0,45188000.0,45188000.0,0.0,0.0,0.017,814859000.0,292364000.0,23221000.0,0.0,1.32,58.144,104.031,2221467000.0,0.0,33.29,0.975,0.975,42765000.0,539171000.0,2696028000.0,2696028000.0,0.0,0.01,0.024,0.065,0.1,24653000.0,422477000.0,1.0,78924555.0,78924555,,34.16,2881436000.0,28833000.0,113873000.0,251042000.0,36.509,6662000.0
40,PENN,MRT,2011-06-30,2011-06-30,2011-06-30,2021-08-25,-73000.0,4547468000.0,4483703250.0,485485000.0,4061983000.0,0.585,24.588,-258293000.0,321985000.0,321985000.0,1546205000.0,22730000.0,1.571,1.346,2103813000.0,8729000.0,2095084000.0,2103813000.0,0.0,215942000.0,0.0,0.0,0.0,250909000.0,466851000.0,0.178,466851000.0,250909000.0,132762000.0,0.1,0.01,0.1,1938109000.0,1868186000.0,1938109000.0,5088534024.0,20.0,10.9,302513000.0,3.838,1.0,1077174000.0,0.411,1601980000.0,118147000.0,4418299000.0,4097367500.0,0.0,142978000.0,0.0,142978000.0,2609359000.0,309017000.0,2300342000.0,3179744024.0,-76219000.0,-385467000.0,-9605000.0,-1133000.0,0.0,-30657000.0,-606368000.0,0.0,560806000.0,0.0,22730000.0,22730000.0,22730000.0,0.0,0.0,0.009,804683000.0,272491000.0,19391000.0,0.0,1.641,139.892,403.4,2179737000.0,0.0,40.34,1.212,1.212,52664000.0,468368000.0,2623379000.0,2623379000.0,0.0,0.005,0.012,0.061,0.096,25250000.0,415744000.0,1.0,78823600.0,78823600,,33.282,2945488000.0,25459000.0,110032000.0,235805000.0,37.368,176468000.0
41,PENN,MRT,2011-03-31,2011-03-31,2011-03-31,2021-08-25,-3268000.0,4434787000.0,4465457750.0,421154000.0,4013633000.0,0.567,23.531,-296412000.0,234478000.0,234478000.0,1500164000.0,-46287000.0,0.417,1.4,2143268000.0,753810000.0,1389458000.0,2143268000.0,0.0,214365000.0,0.0,0.0,0.0,165360000.0,379725000.0,0.15,379725000.0,165360000.0,40411000.0,-0.6,-0.61,-0.6,1848077000.0,1858996000.0,1848077000.0,4846942233.0,29.0,12.764,205320000.0,2.614,1.0,1033647000.0,0.408,1602468000.0,124949000.0,3731023000.0,4014910000.0,0.0,302506000.0,0.0,302506000.0,2586710000.0,1010086000.0,1576624000.0,2910602233.0,-408029000.0,-366510000.0,-21795000.0,-169206000.0,0.0,-210454000.0,-699307000.0,0.0,501732000.0,0.0,-44103000.0,-44103000.0,-44103000.0,0.0,-2184000.0,-0.017,850037000.0,183610000.0,14174000.0,0.0,1.575,-65.996,-61.767,1974705000.0,0.0,37.06,1.149,1.149,41512000.0,392512000.0,2533811000.0,2533811000.0,0.0,-0.01,-0.024,0.041,0.065,25795000.0,420375000.0,1.0,78537567.0,78537567,,32.262,2832319000.0,21624000.0,84514000.0,219439000.0,36.063,-588932000.0
42,PENN,MRT,2010-12-31,2010-12-31,2010-12-31,2021-08-25,-7885000.0,4462879000.0,4520698000.0,465953000.0,3996926000.0,0.544,22.786,-361328000.0,246385000.0,246385000.0,1464897000.0,-61660000.0,0.674,1.51,2182725000.0,369529000.0,1813196000.0,2182725000.0,0.0,212387000.0,0.0,0.0,0.0,136926000.0,349313000.0,0.142,349313000.0,136926000.0,6711000.0,-0.76,-0.76,-0.76,1777766000.0,1868677500.0,1777766000.0,4491255959.0,33.0,12.857,131850000.0,1.69,1.0,994214000.0,0.404,1600908000.0,130215000.0,4106782000.0,4132295000.0,0.0,294620000.0,0.0,294620000.0,2685113000.0,691529000.0,1993584000.0,2742389959.0,-466733000.0,-350027000.0,-24370000.0,-165894000.0,0.0,-223153000.0,-736758000.0,0.0,493178000.0,0.0,-59467000.0,-59467000.0,-59467000.0,0.0,-2193000.0,-0.024,840988000.0,153226000.0,17312000.0,0.0,1.543,-46.116,-46.25,1965774000.0,0.0,35.15,1.115,1.115,44463000.0,337940000.0,2459111000.0,2459111000.0,0.0,-0.013,-0.032,0.033,0.056,25954000.0,411415000.0,1.0,78019629.0,78019629,,31.519,2861971000.0,25206000.0,66178000.0,217867000.0,36.683,-225576000.0
43,PENN,MRT,2010-09-30,2010-09-30,2010-09-30,2021-08-25,-13386000.0,4489679000.0,4583132250.0,541894000.0,3947785000.0,0.52,24.509,-345327000.0,355442000.0,355442000.0,1428279000.0,-266433000.0,1.754,1.352,2104308000.0,6203000.0,2098105000.0,2104308000.0,0.0,210684000.0,0.0,0.0,0.0,-198671000.0,12013000.0,0.005,12013000.0,-198671000.0,-335396000.0,-3.36,-3.35,-3.36,1908792000.0,1887396250.0,1908792000.0,4011100747.0,-20.0,333.897,85789000.0,1.102,1.0,956417000.0,0.401,1796252000.0,136725000.0,4133366000.0,4141669250.0,0.0,70936000.0,0.0,70936000.0,2580887000.0,308927000.0,2271960000.0,2306106747.0,-408967000.0,-132556000.0,-30737000.0,-293182000.0,0.0,-357314000.0,-482769000.0,0.0,431116000.0,0.0,-261775000.0,-261775000.0,-261775000.0,0.0,-4658000.0,-0.11,1161435000.0,-205018000.0,19867000.0,0.0,1.208,-8.809,-8.812,1945538000.0,0.0,29.61,0.967,0.967,43917000.0,491072000.0,2384696000.0,2384696000.0,0.0,-0.057,-0.139,-0.048,-0.083,26213000.0,404182000.0,1.0,77882700.0,77882700,,30.619,2693427000.0,21479000.0,-73621000.0,216830000.0,34.583,232967000.0
44,PENN,MRT,2010-06-30,2010-06-30,2010-06-30,2021-08-25,-18268000.0,4474486000.0,4773522250.0,597502000.0,3876984000.0,0.496,23.958,-366365000.0,398204000.0,398204000.0,1423951000.0,-293427000.0,1.918,1.355,2103198000.0,5111000.0,2098087000.0,2103198000.0,0.0,206897000.0,0.0,0.0,0.0,-231700000.0,-24803000.0,-0.01,-24803000.0,-231700000.0,-372798000.0,-3.65,-3.61,-3.65,1901349000.0,1958730750.0,1901349000.0,3496118029.0,-15.0,-140.955,29916000.0,0.377,1.0,942915000.0,0.398,1779540000.0,141098000.0,4088469000.0,4170521250.0,0.0,38086000.0,0.0,38086000.0,2575895000.0,311471000.0,2264424000.0,1833260029.0,-396913000.0,-70595000.0,-5112000.0,-305802000.0,0.0,-318995000.0,-474199000.0,-1000.0,396281000.0,0.0,-288769000.0,-288769000.0,-288769000.0,0.0,-4658000.0,-0.122,1170991000.0,-228076000.0,23852000.0,0.0,0.964,-6.349,-6.329,1908499000.0,0.0,23.1,0.775,0.775,60115000.0,442727000.0,2366866000.0,2366866000.0,0.0,-0.06,-0.147,-0.056,-0.098,26141000.0,412134000.0,1.0,79361906.0,79361906,,29.824,2694946000.0,22753000.0,-84029000.0,194748000.0,33.958,286031000.0
45,PENN,MRT,2010-03-31,2010-03-31,2010-03-31,2021-08-25,-23708000.0,4655748000.0,4959151750.0,819968000.0,3835780000.0,0.474,23.861,-343842000.0,642507000.0,642507000.0,1419851000.0,-271919000.0,2.252,1.468,2305365000.0,77177000.0,2228188000.0,2305365000.0,0.0,201186000.0,0.0,0.0,0.0,-205790000.0,-4604000.0,-0.002,-4604000.0,-205790000.0,-343828000.0,-3.45,-3.43,-3.45,1886803000.0,2024460000.0,1886803000.0,3827464196.0,-19.0,-831.335,-15973000.0,-0.202,1.0,929521000.0,0.396,1753917000.0,138038000.0,4200563000.0,4167399000.0,0.0,38503000.0,0.0,38503000.0,2769519000.0,364126000.0,2405393000.0,2199053196.0,-95729000.0,-30624000.0,5401000.0,-103775000.0,0.0,-106273000.0,-317325000.0,50602000.0,327869000.0,0.0,-269445000.0,-269445000.0,-269445000.0,0.0,-2474000.0,-0.115,1132603000.0,-203082000.0,23230000.0,0.0,1.165,-8.161,-8.061,1909192000.0,0.0,27.81,0.936,0.936,51500000.0,433571000.0,2349372000.0,2349372000.0,0.0,-0.054,-0.133,-0.049,-0.088,26259000.0,398182000.0,1.0,79074189.0,79074189,,29.711,2901831000.0,20375000.0,-74383000.0,208570000.0,36.698,455842000.0
46,PENN,MRT,2009-12-31,2009-12-31,2009-12-31,2021-08-25,-26028000.0,4712616000.0,5086818500.0,928871000.0,3783745000.0,0.466,23.557,-286923000.0,713118000.0,713118000.0,1427861000.0,-267413000.0,2.159,1.544,2341529000.0,92823000.0,2248706000.0,2341529000.0,0.0,194436000.0,0.0,0.0,0.0,-190432000.0,4004000.0,0.002,4004000.0,-190432000.0,-325416000.0,-3.39,-3.39,-3.39,1852641000.0,2080671000.0,1852641000.0,3763639662.0,-20.0,939.97,51323000.0,0.653,1.0,941414000.0,0.397,1766492000.0,134984000.0,4144279000.0,4140657750.0,0.0,26305000.0,0.0,26305000.0,2860540000.0,430256000.0,2430284000.0,2138344662.0,-33160000.0,-21895000.0,5431000.0,-118466000.0,0.0,-108747000.0,-262659000.0,50602000.0,338246000.0,0.0,-264948000.0,-264948000.0,-264948000.0,0.0,-2465000.0,-0.112,1136012000.0,-194598000.0,19850000.0,0.0,1.154,-8.071,-8.021,1837504000.0,0.0,27.19,0.903,0.903,80166000.0,397407000.0,2369275000.0,2369275000.0,0.0,-0.052,-0.127,-0.046,-0.08,28360000.0,403136000.0,1.0,78644526.0,78644526,,30.126,2946124000.0,23619000.0,-60468000.0,212752000.0,37.461,498615000.0
47,PENN,MRT,2009-09-30,2009-09-30,2009-09-30,2021-08-25,-31568000.0,5251239000.0,5206083500.0,969256000.0,4281983000.0,0.458,27.932,-297214000.0,764409000.0,764409000.0,1427630000.0,-288081000.0,2.801,1.393,2389704000.0,9320000.0,2380384000.0,2389704000.0,0.0,185774000.0,0.0,0.0,0.0,-135523000.0,50251000.0,0.021,50251000.0,-135523000.0,-273593000.0,-3.49,-3.51,-3.49,2194130000.0,2131829000.0,2194130000.0,3756981469.0,-28.0,74.764,29340000.0,0.374,1.0,956925000.0,0.401,2281718000.0,138070000.0,4248774000.0,4134300500.0,0.0,26237000.0,0.0,26237000.0,3057109000.0,346042000.0,2711067000.0,2172739469.0,638753000.0,4498000.0,-115980000.0,-39511000.0,0.0,621489000.0,-309290000.0,8426000.0,326554000.0,0.0,-288081000.0,-288081000.0,-288081000.0,0.0,0.0,-0.121,1106949000.0,-150024000.0,15438000.0,0.0,0.99,-7.542,-7.926,1820391000.0,0.0,27.66,0.911,0.911,85433000.0,752847000.0,2384555000.0,2384555000.0,0.0,-0.055,-0.135,-0.033,-0.057,30242000.0,422091000.0,1.0,78551680.0,78551680,,30.357,2969521000.0,22900000.0,14488000.0,376251000.0,37.803,623214000.0
48,PENN,MRT,2009-06-30,2009-06-30,2009-06-30,2021-08-25,-31771000.0,5217004000.0,5155722250.0,988780000.0,4228224000.0,0.462,27.579,-278038000.0,795117000.0,795117000.0,1424328000.0,-161941000.0,2.253,1.411,2379359000.0,99106000.0,2280253000.0,2379359000.0,0.0,179943000.0,0.0,0.0,0.0,75377000.0,255320000.0,0.107,255320000.0,75377000.0,-63788000.0,-1.99,-2.02,-1.99,2164266000.0,1916819250.0,2164266000.0,3932454847.0,52.0,15.402,128129000.0,1.633,1.0,957688000.0,0.402,2286318000.0,139165000.0,4075980000.0,4086101500.0,0.0,13754000.0,0.0,13754000.0,3052738000.0,438948000.0,2613790000.0,2284451847.0,670746000.0,15967000.0,-147285000.0,-577885000.0,0.0,523333000.0,-258754000.0,3317000.0,406167000.0,0.0,-161941000.0,-161941000.0,-161941000.0,0.0,0.0,-0.068,1098739000.0,-141051000.0,49774000.0,0.0,1.056,-14.107,-14.628,1818467000.0,0.0,29.11,0.959,0.959,78008000.0,731496000.0,2382016000.0,2382016000.0,0.0,-0.031,-0.084,0.018,0.032,32601000.0,420043000.0,1.0,78476532.0,78476532,,30.353,2930686000.0,21541000.0,98153000.0,369180000.0,37.345,549832000.0
49,PENN,MRT,2009-03-31,2009-03-31,2009-03-31,2021-08-25,-44972000.0,5166415000.0,5111514750.0,911302000.0,4255113000.0,0.474,26.962,-285980000.0,738236000.0,738236000.0,1439860000.0,-153398000.0,2.119,1.447,2386239000.0,101464000.0,2284775000.0,2386239000.0,0.0,178183000.0,0.0,0.014,0.34,108016000.0,286199000.0,0.118,286199000.0,108016000.0,-45834000.0,-1.85,-1.87,-1.85,2111647000.0,1678077000.0,2111647000.0,3583420102.0,33.0,12.521,151964000.0,1.94,1.0,981925000.0,0.405,2290675000.0,153850000.0,4093598000.0,4214630250.0,0.0,14136000.0,0.0,14136000.0,3054768000.0,430145000.0,2624623000.0,1891425102.0,570337000.0,-118000.0,-149933000.0,-631681000.0,0.0,465777000.0,-333384000.0,-47286000.0,437944000.0,0.0,-153398000.0,-153398000.0,-153398000.0,0.0,0.0,-0.063,1086090000.0,-104165000.0,27899000.0,-0.184,0.896,-12.33,-13.054,1792201000.0,0.0,24.15,0.781,0.781,70921000.0,703016000.0,2421785000.0,2421785000.0,0.0,-0.03,-0.091,0.026,0.045,31197000.0,421174000.0,1.0,78319880.0,78319880,,30.922,2875740000.0,20635000.0,107564000.0,395528000.0,36.718,481157000.0
50,PENN,MRT,2008-12-31,2008-12-31,2008-12-31,2021-08-25,-48693000.0,5189676000.0,5071304250.0,906303000.0,4283373000.0,0.478,26.334,-343828000.0,746278000.0,746278000.0,1439523000.0,-153323000.0,1.926,1.523,2438273000.0,113374000.0,2324899000.0,2438273000.0,0.0,173545000.0,0.0,0.016,0.34,122242000.0,295787000.0,0.122,295787000.0,122242000.0,-47585000.0,-1.81,-1.81,-1.81,2057273000.0,1437450000.0,2057273000.0,3952550321.0,32.0,13.363,76635000.0,0.981,1.0,983530000.0,0.406,2292335000.0,169827000.0,4118850000.0,4337630000.0,0.0,14419000.0,0.0,14419000.0,3132403000.0,470486000.0,2661917000.0,1670284321.0,571906000.0,-384000.0,-149964000.0,-554555000.0,0.0,542941000.0,-391498000.0,-47286000.0,420463000.0,0.0,-153323000.0,-153323000.0,-153323000.0,0.0,0.0,-0.063,1069971000.0,-86441000.0,35540000.0,-0.188,0.812,-10.894,-11.812,1812131000.0,0.0,21.38,0.689,0.689,43574000.0,662355000.0,2423053000.0,2423053000.0,0.0,-0.03,-0.107,0.028,0.05,26857000.0,415093000.0,1.0,78123682.0,78123682,,31.016,2897341000.0,21065000.0,105738000.0,378745000.0,37.087,435817000.0
51,PENN,MRT,2008-09-30,2008-09-30,2008-09-30,2021-08-25,-15455000.0,5049794000.0,5015643250.0,284600000.0,4765194000.0,0.486,15.519,-400394000.0,125656000.0,125656000.0,1457777000.0,257473000.0,0.577,2.785,2407922000.0,119936000.0,2287986000.0,2407922000.0,0.0,166892000.0,0.0,0.013,0.34,634557000.0,801449000.0,0.329,801449000.0,634557000.0,456719000.0,2.99,2.93,2.99,1334091000.0,1203372250.0,1334091000.0,5117402296.0,8.0,6.385,55435000.0,0.645,1.0,980031000.0,0.402,2783055000.0,177838000.0,4055978000.0,4432828250.0,0.0,14945000.0,0.0,14945000.0,3715703000.0,493027000.0,3222676000.0,2284077296.0,-53481000.0,-12786000.0,-26164000.0,-540784000.0,0.0,-91020000.0,-418290000.0,-5110000.0,455829000.0,0.0,257473000.0,257473000.0,257473000.0,0.0,0.0,0.106,540774000.0,439257000.0,26753000.0,0.114,1.712,8.871,8.886,1791009000.0,0.0,26.57,0.937,0.937,54559000.0,1040928000.0,2437808000.0,2437808000.0,0.0,0.051,0.214,0.143,0.26,24800000.0,373882000.0,1.0,85964520.0,85964520,,28.358,2266739000.0,21715000.0,199246000.0,559580000.0,26.368,-208427000.0
52,PENN,MRT,2008-06-30,2008-06-30,2008-06-30,2021-08-25,-16143000.0,5040174000.0,4964082750.0,291364000.0,4748810000.0,0.493,13.91,-400937000.0,124371000.0,124371000.0,1447954000.0,156572000.0,0.585,3.168,2957696000.0,102301000.0,2855395000.0,2957696000.0,0.0,159909000.0,0.0,0.011,0.34,473632000.0,633541000.0,0.259,633541000.0,473632000.0,283471000.0,1.81,1.76,1.81,1209297000.0,1141705000.0,1209297000.0,5645191418.0,12.0,8.911,-67005000.0,-0.771,1.0,1001417000.0,0.409,2785177000.0,190161000.0,4590095000.0,4511913750.0,0.0,15114000.0,0.0,15114000.0,3830877000.0,498227000.0,3332650000.0,2795073418.0,-35223000.0,-12856000.0,18376000.0,10249000.0,0.0,44638000.0,-413793000.0,0.0,333932000.0,0.0,156572000.0,156572000.0,156572000.0,0.0,0.0,0.064,524658000.0,476759000.0,44966000.0,0.188,2.311,17.852,17.762,1773886000.0,0.0,32.15,1.141,1.141,54681000.0,893437000.0,2449371000.0,2449371000.0,0.0,0.032,0.137,0.105,0.193,22139000.0,364749000.0,1.0,86938520.0,86938520,,28.174,2254997000.0,18909000.0,126899000.0,578652000.0,25.938,-206863000.0
53,PENN,MRT,2008-03-31,2008-03-31,2008-03-31,2021-08-25,-33829000.0,5005573000.0,4887274750.0,296361000.0,4709212000.0,0.502,13.226,-392963000.0,167899000.0,167899000.0,1440482000.0,157848000.0,0.615,3.356,3018017000.0,106083000.0,2911934000.0,3018017000.0,0.0,152349000.0,0.0,0.0,0.0,484772000.0,637121000.0,0.26,637121000.0,484772000.0,287845000.0,1.83,1.77,1.83,1149139000.0,1094516250.0,1149139000.0,6616590655.0,14.0,10.385,-43851000.0,-0.505,1.0,1013547000.0,0.413,2787823000.0,196927000.0,4585597000.0,4452191500.0,0.0,14748000.0,0.0,14748000.0,3856434000.0,482271000.0,3374163000.0,3799525655.0,-2923000.0,-214636000.0,20694000.0,217780000.0,0.0,255564000.0,-607599000.0,0.0,349112000.0,0.0,157848000.0,157848000.0,157848000.0,0.0,0.0,0.064,521959000.0,491588000.0,32263000.0,0.0,3.306,24.071,23.896,1733068000.0,0.0,43.73,1.548,1.548,60072000.0,856414000.0,2454029000.0,2454029000.0,0.0,0.032,0.144,0.109,0.198,23012000.0,369610000.0,1.0,86886020.0,86886020,,28.244,2217750000.0,19257000.0,129997000.0,541015000.0,25.525,-185910000.0
54,PENN,MRT,2007-12-31,2007-12-31,2007-12-31,2021-08-25,-15984000.0,4967032000.0,4763336250.0,302703000.0,4664329000.0,0.512,12.936,-346135000.0,174372000.0,174372000.0,1421349000.0,160053000.0,0.613,3.431,2991437000.0,109967000.0,2881470000.0,2991437000.0,0.0,147915000.0,0.0,0.0,0.0,490299000.0,638214000.0,0.262,638214000.0,490299000.0,292240000.0,1.87,1.81,1.87,1120962000.0,1048324250.0,1120962000.0,7928316172.0,16.0,12.423,85084000.0,0.982,1.0,1015444000.0,0.417,2790580000.0,198059000.0,4499643000.0,4339386750.0,0.0,15548000.0,0.0,15548000.0,3846070000.0,493874000.0,3352196000.0,5160236172.0,5857000.0,-265482000.0,24911000.0,140884000.0,0.0,186255000.0,-611617000.0,0.0,431219000.0,0.0,160053000.0,160053000.0,160053000.0,0.0,0.0,0.066,517635000.0,497809000.0,28581000.0,0.0,4.603,32.241,31.845,1688393000.0,0.0,59.55,2.118,2.118,56427000.0,815678000.0,2436793000.0,2436793000.0,0.0,0.034,0.153,0.113,0.201,25465000.0,369720000.0,1.0,86653840.0,86653840,,28.121,2176452000.0,19079000.0,132187000.0,515201000.0,25.117,-191171000.0
55,PENN,MRT,2007-09-30,2007-09-30,2007-09-30,2021-08-25,-3936000.0,4843552000.0,4650098750.0,304437000.0,4539115000.0,0.521,12.579,-379884000.0,179137000.0,179137000.0,1394116000.0,215180000.0,0.673,3.454,2947217000.0,110442000.0,2836775000.0,2947217000.0,0.0,145530000.0,0.0,0.0,0.0,577547000.0,723077000.0,0.298,723077000.0,577547000.0,377294000.0,2.53,2.45,2.53,1087422000.0,998374500.0,1087422000.0,7888564762.0,14.0,10.91,30962000.0,0.358,1.0,1029697000.0,0.425,2786916000.0,200253000.0,4372320000.0,4260253500.0,0.0,15935000.0,0.0,15935000.0,3756130000.0,452396000.0,3303734000.0,5102295762.0,42815000.0,-253078000.0,23680000.0,117188000.0,0.0,160795000.0,-528826000.0,0.0,410846000.0,0.0,215180000.0,215180000.0,215180000.0,653000.0,0.0,0.089,443570000.0,586127000.0,34074000.0,0.0,4.692,23.712,23.328,1554410000.0,0.0,59.02,2.105,2.105,50651000.0,783455000.0,2423813000.0,2423813000.0,0.0,0.046,0.216,0.136,0.238,24511000.0,391771000.0,1.0,86450284.0,86450284,,28.037,2056636000.0,16244000.0,162114000.0,530559000.0,23.79,-147959000.0
56,PENN,MRT,2007-06-30,2007-06-30,2007-06-30,2021-08-25,8201000.0,4732942000.0,4531941750.0,262197000.0,4470745000.0,0.525,11.927,-430483000.0,159594000.0,159594000.0,1370532000.0,323650000.0,0.691,3.638,2945863000.0,73206000.0,2872657000.0,2945863000.0,0.0,139485000.0,0.0,0.0,0.0,686747000.0,826232000.0,0.347,826232000.0,686747000.0,486965000.0,3.83,3.72,3.83,1020542000.0,932199750.0,1020542000.0,7769195295.0,11.0,9.403,53415000.0,0.624,1.0,1009942000.0,0.424,2788306000.0,199782000.0,4351206000.0,4179082250.0,0.0,16481000.0,0.0,16481000.0,3712400000.0,379699000.0,3332701000.0,5141457295.0,29276000.0,-253130000.0,9977000.0,106847000.0,0.0,124855000.0,-579477000.0,0.0,483898000.0,0.0,323650000.0,323650000.0,323650000.0,-114008000.0,0.0,0.136,429639000.0,580303000.0,20017000.0,0.0,5.038,15.886,15.689,1497653000.0,0.0,60.09,2.16,2.16,41237000.0,736865000.0,2380474000.0,2380474000.0,0.0,0.071,0.347,0.164,0.288,23012000.0,383885000.0,1.0,85562611.0,85562611,,27.821,1944636000.0,24357000.0,163315000.0,529315000.0,22.728,-117502000.0
57,PENN,MRT,2007-03-31,2007-03-31,2007-03-31,2021-08-25,47000.0,4509819000.0,4417168500.0,286285000.0,4223534000.0,0.519,11.294,-425467000.0,170822000.0,170822000.0,1319941000.0,328046000.0,0.792,3.676,2798560000.0,61548000.0,2737012000.0,2798560000.0,0.0,129591000.0,0.0,0.0,0.0,685651000.0,815242000.0,0.356,815242000.0,685651000.0,489405000.0,3.89,3.78,3.89,964371000.0,846140500.0,964371000.0,6302453327.0,9.0,7.731,-58696000.0,-0.687,1.0,973062000.0,0.424,2641936000.0,196246000.0,4134378000.0,4115952750.0,0.0,16134000.0,0.0,16134000.0,3545448000.0,361243000.0,3184205000.0,3622184327.0,32702000.0,-51112000.0,8391000.0,21567000.0,0.0,38540000.0,-372608000.0,0.0,366771000.0,-1000.0,328046000.0,328046000.0,328046000.0,-114008000.0,0.0,0.143,399342000.0,573720000.0,17344000.0,0.0,3.756,11.042,10.905,1404740000.0,0.0,42.42,1.58,1.58,45075000.0,698566000.0,2293003000.0,2293003000.0,0.0,0.074,0.388,0.167,0.299,22249000.0,363482000.0,1.0,85388598.0,85388598,,26.854,1867883000.0,23856000.0,161359000.0,529805000.0,21.875,-74958000.0
58,PENN,MRT,2006-12-31,2006-12-31,2006-12-31,2021-08-25,3174000.0,4514082000.0,4340091750.0,401963000.0,4112119000.0,0.517,10.848,-406477000.0,168515000.0,168515000.0,1286577000.0,327088000.0,0.967,3.9,2848784000.0,59394000.0,2789390000.0,2848784000.0,0.0,123951000.0,0.0,0.0,0.0,680268000.0,804219000.0,0.358,804219000.0,680268000.0,483940000.0,3.88,3.78,3.88,921163000.0,759645500.0,921163000.0,6226704265.0,9.0,7.743,-124668000.0,-1.468,1.0,957970000.0,0.427,2595570000.0,196328000.0,4183110000.0,4062367250.0,0.0,16138000.0,0.0,16138000.0,3592919000.0,415671000.0,3177248000.0,3534342265.0,35895000.0,0.0,12201000.0,31833000.0,0.0,56427000.0,-302341000.0,0.0,281809000.0,0.0,327088000.0,327088000.0,327088000.0,-114008000.0,0.0,0.146,380129000.0,577841000.0,37928000.0,0.0,3.837,10.805,10.727,1365871000.0,0.0,41.62,1.575,1.575,153829000.0,667557000.0,2244547000.0,2244547000.0,0.0,0.075,0.431,0.167,0.303,20562000.0,349909000.0,1.0,84919324.0,84919324,,26.432,1918512000.0,22187000.0,156852000.0,456816000.0,22.592,-13708000.0
59,PENN,MRT,2006-09-30,2006-09-30,2006-09-30,2021-08-25,2731000.0,4370924000.0,4259172250.0,282254000.0,4088670000.0,0.511,9.509,-297023000.0,136322000.0,136322000.0,1253157000.0,277342000.0,0.716,4.313,2828684000.0,44971000.0,2783713000.0,2828684000.0,0.0,114767000.0,0.0,0.0,0.0,596983000.0,711750000.0,0.327,711750000.0,596983000.0,403364000.0,3.3,3.21,3.3,822723000.0,665990500.0,822723000.0,5836730349.0,10.0,8.201,-29354000.0,-0.339,1.0,923063000.0,0.424,2621629000.0,193619000.0,4047635000.0,3995749000.0,0.0,16277000.0,0.0,16277000.0,3548201000.0,394022000.0,3154179000.0,3159643349.0,-37621000.0,-2101710000.0,10411000.0,2159652000.0,0.0,2122336000.0,-2427730000.0,0.0,267669000.0,104000.0,277342000.0,277342000.0,277342000.0,-116038000.0,0.0,0.127,432956000.0,490107000.0,43472000.0,0.0,3.84,11.393,11.067,1317614000.0,0.0,36.52,1.452,1.452,58857000.0,580207000.0,2176220000.0,2176220000.0,0.0,0.065,0.416,0.149,0.274,15570000.0,316186000.0,1.0,86518164.0,86518164,,25.153,1749295000.0,33992000.0,126022000.0,452566000.0,20.219,-111768000.0
60,PENN,MRT,2006-06-30,2006-06-30,2006-06-30,2021-08-25,16708000.0,4273849000.0,3591794000.0,283167000.0,3990682000.0,0.523,7.979,-186134000.0,130318000.0,130318000.0,1088657000.0,177683000.0,1.015,5.319,2807405000.0,18447000.0,2788958000.0,2807405000.0,0.0,98513000.0,0.0,0.0,0.0,435254000.0,533767000.0,0.284,533767000.0,435254000.0,278543000.0,2.13,2.06,2.13,676305000.0,587288250.0,676305000.0,5894777413.0,14.0,11.044,-23927000.0,-0.282,1.0,788389000.0,0.42,2573371000.0,156711000.0,4098688000.0,3311170000.0,0.0,18018000.0,0.0,18018000.0,3597544000.0,278877000.0,3318667000.0,3287067413.0,-24985000.0,-2102257000.0,10428000.0,2168825000.0,0.0,2130092000.0,-2317388000.0,0.0,162207000.0,104000.0,177683000.0,177683000.0,177683000.0,-36974000.0,0.0,0.095,384043000.0,404346000.0,20163000.0,0.0,4.86,18.5,18.207,1194664000.0,0.0,38.78,1.751,1.751,73384000.0,425147000.0,1877046000.0,1877046000.0,0.0,0.049,0.303,0.131,0.232,11298000.0,264385000.0,1.0,84761924.0,84761924,,22.145,1700478000.0,32153000.0,100860000.0,300516000.0,20.062,4290000.0
61,PENN,MRT,2006-03-31,2006-03-31,2006-03-31,2021-08-25,9314000.0,4201512000.0,2984062000.0,305965000.0,3895547000.0,0.548,7.356,-159655000.0,138120000.0,138120000.0,951455000.0,147107000.0,0.959,5.794,2745830000.0,18433000.0,2727397000.0,2745830000.0,0.0,86754000.0,0.0,0.0,0.0,343290000.0,430044000.0,0.263,430044000.0,343290000.0,222021000.0,1.77,1.71,1.77,618391000.0,531063750.0,618391000.0,6199297171.0,18.0,14.415,52257000.0,0.622,1.0,684022000.0,0.418,2570113000.0,121269000.0,3920036000.0,2646677000.0,0.0,17597000.0,0.0,17597000.0,3583121000.0,319073000.0,3264048000.0,3545688171.0,-169343000.0,-2102430000.0,14132000.0,1947665000.0,0.0,1910515000.0,-2291891000.0,0.0,211912000.0,121000.0,147107000.0,147107000.0,147107000.0,-34200000.0,0.0,0.09,367870000.0,316152000.0,22286000.0,0.0,5.734,24.103,23.831,1103697000.0,0.0,42.18,2.168,2.168,81781000.0,382452000.0,1635477000.0,1635477000.0,0.0,0.049,0.277,0.13,0.21,10852000.0,231796000.0,1.0,84060886.0,84060886,,19.456,1631399000.0,48369000.0,74914000.0,363129000.0,19.407,-13108000.0
62,PENN,MRT,2005-12-31,2005-12-31,2005-12-31,2021-08-25,840000.0,4190404000.0,2421352750.0,306342000.0,3884062000.0,0.565,6.55,-120415000.0,132620000.0,132620000.0,805597000.0,120930000.0,0.898,6.667,2792344000.0,24682000.0,2767662000.0,2792344000.0,0.0,72531000.0,0.0,0.0,0.0,264867000.0,337398000.0,0.246,337398000.0,264867000.0,175523000.0,1.46,1.41,1.46,546543000.0,484240000.0,546543000.0,3213486884.0,12.0,9.524,30060000.0,0.36,1.0,563508000.0,0.412,2592182000.0,89344000.0,3916637000.0,2024207250.0,0.0,17184000.0,0.0,17184000.0,3643861000.0,341309000.0,3302552000.0,2749317884.0,45000000.0,-1828257000.0,10876000.0,1927122000.0,0.0,1873221000.0,-1978800000.0,0.0,150475000.0,104000.0,120930000.0,120930000.0,120930000.0,-33753000.0,0.0,0.088,319960000.0,243548000.0,25549000.0,0.0,5.03,22.735,22.568,1059892000.0,0.0,32.95,2.008,2.008,98792000.0,340469000.0,1369105000.0,1369105000.0,0.0,0.05,0.25,0.131,0.193,17447000.0,198109000.0,1.0,83439086.0,83439086,,16.408,1598222000.0,48150000.0,54593000.0,325716000.0,19.154,-34967000.0
63,PENN,MRT,2005-09-30,2005-09-30,2005-09-30,2021-08-25,648000.0,1701411000.0,1781927000.0,307766000.0,1393645000.0,0.625,6.1,-87682000.0,173943000.0,173943000.0,646001000.0,100180000.0,1.224,2.35,638112000.0,1827000.0,636285000.0,638112000.0,0.0,62778000.0,0.0,0.0,0.0,198492000.0,261270000.0,0.235,261270000.0,198492000.0,138711000.0,1.22,1.17,1.22,507914000.0,447127250.0,507914000.0,3078417870.0,16.0,11.783,77456000.0,0.93,1.0,467735000.0,0.42,604913000.0,59781000.0,1309319000.0,1453044250.0,0.0,16944000.0,0.0,16944000.0,1193497000.0,251348000.0,942149000.0,2595338870.0,90743000.0,283453000.0,11913000.0,-271682000.0,0.0,-267470000.0,192930000.0,0.0,165138000.0,145000.0,100180000.0,100180000.0,100180000.0,-30433000.0,0.0,0.09,285602000.0,182133000.0,8765000.0,0.0,5.11,25.907,25.5,588854000.0,0.0,31.11,2.33,2.326,76819000.0,302865000.0,1113736000.0,1113736000.0,0.0,0.056,0.224,0.137,0.178,18450000.0,175507000.0,1.0,83424586.0,83259000,86186000.0,13.377,1096498000.0,107195000.0,38531000.0,161138000.0,13.17,56418000.0
64,PENN,MRT,2005-06-30,2005-06-30,2005-06-30,2021-08-25,477000.0,1842921000.0,1763608000.0,259532000.0,1583389000.0,0.632,5.424,-90767000.0,155303000.0,155303000.0,647467000.0,61969000.0,0.928,3.083,638382000.0,1805000.0,636577000.0,638382000.0,0.0,64328000.0,0.0,0.0,0.0,168451000.0,232779000.0,0.209,232779000.0,168451000.0,102524000.0,0.76,0.73,0.76,451407000.0,415070750.0,451407000.0,3516612639.0,21.0,15.107,78226000.0,0.94,1.0,467885000.0,0.419,605519000.0,65927000.0,1440716000.0,1553591750.0,0.0,16714000.0,0.0,16714000.0,1391514000.0,279765000.0,1111749000.0,3026108639.0,34017000.0,280153000.0,13872000.0,-329157000.0,0.0,-321807000.0,186545000.0,0.0,168993000.0,286000.0,61969000.0,61969000.0,61969000.0,11546000.0,0.0,0.056,272596000.0,195289000.0,12376000.0,0.0,6.704,48.833,48.026,618605000.0,0.0,36.5,2.713,2.724,45615000.0,247464000.0,1115352000.0,1115352000.0,0.0,0.035,0.149,0.108,0.151,22470000.0,180093000.0,1.0,82907086.0,83227000,85732000.0,13.401,1237402000.0,131247000.0,40555000.0,169772000.0,14.868,-20233000.0
65,PENN,MRT,2005-03-31,2005-03-31,2005-03-31,2021-08-25,1821000.0,1950675000.0,1718976500.0,392353000.0,1558322000.0,0.645,5.245,-70048000.0,307463000.0,307463000.0,648431000.0,69507000.0,0.964,3.525,797967000.0,161104000.0,636863000.0,797967000.0,0.0,64839000.0,0.0,0.0,0.0,189666000.0,254505000.0,0.23,254505000.0,189666000.0,116858000.0,0.86,0.83,0.86,431096000.0,391242500.0,431096000.0,3204396227.0,17.0,12.591,104696000.0,1.274,1.0,460490000.0,0.415,603972000.0,72808000.0,1430157000.0,1632097000.0,0.0,16072000.0,0.0,16072000.0,1519579000.0,407050000.0,1112529000.0,2433107227.0,217350000.0,279219000.0,12103000.0,-170853000.0,0.0,-164913000.0,207304000.0,0.0,174744000.0,215000.0,69507000.0,69507000.0,69507000.0,12940000.0,0.0,0.063,242533000.0,217957000.0,15575000.0,0.0,5.644,35.005,34.163,597682000.0,0.0,29.38,2.194,2.178,36002000.0,235341000.0,1108921000.0,1108921000.0,0.0,0.04,0.178,0.116,0.171,18423000.0,177695000.0,1.0,82815086.0,82198000,85390000.0,13.491,1346703000.0,119851000.0,47351000.0,181069000.0,16.384,-14697000.0
66,PENN,MRT,2004-12-31,2004-12-31,2004-12-31,2021-08-25,1642000.0,1632701000.0,1637003000.0,174203000.0,1458498000.0,0.675,4.945,-67562000.0,87620000.0,87620000.0,645991000.0,71484000.0,1.041,3.101,858909000.0,4494000.0,854415000.0,858909000.0,0.0,65785000.0,0.0,0.0,0.0,197492000.0,263277000.0,0.238,263277000.0,197492000.0,121772000.0,0.89,0.86,0.89,398092000.0,365817000.0,398092000.0,3291244391.0,17.0,12.501,129602000.0,1.61,1.0,459299000.0,0.416,604600000.0,75720000.0,1631985000.0,1691690250.0,0.0,15709000.0,0.0,15709000.0,1234609000.0,167405000.0,1067204000.0,2464650391.0,6053000.0,2158000.0,7816000.0,-131214000.0,0.0,-124177000.0,-67114000.0,0.0,197164000.0,180000.0,71484000.0,71484000.0,71484000.0,15856000.0,0.0,0.065,245519000.0,213780000.0,13629000.0,0.0,6.191,34.478,34.017,597394000.0,0.0,30.275,2.23,2.205,40812000.0,219539000.0,1105290000.0,1105290000.0,0.0,0.044,0.195,0.117,0.179,8624000.0,179734000.0,1.0,81408766.0,80510000,83508000.0,13.729,1028101000.0,18274000.0,50288000.0,69852000.0,12.77,6798000.0
67,PENN,MRT,2004-09-30,2004-09-30,2004-09-30,2021-08-25,2970000.0,1628135000.0,1631227500.0,161525000.0,1466610000.0,0.687,4.695,-57275000.0,83200000.0,83200000.0,668538000.0,63826000.0,1.168,3.288,909794000.0,4906000.0,904888000.0,909794000.0,0.0,65333000.0,0.0,0.0,0.0,188970000.0,254303000.0,0.227,254303000.0,188970000.0,111273000.0,0.795,0.77,0.795,379688000.0,343763500.0,379688000.0,2480813418.0,13.0,9.755,115528000.0,1.428,1.0,451917000.0,0.403,604900000.0,77697000.0,1711509000.0,1729099250.0,0.0,15372000.0,0.0,15372000.0,1248447000.0,138320000.0,1110127000.0,1635854418.0,22291000.0,-6109000.0,6856000.0,-88341000.0,0.0,-86530000.0,-64127000.0,0.0,172803000.0,145000.0,63826000.0,63826000.0,63826000.0,17632000.0,0.0,0.057,246439000.0,205478000.0,9061000.0,0.0,4.308,25.63,25.409,593933000.0,0.0,20.2,1.46,1.458,34475000.0,202681000.0,1120455000.0,1120455000.0,0.0,0.039,0.186,0.109,0.169,11015000.0,181107000.0,1.0,80982892.0,80875000,83853000.0,13.854,1023235000.0,25151000.0,47447000.0,59339000.0,12.652,23205000.0
68,PENN,MRT,2004-06-30,2004-06-30,2004-06-30,2021-08-25,3438000.0,1664395000.0,1634369500.0,197113000.0,1467282000.0,0.663,4.465,-52477000.0,122573000.0,122573000.0,644254000.0,60255000.0,1.487,3.674,967532000.0,5473000.0,962059000.0,967532000.0,0.0,63434000.0,0.0,0.0,0.0,183623000.0,247057000.0,0.228,247057000.0,183623000.0,103730000.0,0.755,0.735,0.755,356094000.0,322351250.0,356094000.0,2299786040.0,13.0,9.309,111672000.0,1.4,1.0,439589000.0,0.406,622028000.0,79893000.0,1754737000.0,1764444250.0,0.0,15167000.0,0.0,15167000.0,1308301000.0,132589000.0,1175712000.0,1329982040.0,27673000.0,-14443000.0,4887000.0,-61930000.0,0.0,-61156000.0,-67663000.0,0.0,164149000.0,13000.0,60255000.0,60255000.0,60255000.0,14091000.0,0.0,0.056,243330000.0,196259000.0,16457000.0,0.0,3.735,22.073,21.987,625509000.0,0.0,16.6,1.227,1.221,32446000.0,185492000.0,1083843000.0,1083843000.0,0.0,0.037,0.187,0.104,0.169,7875000.0,179897000.0,1.0,80119400.0,79744000,82485000.0,13.592,1042367000.0,25609000.0,43475000.0,56724000.0,13.071,64524000.0
69,PENN,MRT,2004-03-31,2004-03-31,2004-03-31,2021-08-25,148000.0,1622781000.0,1628112500.0,202479000.0,1420302000.0,0.659,4.132,-58849000.0,118361000.0,118361000.0,640265000.0,56071000.0,0.673,3.927,1088165000.0,124736000.0,963429000.0,1088165000.0,0.0,61083000.0,0.0,0.0,0.0,177316000.0,238399000.0,0.222,238399000.0,177316000.0,97636000.0,0.7,0.685,0.7,329394000.0,302411500.0,329394000.0,2150319866.0,12.0,9.02,67893000.0,0.852,1.0,432338000.0,0.403,623381000.0,79680000.0,1668530000.0,1789026250.0,0.0,14535000.0,0.0,14535000.0,1293387000.0,300674000.0,992713000.0,1147820866.0,-27354000.0,-12699000.0,3240000.0,-482869000.0,0.0,-484641000.0,330321000.0,0.0,126742000.0,224000.0,56071000.0,56071000.0,56071000.0,13928000.0,0.0,0.052,242480000.0,189858000.0,21331000.0,0.0,3.485,20.471,20.55,734107000.0,0.0,14.385,1.07,1.069,30346000.0,165842000.0,1072603000.0,1072603000.0,0.0,0.034,0.185,0.099,0.165,7432000.0,181397000.0,1.0,79792900.0,79717000,82224000.0,13.455,999400000.0,23911000.0,41565000.0,57195000.0,12.537,-98195000.0
70,PENN,MRT,2003-12-31,2003-12-31,2003-12-31,2021-08-25,1351000.0,1609599000.0,1737254000.0,157630000.0,1451969000.0,0.583,3.925,-56070000.0,81567000.0,81567000.0,609505000.0,51471000.0,1.208,4.194,990123000.0,5634000.0,984489000.0,990123000.0,0.0,57471000.0,0.0,0.0,0.0,165550000.0,223021000.0,0.22,223021000.0,165550000.0,88934000.0,0.65,0.63,0.65,309878000.0,285104000.0,309878000.0,1952410006.0,12.0,8.754,84709000.0,1.073,1.0,403176000.0,0.398,605996000.0,76616000.0,1781621000.0,1842411500.0,0.0,17187000.0,0.0,17187000.0,1299721000.0,130538000.0,1169183000.0,916125006.0,27031000.0,-273892000.0,2332000.0,238434000.0,0.0,217459000.0,-331607000.0,-1902000.0,140779000.0,400000.0,51471000.0,51471000.0,51471000.0,10723000.0,0.0,0.051,226641000.0,176535000.0,10785000.0,0.0,2.956,17.799,17.785,594152000.0,0.0,11.56,0.905,0.901,25739000.0,148055000.0,1012681000.0,1012681000.0,0.0,0.03,0.181,0.09,0.163,6067000.0,169170000.0,1.0,79249568.0,78946000,81224000.0,12.828,1003603000.0,24877000.0,37463000.0,34607000.0,12.713,27092000.0
71,PENN,MRT,2003-09-30,2003-09-30,2003-09-30,2021-08-25,-999000.0,1640703000.0,1526224250.0,170017000.0,1470686000.0,0.578,3.714,-51246000.0,82550000.0,82550000.0,543046000.0,49904000.0,0.951,4.58,1118835000.0,10043000.0,1108792000.0,1118835000.0,0.0,50344000.0,0.0,0.0,0.0,149862000.0,200206000.0,0.227,200206000.0,149862000.0,82626000.0,0.635,0.61,0.635,294039000.0,269384500.0,294039000.0,1898863185.0,13.0,9.485,82206000.0,1.038,1.0,339580000.0,0.385,645405000.0,67236000.0,1852889000.0,1599593750.0,0.0,16995000.0,0.0,16995000.0,1346664000.0,178694000.0,1167970000.0,843537185.0,17399000.0,-278081000.0,1986000.0,233196000.0,0.0,216150000.0,-332491000.0,-3194000.0,133452000.0,288000.0,49904000.0,49904000.0,49904000.0,4312000.0,0.0,0.057,185973000.0,153607000.0,30372000.0,0.0,2.869,16.903,16.787,748913000.0,0.0,10.66,0.956,0.956,26379000.0,138873000.0,882626000.0,882626000.0,0.0,0.033,0.185,0.094,0.17,2452000.0,135629000.0,1.0,79131068.0,79168000,81498000.0,11.149,995298000.0,49803000.0,32722000.0,97732000.0,12.572,-8677000.0
72,PENN,MRT,2003-06-30,2003-06-30,2003-06-30,2021-08-25,-3271000.0,1639367000.0,1304265750.0,179677000.0,1459690000.0,0.617,3.505,-67320000.0,94198000.0,94198000.0,502004000.0,46225000.0,0.931,4.933,1149524000.0,15994000.0,1133530000.0,1149524000.0,0.0,45022000.0,0.0,0.0,0.0,132177000.0,177199000.0,0.22,177199000.0,132177000.0,75476000.0,0.59,0.57,0.59,276335000.0,255535750.0,276335000.0,1858781378.0,14.0,10.49,56509000.0,0.717,1.0,303084000.0,0.376,648616000.0,56701000.0,1853065000.0,1343825000.0,0.0,17667000.0,0.0,17667000.0,1363032000.0,193012000.0,1170020000.0,807647378.0,47334000.0,-265747000.0,2000000.0,272280000.0,0.0,254430000.0,-338799000.0,-5732000.0,123829000.0,204000.0,46225000.0,46225000.0,46225000.0,1471000.0,0.0,0.057,167601000.0,135483000.0,33596000.0,0.0,2.923,17.472,17.39,752156000.0,0.0,10.26,1.003,1.005,27604000.0,125244000.0,805088000.0,805088000.0,0.0,0.035,0.181,0.098,0.164,1687000.0,122579000.0,1.0,78718068.0,78842000,81092000.0,10.211,990751000.0,28408000.0,29251000.0,72524000.0,12.566,-13335000.0
73,PENN,MRT,2003-03-31,2003-03-31,2003-03-31,2021-08-25,-2343000.0,2059347000.0,1077122250.0,601929000.0,1457418000.0,0.641,3.317,-78175000.0,520664000.0,520664000.0,432722000.0,39919000.0,1.037,6.916,1571798000.0,387510000.0,1184288000.0,1571798000.0,0.0,39281000.0,0.0,0.0,0.0,110599000.0,149880000.0,0.217,149880000.0,110599000.0,62935000.0,0.52,0.495,0.52,260164000.0,243286250.0,260164000.0,1016611728.0,9.0,6.783,62752000.0,0.8,1.0,257779000.0,0.373,647783000.0,47664000.0,1882071000.0,1080334250.0,0.0,17736000.0,0.0,17736000.0,1799183000.0,580627000.0,1218556000.0,696714728.0,73201000.0,-273651000.0,10730000.0,700000000.0,0.0,691809000.0,-759670000.0,-5732000.0,140927000.0,135000.0,39919000.0,39919000.0,39919000.0,-2534000.0,0.0,0.058,145233000.0,112546000.0,53306000.0,0.0,2.678,17.453,17.067,749711000.0,0.0,8.875,1.009,1.008,22574000.0,109771000.0,690501000.0,690501000.0,0.0,0.037,0.164,0.102,0.16,3964000.0,105952000.0,1.0,78503068.0,78438000,80560000.0,8.803,1411564000.0,28393000.0,23016000.0,64751000.0,17.996,21302000.0
74,PENN,MRT,2002-12-31,2002-12-31,2002-12-31,2021-08-25,-1657000.0,765480000.0,735769000.0,94439000.0,671041000.0,0.841,3.269,-88164000.0,55121000.0,55121000.0,388968000.0,30863000.0,1.016,2.099,375018000.0,18000.0,375000000.0,375018000.0,0.0,34518000.0,0.0,0.0,0.0,90501000.0,125019000.0,0.202,125019000.0,90501000.0,48397000.0,0.41,0.39,0.41,247000000.0,229516250.0,247000000.0,978030528.0,11.0,7.823,13477000.0,0.178,1.0,229888000.0,0.371,182045000.0,42104000.0,810350000.0,801283750.0,0.0,16152000.0,0.0,16152000.0,518480000.0,92982000.0,425498000.0,635013528.0,17899000.0,-9570000.0,106723000.0,-85139000.0,0.0,18312000.0,-102064000.0,-3830000.0,101641000.0,10000.0,30863000.0,30863000.0,30863000.0,-2534000.0,0.0,0.05,131644000.0,98244000.0,19450000.0,0.0,2.571,20.575,19.341,450886000.0,0.0,7.93,1.026,0.968,19418000.0,96584000.0,618856000.0,618856000.0,0.0,0.042,0.134,0.113,0.146,3962000.0,97126000.0,1.0,80077368.0,75550000,78188000.0,8.191,583435000.0,10820000.0,17534000.0,59780000.0,7.723,1457000.0
75,PENN,MRT,2002-09-30,2002-09-30,2002-09-30,2021-08-25,-2043000.0,752869000.0,714243250.0,79442000.0,673427000.0,0.878,3.048,-101870000.0,45251000.0,45251000.0,407804000.0,28183000.0,0.95,2.155,388268000.0,18000.0,388250000.0,388268000.0,0.0,34515000.0,0.0,0.0,0.0,88360000.0,122875000.0,0.196,122875000.0,88360000.0,45123000.0,0.39,0.38,0.39,238644000.0,193582500.0,238644000.0,1086686674.0,12.0,8.844,-5443000.0,-0.07,1.0,219539000.0,0.35,182466000.0,43237000.0,829814000.0,804584500.0,0.0,15948000.0,0.0,15948000.0,514225000.0,83606000.0,430619000.0,754188674.0,8850000.0,-5061000.0,-101576000.0,129298000.0,0.0,21410000.0,-108999000.0,-2538000.0,96427000.0,12000.0,28183000.0,28183000.0,28183000.0,0.0,0.0,0.045,122376000.0,97163000.0,19520000.0,0.0,3.16,26.76,24.205,455897000.0,0.0,9.44,1.202,1.178,19172000.0,88962000.0,627343000.0,627343000.0,0.0,0.039,0.146,0.11,0.141,3169000.0,111674000.0,1.0,79892868.0,78288000,80524000.0,8.013,570403000.0,4421000.0,16940000.0,50679000.0,7.286,-4164000.0
76,PENN,MRT,2002-06-30,2002-06-30,2002-06-30,2021-08-25,-2355000.0,730793000.0,693593000.0,79573000.0,651220000.0,0.863,2.934,-80673000.0,48020000.0,48020000.0,379919000.0,25956000.0,0.981,2.215,380518000.0,18000.0,380500000.0,380518000.0,0.0,33738000.0,0.0,0.0,0.0,85904000.0,119642000.0,0.2,119642000.0,85904000.0,41080000.0,0.39,0.375,0.39,227337000.0,158050000.0,227337000.0,1053311902.0,12.0,8.804,12223000.0,0.158,1.0,218560000.0,0.365,183093000.0,44824000.0,799102000.0,805183250.0,0.0,15511000.0,0.0,15511000.0,503456000.0,81096000.0,422360000.0,724800902.0,10347000.0,-5498000.0,104232000.0,-97364000.0,0.0,3535000.0,-86171000.0,0.0,92896000.0,87000.0,25956000.0,25956000.0,25956000.0,0.0,0.0,0.043,126205000.0,92355000.0,19082000.0,0.0,3.188,27.924,23.269,434203000.0,0.0,9.075,1.211,1.175,17239000.0,79019000.0,598479000.0,598479000.0,0.0,0.037,0.164,0.107,0.144,4370000.0,107255000.0,1.0,79867868.0,77472000,80038000.0,7.725,547700000.0,6125000.0,15124000.0,46289000.0,7.07,-1523000.0
77,PENN,MRT,2002-03-31,2002-03-31,2002-03-31,2021-08-25,-2808000.0,693934000.0,678276250.0,74025000.0,619909000.0,0.835,3.013,-57172000.0,46507000.0,46507000.0,351679000.0,23273000.0,1.016,2.384,375018000.0,0.0,375018000.0,375018000.0,0.0,33691000.0,0.0,0.0,0.0,83956000.0,117647000.0,0.208,117647000.0,83956000.0,36133000.0,0.372,0.36,0.372,205084000.0,124456500.0,205084000.0,1096233931.0,13.0,9.318,38724000.0,0.569,1.0,214561000.0,0.379,183721000.0,47823000.0,765869000.0,815890500.0,0.0,14961000.0,0.0,14961000.0,488850000.0,72855000.0,415995000.0,676202931.0,16962000.0,-180807000.0,99135000.0,-135153000.0,0.0,-39938000.0,-38996000.0,0.0,95896000.0,0.0,23273000.0,23273000.0,23273000.0,0.0,0.0,0.041,127944000.0,86617000.0,17413000.0,0.0,3.297,29.055,23.535,402178000.0,0.0,8.755,1.194,1.052,15495000.0,69852000.0,566240000.0,566240000.0,0.0,0.034,0.187,0.103,0.148,1536000.0,101144000.0,1.0,77236200.0,68064000,71470000.0,8.319,510213000.0,4311000.0,12860000.0,49842000.0,7.496,1170000.0
78,PENN,MRT,2001-12-31,2001-12-31,2001-12-31,2021-08-25,-3842000.0,679377000.0,665239750.0,70106000.0,609271000.0,0.777,1.684,-41212000.0,38378000.0,38378000.0,316150000.0,23758000.0,0.761,5.579,458909000.0,15141000.0,443768000.0,458909000.0,0.0,32093000.0,0.0,0.0,0.0,82462000.0,114555000.0,0.222,114555000.0,82462000.0,36366000.0,0.39,0.375,0.39,103265000.0,93565500.0,103265000.0,901449309.0,11.0,7.869,44621000.0,0.728,1.0,200987000.0,0.389,184260000.0,46096000.0,823553000.0,823270750.0,0.0,14187000.0,0.0,14187000.0,576112000.0,92095000.0,484017000.0,469628309.0,15091000.0,-179730000.0,2932000.0,149611000.0,0.0,145593000.0,-216335000.0,0.0,85833000.0,0.0,23758000.0,23758000.0,23758000.0,0.0,0.0,0.046,124096000.0,76891000.0,18975000.0,0.0,4.548,19.767,19.449,389919000.0,0.0,7.585,0.908,0.899,19367000.0,65721000.0,517137000.0,517137000.0,0.0,0.036,0.254,0.1,0.159,1196000.0,92003000.0,1.0,61915400.0,61306000,63674000.0,8.435,495117000.0,4610000.0,12608000.0,45701000.0,8.076,-21989000.0
79,PENN,MRT,2001-09-30,2001-09-30,2001-09-30,2021-08-25,-6390000.0,670268000.0,605370500.0,65848000.0,604420000.0,0.782,1.559,-32677000.0,36901000.0,36901000.0,281400000.0,21540000.0,0.813,5.945,468722000.0,14204000.0,454518000.0,468722000.0,0.0,26885000.0,794000.0,0.0,0.0,76882000.0,103767000.0,0.219,103767000.0,76882000.0,33005000.0,0.355,0.34,0.355,96514000.0,87554500.0,96514000.0,692715740.0,9.0,6.676,35711000.0,0.577,1.0,192016000.0,0.406,188901000.0,43877000.0,832209000.0,765721000.0,0.0,15426000.0,0.0,15426000.0,573754000.0,80979000.0,492775000.0,253754740.0,15999000.0,-180396000.0,211066000.0,-57636000.0,0.0,156061000.0,-208565000.0,0.0,68388000.0,0.0,21540000.0,21540000.0,21540000.0,0.0,0.0,0.045,119697000.0,72319000.0,15575000.0,0.0,2.629,11.781,11.549,378618000.0,0.0,4.1,0.536,0.536,20801000.0,60776000.0,473416000.0,473416000.0,0.0,0.036,0.246,0.1,0.162,2140000.0,80979000.0,1.0,61891400.0,61912000,64200000.0,7.647,481367000.0,0.0,11465000.0,43522000.0,7.775,-15131000.0
80,PENN,MRT,2001-06-30,2001-06-30,2001-06-30,2021-08-25,-2171000.0,669526000.0,545487000.0,66872000.0,602654000.0,0.761,1.52,-33291000.0,37673000.0,37673000.0,251758000.0,13246000.0,0.87,6.202,476634000.0,13266000.0,463368000.0,476634000.0,0.0,22480000.0,825000.0,0.0,0.0,61692000.0,84172000.0,0.203,84172000.0,61692000.0,23845000.0,0.22,0.21,0.22,92963000.0,82466750.0,92963000.0,663913140.0,11.0,7.888,35896000.0,0.587,1.0,163101000.0,0.393,189690000.0,37847000.0,841931000.0,705487000.0,0.0,15067000.0,0.0,15067000.0,576563000.0,76866000.0,499697000.0,383517140.0,23842000.0,-378020000.0,4906000.0,374031000.0,0.0,361740000.0,-407085000.0,0.0,69187000.0,0.0,13246000.0,13246000.0,13246000.0,0.0,0.0,0.032,100029000.0,63072000.0,16247000.0,0.0,4.125,28.953,28.864,376448000.0,0.0,6.35,0.924,0.936,20599000.0,53063000.0,414859000.0,414859000.0,0.0,0.024,0.161,0.087,0.149,265000.0,68967000.0,1.0,60396400.0,61164000,63736000.0,6.783,479836000.0,1649000.0,10599000.0,39355000.0,7.845,-9994000.0
81,PENN,MRT,2001-03-31,2001-03-31,2001-03-31,2021-08-25,-2428000.0,641788000.0,429197000.0,45381000.0,596407000.0,0.8,1.355,-29210000.0,228528000.0,228528000.0,216470000.0,12986000.0,0.923,6.873,508924000.0,12327000.0,496597000.0,508924000.0,0.0,16331000.0,922000.0,0.0,0.0,50920000.0,67251000.0,0.196,67251000.0,50920000.0,23593000.0,0.218,0.21,0.218,81520000.0,78405250.0,81520000.0,469075000.0,9.0,6.975,16590000.0,0.276,1.0,127006000.0,0.37,77653000.0,27327000.0,795390000.0,552653000.0,0.0,14577000.0,0.0,14577000.0,560268000.0,49141000.0,511127000.0,188170000.0,17615000.0,-195597000.0,733000.0,406911000.0,0.0,391105000.0,-419290000.0,0.0,45800000.0,0.0,12986000.0,12986000.0,12986000.0,0.0,0.0,0.038,74921000.0,52085000.0,14572000.0,0.0,2.308,14.49,14.335,285706000.0,0.0,3.125,0.548,0.547,9874000.0,46579000.0,343476000.0,343476000.0,0.0,0.03,0.166,0.092,0.148,265000.0,54512000.0,1.0,60214400.0,60176000,62096000.0,5.708,564135000.0,442000.0,10607000.0,17411000.0,9.375,-3760000.0
82,PENN,MRT,2000-12-31,2000-12-31,2000-12-31,2021-08-25,0.0,439900000.0,318144750.0,40845000.0,399055000.0,0.917,1.323,-27144000.0,28394000.0,28394000.0,189926000.0,11992000.0,0.829,4.553,309299000.0,11390000.0,297909000.0,309299000.0,0.0,12039000.0,0.0,0.0,0.0,42773000.0,54812000.0,0.188,54812000.0,42773000.0,22129000.0,0.2,0.195,0.2,79221000.0,75515500.0,79221000.0,436539350.0,10.0,7.964,14669000.0,0.245,1.0,101875000.0,0.349,78161000.0,20644000.0,593354000.0,411487000.0,0.0,14584000.0,0.0,14584000.0,360679000.0,49290000.0,311389000.0,153150350.0,13853000.0,-202519000.0,692000.0,211525000.0,0.0,201810000.0,-229770000.0,0.0,41813000.0,0.0,11992000.0,11992000.0,11992000.0,0.0,0.0,0.041,56716000.0,45159000.0,18436000.0,0.0,1.933,12.771,12.738,288316000.0,0.0,2.547,0.525,0.523,10341000.0,41963000.0,291801000.0,291801000.0,0.0,0.038,0.159,0.104,0.147,265000.0,44677000.0,1.0,60117900.0,59872000,61772000.0,4.874,361739000.0,1905000.0,10137000.0,16296000.0,6.042,-8445000.0
83,PENN,MRT,2000-09-30,2000-09-30,2000-09-30,2021-08-25,0.0,430734000.0,255597750.0,35823000.0,394911000.0,0.957,1.269,-25438000.0,25410000.0,25410000.0,134510000.0,10598000.0,0.829,4.655,308799000.0,10563000.0,298236000.0,308799000.0,0.0,9721000.0,1006000.0,0.0,0.0,37356729.0,47077729.0,0.192,47077729.0,37356729.0,23247729.0,0.178,0.17,0.178,76163000.0,72278250.0,76163000.0,305610550.0,8.0,6.492,10710000.0,0.178,1.0,110128000.0,0.45,79660000.0,14109000.0,591273000.0,318038000.0,0.0,14507000.0,0.0,14507000.0,354571000.0,43190000.0,311381000.0,228398550.0,10625000.0,-203401000.0,626000.0,225076000.0,0.0,208439000.0,-233847000.0,0.0,36148000.0,0.0,10598000.0,10598000.0,10598000.0,0.0,0.0,0.043,74524000.0,35604000.0,14587000.0,0.0,2.999,21.551,21.376,282569000.0,0.0,3.805,0.934,0.934,8494000.0,39236000.0,244638000.0,244638000.0,0.0,0.041,0.147,0.117,0.153,0.0,49732000.0,1.0,60025900.0,60028000,62016000.0,4.075,351074000.0,783000.0,12649729.0,15159000.0,5.849,-7367000.0
84,PENN,MRT,2000-06-30,2000-06-30,2000-06-30,2021-08-25,0.0,204366000.0,192378250.0,22184000.0,182182000.0,1.067,1.284,-17785000.0,18831000.0,18831000.0,134950000.0,14017000.0,0.93,1.664,96043000.0,5160000.0,90883000.0,96043000.0,0.0,7956000.0,1121000.0,0.0,0.0,31913000.0,39869000.0,0.194,39869000.0,31913000.0,21817000.0,0.235,0.227,0.235,76717000.0,69472000.0,76717000.0,282463039.0,9.0,7.085,6711000.0,0.112,1.0,70273000.0,0.342,27123000.0,10096000.0,230595000.0,222180500.0,0.0,13517000.0,0.0,13517000.0,127649000.0,23860000.0,103789000.0,203441039.0,3347000.0,-6108000.0,678000.0,9613000.0,0.0,7221000.0,-28370000.0,0.0,24496000.0,0.0,14017000.0,14017000.0,14017000.0,0.0,0.0,0.068,42376000.0,27897000.0,9115000.0,0.0,2.652,14.514,14.5,130667000.0,0.0,3.408,0.991,0.992,5011000.0,39817000.0,205223000.0,205223000.0,0.0,0.073,0.202,0.144,0.156,0.0,46203000.0,1.0,59703900.0,59752000,61856000.0,3.435,177243000.0,594000.0,7800000.0,17114000.0,2.966,-1676000.0
85,PENN,MRT,2000-03-31,2000-03-31,2000-03-31,2021-08-25,0.0,197579000.0,185218500.0,18701000.0,178878000.0,1.027,1.174,-13636000.0,16430000.0,16430000.0,119407000.0,10333000.0,0.765,1.824,95452000.0,5160000.0,90292000.0,95452000.0,0.0,7894000.0,946000.0,0.0,0.0,26194000.0,34088000.0,0.179,34088000.0,26194000.0,16324000.0,0.173,0.17,0.173,69961000.0,65798250.0,69961000.0,242406602.0,9.0,7.111,9159000.0,0.154,1.0,70875000.0,0.372,21430000.0,9870000.0,230726000.0,216849750.0,0.0,19294000.0,0.0,19294000.0,127618000.0,24445000.0,103173000.0,165627602.0,1252000.0,-17358000.0,544000.0,5713000.0,0.0,3201000.0,-24744000.0,11250000.0,22795000.0,0.0,10333000.0,10333000.0,10333000.0,0.0,0.0,0.054,47226000.0,23649000.0,8947000.0,0.0,2.367,16.029,16.055,127067000.0,0.0,2.777,0.87,0.87,4410000.0,33590000.0,190282000.0,190282000.0,0.0,0.056,0.157,0.121,0.138,0.0,38293000.0,1.0,59631900.0,59592000,60848000.0,3.193,176149000.0,669000.0,5991000.0,15915000.0,2.956,-5744000.0
86,PENN,MRT,1999-12-31,1999-12-31,1999-12-31,2021-08-25,0.0,189712000.0,179702750.0,17094000.0,172618000.0,0.948,1.117,-13243000.0,14434000.0,14434000.0,103759000.0,6733000.0,0.674,1.863,91213000.0,5160000.0,86053000.0,91213000.0,0.0,7733000.0,800000.0,0.0,0.0,20123000.0,27856000.0,0.164,27856000.0,20123000.0,10510000.0,0.113,0.11,0.113,66272000.0,63079750.0,66272000.0,207816139.0,10.0,7.46,9218000.0,0.155,1.0,66601000.0,0.391,21582000.0,9613000.0,219558000.0,212325000.0,0.0,12862000.0,0.0,12862000.0,123440000.0,25351000.0,98089000.0,133871139.0,2608000.0,-11513000.0,503000.0,12957000.0,0.0,9903000.0,-29756000.0,0.0,22461000.0,0.0,6733000.0,6733000.0,6733000.0,0.0,0.0,0.04,48936000.0,17665000.0,12324000.0,0.0,2.02,19.883,19.912,126871000.0,0.0,2.25,0.786,0.784,4779000.0,29971000.0,170360000.0,170360000.0,0.0,0.037,0.107,0.095,0.118,0.0,30030000.0,1.0,59498284.0,59348000,60784000.0,2.871,168130000.0,1088000.0,3777000.0,13527000.0,2.833,-8257000.0
87,PENN,MRT,1999-09-30,1999-09-30,1999-09-30,2021-08-25,0.0,177856000.0,172474250.0,17261000.0,160595000.0,0.955,1.092,-20015000.0,9777000.0,9777000.0,128442000.0,6858000.0,0.777,1.739,83722000.0,5158000.0,78564000.0,83722000.0,0.0,7925000.0,828000.0,0.0,0.0,16387271.0,24312271.0,0.148,24312271.0,16387271.0,7831271.0,0.115,0.115,0.115,64938000.0,61270750.0,64938000.0,217201700.0,13.0,8.934,1063000.0,0.018,1.0,36348000.0,0.221,21733000.0,8556000.0,207843000.0,206831250.0,0.0,12269000.0,0.0,12269000.0,112918000.0,22225000.0,90693000.0,141255700.0,365000.0,-12018000.0,516000.0,14442000.0,0.0,11320000.0,-32033000.0,0.0,21078000.0,0.0,6858000.0,6858000.0,6858000.0,0.0,0.0,0.042,17863000.0,18485000.0,9480000.0,0.0,2.175,20.597,20.652,120330000.0,0.0,2.375,0.857,0.857,4580000.0,28637000.0,164790000.0,164790000.0,0.0,0.04,0.112,0.079,0.099,0.0,33546000.0,1.0,59476084.0,59472000,61068000.0,2.771,156123000.0,255000.0,973271.0,13489000.0,2.625,-4964000.0
88,PENN,MRT,1999-06-30,1999-06-30,1999-06-30,2021-08-25,0.0,175727000.0,166856750.0,19006000.0,156721000.0,0.952,1.047,-19979000.0,10484000.0,10484000.0,97988000.0,6388000.0,0.926,1.833,86430000.0,5158000.0,81272000.0,86430000.0,0.0,7052000.0,719000.0,0.0,0.0,18840000.0,25892000.0,0.163,25892000.0,18840000.0,10376000.0,0.108,0.105,0.108,62022000.0,59427500.0,62022000.0,216859296.0,12.0,8.376,-5589000.0,-0.094,1.0,60836000.0,0.383,21885000.0,8464000.0,209272000.0,198708500.0,0.0,11250000.0,0.0,11250000.0,113705000.0,20516000.0,93189000.0,137298296.0,-13008000.0,-11250000.0,-1917000.0,6128000.0,0.0,3580000.0,-30978000.0,0.0,14390000.0,0.0,6388000.0,6388000.0,6388000.0,0.0,0.0,0.04,43051000.0,17785000.0,10053000.0,0.0,2.214,21.493,21.412,119779000.0,0.0,2.312,0.864,0.862,5995000.0,25800000.0,158824000.0,158824000.0,0.0,0.038,0.107,0.095,0.119,0.0,23932000.0,1.0,59372236.0,59224000,60764000.0,2.682,153842000.0,446000.0,3988000.0,12882000.0,2.598,-1510000.0
89,PENN,MRT,1999-03-31,1999-03-31,1999-03-31,2021-08-25,0.0,175516000.0,163731250.0,17549000.0,157967000.0,0.938,1.001,-20025000.0,10178000.0,10178000.0,96454000.0,6323000.0,0.87,1.97,89739000.0,5159000.0,84580000.0,89739000.0,0.0,6346000.0,550000.0,0.0,0.0,18495000.0,24841000.0,0.162,24841000.0,18495000.0,10106000.0,0.105,0.102,0.105,59087000.0,58309750.0,59087000.0,173814475.0,9.0,6.997,-8661000.0,-0.147,1.0,57047000.0,0.372,22289000.0,8389000.0,212627000.0,192137750.0,0.0,11250000.0,0.0,11250000.0,116429000.0,20161000.0,96268000.0,102384475.0,-13377000.0,0.0,-2312000.0,9419000.0,0.0,6534000.0,-31275000.0,-11250000.0,11364000.0,0.0,6323000.0,6323000.0,6323000.0,0.0,0.0,0.041,39498000.0,17549000.0,7415000.0,0.0,1.733,16.192,16.519,120488000.0,0.0,1.734,0.667,0.667,3307000.0,23260000.0,153501000.0,153501000.0,0.0,0.039,0.108,0.096,0.12,0.0,23932000.0,1.0,59028236.0,59048000,60316000.0,2.6,153227000.0,1784000.0,3783000.0,12039000.0,2.595,-2612000.0
90,PENN,MRT,1998-12-31,1998-12-31,1998-12-31,2021-08-25,0.0,160798000.0,160840000.0,14114000.0,146684000.0,0.958,0.983,-22333000.0,6826000.0,6826000.0,96847000.0,7503000.0,1.157,1.724,78256000.0,168000.0,78088000.0,78256000.0,0.0,5748000.0,548000.0,0.0,0.0,20396000.0,26144000.0,0.17,26144000.0,20396000.0,12022000.0,0.125,0.122,0.125,59036000.0,84525750.0,59036000.0,163017410.0,8.0,6.235,-10467000.0,-0.174,1.0,57218000.0,0.371,22442000.0,8374000.0,197583000.0,184035500.0,0.0,0.0,0.0,0.0,101762000.0,12203000.0,89559000.0,103149410.0,-15028000.0,0.0,-2323000.0,-2080000.0,0.0,-4561000.0,-22333000.0,0.0,11866000.0,0.0,7503000.0,7503000.0,7503000.0,0.0,0.0,0.049,37760000.0,19458000.0,7104000.0,0.0,1.747,13.748,14.0,120752000.0,0.0,1.75,0.67,0.682,3840000.0,23238000.0,154065000.0,154065000.0,0.0,0.047,0.089,0.111,0.132,0.0,23932000.0,1.0,58942520.0,60060000,61496000.0,2.565,138356000.0,1317000.0,4519000.0,11974000.0,2.304,1911000.0
91,PENN,MRT,1998-09-30,1998-09-30,1998-09-30,2021-08-25,0.0,155386000.0,160360000.0,22335000.0,133051000.0,0.904,0.958,-10124000.0,9412000.0,9412000.0,71231000.0,4277000.0,1.291,1.699,69280000.0,175000.0,69105000.0,69280000.0,0.0,5631000.0,681000.0,0.0,0.0,15306000.0,20937000.0,0.144,20937000.0,15306000.0,7041000.0,0.073,0.07,0.073,57565000.0,83230750.0,57565000.0,178056640.0,12.0,8.504,-2591000.0,-0.043,1.0,73751000.0,0.509,22596000.0,8265000.0,175352000.0,179766500.0,0.0,3092000.0,3092000.0,0.0,97821000.0,17306000.0,80515000.0,121246640.0,5461000.0,-1938000.0,-2395000.0,15420000.0,0.0,10166000.0,-12238000.0,0.0,7533000.0,0.0,4277000.0,4277000.0,4277000.0,0.0,0.0,0.03,58703000.0,15048000.0,10152000.0,0.0,2.106,28.349,27.397,106942000.0,0.0,2.0,0.836,0.829,6503000.0,21780000.0,144982000.0,144982000.0,0.0,0.027,0.051,0.085,0.106,0.0,0.0,1.0,60623320.0,60064000,61092000.0,2.414,132790000.0,995000.0,2764000.0,12331000.0,2.211,5029000.0
92,PENN,MRT,1998-06-30,1998-06-30,1998-06-30,2021-08-25,0.0,163225000.0,,30960000.0,132265000.0,,0.949,-18678000.0,23492000.0,23492000.0,67530000.0,2649000.0,2.165,1.836,80302000.0,189000.0,80113000.0,80302000.0,0.0,5221000.0,703000.0,0.0,0.0,11642000.0,16863000.0,0.127,16863000.0,11642000.0,4483000.0,0.042,0.042,0.042,57551000.0,,57551000.0,171388542.0,15.0,10.164,-4622000.0,-0.076,1.0,65015000.0,0.491,22749000.0,7159000.0,182989000.0,,0.0,0.0,0.0,0.0,105674000.0,14297000.0,91377000.0,114623542.0,18665000.0,-2248000.0,22000.0,35421000.0,0.0,32187000.0,-20926000.0,0.0,14056000.0,0.0,2649000.0,2649000.0,2649000.0,0.0,0.0,0.02,53534000.0,11481000.0,8516000.0,0.0,1.992,43.27,45.018,105783000.0,0.0,1.891,0.865,0.865,4060000.0,19412000.0,132545000.0,132545000.0,0.0,,,,0.088,0.0,0.0,1.0,60623320.0,60620000,62120000.0,2.186,140476000.0,1299000.0,1834000.0,12070000.0,2.317,16663000.0
93,PENN,MRT,1998-03-31,1998-03-31,1998-03-31,2021-08-25,0.0,163951000.0,,31403000.0,132548000.0,,2.705,-29196000.0,23555000.0,23555000.0,59009000.0,2287000.0,1.785,0.0,80320000.0,197000.0,80123000.0,80320000.0,0.0,4040000.0,525000.0,0.0,0.0,9186000.0,13226000.0,0.119,13226000.0,9186000.0,4595000.0,0.038,0.038,0.038,163951000.0,,163951000.0,226105480.0,25.0,17.096,-18518000.0,-0.306,1.0,52527000.0,0.471,22902000.0,4591000.0,180218000.0,,0.0,0.0,0.0,0.0,0.0,17596000.0,91279000.0,167623480.0,16220000.0,-18248000.0,23086000.0,32819000.0,0.0,53162000.0,-47620000.0,0.0,10678000.0,0.0,2287000.0,2287000.0,2287000.0,0.0,0.0,0.021,42792000.0,9735000.0,9201000.0,0.0,1.022,73.294,72.763,105775000.0,0.0,2.765,1.503,1.503,3418000.0,55076000.0,111536000.0,111536000.0,0.0,,,,0.082,0.0,0.0,1.0,60623320.0,60612000,62344000.0,1.84,141049000.0,2651000.0,2308000.0,12040000.0,2.327,13807000.0
94,PENN,MRT,1997-12-31,1997-12-31,1997-12-31,2021-08-25,0.0,158878000.0,127800500.0,29024000.0,129854000.0,0.873,0.902,-29196000.0,21854000.0,21854000.0,59009000.0,2287000.0,2.103,1.95,80336000.0,204000.0,80132000.0,80336000.0,0.0,4040000.0,470000.0,0.0,0.0,9186000.0,13226000.0,0.119,13226000.0,9186000.0,4595000.0,0.037,0.037,0.037,53856000.0,40868500.0,53856000.0,,,,-18518000.0,-0.31,1.0,52527000.0,0.471,23055000.0,4591000.0,180507000.0,142575000.0,0.0,0.0,0.0,0.0,105022000.0,13798000.0,91224000.0,147769342.0,16220000.0,-18248000.0,23086000.0,32819000.0,0.0,53162000.0,-47620000.0,0.0,10678000.0,0.0,2287000.0,2287000.0,2287000.0,0.0,0.0,0.021,42792000.0,9735000.0,7405000.0,0.0,2.744,64.613,65.878,103161000.0,0.0,2.438,1.325,1.305,2257000.0,15735000.0,111536000.0,111536000.0,0.0,0.018,0.056,0.064,0.082,0.0,0.0,1.0,60623320.0,59700000,61832000.0,1.868,135823000.0,3472000.0,2308000.0,11741000.0,2.275,15226000.0
95,PENN,MRT,1997-09-30,1997-09-30,1997-09-30,2021-08-25,,,,,,,,,,,,,,,,,,,,,,0.0,0.0,,,,,,,,,,,,,,,,,,1.0,,,,,,,,,,,,,,,,,,,,,,,,,,,,,,,,,,,,,,,,4.657,,,,,,,,,,,,,,1.0,,57204000,,,,,,,,
96,PENN,MRT,1997-06-30,1997-06-30,1997-06-30,2021-08-25,,,,,,,,,,,,,,,,,,,,,,0.0,0.0,,,,,,,,,,,,,,,,,,1.0,,,,,,,,,,,,,,,,,,,,,,,,,,,,,,,,,,,,,,,,3.72,,,,,,,,,,,,,,1.0,,60396000,,,,,,,,
97,PENN,MRT,1997-03-31,1997-03-31,1997-03-31,2021-08-25,,,,,,,,,,,,,,,,,,,,,,0.0,0.0,,,,,,,,,,,,,,,,,,1.0,,,,,,,,,,,,,,,,,,,,,,,,,,,,,,,,,,,,,,,,4.125,,,,,,,,,,,,,,1.0,,60612000,,,,,,,,
98,PENN,MRT,1996-12-31,1996-12-31,1996-12-31,2021-08-25,0.0,96723000.0,,11569000.0,85154000.0,,0.524,-6995000.0,5634000.0,5634000.0,32974000.0,5510000.0,0.958,2.469,47517000.0,1563000.0,45954000.0,47517000.0,0.0,1433000.0,420000.0,0.0,0.0,9810000.0,11243000.0,0.179,11243000.0,9810000.0,9304000.0,0.102,0.1,0.102,27881000.0,,27881000.0,,,,952000.0,0.018,1.0,29860000.0,0.475,21885000.0,506000.0,104643000.0,,0.0,0.0,0.0,0.0,68842000.0,12078000.0,56764000.0,,-1880000.0,-47320000.0,1569000.0,46877000.0,0.0,46002000.0,-55829000.0,0.0,7947000.0,0.0,5510000.0,5510000.0,5510000.0,0.0,0.0,0.088,20400000.0,9460000.0,6487000.0,0.0,,,34.926,58718000.0,0.0,3.562,,3.017,4293000.0,13448000.0,62834000.0,62834000.0,0.0,,,,0.156,0.0,0.0,1.0,,53208000,55288000.0,1.181,74838000.0,90000.0,3794000.0,11202000.0,1.407,-509000.0
99,PENN,MRT,1995-12-31,1995-12-31,1995-12-31,2021-08-25,,,,,,,,-3958000.0,,,30876000.0,4996000.0,,,,,,,,881000.0,,0.0,0.0,8534000.0,9415000.0,0.163,9415000.0,8534000.0,8463000.0,0.098,0.095,0.098,,,,,,,1959000.0,0.038,1.0,26800000.0,0.465,,71000.0,,,,,,,,,,,2012000.0,0.0,179000.0,-126000.0,0.0,53000.0,-3958000.0,0.0,5917000.0,0.0,4996000.0,4996000.0,4996000.0,0.0,0.0,0.087,18545000.0,8255000.0,,0.0,,,10.952,,0.0,1.073,,0.961,,,57676000.0,57676000.0,0.0,,,,0.148,0.0,0.0,1.0,,51624000,52068000.0,1.117,,,3467000.0,,,
