None,ticker,dimension,calendardate,datekey,reportperiod,lastupdated,accoci,assets,assetsavg,assetsc,assetsnc,assetturnover,bvps,capex,cashneq,cashnequsd,cor,consolinc,currentratio,de,debt,debtc,debtnc,debtusd,deferredrev,depamor,deposits,divyield,dps,ebit,ebitda,ebitdamargin,ebitdausd,ebitusd,ebt,eps,epsdil,epsusd,equity,equityavg,equityusd,ev,evebit,evebitda,fcf,fcfps,fxusd,gp,grossmargin,intangibles,intexp,invcap,invcapavg,inventory,investments,investmentsc,investmentsnc,liabilities,liabilitiesc,liabilitiesnc,marketcap,ncf,ncfbus,ncfcommon,ncfdebt,ncfdiv,ncff,ncfi,ncfinv,ncfo,ncfx,netinc,netinccmn,netinccmnusd,netincdis,netincnci,netmargin,opex,opinc,payables,payoutratio,pb,pe,pe1,ppnenet,prefdivis,price,ps,ps1,receivables,retearn,revenue,revenueusd,rnd,roa,roe,roic,ros,sbcomp,sgna,sharefactor,sharesbas,shareswa,shareswadil,sps,tangibles,taxassets,taxexp,taxliabilities,tbvps,workingcapital
0,ARG,MRY,2016-12-31,2016-03-31,2016-03-31,2019-04-19,-18402000.0,6134956000.0,6133636250.0,1384198000.0,4750758000.0,0.866,27.857,-431378000.0,55809000.0,55809000.0,2301598000.0,337500000.0,1.206,2.0,2588185000.0,633365000.0,1954820000.0,2588185000.0,0.0,352747000.0,0.0,0.017,2.4,589788000.0,942535000.0,0.177,942535000.0,589788000.0,529717000.0,4.6,4.54,4.6,2045298000.0,2014994250.0,2045298000.0,12914019332.0,22.0,13.701,312557000.0,4.257,1.0,3012179000.0,0.567,1612942000.0,60071000.0,5906556000.0,5778211500.0,459521000.0,0.0,0.0,0.0,4089658000.0,1147834000.0,2941824000.0,10258770332.0,5085000.0,-101704000.0,-325185000.0,262419000.0,-175384000.0,-208324000.0,-530526000.0,0.0,743935000.0,0.0,337500000.0,337500000.0,337500000.0,0.0,0.0,0.064,2431468000.0,580711000.0,165781000.0,0.522,5.016,30.396,30.791,3090543000.0,0.0,141.64,1.931,1.957,667399000.0,2377843000.0,5313777000.0,5313777000.0,0.0,0.055,0.167,0.102,0.111,27757000.0,2042754000.0,1.0,72428483.0,73422000,74377000.0,72.373,4522014000.0,69908000.0,192217000.0,894344000.0,61.589,236364000.0
1,ARG,MRY,2015-12-31,2015-03-31,2015-03-31,2019-04-19,-14853000.0,5973610000.0,5935112250.0,1415684000.0,4557926000.0,0.894,28.802,-445706000.0,50724000.0,50724000.0,2355875000.0,368086000.0,1.254,1.776,2324643000.0,575981000.0,1748662000.0,2324643000.0,0.0,329058000.0,0.0,0.021,2.263,646353000.0,975411000.0,0.184,975411000.0,646353000.0,584121000.0,4.93,4.85,4.93,2151586000.0,2042471250.0,2151586000.0,10321635633.0,16.0,10.582,272331000.0,3.646,1.0,2949010000.0,0.556,1558163000.0,62232000.0,5560319000.0,5630969000.0,474070000.0,0.0,0.0,0.0,3822024000.0,1129047000.0,2692977000.0,7970839633.0,-18837000.0,-51382000.0,54280000.0,-158414000.0,-164517000.0,-240111000.0,-496763000.0,0.0,718037000.0,0.0,368086000.0,368086000.0,368086000.0,0.0,0.0,0.069,2307732000.0,641278000.0,206187000.0,0.459,3.705,21.655,21.523,2951766000.0,0.0,106.11,1.503,1.494,708227000.0,2231026000.0,5304885000.0,5304885000.0,0.0,0.062,0.18,0.115,0.122,30027000.0,1978674000.0,1.0,75118647.0,74702000,75851000.0,71.014,4415447000.0,58072000.0,216035000.0,854574000.0,59.107,286637000.0
2,ARG,MRY,2014-12-31,2014-03-31,2014-03-31,2019-04-19,529000.0,5793314000.0,5690727500.0,1399087000.0,4394227000.0,0.891,25.001,-339104000.0,69561000.0,69561000.0,2247574000.0,350784000.0,1.051,2.147,2494962000.0,788188000.0,1706774000.0,2494962000.0,0.0,305306000.0,0.0,0.018,1.92,625603000.0,930909000.0,0.184,930909000.0,625603000.0,551905000.0,4.76,4.68,4.76,1840649000.0,1732279250.0,1840649000.0,10363774253.0,17.0,11.133,405756000.0,5.511,1.0,2824963000.0,0.557,1548732000.0,73698000.0,5339208000.0,5405997250.0,478149000.0,0.0,0.0,0.0,3952665000.0,1330775000.0,2621890000.0,7877670253.0,-16825000.0,-203529000.0,30183000.0,-137804000.0,-141461000.0,-218101000.0,-543584000.0,0.0,744860000.0,0.0,350784000.0,350784000.0,350784000.0,0.0,0.0,0.069,2194429000.0,630534000.0,196911000.0,0.403,4.28,22.457,22.376,2802415000.0,0.0,106.51,1.553,1.546,701060000.0,2047843000.0,5072537000.0,5072537000.0,0.0,0.062,0.202,0.116,0.123,28961000.0,1889123000.0,1.0,73961790.0,73623000,74910000.0,68.899,4244582000.0,57961000.0,201121000.0,825897000.0,57.653,68312000.0
3,ARG,MRY,2013-12-31,2013-03-31,2013-03-31,2019-04-19,4438000.0,5618225000.0,5484917500.0,1463830000.0,4154395000.0,0.904,20.052,-294052000.0,86386000.0,86386000.0,2235567000.0,340874000.0,1.699,2.655,2607818000.0,303573000.0,2304245000.0,2607818000.0,0.0,288900000.0,0.0,0.016,1.6,610911000.0,899811000.0,0.182,899811000.0,610911000.0,543417000.0,4.45,4.35,4.45,1536983000.0,1779347750.0,1536983000.0,9757922700.0,16.0,10.844,256216000.0,3.343,1.0,2721930000.0,0.549,1422437000.0,67494000.0,5855506000.0,5282562500.0,474821000.0,0.0,0.0,0.0,4081242000.0,861714000.0,3219528000.0,7527955700.0,41723000.0,-97521000.0,-503173000.0,463138000.0,-122202000.0,-115686000.0,-392859000.0,0.0,550268000.0,0.0,340874000.0,340874000.0,340874000.0,0.0,0.0,0.069,2125513000.0,596417000.0,183258000.0,0.36,4.898,22.084,22.283,2686305000.0,0.0,99.16,1.518,1.533,710740000.0,1861395000.0,4957497000.0,4957497000.0,0.0,0.062,0.192,0.116,0.123,27053000.0,1828524000.0,1.0,75917262.0,76651000,78307000.0,64.676,4195788000.0,53562000.0,202543000.0,825612000.0,54.739,602116000.0
4,ARG,MRY,2012-12-31,2012-03-31,2012-03-31,2019-04-19,5386000.0,5320585000.0,5164340250.0,1274206000.0,4046379000.0,0.919,22.853,-340149000.0,44663000.0,44663000.0,2175430000.0,313374000.0,1.37,2.04,2160739000.0,398837000.0,1761902000.0,2160739000.0,0.0,270285000.0,0.0,0.014,1.25,558503000.0,828788000.0,0.175,828788000.0,558503000.0,492166000.0,4.09,4.0,4.09,1750258000.0,1622012500.0,1750258000.0,8519138561.0,15.0,10.279,166257000.0,2.171,1.0,2570853000.0,0.542,1378007000.0,66337000.0,5128605000.0,5143456250.0,408438000.0,0.0,0.0,0.0,3570327000.0,930049000.0,2640278000.0,6794120561.0,-12555000.0,-160115000.0,-263381000.0,313632000.0,-95323000.0,-16867000.0,-502094000.0,0.0,506406000.0,0.0,313374000.0,313374000.0,313374000.0,0.0,0.0,0.066,2014632000.0,556221000.0,174868000.0,0.306,3.882,21.681,21.753,2616059000.0,0.0,88.97,1.431,1.436,652439000.0,1701478000.0,4746283000.0,4746283000.0,0.0,0.061,0.193,0.109,0.118,25608000.0,1727769000.0,1.0,76364174.0,76586000,78324000.0,61.973,3942578000.0,49617000.0,178792000.0,793957000.0,51.479,344157000.0
5,ARG,MRY,2011-12-31,2011-03-31,2011-03-31,2019-04-19,7580000.0,4945754000.0,4863819750.0,1130518000.0,3815236000.0,0.874,20.852,-240186000.0,57218000.0,57218000.0,1913280000.0,250264000.0,2.003,1.841,1852862000.0,9868000.0,1842994000.0,1852862000.0,0.0,250518000.0,0.0,0.015,1.01,466987000.0,717505000.0,0.169,717505000.0,466987000.0,406933000.0,3.0,2.94,3.0,1740912000.0,1877121500.0,1740912000.0,7183453872.0,15.0,10.012,35115000.0,0.421,1.0,2338187000.0,0.55,1314504000.0,60054000.0,4862391000.0,4700515500.0,372375000.0,0.0,0.0,0.0,3204842000.0,564503000.0,2640339000.0,5591754872.0,10217000.0,-21186000.0,-277908000.0,48545000.0,-83797000.0,-3317000.0,-261767000.0,0.0,275301000.0,0.0,250264000.0,250264000.0,250264000.0,0.0,0.0,0.059,1868996000.0,469191000.0,163091000.0,0.337,3.212,22.343,22.14,2455758000.0,0.0,66.42,1.315,1.304,550262000.0,1504758000.0,4251467000.0,4251467000.0,0.0,0.051,0.133,0.099,0.11,23669000.0,1574072000.0,1.0,84187818.0,83487000,85252000.0,50.924,3631250000.0,50132000.0,156669000.0,726797000.0,43.495,566015000.0
6,ARG,MRY,2010-12-31,2010-03-31,2010-03-31,2019-04-19,3442000.0,4495932000.0,4428721000.0,711335000.0,3784597000.0,0.875,21.862,-238362000.0,47001000.0,47001000.0,1727920000.0,196266000.0,1.496,1.504,1509639000.0,10255000.0,1499384000.0,1509639000.0,0.0,234949000.0,0.0,0.012,0.76,377356000.0,612305000.0,0.158,612305000.0,377356000.0,314046000.0,2.39,2.34,2.39,1795544000.0,1715948250.0,1795544000.0,6843872615.0,18.0,11.177,361685000.0,4.404,1.0,2147233000.0,0.554,1322028000.0,63310000.0,4160899000.0,4257267250.0,333961000.0,0.0,0.0,0.0,2700388000.0,475643000.0,2224745000.0,5263258615.0,-187000.0,-80777000.0,21863000.0,-263001000.0,-62526000.0,-277953000.0,-322281000.0,0.0,600047000.0,0.0,196266000.0,196266000.0,196266000.0,0.0,0.0,0.051,1747689000.0,399544000.0,157566000.0,0.318,2.931,26.817,26.619,2427996000.0,0.0,63.62,1.358,1.348,186804000.0,1332759000.0,3875153000.0,3875153000.0,0.0,0.044,0.114,0.089,0.097,22868000.0,1489305000.0,1.0,82729623.0,82129000,83787000.0,47.184,3173904000.0,48591000.0,117780000.0,652389000.0,38.645,235692000.0
7,ARG,MRY,2009-12-31,2009-03-31,2009-03-31,2019-04-19,-10753000.0,4426310000.0,4309466750.0,744743000.0,3681567000.0,1.012,19.185,-337552000.0,47188000.0,47188000.0,2039888000.0,261088000.0,1.661,1.816,1761366000.0,11058000.0,1750308000.0,1761366000.0,0.0,220795000.0,0.0,0.017,0.56,513748000.0,734543000.0,0.168,734543000.0,513748000.0,429353000.0,3.19,3.12,3.19,1571755000.0,1522181000.0,1571755000.0,4527714312.0,9.0,6.164,245215000.0,2.993,1.0,2321591000.0,0.532,1279440000.0,84395000.0,4412747000.0,4287835000.0,390445000.0,0.0,0.0,0.0,2854555000.0,448301000.0,2406254000.0,2749477312.0,4140000.0,-273750000.0,-104031000.0,161942000.0,-45766000.0,31297000.0,-609924000.0,0.0,582767000.0,0.0,261088000.0,261088000.0,261088000.0,0.0,0.0,0.06,1796723000.0,524868000.0,156838000.0,0.176,1.749,10.531,10.599,2366526000.0,0.0,33.81,0.63,0.635,184739000.0,1198985000.0,4361479000.0,4361479000.0,0.0,0.061,0.172,0.12,0.118,20635000.0,1575928000.0,1.0,81321423.0,81926000,83816000.0,53.237,3146870000.0,45692000.0,168265000.0,576715000.0,38.411,296442000.0
8,ARG,MRY,2008-12-31,2008-03-31,2008-03-31,2019-04-19,-4713000.0,3987264000.0,3827855250.0,646717000.0,3340547000.0,1.049,17.362,-258033000.0,43048000.0,43048000.0,1929263000.0,223348000.0,1.257,1.821,1580048000.0,40400000.0,1539648000.0,1580048000.0,0.0,189775000.0,0.0,0.009,0.39,457017000.0,646792000.0,0.161,646792000.0,457017000.0,367532000.0,2.74,2.66,2.74,1413336000.0,1324055500.0,1413336000.0,5240500217.0,11.0,8.102,291893000.0,3.586,1.0,2087761000.0,0.52,1118057000.0,89485000.0,3891813000.0,3875107000.0,330732000.0,0.0,0.0,0.0,2573928000.0,514394000.0,2059534000.0,3750577217.0,17117000.0,-480096000.0,3371000.0,208386000.0,-31828000.0,206636000.0,-739445000.0,0.0,549926000.0,0.0,223348000.0,223348000.0,223348000.0,0.0,0.0,0.056,1611937000.0,475824000.0,185111000.0,0.142,2.654,16.793,16.595,2194870000.0,0.0,45.47,0.934,0.921,183569000.0,983663000.0,4017024000.0,4017024000.0,0.0,0.058,0.169,0.118,0.114,16629000.0,1422162000.0,1.0,82484654.0,81402000,84235000.0,49.348,2869207000.0,22258000.0,144184000.0,439782000.0,35.247,132323000.0
9,ARG,MRY,2007-12-31,2007-03-31,2007-03-31,2019-04-19,4183000.0,3333457000.0,2820956250.0,549499000.0,2783958000.0,1.136,14.423,-229589000.0,25931000.0,25931000.0,1567232000.0,154416000.0,1.284,1.962,1350015000.0,40296000.0,1309719000.0,1350015000.0,0.0,147343000.0,0.0,0.007,0.28,314479000.0,461822000.0,0.144,461822000.0,314479000.0,254299000.0,1.98,1.92,1.98,1125382000.0,1058311750.0,1125382000.0,4171105285.0,13.0,9.032,96754000.0,1.24,1.0,1637819000.0,0.511,895097000.0,60180000.0,3334488000.0,2599086500.0,250308000.0,0.0,0.0,0.0,2208075000.0,427956000.0,1780119000.0,3311205285.0,-9054000.0,-687892000.0,15107000.0,576415000.0,-21980000.0,582558000.0,-917955000.0,0.0,326343000.0,0.0,154416000.0,154416000.0,154416000.0,0.0,0.0,0.048,1296322000.0,341497000.0,146385000.0,0.141,2.942,21.443,21.288,1865418000.0,0.0,42.15,1.033,1.026,193664000.0,792433000.0,3205051000.0,3205051000.0,0.0,0.055,0.146,0.121,0.098,15445000.0,1148979000.0,1.0,78557658.0,78025000,82566000.0,41.077,2438360000.0,31004000.0,99883000.0,373246000.0,31.251,121543000.0
10,ARG,MRY,2006-12-31,2006-03-31,2006-03-31,2019-04-19,4751000.0,2474412000.0,2418714250.0,458516000.0,2015896000.0,1.17,12.361,-200401000.0,34985000.0,34985000.0,1401978000.0,123551000.0,0.964,1.612,767627000.0,131901000.0,635726000.0,767627000.0,0.0,127542000.0,0.0,0.006,0.24,255229000.0,382771000.0,0.135,382771000.0,255229000.0,201417000.0,1.61,1.57,1.61,947159000.0,898818500.0,947159000.0,3765252351.0,15.0,9.837,145644000.0,1.901,1.0,1427632000.0,0.505,592322000.0,53812000.0,2139078000.0,2187121500.0,229523000.0,0.0,0.0,0.0,1527253000.0,475654000.0,1051599000.0,3025054351.0,2345000.0,-138866000.0,6936000.0,-21968000.0,-18449000.0,-4603000.0,-339097000.0,0.0,346045000.0,0.0,123551000.0,123551000.0,123551000.0,1424000.0,0.0,0.044,1158874000.0,268758000.0,143752000.0,0.149,3.194,24.484,24.28,1398757000.0,0.0,39.09,1.069,1.059,132245000.0,665158000.0,2829610000.0,2829610000.0,0.0,0.051,0.137,0.117,0.09,0.0,1031332000.0,1.0,77386911.0,76624000,81152000.0,36.929,1882090000.0,30141000.0,77866000.0,327818000.0,24.563,-17138000.0
11,ARG,MRY,2005-12-31,2005-03-31,2005-03-31,2019-04-19,2609000.0,2291863000.0,2156090500.0,466257000.0,1825606000.0,1.098,10.869,-162616000.0,32640000.0,32640000.0,1151782000.0,92022000.0,1.399,1.815,808583000.0,6948000.0,801635000.0,808583000.0,0.0,111078000.0,0.0,0.008,0.18,197528000.0,308606000.0,0.13,308606000.0,197528000.0,146283000.0,1.23,1.2,1.23,814172000.0,750267500.0,814172000.0,2648319832.0,13.0,8.582,49794000.0,0.665,1.0,1216000000.0,0.514,527703000.0,51245000.0,2206815000.0,2141300500.0,221609000.0,0.0,0.0,0.0,1477691000.0,333288000.0,1144403000.0,1800485832.0,7578000.0,-190992000.0,20374000.0,132358000.0,-13643000.0,148605000.0,-353437000.0,0.0,212410000.0,0.0,92022000.0,92022000.0,92022000.0,-464000.0,0.0,0.039,1013546000.0,202454000.0,143208000.0,0.146,2.211,19.566,19.423,1269342000.0,0.0,23.89,0.76,0.756,148834000.0,560056000.0,2367782000.0,2367782000.0,0.0,0.043,0.123,0.092,0.083,0.0,902468000.0,1.0,75365669.0,74911000,76957000.0,31.608,1764160000.0,26263000.0,54261000.0,282186000.0,23.55,132969000.0
12,ARG,MRY,2004-12-31,2004-03-31,2004-03-31,2019-04-19,-2566000.0,1960606000.0,1830515500.0,356357000.0,1604249000.0,1.014,9.509,-88402000.0,25062000.0,25062000.0,883100000.0,80192000.0,1.332,1.834,688838000.0,6140000.0,682698000.0,688838000.0,0.0,87447000.0,0.0,0.008,0.16,170208000.0,257655000.0,0.139,257655000.0,170208000.0,127851000.0,1.1,1.07,1.1,691901000.0,648200000.0,691901000.0,2272903143.0,13.0,8.821,122277000.0,1.681,1.0,972260000.0,0.524,523940000.0,42357000.0,1832911000.0,1815157750.0,170300000.0,0.0,0.0,0.0,1268705000.0,267531000.0,1001174000.0,1560665143.0,3642000.0,-34183000.0,13130000.0,-81223000.0,-11801000.0,-83083000.0,-123954000.0,0.0,210679000.0,0.0,80192000.0,80192000.0,80192000.0,457000.0,0.0,0.043,803716000.0,168544000.0,114303000.0,0.145,2.256,19.462,19.364,1033926000.0,0.0,21.3,0.841,0.835,107013000.0,481677000.0,1855360000.0,1855360000.0,0.0,0.044,0.124,0.094,0.092,6889000.0,717045000.0,1.0,73270664.0,72761000,74672000.0,25.499,1436666000.0,25519000.0,47659000.0,253529000.0,19.745,88826000.0
13,ARG,MRY,2003-12-31,2003-03-31,2003-03-31,2019-04-19,-3302000.0,1700243000.0,1694695250.0,270582000.0,1429661000.0,1.054,8.467,-63709000.0,0.0,0.0,850316000.0,68105000.0,1.295,1.848,660260000.0,2229000.0,658031000.0,660260000.0,0.0,79844000.0,0.0,0.0,0.0,155679000.0,235523000.0,0.132,235523000.0,155679000.0,109304000.0,0.97,0.94,0.97,596933000.0,561373250.0,596933000.0,2028905000.0,13.0,8.614,132254000.0,1.876,1.0,936648000.0,0.524,457541000.0,46375000.0,1694066000.0,1763870250.0,151405000.0,65957000.0,0.0,65957000.0,1103310000.0,208896000.0,894414000.0,1332719000.0,-3074000.0,-23106000.0,9847000.0,-120350000.0,0.0,-110503000.0,-88534000.0,0.0,195963000.0,0.0,68105000.0,68105000.0,68105000.0,0.0,0.0,0.038,780766000.0,155882000.0,85375000.0,0.0,2.233,19.569,19.082,869492000.0,0.0,18.51,0.746,0.73,71346000.0,413286000.0,1786964000.0,1786964000.0,0.0,0.04,0.121,0.088,0.087,8951000.0,698228000.0,1.0,71999946.0,70500000,72300000.0,25.347,1242702000.0,17688000.0,41199000.0,209140000.0,17.627,61686000.0
14,ARG,MRY,2002-12-31,2002-03-31,2002-03-31,2019-04-19,-4401000.0,1717057000.0,1539242000.0,303543000.0,1413514000.0,1.063,7.387,-55081000.0,0.0,0.0,818753000.0,-10415000.0,1.371,2.413,766580000.0,2456000.0,764124000.0,766580000.0,0.0,72945000.0,0.0,0.0,0.0,66404000.0,139349000.0,0.085,139349000.0,66404000.0,19391000.0,-0.15,-0.15,-0.15,503086000.0,491168000.0,503086000.0,1982199872.0,30.0,14.225,194300000.0,2.853,1.0,817294000.0,0.5,432266000.0,47013000.0,1830040000.0,1546276750.0,154045000.0,64626000.0,0.0,64626000.0,1213971000.0,221331000.0,992640000.0,1402290872.0,0.0,-244773000.0,7442000.0,50339000.0,0.0,45320000.0,-294701000.0,0.0,249381000.0,0.0,-10415000.0,-10415000.0,-10415000.0,0.0,0.0,-0.006,692261000.0,125033000.0,82485000.0,0.0,2.787,-134.641,-134.0,893015000.0,0.0,20.1,0.857,0.837,88634000.0,345181000.0,1636047000.0,1636047000.0,0.0,-0.007,-0.021,0.043,0.041,7369000.0,619316000.0,1.0,69765715.0,68100000,69900000.0,24.024,1284791000.0,13210000.0,29806000.0,198173000.0,18.866,82212000.0
15,ARG,MRY,2001-12-31,2001-03-31,2001-03-31,2019-04-19,-1153000.0,1581290000.0,1671492750.0,333845000.0,1247445000.0,0.975,7.528,-63056000.0,0.0,0.0,847200000.0,28223000.0,1.192,2.183,693609000.0,72945000.0,620664000.0,693609000.0,0.0,86754000.0,0.0,0.0,0.0,109148000.0,195902000.0,0.12,195902000.0,109148000.0,48941000.0,0.43,0.42,0.43,496849000.0,487319750.0,496849000.0,1303297919.0,12.0,6.653,135949000.0,2.06,1.0,781701000.0,0.48,469725000.0,60207000.0,1525019000.0,1779520750.0,155024000.0,63262000.0,0.0,63262000.0,1084441000.0,280155000.0,804286000.0,534011919.0,0.0,47539000.0,-9754000.0,-178399000.0,0.0,-188153000.0,-10852000.0,0.0,199005000.0,0.0,28223000.0,28223000.0,28223000.0,0.0,0.0,0.017,673752000.0,107949000.0,76337000.0,0.0,1.075,18.921,18.326,704646000.0,0.0,7.88,0.328,0.319,143129000.0,355596000.0,1628901000.0,1628901000.0,0.0,0.017,0.058,0.061,0.067,5630000.0,583355000.0,1.0,67768010.0,66000000,67200000.0,24.68,1111565000.0,10143000.0,20718000.0,161176000.0,16.842,53690000.0
16,ARG,MRY,2000-12-31,2000-03-31,2000-03-31,2019-04-19,-596000.0,1739331000.0,1689675500.0,408790000.0,1330541000.0,0.913,6.828,-27757000.0,0.0,0.0,816597000.0,38283000.0,1.862,2.681,877493000.0,20071000.0,857422000.0,877493000.0,0.0,89308000.0,0.0,0.0,0.0,127394000.0,216702000.0,0.141,216702000.0,127394000.0,69834000.0,0.55,0.54,0.55,472507000.0,482167750.0,472507000.0,1381781567.0,11.0,6.376,72335000.0,1.045,1.0,725737000.0,0.471,445498000.0,57560000.0,1951730000.0,1913959750.0,159438000.0,0.0,0.0,0.0,1266824000.0,219596000.0,1047228000.0,578325567.0,0.0,-41954000.0,-45563000.0,10932000.0,0.0,-34631000.0,-65461000.0,0.0,100092000.0,0.0,38283000.0,38283000.0,38283000.0,0.0,0.0,0.025,619006000.0,106731000.0,78276000.0,0.0,1.224,15.107,15.115,753768000.0,0.0,8.313,0.375,0.373,211989000.0,327373000.0,1542334000.0,1542334000.0,0.0,0.023,0.079,0.067,0.083,5715000.0,532527000.0,1.0,69568816.0,69200000,70600000.0,22.288,1293833000.0,13752000.0,31551000.0,160808000.0,18.697,189194000.0
17,ARG,MRY,1999-12-31,1999-03-31,1999-03-31,2019-04-19,-910000.0,1698472000.0,1698435250.0,378842000.0,1319630000.0,0.919,6.728,-98359000.0,0.0,0.0,838055000.0,51924000.0,1.775,2.607,867486000.0,19645000.0,847841000.0,867486000.0,0.0,87926000.0,0.0,0.0,0.0,146659000.0,234585000.0,0.15,234585000.0,146659000.0,86361000.0,0.74,0.72,0.74,470945000.0,453112250.0,470945000.0,1472588183.0,10.0,6.277,3704000.0,0.053,1.0,723163000.0,0.463,428349000.0,60298000.0,1924183000.0,1938431250.0,154424000.0,0.0,0.0,0.0,1227527000.0,213426000.0,1014101000.0,594896183.0,,2950000.0,-13342000.0,8176000.0,0.0,-5187000.0,-96876000.0,0.0,102063000.0,,51924000.0,51924000.0,51924000.0,0.0,0.0,0.033,610167000.0,112996000.0,85486000.0,0.0,1.263,11.457,11.318,717859000.0,0.0,8.375,0.381,0.376,195708000.0,289090000.0,1561218000.0,1561218000.0,0.0,0.031,0.115,0.076,0.094,5750000.0,523241000.0,1.0,71032380.0,70000000,71700000.0,22.303,1270123000.0,7549000.0,34437000.0,142675000.0,18.145,165416000.0
18,ARG,MRY,1998-12-31,1998-03-31,1998-03-31,2019-04-19,-779000.0,1641474000.0,1466252500.0,366834000.0,1274640000.0,0.988,6.214,-121191000.0,0.0,0.0,779538000.0,40540000.0,1.626,2.845,842995000.0,12150000.0,830845000.0,842995000.0,0.0,88092000.0,0.0,0.0,0.0,123819000.0,211911000.0,0.146,211911000.0,123819000.0,70529000.0,0.59,0.57,0.59,426873000.0,380052000.0,426873000.0,2041550058.0,16.0,9.634,13209000.0,0.192,1.0,668452000.0,0.462,410753000.0,53290000.0,1848158000.0,1656257000.0,154937000.0,0.0,0.0,0.0,1214601000.0,225558000.0,989043000.0,1214309058.0,,-178200000.0,-30073000.0,191476000.0,0.0,161034000.0,-295434000.0,0.0,134400000.0,,40540000.0,40540000.0,40540000.0,0.0,0.0,0.028,549504000.0,118948000.0,84602000.0,0.0,2.845,29.953,29.237,687304000.0,0.0,17.25,0.839,0.818,186342000.0,237166000.0,1447990000.0,1447990000.0,0.0,0.028,0.107,0.075,0.086,5953000.0,467884000.0,1.0,70394728.0,68700000,70800000.0,21.077,1230721000.0,6952000.0,29989000.0,121356000.0,17.914,141276000.0
19,ARG,MRY,1997-12-31,1997-03-31,1997-03-31,2019-04-19,-468000.0,1291031000.0,1087336500.0,311999000.0,979032000.0,1.066,5.057,-70807000.0,0.0,0.0,611383000.0,23266000.0,1.667,2.864,655089000.0,25158000.0,629931000.0,655089000.0,0.0,66421000.0,0.0,0.0,0.0,84098000.0,150519000.0,0.13,150519000.0,84098000.0,44346000.0,0.35,0.34,0.35,333231000.0,283857500.0,333231000.0,,,,10440000.0,0.158,1.0,547511000.0,0.472,294614000.0,39752000.0,1464356000.0,1221890000.0,129372000.0,0.0,0.0,0.0,954374000.0,187150000.0,767224000.0,,,-202289000.0,-11257000.0,208316000.0,0.0,194798000.0,-276045000.0,0.0,81247000.0,,23266000.0,23266000.0,23266000.0,0.0,0.0,0.02,465226000.0,82285000.0,74329000.0,0.0,,,48.229,552161000.0,0.0,16.88,,0.96,151053000.0,196626000.0,1158894000.0,1158894000.0,0.0,0.021,0.082,0.069,0.073,5156000.0,371310000.0,1.0,,65900000,68600000.0,17.586,996417000.0,0.0,21080000.0,104266000.0,15.12,124849000.0
20,ARG,MRY,1996-12-31,1996-03-31,1996-03-31,2019-04-19,-410000.0,883642000.0,,218574000.0,665068000.0,,3.733,-41236000.0,0.0,0.0,419491000.0,39720000.0,1.596,2.761,398011000.0,12179000.0,385832000.0,398011000.0,0.0,45762000.0,0.0,0.0,0.0,93104000.0,138866000.0,0.166,138866000.0,93104000.0,68242000.0,0.63,0.6,0.63,234484000.0,,234484000.0,,,,50786000.0,0.808,1.0,418653000.0,0.5,165243000.0,24862000.0,979424000.0,,86162000.0,0.0,0.0,0.0,647433000.0,136986000.0,510447000.0,,,-152568000.0,-22947000.0,101551000.0,0.0,97935000.0,-189957000.0,0.0,92022000.0,,39720000.0,39720000.0,39720000.0,0.0,0.0,0.047,325668000.0,92985000.0,52528000.0,0.0,,,31.548,438877000.0,0.0,19.875,,1.49,120811000.0,173360000.0,838144000.0,838144000.0,0.0,,,,0.111,3396000.0,279906000.0,1.0,,62820000,65840000.0,13.342,718399000.0,0.0,28522000.0,88400000.0,11.436,81588000.0
21,ARG,MRY,1995-12-31,1995-03-31,1995-03-31,2019-04-19,,,,,,,,-34149000.0,,,342876000.0,31479000.0,,,,,,,,36868000.0,,0.0,0.0,72998000.0,109866000.0,0.16,109866000.0,72998000.0,55373000.0,0.48,0.48,0.48,,,,,,,45803000.0,0.699,1.0,345107000.0,0.502,,17625000.0,,,,,,,,,,,,-84926000.0,-5969000.0,39531000.0,0.0,39562000.0,-119514000.0,0.0,79952000.0,,31479000.0,31479000.0,31479000.0,0.0,0.0,0.046,272507000.0,72600000.0,,0.0,,,27.604,,0.0,13.25,,1.262,,,687983000.0,687983000.0,0.0,,,,0.106,2707000.0,235639000.0,,,65525000,65525000.0,10.5,,,23894000.0,,,
0,ARG,MRQ,2016-03-31,2016-03-31,2016-03-31,2019-04-19,-18402000.0,6134956000.0,,1384198000.0,4750758000.0,,28.214,-84302000.0,55809000.0,55809000.0,549677000.0,77367000.0,1.206,2.0,2588185000.0,633365000.0,1954820000.0,2588185000.0,0.0,89976000.0,0.0,0.017,0.6,135625000.0,225601000.0,0.174,225601000.0,135625000.0,119994000.0,1.07,1.05,1.07,2045298000.0,,2045298000.0,12914019332.0,22.0,13.701,147109000.0,2.029,1.0,744407000.0,0.575,1612942000.0,15631000.0,5906556000.0,,459521000.0,0.0,0.0,0.0,4089658000.0,1147834000.0,2941824000.0,10258770332.0,8932000.0,-1375000.0,18928000.0,-124722000.0,-43543000.0,-137578000.0,-84901000.0,0.0,231411000.0,0.0,77367000.0,77367000.0,77367000.0,0.0,0.0,0.06,612006000.0,132401000.0,165781000.0,0.561,5.016,30.396,30.791,3090543000.0,0.0,141.64,1.931,1.957,667399000.0,2377843000.0,1294084000.0,1294084000.0,0.0,,,,,3454000.0,507456000.0,1.0,72428483.0,72492000,73699000.0,17.851,4522014000.0,69908000.0,42627000.0,894344000.0,62.379,236364000.0
1,ARG,MRQ,2015-12-31,2015-12-31,2015-12-31,2019-04-19,-20563000.0,6180874000.0,,1434447000.0,4746427000.0,,27.389,-87759000.0,46877000.0,46877000.0,553582000.0,73864000.0,1.122,2.129,2702126000.0,748676000.0,1953450000.0,2702126000.0,0.0,88709000.0,0.0,0.017,0.6,129903000.0,218612000.0,0.169,218612000.0,129903000.0,114761000.0,1.02,1.01,1.02,1975470000.0,,1975470000.0,12672490230.0,21.0,13.314,53104000.0,0.736,1.0,741832000.0,0.573,1618861000.0,15142000.0,5938912000.0,,485230000.0,0.0,0.0,0.0,4205404000.0,1278350000.0,2927054000.0,9966994230.0,-11197000.0,-2185000.0,18187000.0,-45258000.0,-43326000.0,-63133000.0,-88927000.0,0.0,140863000.0,0.0,73864000.0,73864000.0,73864000.0,0.0,0.0,0.057,616245000.0,125587000.0,159887000.0,0.588,5.045,28.653,29.493,3078892000.0,0.0,138.32,1.873,1.875,671507000.0,2348954000.0,1295414000.0,1295414000.0,0.0,,,,,4731000.0,506143000.0,1.0,72057506.0,72127000,73112000.0,17.96,4562013000.0,65180000.0,40897000.0,880761000.0,63.25,156097000.0
2,ARG,MRQ,2015-09-30,2015-09-30,2015-09-30,2019-04-19,-17926000.0,6163938000.0,,1415699000.0,4748239000.0,,25.965,-108751000.0,58074000.0,58074000.0,601173000.0,98034000.0,1.044,2.215,2763570000.0,807204000.0,1956366000.0,2763570000.0,0.0,87872000.0,0.0,0.026,0.6,170257000.0,258129000.0,0.188,258129000.0,170257000.0,154995000.0,1.33,1.31,1.33,1917121000.0,,1917121000.0,9038104339.0,14.0,9.228,39167000.0,0.53,1.0,773396000.0,0.563,1624472000.0,15262000.0,5888771000.0,,471369000.0,0.0,0.0,0.0,4246817000.0,1356191000.0,2890626000.0,6668843339.0,-14134000.0,-71962000.0,-265438000.0,325790000.0,-43642000.0,18815000.0,-180867000.0,0.0,147918000.0,0.0,98034000.0,98034000.0,98034000.0,0.0,0.0,0.071,603251000.0,170145000.0,198667000.0,0.451,3.479,18.162,18.157,3074251000.0,0.0,89.33,1.245,1.231,720210000.0,2320036000.0,1374569000.0,1374569000.0,0.0,,,,,5922000.0,515379000.0,1.0,74654017.0,73836000,74632000.0,18.617,4539466000.0,58641000.0,56961000.0,843678000.0,61.48,59508000.0
3,ARG,MRQ,2015-06-30,2015-06-30,2015-06-30,2019-04-19,-12962000.0,6054777000.0,,1403327000.0,4651450000.0,,28.217,-150566000.0,72208000.0,72208000.0,597166000.0,88235000.0,0.956,1.853,2441469000.0,916027000.0,1525442000.0,2441469000.0,0.0,86190000.0,0.0,0.022,0.6,154003000.0,240193000.0,0.178,240193000.0,154003000.0,139967000.0,1.17,1.16,1.17,2122088000.0,,2122088000.0,10261751416.0,16.0,10.49,73177000.0,0.973,1.0,752544000.0,0.558,1577316000.0,14036000.0,5378607000.0,,460842000.0,0.0,0.0,0.0,3932689000.0,1468115000.0,2464574000.0,7987832416.0,21484000.0,-26182000.0,-96862000.0,106609000.0,-44873000.0,-26428000.0,-175831000.0,0.0,223743000.0,0.0,88235000.0,88235000.0,88235000.0,0.0,0.0,0.065,599966000.0,152578000.0,188330000.0,0.513,3.764,21.737,21.544,3026338000.0,0.0,105.78,1.496,1.489,718856000.0,2268395000.0,1349710000.0,1349710000.0,0.0,,,,,13650000.0,513776000.0,1.0,75513636.0,75206000,76105000.0,17.947,4477461000.0,58290000.0,51732000.0,849477000.0,59.536,-64788000.0
4,ARG,MRQ,2015-03-31,2015-03-31,2015-03-31,2019-04-19,-14853000.0,5973610000.0,,1415684000.0,4557926000.0,,28.609,-123793000.0,50724000.0,50724000.0,583002000.0,87723000.0,1.254,1.776,2324643000.0,575981000.0,1748662000.0,2324643000.0,0.0,84014000.0,0.0,0.021,0.55,150893000.0,234907000.0,0.18,234907000.0,150893000.0,137035000.0,1.17,1.15,1.17,2151586000.0,,2151586000.0,10321635633.0,16.0,10.582,79560000.0,1.058,1.0,718721000.0,0.552,1558163000.0,13858000.0,5560319000.0,,474070000.0,0.0,0.0,0.0,3822024000.0,1129047000.0,2692977000.0,7970839633.0,-22864000.0,-6217000.0,12715000.0,-77479000.0,-41437000.0,-96216000.0,-130001000.0,0.0,203353000.0,0.0,87723000.0,87723000.0,87723000.0,0.0,0.0,0.067,571191000.0,147530000.0,206187000.0,0.47,3.705,21.655,21.523,2951766000.0,0.0,106.11,1.503,1.494,708227000.0,2231026000.0,1301723000.0,1301723000.0,0.0,,,,,4409000.0,487177000.0,1.0,75118647.0,75206000,76241000.0,17.309,4415447000.0,58072000.0,49312000.0,854574000.0,58.711,286637000.0
5,ARG,MRQ,2014-12-31,2014-12-31,2014-12-31,2019-04-19,-7735000.0,5989981000.0,,1474474000.0,4515507000.0,,27.888,-111675000.0,73588000.0,73588000.0,588933000.0,93199000.0,1.209,1.873,2424384000.0,666406000.0,1757978000.0,2424384000.0,0.0,83592000.0,0.0,0.019,0.55,162648000.0,246240000.0,0.185,246240000.0,162648000.0,148975000.0,1.25,1.23,1.25,2085101000.0,,2085101000.0,10978788894.0,17.0,11.332,61091000.0,0.817,1.0,742887000.0,0.558,1561476000.0,13673000.0,5559690000.0,,499570000.0,0.0,0.0,0.0,3904880000.0,1219611000.0,2685269000.0,8604178894.0,7876000.0,-15331000.0,21735000.0,-24949000.0,-41138000.0,-37484000.0,-127406000.0,0.0,172766000.0,0.0,93199000.0,93199000.0,93199000.0,0.0,0.0,0.07,580001000.0,162886000.0,203305000.0,0.44,4.127,23.335,23.222,2906363000.0,0.0,115.18,1.632,1.634,692748000.0,2191939000.0,1331820000.0,1331820000.0,0.0,,,,,4785000.0,496409000.0,1.0,74702022.0,74767000,75954000.0,17.813,4428505000.0,57882000.0,55776000.0,839124000.0,59.231,254863000.0
6,ARG,MRQ,2014-09-30,2014-09-30,2014-09-30,2019-04-19,-2124000.0,5904774000.0,,1428026000.0,4476748000.0,,26.856,-107110000.0,65712000.0,65712000.0,600534000.0,98312000.0,1.448,1.949,2440322000.0,433379000.0,2006943000.0,2440322000.0,0.0,81065000.0,0.0,0.019,0.613,175862000.0,256927000.0,0.189,256927000.0,175862000.0,157300000.0,1.32,1.3,1.32,2002424000.0,,2002424000.0,10631295187.0,17.0,11.212,37836000.0,0.507,1.0,757221000.0,0.558,1562274000.0,18562000.0,5730587000.0,,487778000.0,0.0,0.0,0.0,3902350000.0,986523000.0,2915827000.0,8246846187.0,-11600000.0,-6371000.0,8252000.0,-17273000.0,-41028000.0,-44894000.0,-111652000.0,0.0,144946000.0,0.0,98312000.0,98312000.0,98312000.0,0.0,0.0,0.072,581440000.0,175781000.0,204735000.0,0.464,4.118,23.018,22.909,2871224000.0,0.0,110.65,1.591,1.592,719149000.0,2145629000.0,1357755000.0,1357755000.0,0.0,,,,,6003000.0,500375000.0,1.0,74530919.0,74561000,75754000.0,18.21,4342500000.0,57347000.0,58988000.0,820196000.0,58.241,441503000.0
7,ARG,MRQ,2014-06-30,2014-06-30,2014-06-30,2019-04-19,3185000.0,5872084000.0,,1421131000.0,4450953000.0,,25.996,-103128000.0,77312000.0,77312000.0,583406000.0,88852000.0,1.394,2.041,2461761000.0,453235000.0,2008526000.0,2461761000.0,0.0,80387000.0,0.0,0.018,0.55,156950000.0,237337000.0,0.181,237337000.0,156950000.0,140811000.0,1.2,1.18,1.2,1930774000.0,,1930774000.0,10516799530.0,17.0,11.221,93844000.0,1.264,1.0,730181000.0,0.556,1563703000.0,16139000.0,5673280000.0,,479599000.0,0.0,0.0,0.0,3941310000.0,1019550000.0,2921760000.0,8091398530.0,7751000.0,-23463000.0,11578000.0,-38713000.0,-40914000.0,-61517000.0,-127704000.0,0.0,196972000.0,0.0,88852000.0,88852000.0,88852000.0,0.0,0.0,0.068,575100000.0,155081000.0,189650000.0,0.458,4.191,22.796,22.69,2841217000.0,0.0,108.91,1.585,1.584,714977000.0,2088658000.0,1313587000.0,1313587000.0,0.0,,,,,14830000.0,494713000.0,1.0,74294358.0,74272000,75483000.0,17.686,4308381000.0,58209000.0,51959000.0,822257000.0,58.008,401581000.0
8,ARG,MRQ,2014-03-31,2014-03-31,2014-03-31,2019-04-19,529000.0,5793314000.0,,1399087000.0,4394227000.0,,24.881,-93055000.0,69561000.0,69561000.0,571349000.0,88357000.0,1.051,2.147,2494962000.0,788188000.0,1706774000.0,2494962000.0,0.0,77743000.0,0.0,0.018,0.48,150572000.0,228315000.0,0.18,228315000.0,150572000.0,134549000.0,1.19,1.17,1.19,1840649000.0,,1840649000.0,10363774253.0,17.0,11.133,97943000.0,1.324,1.0,696481000.0,0.549,1548732000.0,16023000.0,5339208000.0,,478149000.0,0.0,0.0,0.0,3952665000.0,1330775000.0,2621890000.0,7877670253.0,7336000.0,-23948000.0,8539000.0,-55936000.0,-35525000.0,-66665000.0,-116997000.0,0.0,190998000.0,0.0,88357000.0,88357000.0,88357000.0,0.0,0.0,0.07,546249000.0,150232000.0,196911000.0,0.403,4.28,22.457,22.376,2802415000.0,0.0,106.51,1.553,1.546,701060000.0,2047843000.0,1267830000.0,1267830000.0,0.0,,,,,4419000.0,468506000.0,1.0,73961790.0,73977000,75204000.0,17.138,4244582000.0,57961000.0,46192000.0,825897000.0,57.377,68312000.0
9,ARG,MRQ,2013-12-31,2013-12-31,2013-12-31,2019-04-19,2837000.0,5755259000.0,,1402373000.0,4352886000.0,,23.975,-84858000.0,62225000.0,62225000.0,537670000.0,82759000.0,1.036,2.254,2548329000.0,843585000.0,1704744000.0,2548329000.0,0.0,77570000.0,0.0,0.016,0.48,148061000.0,225631000.0,0.182,225631000.0,148061000.0,131845000.0,1.12,1.1,1.12,1768586000.0,,1768586000.0,10629823568.0,17.0,11.391,87810000.0,1.19,1.0,705176000.0,0.567,1539752000.0,16216000.0,5348518000.0,,489379000.0,0.0,0.0,0.0,3986673000.0,1353093000.0,2633580000.0,8248594568.0,-49040000.0,-163836000.0,6825000.0,55321000.0,-35431000.0,26074000.0,-247782000.0,0.0,172668000.0,0.0,82759000.0,82759000.0,82759000.0,0.0,0.0,0.067,550257000.0,154919000.0,159033000.0,0.429,4.664,23.664,23.697,2769120000.0,0.0,111.85,1.628,1.628,664966000.0,2002146000.0,1242846000.0,1242846000.0,0.0,,,,,4577000.0,472687000.0,1.0,73746934.0,73767000,75094000.0,16.848,4215507000.0,58242000.0,49086000.0,839367000.0,57.146,49280000.0
10,ARG,MRQ,2013-09-30,2013-09-30,2013-09-30,2019-04-19,4064000.0,5626449000.0,,1445337000.0,4181112000.0,,23.182,-83191000.0,111265000.0,111265000.0,563012000.0,94982000.0,1.014,2.302,2492494000.0,915890000.0,1576604000.0,2492494000.0,0.0,75734000.0,0.0,0.017,0.48,170243000.0,245977000.0,0.192,245977000.0,170243000.0,149578000.0,1.29,1.27,1.29,1704048000.0,,1704048000.0,10263396191.0,16.0,11.059,127304000.0,1.732,1.0,718958000.0,0.561,1419629000.0,20665000.0,5163152000.0,,467123000.0,0.0,0.0,0.0,3922401000.0,1424897000.0,2497504000.0,7795041191.0,40289000.0,-10602000.0,11893000.0,-60436000.0,-35303000.0,-75551000.0,-94655000.0,0.0,210495000.0,0.0,94982000.0,94982000.0,94982000.0,0.0,0.0,0.074,550189000.0,168769000.0,171533000.0,0.372,4.574,22.353,22.709,2717554000.0,0.0,106.05,1.549,1.549,701770000.0,1958177000.0,1281970000.0,1281970000.0,0.0,,,,,6237000.0,474455000.0,1.0,73503453.0,73507000,74815000.0,17.44,4206820000.0,56595000.0,54596000.0,831522000.0,57.23,20440000.0
11,ARG,MRQ,2013-06-30,2013-06-30,2013-06-30,2019-04-19,1954000.0,5587888000.0,,1430627000.0,4157261000.0,,22.065,-78000000.0,70976000.0,70976000.0,575543000.0,84686000.0,1.651,2.458,2539331000.0,350759000.0,2188572000.0,2539331000.0,0.0,74259000.0,0.0,0.018,0.48,156727000.0,230986000.0,0.18,230986000.0,156727000.0,135933000.0,1.16,1.14,1.16,1615834000.0,,1615834000.0,9511878927.0,16.0,10.572,92699000.0,1.266,1.0,704348000.0,0.55,1416861000.0,20794000.0,5773111000.0,,485874000.0,0.0,0.0,0.0,3972054000.0,866271000.0,3105783000.0,6990446927.0,-15410000.0,-5143000.0,2926000.0,-76753000.0,-35202000.0,-101959000.0,-84150000.0,0.0,170699000.0,0.0,84686000.0,84686000.0,84686000.0,0.0,0.0,0.066,547734000.0,156614000.0,168288000.0,0.414,4.326,20.882,21.549,2694405000.0,0.0,95.46,1.404,1.404,720494000.0,1904015000.0,1279891000.0,1279891000.0,0.0,,,,,13728000.0,473475000.0,1.0,73229069.0,73231000,74536000.0,17.477,4171027000.0,53298000.0,51247000.0,828714000.0,56.957,564356000.0
12,ARG,MRQ,2013-03-31,2013-03-31,2013-03-31,2019-04-19,4438000.0,5618225000.0,,1463830000.0,4154395000.0,,20.429,-73438000.0,86386000.0,86386000.0,575120000.0,86141000.0,1.699,2.655,2607818000.0,303573000.0,2304245000.0,2607818000.0,0.0,74130000.0,0.0,0.016,0.4,156427000.0,230557000.0,0.183,230557000.0,156427000.0,137035000.0,1.15,1.12,1.15,1536983000.0,,1536983000.0,9757922700.0,16.0,10.844,71772000.0,0.954,1.0,687803000.0,0.545,1422437000.0,19392000.0,5855506000.0,,474821000.0,0.0,0.0,0.0,4081242000.0,861714000.0,3219528000.0,7527955700.0,19780000.0,-2891000.0,-359101000.0,336671000.0,-29547000.0,-49483000.0,-75947000.0,0.0,145210000.0,0.0,86141000.0,86141000.0,86141000.0,0.0,0.0,0.068,535541000.0,152262000.0,183258000.0,0.348,4.898,22.084,22.283,2686305000.0,0.0,99.16,1.518,1.533,710740000.0,1861395000.0,1262923000.0,1262923000.0,0.0,,,,,4309000.0,459748000.0,1.0,75917262.0,75235000,76579000.0,16.786,4195788000.0,53562000.0,50894000.0,825612000.0,55.769,602116000.0
13,ARG,MRQ,2012-12-31,2012-12-31,2012-12-31,2019-04-19,5991000.0,5539061000.0,,1388957000.0,4150104000.0,,23.738,-78616000.0,66606000.0,66606000.0,530565000.0,82915000.0,1.269,2.014,2296573000.0,589647000.0,1706926000.0,2296573000.0,0.0,72418000.0,0.0,0.017,0.4,148084000.0,220502000.0,0.183,220502000.0,148084000.0,131612000.0,1.07,1.05,1.07,1837746000.0,,1837746000.0,9172587274.0,15.0,10.365,62493000.0,0.807,1.0,677143000.0,0.561,1429167000.0,16472000.0,5245106000.0,,462379000.0,0.0,0.0,0.0,3701315000.0,1094755000.0,2606560000.0,7129945274.0,18739000.0,-75978000.0,-157932000.0,191385000.0,-31021000.0,33050000.0,-155420000.0,0.0,141109000.0,0.0,82915000.0,82915000.0,82915000.0,0.0,0.0,0.069,529864000.0,147279000.0,157384000.0,0.374,3.88,20.805,20.515,2674258000.0,0.0,91.29,1.445,1.432,645174000.0,1811421000.0,1207708000.0,1207708000.0,0.0,,,,,4552000.0,459175000.0,1.0,78102150.0,77417000,78944000.0,15.6,4109894000.0,53898000.0,48697000.0,811547000.0,53.088,294202000.0
14,ARG,MRQ,2012-09-30,2012-09-30,2012-09-30,2019-04-19,6045000.0,5408978000.0,,1341810000.0,4067168000.0,,24.736,-77576000.0,47867000.0,47867000.0,556521000.0,81020000.0,1.549,1.837,2090509000.0,337994000.0,1752515000.0,2090509000.0,0.0,71367000.0,0.0,0.017,0.4,146347000.0,217714000.0,0.177,217714000.0,146347000.0,130467000.0,1.05,1.03,1.05,1906592000.0,,1906592000.0,8045716015.0,14.0,9.303,38750000.0,0.503,1.0,673089000.0,0.547,1370836000.0,15880000.0,5214362000.0,,439263000.0,0.0,0.0,0.0,3502386000.0,866422000.0,2635964000.0,6340570015.0,-7028000.0,-15835000.0,6003000.0,-11191000.0,-30855000.0,-29875000.0,-93479000.0,0.0,116326000.0,0.0,81020000.0,81020000.0,81020000.0,0.0,0.0,0.066,527903000.0,145186000.0,166194000.0,0.381,3.326,19.078,18.963,2646135000.0,0.0,82.3,1.299,1.299,686940000.0,1804164000.0,1229610000.0,1229610000.0,0.0,,,,,5443000.0,454093000.0,1.0,77042163.0,77078000,78892000.0,15.953,4038142000.0,55269000.0,49447000.0,800574000.0,52.39,475388000.0
15,ARG,MRQ,2012-06-30,2012-06-30,2012-06-30,2019-04-19,3302000.0,5373406000.0,,1331795000.0,4041611000.0,,23.897,-64422000.0,54895000.0,54895000.0,573361000.0,90798000.0,1.482,1.927,1760041000.0,8886000.0,1751155000.0,1760041000.0,0.0,70985000.0,0.0,0.016,0.4,160053000.0,231038000.0,0.184,231038000.0,160053000.0,144303000.0,1.18,1.15,1.18,1836070000.0,,1836070000.0,8188234781.0,14.0,9.572,83201000.0,1.083,1.0,683895000.0,0.544,1364793000.0,15750000.0,4815276000.0,,432216000.0,0.0,0.0,0.0,3537336000.0,898483000.0,2638853000.0,6460610781.0,10232000.0,-2817000.0,7857000.0,-53727000.0,-30779000.0,-69378000.0,-68013000.0,0.0,147623000.0,0.0,90798000.0,90798000.0,90798000.0,0.0,0.0,0.072,532205000.0,151690000.0,174130000.0,0.339,3.519,19.626,19.447,2625097000.0,0.0,84.01,1.335,1.334,678672000.0,1756975000.0,1257256000.0,1257256000.0,0.0,,,,,12749000.0,455508000.0,1.0,76902878.0,76833000,78799000.0,16.363,4008613000.0,53597000.0,53505000.0,803617000.0,52.173,433312000.0
16,ARG,MRQ,2012-03-31,2012-03-31,2012-03-31,2019-04-19,5386000.0,5320585000.0,,1274206000.0,4046379000.0,,22.895,-88950000.0,44663000.0,44663000.0,572148000.0,87968000.0,1.37,2.04,2160739000.0,398837000.0,1761902000.0,2160739000.0,0.0,69220000.0,0.0,0.014,0.32,146516000.0,215736000.0,0.174,215736000.0,146516000.0,129994000.0,1.15,1.12,1.15,1750258000.0,,1750258000.0,8519138561.0,15.0,10.279,76405000.0,0.999,1.0,669001000.0,0.539,1378007000.0,16522000.0,5128605000.0,,408438000.0,0.0,0.0,0.0,3570327000.0,930049000.0,2640278000.0,6794120561.0,-1127000.0,-63145000.0,13729000.0,-13752000.0,-24504000.0,-14030000.0,-152452000.0,0.0,165355000.0,0.0,87968000.0,87968000.0,87968000.0,0.0,0.0,0.071,523243000.0,145758000.0,174868000.0,0.278,3.882,21.681,21.753,2616059000.0,0.0,88.97,1.431,1.436,652439000.0,1701478000.0,1241149000.0,1241149000.0,0.0,,,,,4256000.0,447836000.0,1.0,76364174.0,76448000,78276000.0,16.235,3942578000.0,49617000.0,42026000.0,793957000.0,51.572,344157000.0
17,ARG,MRQ,2011-12-31,2011-12-31,2011-12-31,2019-04-19,2801000.0,5158640000.0,,1202651000.0,3955989000.0,,21.716,-92774000.0,45790000.0,45790000.0,520409000.0,72558000.0,1.324,2.128,1770808000.0,10743000.0,1760065000.0,1770808000.0,0.0,68012000.0,0.0,0.016,0.32,132394000.0,200406000.0,0.174,200406000.0,132394000.0,116653000.0,0.96,0.93,0.96,1649140000.0,,1649140000.0,8103795277.0,15.0,10.19,47025000.0,0.619,1.0,633342000.0,0.549,1340738000.0,15741000.0,4634326000.0,,393363000.0,0.0,0.0,0.0,3509500000.0,908594000.0,2600906000.0,5927417277.0,9089000.0,-3027000.0,12028000.0,-31370000.0,-24345000.0,-33879000.0,-96831000.0,0.0,139799000.0,0.0,72558000.0,72558000.0,72558000.0,0.0,0.0,0.063,502323000.0,131019000.0,152211000.0,0.333,3.594,20.547,21.046,2562702000.0,0.0,78.08,1.286,1.287,595518000.0,1641745000.0,1153751000.0,1153751000.0,0.0,,,,,4282000.0,433050000.0,1.0,75914668.0,75940000,77705000.0,15.193,3817902000.0,53954000.0,44095000.0,763263000.0,50.275,294057000.0
18,ARG,MRQ,2011-09-30,2011-09-30,2011-09-30,2019-04-19,2132000.0,5093788000.0,,1165219000.0,3928569000.0,,20.812,-86650000.0,36701000.0,36701000.0,552334000.0,77854000.0,2.354,2.236,2213079000.0,10391000.0,2202688000.0,2213079000.0,0.0,66637000.0,0.0,0.018,0.32,141594000.0,208231000.0,0.175,208231000.0,141594000.0,124170000.0,1.03,1.01,1.03,1574029000.0,,1574029000.0,6998277938.0,14.0,9.128,4297000.0,0.057,1.0,634749000.0,0.535,1342293000.0,17424000.0,5432954000.0,,373056000.0,0.0,0.0,0.0,3519759000.0,494919000.0,3024840000.0,4826722938.0,-23834000.0,-784000.0,2238000.0,-8495000.0,-24204000.0,-28349000.0,-86432000.0,0.0,90947000.0,0.0,77854000.0,77854000.0,77854000.0,0.0,0.0,0.066,492574000.0,142175000.0,154166000.0,0.311,3.066,17.762,18.716,2533956000.0,0.0,63.82,1.075,1.075,601029000.0,1604798000.0,1187083000.0,1187083000.0,0.0,,,,,5493000.0,423437000.0,1.0,75630256.0,75630000,77262000.0,15.696,3751495000.0,52000000.0,46316000.0,745397000.0,49.603,670300000.0
19,ARG,MRQ,2011-06-30,2011-06-30,2011-06-30,2019-04-19,8516000.0,5084348000.0,,1164896000.0,3919452000.0,,19.332,-71775000.0,60535000.0,60535000.0,530539000.0,74994000.0,2.196,2.357,2232090000.0,10188000.0,2221902000.0,2232090000.0,0.0,66416000.0,0.0,0.015,0.29,137999000.0,204415000.0,0.176,204415000.0,137999000.0,121349000.0,0.96,0.94,0.96,1514623000.0,,1514623000.0,7293734762.0,15.0,9.826,38530000.0,0.492,1.0,633761000.0,0.544,1347546000.0,16650000.0,5377940000.0,,380303000.0,0.0,0.0,0.0,3569725000.0,530417000.0,3039308000.0,5498090762.0,3317000.0,-93159000.0,-291376000.0,367249000.0,-22270000.0,59391000.0,-166379000.0,0.0,110305000.0,0.0,74994000.0,74994000.0,74994000.0,0.0,0.0,0.064,496492000.0,137269000.0,162645000.0,0.302,3.63,21.109,22.025,2521309000.0,0.0,70.04,1.26,1.258,590130000.0,1551303000.0,1164300000.0,1164300000.0,0.0,,,,,11577000.0,423446000.0,1.0,78499297.0,78346000,80097000.0,14.861,3736802000.0,52058000.0,46355000.0,735381000.0,47.696,634479000.0
20,ARG,MRQ,2011-03-31,2011-03-31,2011-03-31,2019-04-19,7580000.0,4945754000.0,,1130518000.0,3815236000.0,,21.043,-70293000.0,57218000.0,57218000.0,503789000.0,63069000.0,2.003,1.841,1852862000.0,9868000.0,1842994000.0,1852862000.0,0.0,65265000.0,0.0,0.015,0.29,116989000.0,182254000.0,0.165,182254000.0,116989000.0,102750000.0,0.76,0.75,0.76,1740912000.0,,1740912000.0,7183453872.0,15.0,10.012,116583000.0,1.409,1.0,598895000.0,0.543,1314504000.0,14239000.0,4862391000.0,,372375000.0,0.0,0.0,0.0,3204842000.0,564503000.0,2640339000.0,5591754872.0,22203000.0,-491000.0,-295907000.0,-76096000.0,-23457000.0,-94566000.0,-70107000.0,0.0,186876000.0,0.0,63069000.0,63069000.0,63069000.0,0.0,0.0,0.057,482586000.0,116309000.0,163091000.0,0.382,3.212,22.343,22.14,2455758000.0,0.0,66.42,1.315,1.304,550262000.0,1504758000.0,1102684000.0,1102684000.0,0.0,,,,,4134000.0,398947000.0,1.0,84187818.0,82731000,84361000.0,13.329,3631250000.0,50132000.0,39681000.0,726797000.0,43.892,566015000.0
21,ARG,MRQ,2010-12-31,2010-12-31,2010-12-31,2019-04-19,4989000.0,4846584000.0,,1046639000.0,3799945000.0,,23.542,-59004000.0,35015000.0,35015000.0,458217000.0,55831000.0,2.183,1.449,1626714000.0,9564000.0,1617150000.0,1626714000.0,0.0,62361000.0,0.0,0.015,0.25,109402000.0,171763000.0,0.166,171763000.0,109402000.0,90931000.0,0.66,0.65,0.66,1978897000.0,,1978897000.0,6875473526.0,16.0,10.29,45978000.0,0.547,1.0,576247000.0,0.557,1318778000.0,18471000.0,4639956000.0,,359186000.0,0.0,0.0,0.0,2867687000.0,479549000.0,2388138000.0,5251283526.0,-18337000.0,-13759000.0,4942000.0,-39222000.0,-21025000.0,-50007000.0,-73312000.0,0.0,104982000.0,0.0,55831000.0,55831000.0,55831000.0,0.0,0.0,0.054,467881000.0,108366000.0,114094000.0,0.379,2.654,23.109,22.963,2434217000.0,0.0,62.46,1.271,1.271,497573000.0,1459614000.0,1034464000.0,1034464000.0,0.0,,,,,4266000.0,387962000.0,1.0,84074344.0,84057000,85850000.0,12.307,3527806000.0,53931000.0,35100000.0,702356000.0,41.969,567090000.0
22,ARG,MRQ,2010-09-30,2010-09-30,2010-09-30,2019-04-19,3547000.0,4848112000.0,,1055971000.0,3792141000.0,,23.03,-53106000.0,53352000.0,53352000.0,476172000.0,66565000.0,2.073,1.515,1677542000.0,10624000.0,1666918000.0,1677542000.0,0.0,62425000.0,0.0,0.013,0.25,121396000.0,183821000.0,0.173,183821000.0,121396000.0,107371000.0,0.8,0.78,0.8,1927712000.0,,1927712000.0,7348492749.0,18.0,11.345,60541000.0,0.723,1.0,585491000.0,0.551,1313496000.0,14025000.0,4649508000.0,,337448000.0,0.0,0.0,0.0,2920400000.0,509298000.0,2411102000.0,5685163749.0,-4538000.0,-4462000.0,7825000.0,-45883000.0,-20943000.0,-60028000.0,-58157000.0,0.0,113647000.0,0.0,66565000.0,66565000.0,66565000.0,0.0,0.0,0.063,463726000.0,121765000.0,152127000.0,0.313,2.949,26.046,25.837,2428437000.0,0.0,67.95,1.406,1.407,520676000.0,1424808000.0,1061663000.0,1061663000.0,0.0,,,,,5000000.0,396614000.0,1.0,83666869.0,83704000,85566000.0,12.684,3534616000.0,53591000.0,40806000.0,676257000.0,42.228,546673000.0
23,ARG,MRQ,2010-06-30,2010-06-30,2010-06-30,2019-04-19,1374000.0,4814829000.0,,1037216000.0,3777613000.0,,22.298,-57783000.0,57890000.0,57890000.0,475102000.0,64799000.0,2.018,1.587,1721219000.0,9589000.0,1711630000.0,1721219000.0,0.0,60467000.0,0.0,0.013,0.22,119200000.0,179667000.0,0.171,179667000.0,119200000.0,105881000.0,0.78,0.76,0.78,1860965000.0,,1860965000.0,6654498311.0,17.0,10.595,-187987000.0,-2.253,1.0,577554000.0,0.549,1313892000.0,13319000.0,4650207000.0,,344644000.0,0.0,0.0,0.0,2953864000.0,514059000.0,2439805000.0,5191860311.0,10889000.0,-2474000.0,5232000.0,209746000.0,-18372000.0,201284000.0,-60191000.0,0.0,-130204000.0,0.0,64799000.0,64799000.0,64799000.0,0.0,0.0,0.062,454803000.0,122751000.0,147249000.0,0.282,2.79,25.173,24.88,2424894000.0,0.0,62.2,1.316,1.316,504512000.0,1379186000.0,1052656000.0,1052656000.0,0.0,,,,,10269000.0,390549000.0,1.0,83470423.0,83457000,85281000.0,12.613,3500937000.0,50185000.0,41082000.0,658944000.0,41.949,523157000.0
24,ARG,MRQ,2010-03-31,2010-03-31,2010-03-31,2019-04-19,3442000.0,4495932000.0,,711335000.0,3784597000.0,,21.677,-55577000.0,47001000.0,47001000.0,448721000.0,40044000.0,1.496,1.504,1509639000.0,10255000.0,1499384000.0,1509639000.0,0.0,60973000.0,0.0,0.012,0.22,71932000.0,132905000.0,0.135,132905000.0,71932000.0,58366000.0,0.48,0.47,0.48,1795544000.0,,1795544000.0,6843872615.0,18.0,11.177,132735000.0,1.602,1.0,534587000.0,0.544,1322028000.0,13566000.0,4160899000.0,,333961000.0,0.0,0.0,0.0,2700388000.0,475643000.0,2224745000.0,5263258615.0,13442000.0,-5710000.0,14688000.0,-123171000.0,-18299000.0,-113063000.0,-61807000.0,0.0,188312000.0,0.0,40044000.0,40044000.0,40044000.0,0.0,0.0,0.041,452758000.0,81829000.0,157566000.0,0.458,2.931,26.817,26.619,2427996000.0,0.0,63.62,1.358,1.348,186804000.0,1332759000.0,983308000.0,983308000.0,0.0,,,,,3729000.0,368350000.0,1.0,82729623.0,82831000,84420000.0,11.871,3173904000.0,48591000.0,18322000.0,652389000.0,38.318,235692000.0
25,ARG,MRQ,2009-12-31,2009-12-31,2009-12-31,2019-04-19,2732000.0,4440194000.0,,664558000.0,3775636000.0,,21.168,-57115000.0,33559000.0,33559000.0,415124000.0,46866000.0,1.626,1.554,1614173000.0,10103000.0,1604070000.0,1614173000.0,0.0,59453000.0,0.0,0.015,0.18,91861000.0,151314000.0,0.16,151314000.0,91861000.0,76827000.0,0.57,0.56,0.57,1738633000.0,,1738633000.0,5475831238.0,13.0,8.426,54850000.0,0.668,1.0,529639000.0,0.561,1322340000.0,15034000.0,4289797000.0,,347167000.0,0.0,0.0,0.0,2701561000.0,408671000.0,2292890000.0,3908316238.0,-7964000.0,-71074000.0,2477000.0,16785000.0,-14787000.0,8575000.0,-128504000.0,0.0,111965000.0,0.0,46866000.0,46866000.0,46866000.0,0.0,0.0,0.05,429650000.0,99989000.0,120152000.0,0.316,2.248,18.375,18.238,2419482000.0,0.0,47.6,1.003,1.003,180890000.0,1310980000.0,944763000.0,944763000.0,0.0,,,,,4320000.0,370197000.0,1.0,82107484.0,82134000,83910000.0,11.503,3117854000.0,38467000.0,29961000.0,614141000.0,37.961,255887000.0
26,ARG,MRQ,2009-09-30,2009-09-30,2009-09-30,2019-04-19,1160000.0,4386244000.0,,681163000.0,3705081000.0,,20.712,-60868000.0,41523000.0,41523000.0,425136000.0,54540000.0,1.639,1.59,1609038000.0,10821000.0,1598217000.0,1609038000.0,0.0,58124000.0,0.0,0.014,0.18,106064000.0,164188000.0,0.17,164188000.0,106064000.0,89721000.0,0.67,0.65,0.67,1693512000.0,,1693512000.0,5584347371.0,12.0,8.212,76643000.0,0.937,1.0,539955000.0,0.559,1274646000.0,16343000.0,4263479000.0,,347703000.0,0.0,0.0,0.0,2692732000.0,415634000.0,2277098000.0,3957852371.0,-18209000.0,-1130000.0,2575000.0,-83354000.0,-14739000.0,-92848000.0,-62872000.0,0.0,137511000.0,0.0,54540000.0,54540000.0,54540000.0,0.0,0.0,0.057,430138000.0,109817000.0,138236000.0,0.269,2.337,17.303,17.214,2393701000.0,0.0,48.37,0.982,0.981,195643000.0,1278901000.0,965091000.0,965091000.0,0.0,,,,,4905000.0,372014000.0,1.0,81824527.0,81764000,83476000.0,11.803,3111598000.0,37126000.0,35181000.0,603602000.0,38.056,265529000.0
27,ARG,MRQ,2009-06-30,2009-06-30,2009-06-30,2019-04-19,-3716000.0,4392514000.0,,694649000.0,3697865000.0,,20.046,-64802000.0,59732000.0,59732000.0,438939000.0,54816000.0,1.625,1.685,1686227000.0,11033000.0,1675194000.0,1686227000.0,0.0,56399000.0,0.0,0.015,0.18,107499000.0,163898000.0,0.167,163898000.0,107499000.0,89132000.0,0.67,0.66,0.67,1636104000.0,,1636104000.0,5023990941.0,10.0,7.049,97457000.0,1.194,1.0,543052000.0,0.553,1276759000.0,18367000.0,4314894000.0,,367282000.0,0.0,0.0,0.0,2756410000.0,427356000.0,2329054000.0,3309812941.0,12544000.0,-2863000.0,2123000.0,-73261000.0,-14701000.0,-80617000.0,-69098000.0,0.0,162259000.0,0.0,54816000.0,54816000.0,54816000.0,0.0,0.0,0.056,435143000.0,107909000.0,146914000.0,0.269,2.023,13.399,13.421,2386806000.0,0.0,40.53,0.783,0.783,183423000.0,1239100000.0,981991000.0,981991000.0,0.0,,,,,9914000.0,378744000.0,1.0,81663285.0,81618000,83287000.0,12.032,3115755000.0,30191000.0,34316000.0,579665000.0,38.175,267293000.0
28,ARG,MRQ,2009-03-31,2009-03-31,2009-03-31,2019-04-19,-10753000.0,4426310000.0,,744743000.0,3681567000.0,,19.323,-66864000.0,47188000.0,47188000.0,442597000.0,56481000.0,1.661,1.816,1761366000.0,11058000.0,1750308000.0,1761366000.0,0.0,57541000.0,0.0,0.017,0.16,112898000.0,170439000.0,0.17,170439000.0,112898000.0,92896000.0,0.7,0.69,0.7,1571755000.0,,1571755000.0,4527714312.0,9.0,6.164,102465000.0,1.26,1.0,561527000.0,0.559,1279440000.0,20002000.0,4412747000.0,,390445000.0,0.0,0.0,0.0,2854555000.0,448301000.0,2406254000.0,2749477312.0,5017000.0,-20566000.0,2006000.0,-70102000.0,-12874000.0,-78837000.0,-85475000.0,0.0,169329000.0,0.0,56481000.0,56481000.0,56481000.0,0.0,0.0,0.056,447021000.0,114506000.0,156838000.0,0.229,1.749,10.531,10.599,2366526000.0,0.0,33.81,0.63,0.635,184739000.0,1198985000.0,1004124000.0,1004124000.0,0.0,,,,,4288000.0,389480000.0,1.0,81321423.0,81341000,82781000.0,12.345,3146870000.0,45692000.0,36415000.0,576715000.0,38.687,296442000.0
29,ARG,MRQ,2008-12-31,2008-12-31,2008-12-31,2019-04-19,-10727000.0,4375438000.0,,733266000.0,3642172000.0,,18.673,-90301000.0,42171000.0,42171000.0,500806000.0,62903000.0,1.641,1.885,1820408000.0,10227000.0,1810181000.0,1820408000.0,0.0,54740000.0,0.0,0.013,0.16,126727000.0,181467000.0,0.168,181467000.0,126727000.0,103460000.0,0.77,0.76,0.77,1516380000.0,,1516380000.0,4899252493.0,9.0,6.62,52895000.0,0.651,1.0,577927000.0,0.536,1272351000.0,23267000.0,4434443000.0,,428330000.0,0.0,0.0,0.0,2859058000.0,446881000.0,2412177000.0,3156370493.0,-9153000.0,-58480000.0,-22107000.0,24821000.0,-13126000.0,-4203000.0,-148146000.0,0.0,143196000.0,0.0,62903000.0,62903000.0,62903000.0,0.0,0.0,0.058,447405000.0,130522000.0,151240000.0,0.208,2.082,11.742,11.96,2337901000.0,0.0,38.99,0.71,0.712,158945000.0,1155378000.0,1078733000.0,1078733000.0,0.0,,,,,3596000.0,392665000.0,1.0,80953334.0,81207000,82706000.0,13.284,3103087000.0,27415000.0,40557000.0,521135000.0,38.212,286385000.0
30,ARG,MRQ,2008-09-30,2008-09-30,2008-09-30,2019-04-19,1662000.0,4345615000.0,,777465000.0,3568150000.0,,18.084,-98152000.0,51324000.0,51324000.0,558020000.0,72821000.0,1.53,1.914,1794206000.0,18563000.0,1775643000.0,1794206000.0,0.0,55010000.0,0.0,0.009,0.12,141937000.0,196947000.0,0.17,196947000.0,141937000.0,119890000.0,0.88,0.86,0.88,1491378000.0,,1491378000.0,5610843004.0,11.0,7.783,43471000.0,0.527,1.0,603888000.0,0.52,1241280000.0,22047000.0,4338922000.0,,404621000.0,0.0,0.0,0.0,2854237000.0,508295000.0,2345942000.0,4094635004.0,-13622000.0,-173024000.0,-89244000.0,209999000.0,-9726000.0,115625000.0,-270870000.0,0.0,141623000.0,0.0,72821000.0,72821000.0,72821000.0,0.0,0.0,0.063,458900000.0,144988000.0,204948000.0,0.136,2.746,15.585,15.613,2293157000.0,0.0,49.65,0.936,0.936,224985000.0,1105601000.0,1161908000.0,1161908000.0,0.0,,,,,4778000.0,403890000.0,1.0,82469990.0,82471000,84706000.0,14.089,3104335000.0,24846000.0,47069000.0,497774000.0,37.642,269170000.0
31,ARG,MRQ,2008-06-30,2008-06-30,2008-06-30,2019-04-19,3378000.0,4090504000.0,,682051000.0,3408453000.0,,18.252,-82235000.0,64946000.0,64946000.0,538465000.0,68883000.0,1.357,1.71,1581154000.0,43458000.0,1537696000.0,1581154000.0,0.0,53504000.0,0.0,0.007,0.12,132188000.0,185692000.0,0.166,185692000.0,132188000.0,113108000.0,0.83,0.81,0.83,1509211000.0,,1509211000.0,6371717516.0,13.0,9.344,46384000.0,0.561,1.0,578249000.0,0.518,1138813000.0,19080000.0,3965228000.0,,340939000.0,0.0,0.0,0.0,2581293000.0,502671000.0,2078622000.0,4834717516.0,21898000.0,-21680000.0,5314000.0,-2776000.0,-10040000.0,-1288000.0,-105433000.0,0.0,128619000.0,0.0,68883000.0,68883000.0,68883000.0,0.0,0.0,0.062,443397000.0,134852000.0,180129000.0,0.145,3.203,20.102,19.997,2235256000.0,0.0,58.39,1.146,1.144,194456000.0,1042506000.0,1116714000.0,1116714000.0,0.0,,,,,7973000.0,389893000.0,1.0,82800437.0,82687000,85017000.0,13.505,2951691000.0,23475000.0,44225000.0,472180000.0,35.697,179380000.0
32,ARG,MRQ,2008-03-31,2008-03-31,2008-03-31,2019-04-19,-4713000.0,3987264000.0,,646717000.0,3340547000.0,,17.2,-71883000.0,43048000.0,43048000.0,523715000.0,64213000.0,1.257,1.821,1580048000.0,40400000.0,1539648000.0,1580048000.0,0.0,48633000.0,0.0,0.009,0.12,127329000.0,175962000.0,0.162,175962000.0,127329000.0,105630000.0,0.78,0.76,0.78,1413336000.0,,1413336000.0,5240500217.0,11.0,8.102,55786000.0,0.679,1.0,562882000.0,0.518,1118057000.0,21699000.0,3891813000.0,,330732000.0,0.0,0.0,0.0,2573928000.0,514394000.0,2059534000.0,3750577217.0,-1484000.0,-85897000.0,-11090000.0,42485000.0,-9947000.0,28618000.0,-157771000.0,0.0,127669000.0,0.0,64213000.0,64213000.0,64213000.0,0.0,0.0,0.059,431822000.0,131060000.0,185111000.0,0.154,2.654,16.793,16.595,2194870000.0,0.0,45.47,0.934,0.921,183569000.0,983663000.0,1086597000.0,1086597000.0,0.0,,,,,3464000.0,383189000.0,1.0,82484654.0,82173000,84313000.0,13.223,2869207000.0,22258000.0,41417000.0,439782000.0,34.917,132323000.0
33,ARG,MRQ,2007-12-31,2007-12-31,2007-12-31,2019-04-19,3364000.0,3813288000.0,,596979000.0,3216309000.0,,16.682,-61169000.0,44532000.0,44532000.0,480472000.0,56806000.0,1.249,1.778,1534455000.0,40554000.0,1493901000.0,1534455000.0,0.0,48072000.0,0.0,0.007,0.09,114209000.0,162281000.0,0.161,162281000.0,114209000.0,91222000.0,0.69,0.67,0.69,1372428000.0,,1372428000.0,5844213971.0,14.0,9.76,137820000.0,1.675,1.0,527573000.0,0.523,1066932000.0,22987000.0,3758260000.0,,337302000.0,0.0,0.0,0.0,2440860000.0,478019000.0,1962841000.0,4286357971.0,2419000.0,-52987000.0,2286000.0,-82956000.0,-7406000.0,-82317000.0,-114253000.0,0.0,198989000.0,0.0,56806000.0,56806000.0,56806000.0,0.0,0.0,0.056,409243000.0,118330000.0,170086000.0,0.13,3.123,21.129,20.679,2118060000.0,0.0,52.11,1.133,1.133,138762000.0,929398000.0,1008045000.0,1008045000.0,0.0,,,,,3136000.0,361171000.0,1.0,82255958.0,82270000,84605000.0,12.253,2746356000.0,20957000.0,34416000.0,402065000.0,33.382,118960000.0
34,ARG,MRQ,2007-09-30,2007-09-30,2007-09-30,2019-04-19,8196000.0,3798127000.0,,658614000.0,3139513000.0,,16.076,-64749000.0,42113000.0,42113000.0,485554000.0,50609000.0,1.386,1.885,1599969000.0,40157000.0,1559812000.0,1599969000.0,0.0,48598000.0,0.0,0.006,0.09,109355000.0,157953000.0,0.157,157953000.0,109355000.0,84865000.0,0.62,0.6,0.62,1316530000.0,,1316530000.0,5824960252.0,16.0,10.711,47903000.0,0.585,1.0,521729000.0,0.518,966618000.0,24490000.0,3914132000.0,,310547000.0,0.0,0.0,0.0,2481597000.0,475233000.0,2006364000.0,4226704252.0,592000.0,-23761000.0,5230000.0,-27157000.0,-7373000.0,-22642000.0,-89418000.0,0.0,112652000.0,0.0,50609000.0,50609000.0,50609000.0,0.0,0.0,0.05,406340000.0,115389000.0,160391000.0,0.145,3.21,23.673,22.947,2142916000.0,0.0,51.63,1.186,1.187,233053000.0,879998000.0,1007283000.0,1007283000.0,0.0,,,,,4139000.0,357742000.0,1.0,81865277.0,81896000,84209000.0,12.3,2831509000.0,19924000.0,34256000.0,386934000.0,34.574,183381000.0
35,ARG,MRQ,2007-06-30,2007-06-30,2007-06-30,2019-04-19,7729000.0,3712742000.0,,639619000.0,3073123000.0,,15.112,-60232000.0,41521000.0,41521000.0,437978000.0,51720000.0,1.455,2.11,1639777000.0,41773000.0,1598004000.0,1639777000.0,0.0,44472000.0,0.0,0.006,0.09,106323000.0,150795000.0,0.165,150795000.0,106323000.0,85815000.0,0.65,0.63,0.65,1193928000.0,,1193928000.0,5110750099.0,15.0,10.168,50384000.0,0.638,1.0,477121000.0,0.521,935272000.0,20508000.0,3936223000.0,,296318000.0,0.0,0.0,0.0,2518814000.0,439503000.0,2079311000.0,3786666099.0,15590000.0,-317451000.0,6945000.0,276014000.0,-7102000.0,282977000.0,-378003000.0,0.0,110616000.0,0.0,51720000.0,51720000.0,51720000.0,0.0,0.0,0.057,365884000.0,111237000.0,162894000.0,0.138,3.172,22.609,22.383,2109851000.0,0.0,47.9,1.131,1.131,235327000.0,836762000.0,915099000.0,915099000.0,0.0,,,,,5890000.0,321412000.0,1.0,79053572.0,79004000,83630000.0,11.583,2777470000.0,18901000.0,34095000.0,378266000.0,35.156,200116000.0
36,ARG,MRQ,2007-03-31,2007-03-31,2007-03-31,2019-04-19,4183000.0,3333457000.0,,549499000.0,2783958000.0,,14.319,-53070000.0,25931000.0,25931000.0,419484000.0,43735000.0,1.284,1.962,1350015000.0,40296000.0,1309719000.0,1350015000.0,0.0,38403000.0,0.0,0.007,0.07,89347000.0,127750000.0,0.15,127750000.0,89347000.0,72240000.0,0.56,0.55,0.56,1125382000.0,,1125382000.0,4171105285.0,13.0,9.032,80443000.0,1.024,1.0,434377000.0,0.509,895097000.0,17107000.0,3334488000.0,,250308000.0,0.0,0.0,0.0,2208075000.0,427956000.0,1780119000.0,3311205285.0,-3952000.0,-531347000.0,2944000.0,445713000.0,-5601000.0,447432000.0,-584897000.0,0.0,133513000.0,0.0,43735000.0,43735000.0,43735000.0,0.0,0.0,0.051,341379000.0,92998000.0,146385000.0,0.125,2.942,21.443,21.288,1865418000.0,0.0,42.15,1.033,1.026,193664000.0,792433000.0,853861000.0,853861000.0,0.0,,,,,5513000.0,302976000.0,1.0,78557658.0,78592000,82062000.0,10.864,2438360000.0,31004000.0,28505000.0,373246000.0,31.026,121543000.0
37,ARG,MRQ,2006-12-31,2006-12-31,2006-12-31,2019-04-19,4127000.0,2753915000.0,,510252000.0,2243663000.0,,13.806,-58458000.0,29883000.0,29883000.0,378152000.0,32483000.0,1.359,1.553,889783000.0,34988000.0,854795000.0,889783000.0,0.0,37823000.0,0.0,0.007,0.07,69504000.0,107327000.0,0.136,107327000.0,69504000.0,54761000.0,0.42,0.4,0.42,1078808000.0,,1078808000.0,3983701158.0,14.0,9.141,11968000.0,0.153,1.0,409255000.0,0.52,675879000.0,14743000.0,2562339000.0,,254378000.0,0.0,0.0,0.0,1675107000.0,375597000.0,1299510000.0,3160834158.0,-1896000.0,-57379000.0,5646000.0,36922000.0,-5495000.0,43666000.0,-115988000.0,0.0,70426000.0,0.0,32483000.0,32483000.0,32483000.0,0.0,0.0,0.041,323925000.0,85330000.0,134260000.0,0.167,2.93,21.929,21.785,1539866000.0,0.0,40.52,1.02,1.022,158824000.0,759460000.0,787407000.0,787407000.0,0.0,,,,,3400000.0,286102000.0,1.0,78006766.0,78138000,83063000.0,10.077,2078036000.0,23640000.0,22278000.0,350444000.0,26.594,134655000.0
38,ARG,MRQ,2006-09-30,2006-09-30,2006-09-30,2019-04-19,5396000.0,2664413000.0,,496331000.0,2168082000.0,,13.324,-56620000.0,31779000.0,31779000.0,386377000.0,39547000.0,0.837,1.57,854646000.0,257096000.0,597550000.0,854646000.0,0.0,36183000.0,0.0,0.007,0.07,80557000.0,116740000.0,0.148,116740000.0,80557000.0,65903000.0,0.51,0.49,0.51,1036740000.0,,1036740000.0,3562785898.0,12.0,8.384,25602000.0,0.329,1.0,404370000.0,0.511,643952000.0,14654000.0,2250271000.0,,242919000.0,0.0,0.0,0.0,1627673000.0,593057000.0,1034616000.0,2814068898.0,-1339000.0,-95352000.0,1718000.0,72543000.0,-5451000.0,68746000.0,-152307000.0,0.0,82222000.0,0.0,39547000.0,39547000.0,39547000.0,0.0,0.0,0.05,320107000.0,84263000.0,138108000.0,0.137,2.714,19.75,19.658,1495641000.0,0.0,36.17,0.934,0.934,162714000.0,732473000.0,790747000.0,790747000.0,0.0,,,,,3780000.0,283924000.0,1.0,77801186.0,77811000,82629000.0,10.162,2020461000.0,24290000.0,26356000.0,344609000.0,25.966,-96726000.0
39,ARG,MRQ,2006-06-30,2006-06-30,2006-06-30,2019-04-19,6317000.0,2532040000.0,,480953000.0,2051087000.0,,12.795,-61441000.0,33118000.0,33118000.0,383219000.0,38652000.0,1.11,1.552,781835000.0,106010000.0,675825000.0,781835000.0,0.0,34934000.0,0.0,0.007,0.07,75072000.0,110006000.0,0.142,110006000.0,75072000.0,61396000.0,0.5,0.48,0.5,992317000.0,,992317000.0,3624981612.0,13.0,9.048,-21259000.0,-0.274,1.0,389817000.0,0.504,598346000.0,13676000.0,2249248000.0,,234603000.0,0.0,0.0,0.0,1539723000.0,433163000.0,1106560000.0,2892339612.0,-1867000.0,-3814000.0,4799000.0,21237000.0,-5433000.0,22714000.0,-64763000.0,0.0,40182000.0,0.0,38652000.0,38652000.0,38652000.0,0.0,0.0,0.05,310911000.0,78906000.0,128669000.0,0.14,2.915,21.82,21.657,1428337000.0,0.0,37.25,0.989,0.988,159696000.0,698377000.0,773036000.0,773036000.0,0.0,,,,,2752000.0,275977000.0,1.0,77646701.0,77557000,82436000.0,9.967,1933694000.0,24411000.0,22744000.0,338150000.0,24.933,47790000.0
40,ARG,MRQ,2006-03-31,2006-03-31,2006-03-31,2019-04-19,4751000.0,2474412000.0,,458516000.0,2015896000.0,,12.372,-51013000.0,34985000.0,34985000.0,373915000.0,33458000.0,0.964,1.612,767627000.0,131901000.0,635726000.0,767627000.0,0.0,33080000.0,0.0,0.006,0.06,68633000.0,101713000.0,0.136,101713000.0,68633000.0,55352000.0,0.43,0.43,0.43,947159000.0,,947159000.0,3765252351.0,15.0,9.837,68123000.0,0.89,1.0,372981000.0,0.499,592322000.0,13281000.0,2139078000.0,,229523000.0,0.0,0.0,0.0,1527253000.0,475654000.0,1051599000.0,3025054351.0,-7017000.0,-54156000.0,-1119000.0,-24914000.0,-4629000.0,-20839000.0,-105314000.0,0.0,119136000.0,0.0,33458000.0,33458000.0,33458000.0,0.0,0.0,0.045,299239000.0,73742000.0,143752000.0,0.14,3.194,24.484,24.28,1398757000.0,0.0,39.09,1.069,1.059,132245000.0,665158000.0,746896000.0,746896000.0,0.0,,,,,-7775000.0,266159000.0,1.0,77386911.0,76558000,81623000.0,9.756,1882090000.0,30141000.0,21894000.0,327818000.0,24.584,-17138000.0
41,ARG,MRQ,2005-12-31,2005-12-31,2005-12-31,2019-04-19,4568000.0,2413448000.0,,479670000.0,1933778000.0,,11.861,-46153000.0,42002000.0,42002000.0,345343000.0,30825000.0,1.123,1.641,782200000.0,111371000.0,670829000.0,782200000.0,0.0,32560000.0,0.0,0.007,0.06,63952000.0,96512000.0,0.137,96512000.0,63952000.0,50617000.0,0.4,0.39,0.4,913701000.0,,913701000.0,3304607306.0,14.0,9.111,42663000.0,0.554,1.0,357064000.0,0.508,561279000.0,13335000.0,2165424000.0,,230918000.0,0.0,0.0,0.0,1499747000.0,426943000.0,1072804000.0,2533899306.0,8973000.0,-9108000.0,-3155000.0,-16182000.0,-4530000.0,-24578000.0,-55265000.0,0.0,88816000.0,0.0,30825000.0,30825000.0,30825000.0,1877000.0,0.0,0.044,288075000.0,68989000.0,112837000.0,0.15,2.773,22.179,21.933,1349389000.0,0.0,32.9,0.929,0.929,140336000.0,636329000.0,702407000.0,702407000.0,0.0,,,,,2735000.0,255515000.0,1.0,77018216.0,77037000,81575000.0,9.118,1852169000.0,30259000.0,19792000.0,322509000.0,24.043,52727000.0
42,ARG,MRQ,2005-09-30,2005-09-30,2005-09-30,2019-04-19,4300000.0,2410087000.0,,491526000.0,1918561000.0,,11.562,-56705000.0,33029000.0,33029000.0,347857000.0,29622000.0,1.09,1.72,803737000.0,112128000.0,691609000.0,803737000.0,0.0,31493000.0,0.0,0.007,0.06,60918000.0,92411000.0,0.132,92411000.0,60918000.0,47665000.0,0.39,0.38,0.39,886065000.0,,886065000.0,3053216558.0,14.0,8.885,4889000.0,0.064,1.0,354325000.0,0.505,559191000.0,13253000.0,2170812000.0,,241364000.0,0.0,0.0,0.0,1524022000.0,450792000.0,1073230000.0,2268679558.0,-2270000.0,-2752000.0,5823000.0,-4780000.0,-4659000.0,-4328000.0,-59536000.0,0.0,61594000.0,0.0,29622000.0,29622000.0,29622000.0,-273000.0,0.0,0.042,291302000.0,63023000.0,129681000.0,0.154,2.56,21.323,21.014,1334060000.0,0.0,29.63,0.864,0.865,160202000.0,610035000.0,702182000.0,702182000.0,0.0,,,,,2526000.0,259809000.0,1.0,76566978.0,76637000,81055000.0,9.162,1850896000.0,24072000.0,18043000.0,300977000.0,24.151,40734000.0
43,ARG,MRQ,2005-06-30,2005-06-30,2005-06-30,2019-04-19,2430000.0,2376910000.0,,481109000.0,1895801000.0,,11.126,-46530000.0,35299000.0,35299000.0,334863000.0,29647000.0,1.453,1.802,819836000.0,6886000.0,812950000.0,819836000.0,0.0,30409000.0,0.0,0.008,0.06,61726000.0,92135000.0,0.136,92135000.0,61726000.0,47782000.0,0.39,0.38,0.39,848349000.0,,848349000.0,2653424560.0,13.0,8.09,29969000.0,0.393,1.0,343262000.0,0.506,557075000.0,13944000.0,2273172000.0,,231256000.0,0.0,0.0,0.0,1528561000.0,331200000.0,1197361000.0,1877481560.0,2659000.0,-72850000.0,5387000.0,23908000.0,-4631000.0,45142000.0,-118982000.0,0.0,76499000.0,0.0,29647000.0,29647000.0,29647000.0,-180000.0,0.0,0.044,280258000.0,63004000.0,129793000.0,0.154,2.213,18.859,18.689,1312856000.0,0.0,24.67,0.744,0.745,150454000.0,585072000.0,678125000.0,678125000.0,0.0,,,,,2514000.0,249849000.0,1.0,76103833.0,76252000,77951000.0,8.893,1819835000.0,35455000.0,18135000.0,302956000.0,23.866,149909000.0
44,ARG,MRQ,2005-03-31,2005-03-31,2005-03-31,2019-04-19,2609000.0,2291863000.0,,466257000.0,1825606000.0,,10.766,-55534000.0,32640000.0,32640000.0,316345000.0,24156000.0,1.399,1.815,808583000.0,6948000.0,801635000.0,808583000.0,0.0,30462000.0,0.0,0.008,0.045,51191000.0,81653000.0,0.127,81653000.0,51191000.0,37906000.0,0.32,0.32,0.32,814172000.0,,814172000.0,2648319832.0,13.0,8.582,40814000.0,0.54,1.0,328021000.0,0.509,527703000.0,13285000.0,2206815000.0,,221609000.0,0.0,0.0,0.0,1477691000.0,333288000.0,1144403000.0,1800485832.0,10545000.0,8879000.0,5450000.0,-52166000.0,-3448000.0,-39292000.0,-46511000.0,0.0,96348000.0,0.0,24156000.0,24156000.0,24156000.0,-260000.0,0.0,0.037,275570000.0,52451000.0,143208000.0,0.141,2.211,19.566,19.423,1269342000.0,0.0,23.89,0.76,0.756,148834000.0,560056000.0,644366000.0,644366000.0,0.0,,,,,-7251000.0,245108000.0,1.0,75365669.0,75625000,77638000.0,8.521,1764160000.0,26263000.0,13750000.0,282186000.0,23.328,132969000.0
45,ARG,MRQ,2004-12-31,2004-12-31,2004-12-31,2019-04-19,1600000.0,2231669000.0,,417878000.0,1813791000.0,,10.389,-43640000.0,0.0,0.0,289533000.0,22973000.0,1.701,1.858,847834000.0,6373000.0,841461000.0,847834000.0,0.0,27890000.0,0.0,0.007,0.045,49552000.0,77442000.0,0.129,77442000.0,49552000.0,36115000.0,0.31,0.3,0.31,780769000.0,,780769000.0,2801532106.0,15.0,9.415,-27953000.0,-0.372,1.0,311555000.0,0.518,535136000.0,13437000.0,2298683000.0,,228052000.0,0.0,0.0,0.0,1450900000.0,245684000.0,1205216000.0,1988408106.0,-8460000.0,-20301000.0,3537000.0,40111000.0,-3424000.0,39772000.0,-63919000.0,0.0,15687000.0,0.0,22973000.0,22973000.0,22973000.0,-44000.0,0.0,0.038,260523000.0,51032000.0,99184000.0,0.145,2.547,22.21,22.092,1243182000.0,0.0,26.51,0.893,0.895,123813000.0,539348000.0,601088000.0,601088000.0,0.0,,,,,2539000.0,232402000.0,1.0,75005964.0,75150000,77361000.0,7.999,1696533000.0,27837000.0,13142000.0,274429000.0,22.575,172194000.0
46,ARG,MRQ,2004-09-30,2004-09-30,2004-09-30,2019-04-19,-180000.0,2164815000.0,,391048000.0,1773767000.0,,9.593,-37486000.0,0.0,0.0,293081000.0,22777000.0,1.599,1.971,813124000.0,6022000.0,807102000.0,813124000.0,0.0,27364000.0,0.0,0.007,0.045,49381000.0,76745000.0,0.128,76745000.0,49381000.0,36713000.0,0.3,0.3,0.3,716576000.0,,716576000.0,2464441830.0,13.0,8.677,34361000.0,0.46,1.0,306702000.0,0.511,526518000.0,12668000.0,2206927000.0,,211265000.0,0.0,0.0,0.0,1412048000.0,244494000.0,1167554000.0,1795348830.0,1031000.0,-179870000.0,2551000.0,147822000.0,-3402000.0,146519000.0,-217335000.0,0.0,71847000.0,0.0,22777000.0,22777000.0,22777000.0,0.0,0.0,0.038,255750000.0,50952000.0,112683000.0,0.15,2.505,20.531,20.398,1208429000.0,0.0,24.07,0.864,0.865,121835000.0,519799000.0,599783000.0,599783000.0,0.0,,,,,2385000.0,228386000.0,1.0,74588651.0,74700000,76600000.0,8.029,1638297000.0,27884000.0,13936000.0,270585000.0,21.932,146554000.0
47,ARG,MRQ,2004-06-30,2004-06-30,2004-06-30,2019-04-19,-1726000.0,1936015000.0,,334842000.0,1601173000.0,,9.293,-25956000.0,0.0,0.0,266221000.0,22116000.0,1.464,1.755,669093000.0,6130000.0,662963000.0,669093000.0,0.0,25362000.0,0.0,0.007,0.045,47512000.0,72874000.0,0.134,72874000.0,47512000.0,35657000.0,0.3,0.29,0.3,689553000.0,,689553000.0,2462873948.0,14.0,9.14,2572000.0,0.035,1.0,277796000.0,0.511,523660000.0,11855000.0,1852777000.0,,187671000.0,5932000.0,0.0,5932000.0,1210271000.0,228671000.0,981600000.0,1774035948.0,4462000.0,300000.0,8836000.0,-3409000.0,-3369000.0,1606000.0,-25672000.0,0.0,28528000.0,0.0,22116000.0,22116000.0,22116000.0,0.0,0.0,0.041,229424000.0,48372000.0,102034000.0,0.15,2.573,21.175,20.974,1037840000.0,0.0,23.91,0.915,0.915,100810000.0,500424000.0,544017000.0,544017000.0,0.0,,,,,2327000.0,204062000.0,1.0,74196401.0,74200000,76200000.0,7.332,1412355000.0,23022000.0,13541000.0,263860000.0,19.034,106171000.0
48,ARG,MRQ,2004-03-31,2004-03-31,2004-03-31,2019-04-19,-2566000.0,1960606000.0,,356357000.0,1604249000.0,,9.408,-31199000.0,25062000.0,25062000.0,228006000.0,21660000.0,1.332,1.834,688838000.0,6140000.0,682698000.0,688838000.0,0.0,23963000.0,0.0,0.008,0.04,46526000.0,70489000.0,0.146,70489000.0,46526000.0,35159000.0,0.29,0.28,0.29,691901000.0,,691901000.0,2272903143.0,13.0,8.821,64564000.0,0.878,1.0,253977000.0,0.527,523940000.0,11367000.0,1832911000.0,,170300000.0,0.0,0.0,0.0,1268705000.0,267531000.0,1001174000.0,1560665143.0,3642000.0,-27945000.0,3046000.0,-30882000.0,-2980000.0,-34005000.0,-58116000.0,0.0,95763000.0,0.0,21660000.0,21660000.0,21660000.0,457000.0,0.0,0.045,207141000.0,46836000.0,114303000.0,0.138,2.256,19.462,19.364,1033926000.0,0.0,21.3,0.841,0.835,107013000.0,481677000.0,481983000.0,481983000.0,0.0,,,,,2277000.0,183954000.0,1.0,73270664.0,73544000,75488000.0,6.554,1436666000.0,25519000.0,13499000.0,253529000.0,19.535,88826000.0
49,ARG,MRQ,2003-12-31,2003-12-31,2003-12-31,2019-04-19,-2612000.0,1886781000.0,,316029000.0,1570752000.0,,8.646,-18185000.0,0.0,0.0,213600000.0,20891000.0,1.589,1.933,712238000.0,6331000.0,705907000.0,712238000.0,0.0,21527000.0,0.0,0.006,0.04,42377000.0,63904000.0,0.141,63904000.0,42377000.0,32117000.0,0.29,0.28,0.29,631183000.0,,631183000.0,2272180428.0,14.0,9.256,28168000.0,0.386,1.0,238269000.0,0.527,513160000.0,10260000.0,1886992000.0,,170516000.0,6555000.0,0.0,6555000.0,1219915000.0,198867000.0,1021048000.0,1587583428.0,0.0,-386000.0,2731000.0,-26409000.0,-2955000.0,-26633000.0,-19720000.0,0.0,46353000.0,0.0,20891000.0,20891000.0,20891000.0,0.0,0.0,0.046,197982000.0,40287000.0,72480000.0,0.138,2.515,20.699,20.075,1016008000.0,0.0,21.48,0.874,0.863,86562000.0,462997000.0,451869000.0,451869000.0,0.0,,,,,228000.0,176455000.0,1.0,73909843.0,73000000,74900000.0,6.19,1373621000.0,21364000.0,11226000.0,260783000.0,18.817,117162000.0
50,ARG,MRQ,2003-09-30,2003-09-30,2003-09-30,2019-04-19,-2055000.0,1750155000.0,,287928000.0,1462227000.0,,8.894,-19041000.0,0.0,0.0,220361000.0,19113000.0,1.571,1.711,684597000.0,580000.0,684017000.0,684597000.0,0.0,21155000.0,0.0,0.004,0.04,41039000.0,62194000.0,0.135,62194000.0,41039000.0,30744000.0,0.26,0.26,0.26,645672000.0,,645672000.0,1975862169.0,12.0,8.236,33808000.0,0.466,1.0,240091000.0,0.521,458100000.0,10295000.0,1793343000.0,,158663000.0,66906000.0,0.0,66906000.0,1104483000.0,183309000.0,921174000.0,1306039169.0,0.0,-524000.0,1550000.0,-32165000.0,-2941000.0,-33556000.0,-19293000.0,0.0,52849000.0,0.0,19113000.0,19113000.0,19113000.0,0.0,0.0,0.042,199330000.0,40761000.0,78008000.0,0.154,2.023,18.014,17.451,901265000.0,0.0,17.8,0.726,0.718,82009000.0,445061000.0,460452000.0,460452000.0,0.0,,,,,2120000.0,178175000.0,1.0,73372987.0,72600000,74400000.0,6.342,1292055000.0,18058000.0,11631000.0,221359000.0,17.797,104619000.0
51,ARG,MRQ,2003-06-30,2003-06-30,2003-06-30,2019-04-19,-2530000.0,1724520000.0,,284219000.0,1440301000.0,,8.679,-19977000.0,0.0,0.0,221133000.0,18528000.0,1.529,1.763,669823000.0,609000.0,669214000.0,669823000.0,0.0,20802000.0,0.0,0.002,0.04,40319000.0,61121000.0,0.133,61121000.0,40319000.0,29884000.0,0.26,0.25,0.26,624044000.0,,624044000.0,1884488807.0,12.0,7.843,-4263000.0,-0.059,1.0,239923000.0,0.52,461119000.0,10435000.0,1747385000.0,,157968000.0,66104000.0,0.0,66104000.0,1100476000.0,185839000.0,914637000.0,1224228807.0,0.0,-5328000.0,5803000.0,8233000.0,-2925000.0,11111000.0,-26825000.0,0.0,15714000.0,0.0,18528000.0,18528000.0,18528000.0,0.0,0.0,0.04,199263000.0,40660000.0,77321000.0,0.154,1.962,16.865,16.262,871935000.0,0.0,16.75,0.684,0.673,78787000.0,428889000.0,461056000.0,461056000.0,0.0,,,,,2264000.0,178461000.0,1.0,73088287.0,71900000,73900000.0,6.412,1263401000.0,18058000.0,11356000.0,215213000.0,17.572,98380000.0
52,ARG,MRQ,2003-03-31,2003-03-31,2003-03-31,2019-04-19,-3302000.0,1700243000.0,,270582000.0,1429661000.0,,8.396,-17098000.0,0.0,0.0,209756000.0,18165000.0,1.295,1.848,660260000.0,2229000.0,658031000.0,660260000.0,0.0,19201000.0,0.0,0.0,0.0,39073000.0,58274000.0,0.132,58274000.0,39073000.0,28824000.0,0.26,0.25,0.26,596933000.0,,596933000.0,2028905000.0,13.0,8.614,40008000.0,0.563,1.0,233148000.0,0.526,457541000.0,10249000.0,1694066000.0,,151405000.0,65957000.0,0.0,65957000.0,1103310000.0,208896000.0,894414000.0,1332719000.0,-3074000.0,-18444000.0,3810000.0,-28247000.0,0.0,-24437000.0,-35743000.0,0.0,57106000.0,0.0,18165000.0,18165000.0,18165000.0,0.0,0.0,0.041,193990000.0,39158000.0,85375000.0,0.0,2.233,19.569,19.082,869492000.0,0.0,18.51,0.746,0.73,71346000.0,413286000.0,442904000.0,442904000.0,0.0,,,,,2232000.0,174789000.0,1.0,71999946.0,71100000,72900000.0,6.229,1242702000.0,17688000.0,10659000.0,209140000.0,17.478,61686000.0
53,ARG,MRQ,2002-12-31,2002-12-31,2002-12-31,2019-04-19,-4062000.0,1683789000.0,,263253000.0,1420536000.0,,8.077,-15088000.0,0.0,0.0,204207000.0,16696000.0,1.382,1.953,696186000.0,2377000.0,693809000.0,696186000.0,0.0,20639000.0,0.0,0.0,0.0,37678000.0,58317000.0,0.134,58317000.0,37678000.0,26713000.0,0.24,0.23,0.24,570233000.0,,570233000.0,1956447670.0,14.0,8.795,41895000.0,0.593,1.0,231132000.0,0.531,449267000.0,10965000.0,1740180000.0,,146133000.0,65605000.0,0.0,65605000.0,1113556000.0,190528000.0,923028000.0,1234439670.0,0.0,-4415000.0,1039000.0,-37687000.0,0.0,-36648000.0,-20335000.0,0.0,56983000.0,0.0,16696000.0,16696000.0,16696000.0,0.0,0.0,0.038,193042000.0,38090000.0,77745000.0,0.0,2.165,21.038,20.536,865899000.0,0.0,17.25,0.701,0.692,72738000.0,395121000.0,435339000.0,435339000.0,0.0,,,,,2217000.0,172403000.0,1.0,71561720.0,70600000,72300000.0,6.166,1234522000.0,13583000.0,10017000.0,199043000.0,17.486,72725000.0
54,ARG,MRQ,2002-09-30,2002-09-30,2002-09-30,2019-04-19,-3431000.0,1695274000.0,,273831000.0,1421443000.0,,7.818,-18198000.0,0.0,0.0,214087000.0,19200000.0,1.349,2.08,722008000.0,2671000.0,719337000.0,722008000.0,0.0,19805000.0,0.0,0.0,0.0,42760000.0,62565000.0,0.139,62565000.0,42760000.0,30720000.0,0.27,0.27,0.27,550380000.0,,550380000.0,1704676084.0,12.0,7.936,48270000.0,0.686,1.0,236966000.0,0.525,443425000.0,12040000.0,1770933000.0,,145580000.0,65590000.0,0.0,65590000.0,1144894000.0,202924000.0,941970000.0,935702084.0,0.0,244000.0,667000.0,-47214000.0,0.0,-46547000.0,-19921000.0,0.0,66468000.0,0.0,19200000.0,19200000.0,19200000.0,0.0,0.0,0.043,194542000.0,42424000.0,83449000.0,0.0,1.7,17.384,17.052,871889000.0,0.0,13.13,0.545,0.538,85777000.0,378425000.0,451053000.0,451053000.0,0.0,,,,,2275000.0,174737000.0,1.0,71264439.0,70400000,71900000.0,6.407,1251849000.0,13583000.0,11520000.0,195678000.0,17.782,70907000.0
55,ARG,MRQ,2002-06-30,2002-06-30,2002-06-30,2019-04-19,-3525000.0,1699475000.0,,285302000.0,1414173000.0,,7.553,-13325000.0,0.0,0.0,222266000.0,14044000.0,1.545,2.219,768974000.0,1327000.0,767647000.0,768974000.0,0.0,20199000.0,0.0,0.0,0.0,36168000.0,56367000.0,0.123,56367000.0,36168000.0,23047000.0,0.2,0.2,0.2,527947000.0,,527947000.0,1994458953.0,15.0,9.741,2081000.0,0.03,1.0,235402000.0,0.514,433431000.0,13121000.0,1850302000.0,,151972000.0,65303000.0,0.0,65303000.0,1171528000.0,184716000.0,986812000.0,1227878953.0,0.0,-491000.0,4331000.0,-7202000.0,0.0,-2871000.0,-12535000.0,0.0,15406000.0,0.0,14044000.0,14044000.0,14044000.0,0.0,0.0,0.031,199192000.0,36210000.0,74995000.0,0.0,2.326,24.968,24.366,885240000.0,0.0,17.3,0.732,0.721,92060000.0,359225000.0,457668000.0,457668000.0,0.0,,,,,2227000.0,176299000.0,1.0,70975662.0,69900000,72000000.0,6.547,1266044000.0,13210000.0,9003000.0,187275000.0,18.112,100586000.0
56,ARG,MRQ,2002-03-31,2002-03-31,2002-03-31,2019-04-19,-4401000.0,1717057000.0,,303543000.0,1413514000.0,,7.323,-16650000.0,0.0,0.0,204680000.0,8736000.0,1.371,2.413,766580000.0,2456000.0,764124000.0,766580000.0,0.0,19228000.0,0.0,0.0,0.0,25966000.0,45194000.0,0.109,45194000.0,25966000.0,14164000.0,0.13,0.13,0.13,503086000.0,,503086000.0,1982199872.0,30.0,14.225,56114000.0,0.817,1.0,211277000.0,0.508,432266000.0,11802000.0,1830040000.0,,154045000.0,64626000.0,0.0,64626000.0,1213971000.0,221331000.0,992640000.0,1402290872.0,0.0,-245922000.0,4925000.0,184324000.0,0.0,185541000.0,-258305000.0,0.0,72764000.0,0.0,8736000.0,8736000.0,8736000.0,0.0,0.0,0.021,185061000.0,26216000.0,82485000.0,0.0,2.787,-134.641,-134.0,893015000.0,0.0,20.1,0.857,0.837,88634000.0,345181000.0,415957000.0,415957000.0,0.0,,,,,1906000.0,165833000.0,1.0,69765715.0,68700000,71400000.0,6.055,1284791000.0,13210000.0,5428000.0,198173000.0,18.701,82212000.0
57,ARG,MRQ,2001-12-31,2001-12-31,2001-12-31,2019-04-19,-5656000.0,1446024000.0,,251318000.0,1194706000.0,,7.083,-12277000.0,0.0,0.0,193790000.0,11845000.0,1.316,1.989,579909000.0,7793000.0,572116000.0,579909000.0,0.0,17920000.0,0.0,0.0,0.0,32747000.0,50667000.0,0.129,50667000.0,32747000.0,20299000.0,0.17,0.17,0.17,483758000.0,,483758000.0,1658069154.0,29.0,12.671,28864000.0,0.423,1.0,198643000.0,0.506,407870000.0,12448000.0,1427152000.0,,154534000.0,64028000.0,0.0,64028000.0,962266000.0,190911000.0,771355000.0,1046935154.0,0.0,-379000.0,778000.0,-29612000.0,0.0,-28834000.0,-12307000.0,0.0,41141000.0,0.0,11845000.0,11845000.0,11845000.0,0.0,0.0,0.03,167449000.0,31194000.0,60560000.0,0.0,2.164,-58.741,-54.0,697387000.0,0.0,15.12,0.64,0.632,62818000.0,336445000.0,392433000.0,392433000.0,0.0,,,,,1998000.0,149529000.0,1.0,69241743.0,68300000,70300000.0,5.746,1038154000.0,10394000.0,8454000.0,169029000.0,15.2,60407000.0
58,ARG,MRQ,2001-09-30,2001-09-30,2001-09-30,2019-04-19,-6390000.0,1470613000.0,,261042000.0,1209571000.0,,6.89,-9472000.0,0.0,0.0,208060000.0,14553000.0,1.356,2.144,611134000.0,8023000.0,603111000.0,611134000.0,0.0,17848000.0,0.0,0.0,0.0,34679000.0,52527000.0,0.127,52527000.0,34679000.0,22829000.0,0.21,0.21,0.21,467804000.0,,467804000.0,1531004658.0,30.0,11.967,26915000.0,0.396,1.0,203922000.0,0.495,413492000.0,11850000.0,1475733000.0,,148766000.0,64067000.0,0.0,64067000.0,1002809000.0,192522000.0,810287000.0,912804658.0,0.0,744000.0,913000.0,-18028000.0,0.0,-25868000.0,-10519000.0,0.0,36387000.0,0.0,14553000.0,14553000.0,14553000.0,0.0,0.0,0.035,169083000.0,34839000.0,70441000.0,0.0,1.951,-39.701,-37.914,702283000.0,0.0,13.27,0.557,0.55,82949000.0,324600000.0,411982000.0,411982000.0,0.0,,,,,1903000.0,151235000.0,1.0,68787088.0,67900000,69500000.0,6.067,1057121000.0,10394000.0,8276000.0,164422000.0,15.569,68520000.0
59,ARG,MRQ,2001-06-30,2001-06-30,2001-06-30,2019-04-19,-4872000.0,1523274000.0,,268675000.0,1254599000.0,,7.567,-16682000.0,0.0,0.0,212223000.0,-45549000.0,1.214,1.987,618200000.0,18628000.0,599572000.0,618200000.0,0.0,17949000.0,0.0,0.0,0.0,-26988000.0,-9039000.0,-0.022,-9039000.0,-26988000.0,-37901000.0,-0.68,-0.67,-0.68,510024000.0,,510024000.0,1507800158.0,30.0,11.452,82407000.0,1.223,1.0,203452000.0,0.489,468066000.0,10913000.0,1452182000.0,,157970000.0,63449000.0,0.0,63449000.0,1013250000.0,221226000.0,792024000.0,814191158.0,0.0,784000.0,826000.0,-86345000.0,0.0,-85519000.0,-13570000.0,0.0,99089000.0,0.0,-45549000.0,-45549000.0,-45549000.0,0.0,0.0,-0.11,170668000.0,32784000.0,77569000.0,0.0,1.596,-29.997,-29.75,703555000.0,0.0,11.9,0.498,0.49,81437000.0,369047000.0,415675000.0,415675000.0,0.0,,,,,1562000.0,152719000.0,1.0,68419425.0,67400000,68400000.0,6.167,1055208000.0,10394000.0,7648000.0,162457000.0,15.656,47449000.0
60,ARG,MRQ,2001-03-31,2001-03-31,2001-03-31,2019-04-19,-1153000.0,1581290000.0,,333845000.0,1247445000.0,,7.427,-17405000.0,0.0,0.0,216140000.0,1328000.0,1.192,2.183,693609000.0,72945000.0,620664000.0,693609000.0,0.0,20860000.0,0.0,0.0,0.0,15839000.0,36699000.0,0.088,36699000.0,15839000.0,3300000.0,0.02,0.02,0.02,496849000.0,,496849000.0,1303297919.0,12.0,6.653,21981000.0,0.329,1.0,198696000.0,0.479,469725000.0,12539000.0,1525019000.0,,155024000.0,63262000.0,0.0,63262000.0,1084441000.0,280155000.0,804286000.0,534011919.0,,41743000.0,457000.0,-66589000.0,0.0,-66132000.0,26746000.0,0.0,39386000.0,,1328000.0,1328000.0,1328000.0,0.0,0.0,0.003,181078000.0,17618000.0,76337000.0,0.0,1.075,18.921,18.326,704646000.0,0.0,7.88,0.328,0.319,143129000.0,355596000.0,414836000.0,414836000.0,0.0,,,,,1436000.0,156575000.0,1.0,67768010.0,66900000,67800000.0,6.201,1111565000.0,10143000.0,1972000.0,161176000.0,16.615,53690000.0
61,ARG,MRQ,2000-12-31,2000-12-31,2000-12-31,2019-04-19,-759000.0,1636078000.0,,335474000.0,1300604000.0,,7.426,-16038000.0,0.0,0.0,202777000.0,6676000.0,1.338,2.313,769286000.0,75039000.0,694247000.0,769286000.0,0.0,20839000.0,0.0,0.0,0.0,26912000.0,47751000.0,0.121,47751000.0,26912000.0,11315000.0,0.1,0.1,0.1,493834000.0,,493834000.0,1318246011.0,12.0,6.593,92928000.0,1.397,1.0,192193000.0,0.487,437850000.0,15597000.0,1716735000.0,,163021000.0,0.0,0.0,0.0,1142244000.0,250779000.0,891465000.0,453985011.0,,1026000.0,166000.0,-94075000.0,0.0,-93909000.0,-15057000.0,0.0,108966000.0,,6676000.0,6676000.0,6676000.0,0.0,0.0,0.017,165951000.0,26242000.0,58506000.0,0.0,0.919,16.556,16.221,747098000.0,0.0,6.813,0.28,0.28,138933000.0,354268000.0,394970000.0,394970000.0,0.0,,,,,1394000.0,145112000.0,1.0,66635111.0,66500000,67200000.0,5.939,1198228000.0,12378000.0,4639000.0,172420000.0,18.018,84695000.0
62,ARG,MRQ,2000-09-30,2000-09-30,2000-09-30,2019-04-19,-783000.0,1724387000.0,,418195000.0,1306192000.0,,7.422,-15127000.0,0.0,0.0,213087000.0,10403000.0,1.674,2.553,864261000.0,68662000.0,795599000.0,864261000.0,0.0,22311000.0,0.0,0.0,0.0,33938000.0,56249000.0,0.137,56249000.0,33938000.0,17632000.0,0.16,0.16,0.16,485382000.0,,485382000.0,1337503530.0,12.0,6.521,23320000.0,0.357,1.0,197010000.0,0.48,439025000.0,16306000.0,1899766000.0,,161507000.0,0.0,0.0,0.0,1239005000.0,249857000.0,989148000.0,451497530.0,,4427000.0,305000.0,-28806000.0,0.0,-28501000.0,-9946000.0,0.0,38447000.0,,10403000.0,10403000.0,10403000.0,0.0,0.0,0.025,163964000.0,33046000.0,67691000.0,0.0,0.93,14.801,14.811,748384000.0,0.0,6.813,0.283,0.279,220603000.0,347592000.0,410097000.0,410097000.0,0.0,,,,,1358000.0,141653000.0,1.0,66270003.0,65400000,66600000.0,6.271,1285362000.0,13463000.0,7229000.0,167494000.0,19.654,168338000.0
63,ARG,MRQ,2000-06-30,2000-06-30,2000-06-30,2019-04-19,-740000.0,1744216000.0,,423605000.0,1320611000.0,,7.269,-14486000.0,0.0,0.0,215196000.0,9816000.0,2.003,2.686,886006000.0,18702000.0,867304000.0,886006000.0,0.0,22744000.0,0.0,0.0,0.0,32459000.0,55203000.0,0.135,55203000.0,32459000.0,16694000.0,0.15,0.15,0.15,473214000.0,,473214000.0,1252694275.0,10.0,5.694,-2280000.0,-0.035,1.0,193802000.0,0.474,442141000.0,15765000.0,1976563000.0,,167728000.0,0.0,0.0,0.0,1271002000.0,211518000.0,1059484000.0,375201275.0,,343000.0,-10682000.0,11071000.0,0.0,389000.0,-12595000.0,0.0,12206000.0,,9816000.0,9816000.0,9816000.0,0.0,0.0,0.024,162759000.0,31043000.0,73013000.0,0.0,0.793,9.617,9.979,750678000.0,0.0,5.688,0.239,0.236,217486000.0,337189000.0,408998000.0,408998000.0,0.0,,,,,1442000.0,140015000.0,1.0,65963656.0,65100000,67300000.0,6.283,1302075000.0,13752000.0,6878000.0,164245000.0,20.001,212087000.0
64,ARG,MRQ,2000-03-31,2000-03-31,2000-03-31,2019-04-19,-596000.0,1739331000.0,,408790000.0,1330541000.0,,6.949,-15746000.0,0.0,0.0,216886000.0,526000.0,1.862,2.681,877493000.0,20071000.0,857422000.0,877493000.0,0.0,22203000.0,0.0,0.0,0.0,18550000.0,40753000.0,0.1,40753000.0,18550000.0,3157000.0,0.01,0.01,0.01,472507000.0,,472507000.0,1381781567.0,11.0,6.376,494000.0,0.007,1.0,189232000.0,0.466,445498000.0,15393000.0,1951730000.0,,159438000.0,0.0,0.0,0.0,1266824000.0,219596000.0,1047228000.0,578325567.0,,-65398000.0,-21058000.0,81423000.0,0.0,60365000.0,-76605000.0,0.0,16240000.0,,526000.0,526000.0,526000.0,0.0,0.0,0.001,172908000.0,16324000.0,78276000.0,0.0,1.224,15.107,15.115,753768000.0,0.0,8.313,0.375,0.373,211989000.0,327373000.0,406118000.0,406118000.0,0.0,,,,,1452000.0,150705000.0,1.0,69568816.0,68000000,69400000.0,5.972,1293833000.0,13752000.0,2631000.0,160808000.0,19.027,189194000.0
65,ARG,MRQ,1999-12-31,1999-12-31,1999-12-31,2019-04-19,-581000.0,1650056000.0,,382712000.0,1267344000.0,,7.103,17875000.0,0.0,0.0,195597000.0,9760000.0,2.212,2.357,803456000.0,2434000.0,801022000.0,803456000.0,0.0,21986000.0,0.0,0.0,0.0,30901000.0,52887000.0,0.143,52887000.0,30901000.0,16952000.0,0.14,0.14,0.14,491522000.0,,491522000.0,1510881656.0,11.0,6.737,50503000.0,0.73,1.0,173837000.0,0.471,424700000.0,13949000.0,1855783000.0,,158095000.0,0.0,0.0,0.0,1158534000.0,173029000.0,985505000.0,666991656.0,,-812000.0,-10064000.0,-39696000.0,0.0,-49760000.0,17132000.0,0.0,32628000.0,,9760000.0,9760000.0,9760000.0,0.0,0.0,0.026,144833000.0,29004000.0,69103000.0,0.0,1.357,14.551,14.615,709444000.0,0.0,9.5,0.439,0.433,193287000.0,326847000.0,369434000.0,369434000.0,0.0,,,,,1556000.0,125676000.0,1.0,70209648.0,69200000,70800000.0,5.339,1225356000.0,7937000.0,7192000.0,152653000.0,17.707,209683000.0
66,ARG,MRQ,1999-09-30,1999-09-30,1999-09-30,2019-04-19,-708000.0,1680289000.0,,386323000.0,1293966000.0,,7.02,-15923000.0,0.0,0.0,202847000.0,18912000.0,2.066,2.434,843890000.0,8875000.0,835015000.0,843890000.0,0.0,22953000.0,0.0,0.0,0.0,48212000.0,71165000.0,0.184,71165000.0,48212000.0,33777000.0,0.27,0.27,0.27,489295000.0,,489295000.0,1693995973.0,11.0,6.878,15156000.0,0.217,1.0,184442000.0,0.476,427846000.0,14435000.0,1909306000.0,,157418000.0,0.0,0.0,0.0,1190994000.0,187027000.0,1003967000.0,823124973.0,,23656000.0,-6498000.0,-31868000.0,0.0,-38366000.0,7287000.0,0.0,31079000.0,,18912000.0,18912000.0,18912000.0,0.0,0.0,0.049,152138000.0,32304000.0,71698000.0,0.0,1.682,14.151,14.012,729811000.0,0.0,11.63,0.538,0.53,199796000.0,317087000.0,387289000.0,387289000.0,0.0,,,,,1425000.0,129185000.0,1.0,70776008.0,69700000,71200000.0,5.557,1252443000.0,7783000.0,14865000.0,148586000.0,17.969,199296000.0
67,ARG,MRQ,1999-06-30,1999-06-30,1999-06-30,2019-04-19,-761000.0,1689026000.0,,378661000.0,1310365000.0,,6.81,-13963000.0,0.0,0.0,201267000.0,9085000.0,1.923,2.553,870871000.0,20602000.0,850269000.0,870871000.0,0.0,22166000.0,0.0,0.0,0.0,29731000.0,51897000.0,0.137,51897000.0,29731000.0,15948000.0,0.13,0.13,0.13,475347000.0,,475347000.0,1733094349.0,12.0,7.516,6182000.0,0.089,1.0,178226000.0,0.47,423959000.0,13783000.0,1939020000.0,,155561000.0,0.0,0.0,0.0,1213679000.0,196918000.0,1016761000.0,865608349.0,,600000.0,-7943000.0,1073000.0,0.0,-6870000.0,-13275000.0,0.0,20145000.0,,9085000.0,9085000.0,9085000.0,0.0,0.0,0.024,149127000.0,29099000.0,71909000.0,0.0,1.821,17.405,17.254,716276000.0,0.0,12.25,0.562,0.555,195825000.0,298175000.0,379493000.0,379493000.0,0.0,,,,,1282000.0,126961000.0,1.0,70661906.0,69800000,71100000.0,5.437,1265067000.0,7767000.0,6863000.0,144571000.0,18.124,181743000.0
68,ARG,MRQ,1999-03-31,1999-03-31,1999-03-31,2019-04-19,-910000.0,1698472000.0,,378842000.0,1319630000.0,,6.728,-17938000.0,0.0,0.0,208694000.0,8081000.0,1.775,2.607,867486000.0,19645000.0,847841000.0,867486000.0,0.0,22077000.0,0.0,0.0,0.0,26239000.0,48316000.0,0.126,48316000.0,26239000.0,12168000.0,0.11,0.11,0.11,470945000.0,,470945000.0,1472588183.0,10.0,6.277,22001000.0,0.314,1.0,174836000.0,0.456,428349000.0,14071000.0,1924183000.0,,154424000.0,0.0,0.0,0.0,1227527000.0,213426000.0,1014101000.0,594896183.0,,-926000.0,-685000.0,-14493000.0,0.0,-15199000.0,-24740000.0,0.0,39939000.0,,8081000.0,8081000.0,8081000.0,0.0,0.0,0.021,152233000.0,22603000.0,85486000.0,0.0,1.263,11.457,11.318,717859000.0,0.0,8.375,0.381,0.376,195708000.0,289090000.0,383530000.0,383530000.0,0.0,,,,,5750000.0,130156000.0,1.0,71032380.0,70000000,71700000.0,5.479,1270123000.0,7549000.0,4087000.0,142675000.0,18.145,165416000.0
69,ARG,MRQ,1998-12-31,1998-12-31,1998-12-31,2019-04-19,-965000.0,1710872000.0,,387785000.0,1323087000.0,,6.644,-25045000.0,0.0,0.0,201714000.0,22088000.0,1.73,2.695,877692000.0,16138000.0,861554000.0,877692000.0,0.0,22504000.0,0.0,0.0,0.0,52393000.0,74897000.0,0.197,74897000.0,52393000.0,36692000.0,0.32,0.31,0.32,463085000.0,,463085000.0,1550044575.0,12.0,6.897,4862000.0,0.07,1.0,178609000.0,0.47,431849000.0,15701000.0,1932574000.0,,164471000.0,0.0,0.0,0.0,1247787000.0,224141000.0,1023646000.0,629624575.0,0.0,35726000.0,969000.0,-41135000.0,0.0,-40166000.0,10259000.0,0.0,29907000.0,0.0,22088000.0,22088000.0,22088000.0,0.0,0.0,0.058,153436000.0,25173000.0,74395000.0,0.0,1.36,16.288,16.251,716562000.0,0.0,8.938,0.402,0.398,192129000.0,281009000.0,380323000.0,380323000.0,0.0,,,,,0.0,130932000.0,1.0,70443564.0,69700000,71600000.0,5.457,1279023000.0,0.0,14604000.0,132452000.0,18.35,163644000.0
70,ARG,MRQ,1998-09-30,1998-09-30,1998-09-30,2019-04-19,-915000.0,1720031000.0,,395738000.0,1324293000.0,,6.26,-34155000.0,0.0,0.0,210544000.0,10480000.0,1.875,2.925,920420000.0,14064000.0,906356000.0,920420000.0,0.0,21748000.0,0.0,0.0,0.0,33722000.0,55470000.0,0.14,55470000.0,33722000.0,18002000.0,0.15,0.15,0.15,438181000.0,,438181000.0,1729548755.0,16.0,8.48,-22631000.0,-0.323,1.0,186048000.0,0.469,431460000.0,15720000.0,1997902000.0,,165863000.0,0.0,0.0,0.0,1281850000.0,211089000.0,1070761000.0,865634755.0,0.0,-25527000.0,-13904000.0,57659000.0,0.0,43755000.0,-55279000.0,0.0,11524000.0,0.0,10480000.0,10480000.0,10480000.0,0.0,0.0,0.026,154257000.0,31791000.0,83721000.0,0.0,1.976,30.487,30.325,715142000.0,0.0,12.13,0.557,0.547,204833000.0,258921000.0,396592000.0,396592000.0,0.0,,,,,0.0,132509000.0,1.0,71363129.0,70000000,71700000.0,5.666,1288571000.0,0.0,7522000.0,129266000.0,18.408,184649000.0
71,ARG,MRQ,1998-06-30,1998-06-30,1998-06-30,2019-04-19,-764000.0,1664366000.0,,381535000.0,1282831000.0,,6.262,-21221000.0,0.0,0.0,217103000.0,11275000.0,1.831,2.781,863914000.0,8898000.0,855016000.0,863914000.0,0.0,21597000.0,0.0,0.0,0.0,34305000.0,55902000.0,0.139,55902000.0,34305000.0,19499000.0,0.16,0.16,0.16,440238000.0,,440238000.0,1866964127.0,15.0,8.625,-528000.0,-0.008,1.0,183670000.0,0.458,420804000.0,14806000.0,1899066000.0,,163688000.0,0.0,0.0,0.0,1224128000.0,208410000.0,1015718000.0,1023969127.0,0.0,-6323000.0,278000.0,6145000.0,0.0,6423000.0,-27116000.0,0.0,20693000.0,0.0,11275000.0,11275000.0,11275000.0,0.0,0.0,0.028,150241000.0,33429000.0,85413000.0,0.0,2.326,25.865,25.228,687313000.0,0.0,14.38,0.675,0.666,194928000.0,248441000.0,400773000.0,400773000.0,0.0,,,,,0.0,129644000.0,1.0,71207867.0,70300000,72100000.0,5.701,1243562000.0,0.0,8224000.0,126254000.0,17.689,173125000.0
72,ARG,MRQ,1998-03-31,1998-03-31,1998-03-31,2019-04-19,-779000.0,1641474000.0,,366834000.0,1274640000.0,,6.081,-29668000.0,0.0,0.0,214452000.0,-5187000.0,1.626,2.845,842995000.0,12150000.0,830845000.0,842995000.0,0.0,31283000.0,0.0,0.0,0.0,7204000.0,38487000.0,0.099,38487000.0,7204000.0,-6852000.0,-0.08,-0.08,-0.08,426873000.0,,426873000.0,2041550058.0,16.0,9.634,16707000.0,0.238,1.0,173960000.0,0.448,410753000.0,14056000.0,1848158000.0,,154937000.0,0.0,0.0,0.0,1214601000.0,225558000.0,989043000.0,1214309058.0,,-62758000.0,-1385000.0,46218000.0,0.0,44826000.0,-91201000.0,0.0,46375000.0,,-5187000.0,-5187000.0,-5187000.0,0.0,0.0,-0.013,168714000.0,5246000.0,84602000.0,0.0,2.845,29.953,29.237,687304000.0,0.0,17.25,0.839,0.818,186342000.0,237166000.0,388412000.0,388412000.0,0.0,,,,,1470000.0,129403000.0,1.0,70394728.0,70200000,71700000.0,5.533,1230721000.0,6952000.0,-1665000.0,121356000.0,17.532,141276000.0
73,ARG,MRQ,1997-12-31,1997-12-31,1997-12-31,2019-04-19,-752000.0,1597188000.0,,367407000.0,1229781000.0,,5.944,-27349000.0,0.0,0.0,195951000.0,11826000.0,1.885,2.85,827241000.0,18433000.0,808808000.0,827241000.0,0.0,20218000.0,0.0,0.0,0.0,33868000.0,54086000.0,0.147,54086000.0,33868000.0,20412000.0,0.17,0.17,0.17,413701000.0,,413701000.0,,,,6279000.0,0.09,1.0,171859000.0,0.467,379429000.0,13456000.0,1850074000.0,,158689000.0,0.0,0.0,0.0,1179188000.0,194926000.0,984262000.0,985526192.0,0.0,-40392000.0,-12752000.0,44851000.0,0.0,31745000.0,-65373000.0,0.0,33628000.0,0.0,11826000.0,11826000.0,11826000.0,0.0,0.0,0.032,139157000.0,32702000.0,69403000.0,0.0,2.382,,,683915000.0,0.0,14.0,,,172077000.0,242353000.0,367810000.0,367810000.0,0.0,,,,,1538000.0,118939000.0,1.0,70394728.0,69600000,71500000.0,5.285,1217759000.0,0.0,8586000.0,134267000.0,17.497,172481000.0
74,ARG,MRQ,1997-09-30,1997-09-30,1997-09-30,2019-04-19,,,,,,,,-38703000.0,,,194381000.0,21675000.0,,,,,,,,18776000.0,,0.0,0.0,49198000.0,67974000.0,0.189,67974000.0,49198000.0,35528000.0,0.32,0.31,0.32,,,,,,,853000.0,0.012,1.0,165975000.0,0.461,,13670000.0,,,,,,,,,,,0.0,-27694000.0,2427000.0,25309000.0,0.0,26267000.0,-65823000.0,0.0,39556000.0,0.0,21675000.0,21675000.0,21675000.0,0.0,0.0,0.06,118475000.0,47500000.0,,0.0,,,,,0.0,16.94,,,,,360356000.0,360356000.0,0.0,,,,,1533000.0,114199000.0,1.0,,68530000,70950000.0,5.258,,,13853000.0,,,
75,ARG,MRQ,1997-06-30,1997-06-30,1997-06-30,2019-04-19,,,,,,,,-25471000.0,,,174754000.0,12226000.0,,,,,,,,17815000.0,,0.0,0.0,33549000.0,51364000.0,0.155,51364000.0,33549000.0,21441000.0,0.18,0.18,0.18,,,,,,,-10630000.0,-0.159,1.0,156658000.0,0.473,,12108000.0,,,,,,,,,,,0.0,-47356000.0,-18363000.0,75098000.0,0.0,58196000.0,-73037000.0,0.0,14841000.0,0.0,12226000.0,12226000.0,12226000.0,0.0,0.0,0.037,123158000.0,33500000.0,,0.0,,,,,0.0,19.81,,,,,331412000.0,331412000.0,0.0,,,,,1412000.0,105343000.0,1.0,,66800000,69200000.0,4.961,,,9215000.0,,,
76,ARG,MRQ,1997-03-31,1997-03-31,1997-03-31,2019-04-19,-468000.0,1291031000.0,,311999000.0,979032000.0,,5.057,-24312000.0,0.0,0.0,,,1.667,2.864,655089000.0,25158000.0,629931000.0,655089000.0,0.0,20620000.0,0.0,0.0,0.0,,,,,,,,,,333231000.0,,333231000.0,,,,18472000.0,0.28,1.0,,,294614000.0,,1464356000.0,,129372000.0,0.0,0.0,0.0,954374000.0,187150000.0,767224000.0,,,-52000.0,-10941000.0,-3301000.0,0.0,-17556000.0,-25228000.0,0.0,42784000.0,,,,,,,,,,74329000.0,,,,48.229,552161000.0,,16.88,,0.96,151053000.0,196626000.0,,,,,,,,1436000.0,,1.0,,65900000,,,996417000.0,0.0,,104266000.0,15.12,124849000.0
77,ARG,MRQ,1996-12-31,1996-12-31,1996-12-31,2019-04-19,,,,,,,,,,,156293000.0,10960000.0,,,,,,,,,,0.0,0.0,29309000.0,,,,29309000.0,18924000.0,0.16,0.16,0.16,,,,,,,,,1.0,140910000.0,0.474,,10385000.0,,,,,,,,,,,,,,,,,,,,,10960000.0,10960000.0,10960000.0,0.0,0.0,0.037,111531000.0,29379000.0,,0.0,,,,,0.0,22.0,,,,,297203000.0,297203000.0,0.0,,,,,,94991000.0,1.0,,67350000,70200000.0,4.413,,,7964000.0,,,
78,ARG,MRQ,1996-03-31,1996-03-31,1996-03-31,2019-04-19,-410000.0,883642000.0,,218574000.0,665068000.0,,3.733,,0.0,0.0,,,1.596,2.761,398011000.0,12179000.0,385832000.0,398011000.0,0.0,,0.0,0.0,0.0,,,,,,,,,,234484000.0,,234484000.0,,,,,,1.0,,,165243000.0,,979424000.0,,86162000.0,0.0,0.0,0.0,647433000.0,136986000.0,510447000.0,,,,,,,,,,,,,,,,,,,,52528000.0,,,,31.548,438877000.0,,19.875,,1.49,120811000.0,173360000.0,,,,,,,,,,1.0,,62820000,,,718399000.0,0.0,,88400000.0,11.436,81588000.0
0,ARG,MRT,2016-03-31,2016-03-31,2016-03-31,2019-04-19,-18402000.0,6134956000.0,6133636250.0,1384198000.0,4750758000.0,0.866,27.857,-431378000.0,55809000.0,55809000.0,2301598000.0,337500000.0,1.206,2.0,2588185000.0,633365000.0,1954820000.0,2588185000.0,0.0,352747000.0,0.0,0.017,2.4,589788000.0,942535000.0,0.177,942535000.0,589788000.0,529717000.0,4.6,4.54,4.6,2045298000.0,2014994250.0,2045298000.0,12914019332.0,22.0,13.701,312557000.0,4.257,1.0,3012179000.0,0.567,1612942000.0,60071000.0,5906556000.0,5778211500.0,459521000.0,0.0,0.0,0.0,4089658000.0,1147834000.0,2941824000.0,10258770332.0,5085000.0,-101704000.0,-325185000.0,262419000.0,-175384000.0,-208324000.0,-530526000.0,0.0,743935000.0,0.0,337500000.0,337500000.0,337500000.0,0.0,0.0,0.064,2431468000.0,580711000.0,165781000.0,0.522,5.016,30.396,30.791,3090543000.0,0.0,141.64,1.931,1.957,667399000.0,2377843000.0,5313777000.0,5313777000.0,0.0,0.055,0.167,0.102,0.111,27757000.0,2042754000.0,1.0,72428483.0,73422000,74377000.0,72.373,4522014000.0,69908000.0,192217000.0,894344000.0,61.589,236364000.0
1,ARG,MRT,2015-12-31,2015-12-31,2015-12-31,2019-04-19,-20563000.0,6180874000.0,6093299750.0,1434447000.0,4746427000.0,0.873,27.389,-470869000.0,46877000.0,46877000.0,2334923000.0,347856000.0,1.122,2.129,2702126000.0,748676000.0,1953450000.0,2702126000.0,0.0,346785000.0,0.0,0.017,2.35,605056000.0,951841000.0,0.179,951841000.0,605056000.0,546758000.0,4.69,4.63,4.69,1975470000.0,2041566250.0,1975470000.0,12672490230.0,21.0,13.314,245008000.0,3.397,1.0,2986493000.0,0.561,1618861000.0,58298000.0,5938912000.0,5691652250.0,485230000.0,0.0,0.0,0.0,4205404000.0,1278350000.0,2927054000.0,9966994230.0,-26711000.0,-106546000.0,-331398000.0,309662000.0,-173278000.0,-166962000.0,-575626000.0,0.0,715877000.0,0.0,347856000.0,347856000.0,347856000.0,0.0,0.0,0.065,2390653000.0,595840000.0,159887000.0,0.501,5.045,28.653,29.493,3078892000.0,0.0,138.32,1.873,1.875,671507000.0,2348954000.0,5321416000.0,5321416000.0,0.0,0.057,0.17,0.106,0.114,28712000.0,2022475000.0,1.0,72057506.0,72127000,73112000.0,73.778,4562013000.0,65180000.0,198902000.0,880761000.0,63.25,156097000.0
2,ARG,MRT,2015-09-30,2015-09-30,2015-09-30,2019-04-19,-17926000.0,6163938000.0,6045576500.0,1415699000.0,4748239000.0,0.886,25.965,-494785000.0,58074000.0,58074000.0,2370274000.0,367191000.0,1.044,2.215,2763570000.0,807204000.0,1956366000.0,2763570000.0,0.0,341668000.0,0.0,0.026,2.3,637801000.0,979469000.0,0.183,979469000.0,637801000.0,580972000.0,4.92,4.85,4.92,1917121000.0,2068974000.0,1917121000.0,9038104339.0,14.0,9.228,252995000.0,3.426,1.0,2987548000.0,0.558,1624472000.0,56829000.0,5888771000.0,5596846750.0,471369000.0,0.0,0.0,0.0,4246817000.0,1356191000.0,2890626000.0,6668843339.0,-7638000.0,-119692000.0,-327850000.0,329971000.0,-171090000.0,-141313000.0,-614105000.0,0.0,747780000.0,0.0,367191000.0,367191000.0,367191000.0,0.0,0.0,0.069,2354409000.0,633139000.0,198667000.0,0.467,3.479,18.162,18.157,3074251000.0,0.0,89.33,1.245,1.231,720210000.0,2320036000.0,5357822000.0,5357822000.0,0.0,0.061,0.177,0.114,0.119,28766000.0,2012741000.0,1.0,74654017.0,73836000,74632000.0,72.564,4539466000.0,58641000.0,213781000.0,843678000.0,61.48,59508000.0
3,ARG,MRT,2015-06-30,2015-06-30,2015-06-30,2019-04-19,-12962000.0,6054777000.0,5980785500.0,1403327000.0,4651450000.0,0.893,28.217,-493144000.0,72208000.0,72208000.0,2369635000.0,367469000.0,0.956,1.853,2441469000.0,916027000.0,1525442000.0,2441469000.0,0.0,334861000.0,0.0,0.022,2.313,643406000.0,978267000.0,0.183,978267000.0,643406000.0,583277000.0,4.91,4.84,4.91,2122088000.0,2090299750.0,2122088000.0,10261751416.0,16.0,10.49,251664000.0,3.346,1.0,2971373000.0,0.556,1577316000.0,60129000.0,5378607000.0,5557300750.0,460842000.0,0.0,0.0,0.0,3932689000.0,1468115000.0,2464574000.0,7987832416.0,-5104000.0,-54101000.0,-54160000.0,-13092000.0,-168476000.0,-205022000.0,-544890000.0,0.0,744808000.0,0.0,367469000.0,367469000.0,367469000.0,0.0,0.0,0.069,2332598000.0,638775000.0,188330000.0,0.471,3.764,21.737,21.544,3026338000.0,0.0,105.78,1.496,1.489,718856000.0,2268395000.0,5341008000.0,5341008000.0,0.0,0.061,0.176,0.116,0.12,28847000.0,1997737000.0,1.0,75513636.0,75206000,76105000.0,71.018,4477461000.0,58290000.0,215808000.0,849477000.0,59.536,-64788000.0
4,ARG,MRT,2015-03-31,2015-03-31,2015-03-31,2019-04-19,-14853000.0,5973610000.0,5935112250.0,1415684000.0,4557926000.0,0.894,28.802,-445706000.0,50724000.0,50724000.0,2355875000.0,368086000.0,1.254,1.776,2324643000.0,575981000.0,1748662000.0,2324643000.0,0.0,329058000.0,0.0,0.021,2.263,646353000.0,975411000.0,0.184,975411000.0,646353000.0,584121000.0,4.93,4.85,4.93,2151586000.0,2042471250.0,2151586000.0,10321635633.0,16.0,10.582,272331000.0,3.646,1.0,2949010000.0,0.556,1558163000.0,62232000.0,5560319000.0,5630969000.0,474070000.0,0.0,0.0,0.0,3822024000.0,1129047000.0,2692977000.0,7970839633.0,-18837000.0,-51382000.0,54280000.0,-158414000.0,-164517000.0,-240111000.0,-496763000.0,0.0,718037000.0,0.0,368086000.0,368086000.0,368086000.0,0.0,0.0,0.069,2307732000.0,641278000.0,206187000.0,0.459,3.705,21.655,21.523,2951766000.0,0.0,106.11,1.503,1.494,708227000.0,2231026000.0,5304885000.0,5304885000.0,0.0,0.062,0.18,0.115,0.122,30027000.0,1978674000.0,1.0,75118647.0,74702000,75851000.0,71.014,4415447000.0,58072000.0,216035000.0,854574000.0,59.107,286637000.0
5,ARG,MRT,2014-12-31,2014-12-31,2014-12-31,2019-04-19,-7735000.0,5989981000.0,5890038250.0,1474474000.0,4515507000.0,0.895,27.888,-414968000.0,73588000.0,73588000.0,2344222000.0,368720000.0,1.209,1.873,2424384000.0,666406000.0,1757978000.0,2424384000.0,0.0,322787000.0,0.0,0.019,2.192,646032000.0,968819000.0,0.184,968819000.0,646032000.0,581635000.0,4.96,4.88,4.96,2085101000.0,1964737000.0,2085101000.0,10978788894.0,17.0,11.332,290714000.0,3.888,1.0,2926770000.0,0.555,1561476000.0,64397000.0,5559690000.0,5575691250.0,499570000.0,0.0,0.0,0.0,3904880000.0,1219611000.0,2685269000.0,8604178894.0,11363000.0,-69113000.0,50104000.0,-136871000.0,-158605000.0,-210560000.0,-483759000.0,0.0,705682000.0,0.0,368720000.0,368720000.0,368720000.0,0.0,0.0,0.07,2282790000.0,643980000.0,203305000.0,0.442,4.127,23.335,23.222,2906363000.0,0.0,115.18,1.632,1.634,692748000.0,2191939000.0,5270992000.0,5270992000.0,0.0,0.063,0.188,0.116,0.123,30037000.0,1960003000.0,1.0,74702022.0,74767000,75954000.0,70.499,4428505000.0,57882000.0,212915000.0,839124000.0,59.231,254863000.0
6,ARG,MRT,2014-09-30,2014-09-30,2014-09-30,2019-04-19,-2124000.0,5904774000.0,5831357750.0,1428026000.0,4476748000.0,0.889,26.856,-388151000.0,65712000.0,65712000.0,2292959000.0,358280000.0,1.448,1.949,2440322000.0,433379000.0,2006943000.0,2440322000.0,0.0,316765000.0,0.0,0.019,2.123,631445000.0,948210000.0,0.183,948210000.0,631445000.0,564505000.0,4.83,4.75,4.83,2002424000.0,1885608250.0,2002424000.0,10631295187.0,17.0,11.212,317433000.0,4.257,1.0,2889059000.0,0.558,1562274000.0,66940000.0,5730587000.0,5522898250.0,487778000.0,0.0,0.0,0.0,3902350000.0,986523000.0,2915827000.0,8246846187.0,-45553000.0,-217618000.0,35194000.0,-56601000.0,-152898000.0,-147002000.0,-604135000.0,0.0,705584000.0,0.0,358280000.0,358280000.0,358280000.0,0.0,0.0,0.069,2253046000.0,636013000.0,204735000.0,0.44,4.118,23.018,22.909,2871224000.0,0.0,110.65,1.591,1.592,719149000.0,2145629000.0,5182018000.0,5182018000.0,0.0,0.061,0.19,0.114,0.122,29829000.0,1936281000.0,1.0,74530919.0,74561000,75754000.0,69.5,4342500000.0,57347000.0,206225000.0,820196000.0,58.241,441503000.0
7,ARG,MRT,2014-06-30,2014-06-30,2014-06-30,2019-04-19,3185000.0,5872084000.0,5761776500.0,1421131000.0,4450953000.0,0.886,25.996,-364232000.0,77312000.0,77312000.0,2255437000.0,354950000.0,1.394,2.041,2461761000.0,453235000.0,2008526000.0,2461761000.0,0.0,311434000.0,0.0,0.018,1.99,625826000.0,937260000.0,0.184,937260000.0,625826000.0,556783000.0,4.8,4.72,4.8,1930774000.0,1811014250.0,1930774000.0,10516799530.0,17.0,11.221,406901000.0,5.479,1.0,2850796000.0,0.558,1563703000.0,69043000.0,5673280000.0,5381039500.0,479599000.0,0.0,0.0,0.0,3941310000.0,1019550000.0,2921760000.0,8091398530.0,6336000.0,-221849000.0,38835000.0,-99764000.0,-147173000.0,-177659000.0,-587138000.0,0.0,771133000.0,0.0,354950000.0,354950000.0,354950000.0,0.0,0.0,0.07,2221795000.0,629001000.0,189650000.0,0.415,4.191,22.796,22.69,2841217000.0,0.0,108.91,1.585,1.584,714977000.0,2088658000.0,5106233000.0,5106233000.0,0.0,0.062,0.196,0.116,0.123,30063000.0,1910361000.0,1.0,74294358.0,74272000,75483000.0,68.75,4308381000.0,58209000.0,201833000.0,822257000.0,58.008,401581000.0
8,ARG,MRT,2014-03-31,2014-03-31,2014-03-31,2019-04-19,529000.0,5793314000.0,5690727500.0,1399087000.0,4394227000.0,0.891,25.001,-339104000.0,69561000.0,69561000.0,2247574000.0,350784000.0,1.051,2.147,2494962000.0,788188000.0,1706774000.0,2494962000.0,0.0,305306000.0,0.0,0.018,1.92,625603000.0,930909000.0,0.184,930909000.0,625603000.0,551905000.0,4.76,4.68,4.76,1840649000.0,1732279250.0,1840649000.0,10363774253.0,17.0,11.133,405756000.0,5.511,1.0,2824963000.0,0.557,1548732000.0,73698000.0,5339208000.0,5405997250.0,478149000.0,0.0,0.0,0.0,3952665000.0,1330775000.0,2621890000.0,7877670253.0,-16825000.0,-203529000.0,30183000.0,-137804000.0,-141461000.0,-218101000.0,-543584000.0,0.0,744860000.0,0.0,350784000.0,350784000.0,350784000.0,0.0,0.0,0.069,2194429000.0,630534000.0,196911000.0,0.403,4.28,22.457,22.376,2802415000.0,0.0,106.51,1.553,1.546,701060000.0,2047843000.0,5072537000.0,5072537000.0,0.0,0.062,0.202,0.116,0.123,28961000.0,1889123000.0,1.0,73961790.0,73623000,74910000.0,68.899,4244582000.0,57961000.0,201121000.0,825897000.0,57.653,68312000.0
9,ARG,MRT,2013-12-31,2013-12-31,2013-12-31,2019-04-19,2837000.0,5755259000.0,5646955250.0,1402373000.0,4352886000.0,0.897,23.975,-319487000.0,62225000.0,62225000.0,2251345000.0,348568000.0,1.036,2.254,2548329000.0,843585000.0,1704744000.0,2548329000.0,0.0,301693000.0,0.0,0.016,1.84,631458000.0,933151000.0,0.184,933151000.0,631458000.0,554391000.0,4.72,4.63,4.72,1768586000.0,1656362750.0,1768586000.0,10629823568.0,17.0,11.391,379585000.0,5.146,1.0,2816285000.0,0.556,1539752000.0,77067000.0,5348518000.0,5535071750.0,489379000.0,0.0,0.0,0.0,3986673000.0,1353093000.0,2633580000.0,8248594568.0,-4381000.0,-182472000.0,-337457000.0,254803000.0,-135483000.0,-200919000.0,-502534000.0,0.0,699072000.0,0.0,348568000.0,348568000.0,348568000.0,0.0,0.0,0.069,2183721000.0,632564000.0,159033000.0,0.39,4.664,23.664,23.697,2769120000.0,0.0,111.85,1.628,1.628,664966000.0,2002146000.0,5067630000.0,5067630000.0,0.0,0.062,0.21,0.114,0.125,28851000.0,1880365000.0,1.0,73746934.0,73767000,75094000.0,68.698,4215507000.0,58242000.0,205823000.0,839367000.0,57.146,49280000.0
10,ARG,MRT,2013-09-30,2013-09-30,2013-09-30,2019-04-19,4064000.0,5626449000.0,5592905750.0,1445337000.0,4181112000.0,0.9,23.182,-313245000.0,111265000.0,111265000.0,2244240000.0,348724000.0,1.014,2.302,2492494000.0,915890000.0,1576604000.0,2492494000.0,0.0,296541000.0,0.0,0.017,1.76,631481000.0,928022000.0,0.184,928022000.0,631481000.0,554158000.0,4.67,4.58,4.67,1704048000.0,1673652750.0,1704048000.0,10263396191.0,16.0,11.059,354268000.0,4.82,1.0,2788252000.0,0.554,1419629000.0,77323000.0,5163152000.0,5509218750.0,467123000.0,0.0,0.0,0.0,3922401000.0,1424897000.0,2497504000.0,7795041191.0,63398000.0,-94614000.0,-502214000.0,390867000.0,-131073000.0,-193943000.0,-410172000.0,0.0,667513000.0,0.0,348724000.0,348724000.0,348724000.0,0.0,0.0,0.069,2163328000.0,624924000.0,171533000.0,0.377,4.574,22.353,22.709,2717554000.0,0.0,106.05,1.549,1.549,701770000.0,1958177000.0,5032492000.0,5032492000.0,0.0,0.062,0.208,0.115,0.125,28826000.0,1866853000.0,1.0,73503453.0,73507000,74815000.0,68.463,4206820000.0,56595000.0,205434000.0,831522000.0,57.23,20440000.0
11,ARG,MRT,2013-06-30,2013-06-30,2013-06-30,2019-04-19,1954000.0,5587888000.0,5538538000.0,1430627000.0,4157261000.0,0.899,22.065,-307630000.0,70976000.0,70976000.0,2237749000.0,334762000.0,1.651,2.458,2539331000.0,350759000.0,2188572000.0,2539331000.0,0.0,292174000.0,0.0,0.018,1.68,607585000.0,899759000.0,0.181,899759000.0,607585000.0,535047000.0,4.43,4.34,4.43,1615834000.0,1724288750.0,1615834000.0,9511878927.0,16.0,10.572,265714000.0,3.628,1.0,2742383000.0,0.551,1416861000.0,72538000.0,5773111000.0,5522021250.0,485874000.0,0.0,0.0,0.0,3972054000.0,866271000.0,3105783000.0,6990446927.0,16081000.0,-99847000.0,-508104000.0,440112000.0,-126625000.0,-148267000.0,-408996000.0,0.0,573344000.0,0.0,334762000.0,334762000.0,334762000.0,0.0,0.0,0.067,2141042000.0,601341000.0,168288000.0,0.379,4.326,20.882,21.549,2694405000.0,0.0,95.46,1.404,1.404,720494000.0,1904015000.0,4980132000.0,4980132000.0,0.0,0.06,0.194,0.11,0.122,28032000.0,1846491000.0,1.0,73229069.0,73231000,74536000.0,68.006,4171027000.0,53298000.0,200285000.0,828714000.0,56.957,564356000.0
12,ARG,MRT,2013-03-31,2013-03-31,2013-03-31,2019-04-19,4438000.0,5618225000.0,5484917500.0,1463830000.0,4154395000.0,0.904,20.052,-294052000.0,86386000.0,86386000.0,2235567000.0,340874000.0,1.699,2.655,2607818000.0,303573000.0,2304245000.0,2607818000.0,0.0,288900000.0,0.0,0.016,1.6,610911000.0,899811000.0,0.182,899811000.0,610911000.0,543417000.0,4.45,4.35,4.45,1536983000.0,1779347750.0,1536983000.0,9757922700.0,16.0,10.844,256216000.0,3.343,1.0,2721930000.0,0.549,1422437000.0,67494000.0,5855506000.0,5282562500.0,474821000.0,0.0,0.0,0.0,4081242000.0,861714000.0,3219528000.0,7527955700.0,41723000.0,-97521000.0,-503173000.0,463138000.0,-122202000.0,-115686000.0,-392859000.0,0.0,550268000.0,0.0,340874000.0,340874000.0,340874000.0,0.0,0.0,0.069,2125513000.0,596417000.0,183258000.0,0.36,4.898,22.084,22.283,2686305000.0,0.0,99.16,1.518,1.533,710740000.0,1861395000.0,4957497000.0,4957497000.0,0.0,0.062,0.192,0.116,0.123,27053000.0,1828524000.0,1.0,75917262.0,76651000,78307000.0,64.676,4195788000.0,53562000.0,202543000.0,825612000.0,54.739,602116000.0
13,ARG,MRT,2012-12-31,2012-12-31,2012-12-31,2019-04-19,5991000.0,5539061000.0,5410507500.0,1388957000.0,4150104000.0,0.912,23.738,-309564000.0,66606000.0,66606000.0,2232595000.0,342701000.0,1.269,2.014,2296573000.0,589647000.0,1706926000.0,2296573000.0,0.0,283990000.0,0.0,0.017,1.52,601000000.0,884990000.0,0.179,884990000.0,601000000.0,536376000.0,4.45,4.35,4.45,1837746000.0,1832666500.0,1837746000.0,9172587274.0,15.0,10.365,260849000.0,3.369,1.0,2703128000.0,0.548,1429167000.0,64624000.0,5245106000.0,5100837250.0,462379000.0,0.0,0.0,0.0,3701315000.0,1094755000.0,2606560000.0,7129945274.0,20816000.0,-157775000.0,-130343000.0,112715000.0,-117159000.0,-80233000.0,-469364000.0,0.0,570413000.0,0.0,342701000.0,342701000.0,342701000.0,0.0,0.0,0.069,2113215000.0,589913000.0,157384000.0,0.342,3.88,20.805,20.515,2674258000.0,0.0,91.29,1.445,1.432,645174000.0,1811421000.0,4935723000.0,4935723000.0,0.0,0.063,0.187,0.118,0.122,27000000.0,1816612000.0,1.0,78102150.0,77417000,78944000.0,63.755,4109894000.0,53898000.0,193675000.0,811547000.0,53.088,294202000.0
14,ARG,MRT,2012-09-30,2012-09-30,2012-09-30,2019-04-19,6045000.0,5408978000.0,5315402250.0,1341810000.0,4067168000.0,0.918,24.736,-323722000.0,47867000.0,47867000.0,2222439000.0,332344000.0,1.549,1.837,2090509000.0,337994000.0,1752515000.0,2090509000.0,0.0,279584000.0,0.0,0.017,1.44,585310000.0,864894000.0,0.177,864894000.0,585310000.0,521417000.0,4.34,4.23,4.34,1906592000.0,1785515000.0,1906592000.0,8045716015.0,14.0,9.303,245381000.0,3.184,1.0,2659327000.0,0.545,1370836000.0,63893000.0,5214362000.0,4948142250.0,439263000.0,0.0,0.0,0.0,3502386000.0,866422000.0,2635964000.0,6340570015.0,11166000.0,-84824000.0,39617000.0,-110040000.0,-110483000.0,-147162000.0,-410775000.0,0.0,569103000.0,0.0,332344000.0,332344000.0,332344000.0,0.0,0.0,0.068,2085674000.0,573653000.0,166194000.0,0.332,3.326,19.078,18.963,2646135000.0,0.0,82.3,1.299,1.299,686940000.0,1804164000.0,4881766000.0,4881766000.0,0.0,0.063,0.186,0.118,0.12,26730000.0,1790487000.0,1.0,77042163.0,77078000,78892000.0,63.335,4038142000.0,55269000.0,189073000.0,800574000.0,52.39,475388000.0
15,ARG,MRT,2012-06-30,2012-06-30,2012-06-30,2019-04-19,3302000.0,5373406000.0,5236604750.0,1331795000.0,4041611000.0,0.924,23.897,-332796000.0,54895000.0,54895000.0,2218252000.0,329178000.0,1.482,1.927,1760041000.0,8886000.0,1751155000.0,1760041000.0,0.0,274854000.0,0.0,0.016,1.36,580557000.0,855411000.0,0.177,855411000.0,580557000.0,515120000.0,4.32,4.21,4.32,1836070000.0,1702374250.0,1836070000.0,8188234781.0,14.0,9.572,210928000.0,2.745,1.0,2620987000.0,0.542,1364793000.0,65437000.0,4815276000.0,5002790250.0,432216000.0,0.0,0.0,0.0,3537336000.0,898483000.0,2638853000.0,6460610781.0,-5640000.0,-69773000.0,35852000.0,-107344000.0,-103832000.0,-145636000.0,-403728000.0,0.0,543724000.0,0.0,329178000.0,329178000.0,329178000.0,0.0,0.0,0.068,2050345000.0,570642000.0,174130000.0,0.315,3.519,19.626,19.447,2625097000.0,0.0,84.01,1.335,1.334,678672000.0,1756975000.0,4839239000.0,4839239000.0,0.0,0.063,0.193,0.116,0.12,26780000.0,1759831000.0,1.0,76902878.0,76833000,78799000.0,62.984,4008613000.0,53597000.0,185942000.0,803617000.0,52.173,433312000.0
16,ARG,MRT,2012-03-31,2012-03-31,2012-03-31,2019-04-19,5386000.0,5320585000.0,5164340250.0,1274206000.0,4046379000.0,0.919,22.853,-340149000.0,44663000.0,44663000.0,2175430000.0,313374000.0,1.37,2.04,2160739000.0,398837000.0,1761902000.0,2160739000.0,0.0,270285000.0,0.0,0.014,1.25,558503000.0,828788000.0,0.175,828788000.0,558503000.0,492166000.0,4.09,4.0,4.09,1750258000.0,1622012500.0,1750258000.0,8519138561.0,15.0,10.279,166257000.0,2.171,1.0,2570853000.0,0.542,1378007000.0,66337000.0,5128605000.0,5143456250.0,408438000.0,0.0,0.0,0.0,3570327000.0,930049000.0,2640278000.0,6794120561.0,-12555000.0,-160115000.0,-263381000.0,313632000.0,-95323000.0,-16867000.0,-502094000.0,0.0,506406000.0,0.0,313374000.0,313374000.0,313374000.0,0.0,0.0,0.066,2014632000.0,556221000.0,174868000.0,0.306,3.882,21.681,21.753,2616059000.0,0.0,88.97,1.431,1.436,652439000.0,1701478000.0,4746283000.0,4746283000.0,0.0,0.061,0.193,0.109,0.118,25608000.0,1727769000.0,1.0,76364174.0,76586000,78324000.0,61.973,3942578000.0,49617000.0,178792000.0,793957000.0,51.479,344157000.0
17,ARG,MRT,2011-12-31,2011-12-31,2011-12-31,2019-04-19,2801000.0,5158640000.0,5070632500.0,1202651000.0,3955989000.0,0.909,21.716,-321492000.0,45790000.0,45790000.0,2107071000.0,288475000.0,1.324,2.128,1770808000.0,10743000.0,1760065000.0,1770808000.0,0.0,266330000.0,0.0,0.016,1.22,528976000.0,795306000.0,0.173,795306000.0,528976000.0,464922000.0,3.71,3.63,3.71,1649140000.0,1619676000.0,1649140000.0,8103795277.0,15.0,10.19,206435000.0,2.718,1.0,2500747000.0,0.543,1340738000.0,64054000.0,4634326000.0,5076902750.0,393363000.0,0.0,0.0,0.0,3509500000.0,908594000.0,2600906000.0,5927417277.0,10775000.0,-97461000.0,-573017000.0,251288000.0,-94276000.0,-97403000.0,-419749000.0,0.0,527927000.0,0.0,288475000.0,288475000.0,288475000.0,0.0,0.0,0.063,1973975000.0,526772000.0,152211000.0,0.329,3.594,20.547,21.046,2562702000.0,0.0,78.08,1.286,1.287,595518000.0,1641745000.0,4607818000.0,4607818000.0,0.0,0.057,0.178,0.104,0.115,25486000.0,1678880000.0,1.0,75914668.0,75940000,77705000.0,60.677,3817902000.0,53954000.0,176447000.0,763263000.0,50.275,294057000.0
18,ARG,MRT,2011-09-30,2011-09-30,2011-09-30,2019-04-19,2132000.0,5093788000.0,4992618500.0,1165219000.0,3928569000.0,0.899,20.812,-287722000.0,36701000.0,36701000.0,2044879000.0,271748000.0,2.354,2.236,2213079000.0,10391000.0,2202688000.0,2213079000.0,0.0,260679000.0,0.0,0.018,1.15,505984000.0,766663000.0,0.171,766663000.0,505984000.0,439200000.0,3.41,3.35,3.41,1574029000.0,1702115250.0,1574029000.0,6998277938.0,14.0,9.128,205388000.0,2.716,1.0,2443652000.0,0.544,1342293000.0,66784000.0,5432954000.0,5078310250.0,373056000.0,0.0,0.0,0.0,3519759000.0,494919000.0,3024840000.0,4826722938.0,-16651000.0,-108193000.0,-580103000.0,243436000.0,-90956000.0,-113531000.0,-396230000.0,0.0,493110000.0,0.0,271748000.0,271748000.0,271748000.0,0.0,0.0,0.061,1939533000.0,504119000.0,154166000.0,0.337,3.066,17.762,18.716,2533956000.0,0.0,63.82,1.075,1.075,601029000.0,1604798000.0,4488531000.0,4488531000.0,0.0,0.054,0.16,0.1,0.113,25470000.0,1633792000.0,1.0,75630256.0,75630000,77262000.0,59.349,3751495000.0,52000000.0,167452000.0,745397000.0,49.603,670300000.0
19,ARG,MRT,2011-06-30,2011-06-30,2011-06-30,2019-04-19,8516000.0,5084348000.0,4931199500.0,1164896000.0,3919452000.0,0.885,19.332,-254178000.0,60535000.0,60535000.0,1968717000.0,260459000.0,2.196,2.357,2232090000.0,10188000.0,2221902000.0,2232090000.0,0.0,256467000.0,0.0,0.015,1.08,485786000.0,742253000.0,0.17,742253000.0,485786000.0,422401000.0,3.18,3.12,3.18,1514623000.0,1790536000.0,1514623000.0,7293734762.0,15.0,9.826,261632000.0,3.339,1.0,2394394000.0,0.549,1347546000.0,63385000.0,5377940000.0,4882448750.0,380303000.0,0.0,0.0,0.0,3569725000.0,530417000.0,3039308000.0,5498090762.0,2645000.0,-111871000.0,-574516000.0,206048000.0,-87695000.0,-145210000.0,-367955000.0,0.0,515810000.0,0.0,260459000.0,260459000.0,260459000.0,0.0,0.0,0.06,1910685000.0,483709000.0,162645000.0,0.34,3.63,21.109,22.025,2521309000.0,0.0,70.04,1.26,1.258,590130000.0,1551303000.0,4363111000.0,4363111000.0,0.0,0.053,0.145,0.099,0.111,24977000.0,1606969000.0,1.0,78499297.0,78346000,80097000.0,55.69,3736802000.0,52058000.0,161942000.0,735381000.0,47.696,634479000.0
20,ARG,MRT,2011-03-31,2011-03-31,2011-03-31,2019-04-19,7580000.0,4945754000.0,4863819750.0,1130518000.0,3815236000.0,0.874,20.852,-240186000.0,57218000.0,57218000.0,1913280000.0,250264000.0,2.003,1.841,1852862000.0,9868000.0,1842994000.0,1852862000.0,0.0,250518000.0,0.0,0.015,1.01,466987000.0,717505000.0,0.169,717505000.0,466987000.0,406933000.0,3.0,2.94,3.0,1740912000.0,1877121500.0,1740912000.0,7183453872.0,15.0,10.012,35115000.0,0.421,1.0,2338187000.0,0.55,1314504000.0,60054000.0,4862391000.0,4700515500.0,372375000.0,0.0,0.0,0.0,3204842000.0,564503000.0,2640339000.0,5591754872.0,10217000.0,-21186000.0,-277908000.0,48545000.0,-83797000.0,-3317000.0,-261767000.0,0.0,275301000.0,0.0,250264000.0,250264000.0,250264000.0,0.0,0.0,0.059,1868996000.0,469191000.0,163091000.0,0.337,3.212,22.343,22.14,2455758000.0,0.0,66.42,1.315,1.304,550262000.0,1504758000.0,4251467000.0,4251467000.0,0.0,0.051,0.133,0.099,0.11,23669000.0,1574072000.0,1.0,84187818.0,83487000,85252000.0,50.924,3631250000.0,50132000.0,156669000.0,726797000.0,43.495,566015000.0
21,ARG,MRT,2010-12-31,2010-12-31,2010-12-31,2019-04-19,4989000.0,4846584000.0,4751364250.0,1046639000.0,3799945000.0,0.87,23.542,-225470000.0,35015000.0,35015000.0,1858212000.0,227239000.0,2.183,1.449,1626714000.0,9564000.0,1617150000.0,1626714000.0,0.0,246226000.0,0.0,0.015,0.94,421930000.0,668156000.0,0.162,668156000.0,421930000.0,362549000.0,2.72,2.66,2.72,1978897000.0,1890779500.0,1978897000.0,6875473526.0,16.0,10.29,51267000.0,0.61,1.0,2273879000.0,0.55,1318778000.0,59381000.0,4639956000.0,4525142500.0,359186000.0,0.0,0.0,0.0,2867687000.0,479549000.0,2388138000.0,5251283526.0,1456000.0,-26405000.0,32687000.0,1470000.0,-78639000.0,-21814000.0,-253467000.0,0.0,276737000.0,0.0,227239000.0,227239000.0,227239000.0,0.0,0.0,0.055,1839168000.0,434711000.0,114094000.0,0.346,2.654,23.109,22.963,2434217000.0,0.0,62.46,1.271,1.271,497573000.0,1459614000.0,4132091000.0,4132091000.0,0.0,0.048,0.12,0.093,0.102,23264000.0,1543475000.0,1.0,84074344.0,84057000,85850000.0,49.158,3527806000.0,53931000.0,135310000.0,702356000.0,41.969,567090000.0
22,ARG,MRT,2010-09-30,2010-09-30,2010-09-30,2019-04-19,3547000.0,4848112000.0,4649766750.0,1055971000.0,3792141000.0,0.869,23.03,-223581000.0,53352000.0,53352000.0,1815119000.0,218274000.0,2.073,1.515,1677542000.0,10624000.0,1666918000.0,1677542000.0,0.0,243318000.0,0.0,0.013,0.87,404389000.0,647707000.0,0.16,647707000.0,404389000.0,348445000.0,2.63,2.57,2.63,1927712000.0,1830713500.0,1927712000.0,7348492749.0,18.0,11.345,60139000.0,0.718,1.0,2227271000.0,0.551,1313496000.0,55944000.0,4649508000.0,4437602750.0,337448000.0,0.0,0.0,0.0,2920400000.0,509298000.0,2411102000.0,5685163749.0,11829000.0,-83720000.0,30222000.0,57477000.0,-72401000.0,36768000.0,-308659000.0,0.0,283720000.0,0.0,218274000.0,218274000.0,218274000.0,0.0,0.0,0.054,1800937000.0,426334000.0,152127000.0,0.331,2.949,26.046,25.837,2428437000.0,0.0,67.95,1.406,1.407,520676000.0,1424808000.0,4042390000.0,4042390000.0,0.0,0.047,0.119,0.091,0.1,23318000.0,1525710000.0,1.0,83666869.0,83704000,85566000.0,48.294,3534616000.0,53591000.0,130171000.0,676257000.0,42.228,546673000.0
23,ARG,MRT,2010-06-30,2010-06-30,2010-06-30,2019-04-19,1374000.0,4814829000.0,4534299750.0,1037216000.0,3777613000.0,0.87,22.298,-231343000.0,57890000.0,57890000.0,1764083000.0,206249000.0,2.018,1.587,1721219000.0,9589000.0,1711630000.0,1721219000.0,0.0,239017000.0,0.0,0.013,0.8,389057000.0,628074000.0,0.159,628074000.0,389057000.0,330795000.0,2.5,2.44,2.5,1860965000.0,1772163500.0,1860965000.0,6654498311.0,17.0,10.595,76241000.0,0.914,1.0,2181735000.0,0.553,1313892000.0,58262000.0,4650207000.0,4341095500.0,344644000.0,0.0,0.0,0.0,2953864000.0,514059000.0,2439805000.0,5191860311.0,-1842000.0,-80388000.0,24972000.0,20006000.0,-66197000.0,3948000.0,-313374000.0,0.0,307584000.0,0.0,206249000.0,206249000.0,206249000.0,0.0,0.0,0.052,1767349000.0,414386000.0,147249000.0,0.32,2.79,25.173,24.88,2424894000.0,0.0,62.2,1.316,1.316,504512000.0,1379186000.0,3945818000.0,3945818000.0,0.0,0.045,0.116,0.09,0.099,23223000.0,1501110000.0,1.0,83470423.0,83457000,85281000.0,47.28,3500937000.0,50185000.0,124546000.0,658944000.0,41.949,523157000.0
24,ARG,MRT,2010-03-31,2010-03-31,2010-03-31,2019-04-19,3442000.0,4495932000.0,4428721000.0,711335000.0,3784597000.0,0.875,21.862,-238362000.0,47001000.0,47001000.0,1727920000.0,196266000.0,1.496,1.504,1509639000.0,10255000.0,1499384000.0,1509639000.0,0.0,234949000.0,0.0,0.012,0.76,377356000.0,612305000.0,0.158,612305000.0,377356000.0,314046000.0,2.39,2.34,2.39,1795544000.0,1715948250.0,1795544000.0,6843872615.0,18.0,11.177,361685000.0,4.404,1.0,2147233000.0,0.554,1322028000.0,63310000.0,4160899000.0,4257267250.0,333961000.0,0.0,0.0,0.0,2700388000.0,475643000.0,2224745000.0,5263258615.0,-187000.0,-80777000.0,21863000.0,-263001000.0,-62526000.0,-277953000.0,-322281000.0,0.0,600047000.0,0.0,196266000.0,196266000.0,196266000.0,0.0,0.0,0.051,1747689000.0,399544000.0,157566000.0,0.318,2.931,26.817,26.619,2427996000.0,0.0,63.62,1.358,1.348,186804000.0,1332759000.0,3875153000.0,3875153000.0,0.0,0.044,0.114,0.089,0.097,22868000.0,1489305000.0,1.0,82729623.0,82129000,83787000.0,47.184,3173904000.0,48591000.0,117780000.0,652389000.0,38.645,235692000.0
25,ARG,MRT,2009-12-31,2009-12-31,2009-12-31,2019-04-19,2732000.0,4440194000.0,4411315500.0,664558000.0,3775636000.0,0.883,21.168,-249649000.0,33559000.0,33559000.0,1721796000.0,212703000.0,1.626,1.554,1614173000.0,10103000.0,1604070000.0,1614173000.0,0.0,231517000.0,0.0,0.015,0.7,418322000.0,649839000.0,0.167,649839000.0,418322000.0,348576000.0,2.61,2.56,2.61,1738633000.0,1660001000.0,1738633000.0,5475831238.0,13.0,8.426,331415000.0,4.035,1.0,2174173000.0,0.558,1322340000.0,69746000.0,4289797000.0,4320229250.0,347167000.0,0.0,0.0,0.0,2701561000.0,408671000.0,2292890000.0,3908316238.0,-8612000.0,-95633000.0,9181000.0,-209932000.0,-57101000.0,-243727000.0,-345949000.0,0.0,581064000.0,0.0,212703000.0,212703000.0,212703000.0,0.0,0.0,0.055,1741952000.0,432221000.0,120152000.0,0.268,2.248,18.375,18.238,2419482000.0,0.0,47.6,1.003,1.003,180890000.0,1310980000.0,3895969000.0,3895969000.0,0.0,0.048,0.128,0.097,0.107,23427000.0,1510435000.0,1.0,82107484.0,82134000,83910000.0,47.434,3117854000.0,38467000.0,135873000.0,614141000.0,37.961,255887000.0
26,ARG,MRT,2009-09-30,2009-09-30,2009-09-30,2019-04-19,1160000.0,4386244000.0,4395126500.0,681163000.0,3705081000.0,0.917,20.712,-282835000.0,41523000.0,41523000.0,1807478000.0,228740000.0,1.639,1.59,1609038000.0,10821000.0,1598217000.0,1609038000.0,0.0,226804000.0,0.0,0.014,0.68,453188000.0,679992000.0,0.169,679992000.0,453188000.0,375209000.0,2.81,2.76,2.81,1693512000.0,1604437750.0,1693512000.0,5584347371.0,12.0,8.212,329460000.0,4.029,1.0,2222461000.0,0.551,1274646000.0,77979000.0,4263479000.0,4356390750.0,347703000.0,0.0,0.0,0.0,2692732000.0,415634000.0,2277098000.0,3957852371.0,-9801000.0,-83039000.0,-15403000.0,-201896000.0,-55440000.0,-256505000.0,-365591000.0,0.0,612295000.0,0.0,228740000.0,228740000.0,228740000.0,0.0,0.0,0.057,1759707000.0,462754000.0,138236000.0,0.242,2.337,17.303,17.214,2393701000.0,0.0,48.37,0.982,0.981,195643000.0,1278901000.0,4029939000.0,4029939000.0,0.0,0.052,0.143,0.104,0.112,22703000.0,1532903000.0,1.0,81824527.0,81764000,83476000.0,49.287,3111598000.0,37126000.0,146469000.0,603602000.0,38.056,265529000.0
27,ARG,MRT,2009-06-30,2009-06-30,2009-06-30,2019-04-19,-3716000.0,4392514000.0,4384969250.0,694649000.0,3697865000.0,0.964,20.046,-320119000.0,59732000.0,59732000.0,1940362000.0,247021000.0,1.625,1.685,1686227000.0,11033000.0,1675194000.0,1686227000.0,0.0,223690000.0,0.0,0.015,0.62,489061000.0,712751000.0,0.169,712751000.0,489061000.0,405378000.0,3.02,2.97,3.02,1636104000.0,1553904250.0,1636104000.0,5023990941.0,10.0,7.049,296288000.0,3.63,1.0,2286394000.0,0.541,1276759000.0,83683000.0,4314894000.0,4375251500.0,367282000.0,0.0,0.0,0.0,2756410000.0,427356000.0,2329054000.0,3309812941.0,-5214000.0,-254933000.0,-107222000.0,91457000.0,-50427000.0,-48032000.0,-573589000.0,0.0,616407000.0,0.0,247021000.0,247021000.0,247021000.0,0.0,0.0,0.058,1788469000.0,497925000.0,146914000.0,0.205,2.023,13.399,13.421,2386806000.0,0.0,40.53,0.783,0.783,183423000.0,1239100000.0,4226756000.0,4226756000.0,0.0,0.056,0.159,0.112,0.116,22576000.0,1564779000.0,1.0,81663285.0,81618000,83287000.0,51.787,3115755000.0,30191000.0,158357000.0,579665000.0,38.175,267293000.0
28,ARG,MRT,2009-03-31,2009-03-31,2009-03-31,2019-04-19,-10753000.0,4426310000.0,4309466750.0,744743000.0,3681567000.0,1.012,19.185,-337552000.0,47188000.0,47188000.0,2039888000.0,261088000.0,1.661,1.816,1761366000.0,11058000.0,1750308000.0,1761366000.0,0.0,220795000.0,0.0,0.017,0.56,513748000.0,734543000.0,0.168,734543000.0,513748000.0,429353000.0,3.19,3.12,3.19,1571755000.0,1522181000.0,1571755000.0,4527714312.0,9.0,6.164,245215000.0,2.993,1.0,2321591000.0,0.532,1279440000.0,84395000.0,4412747000.0,4287835000.0,390445000.0,0.0,0.0,0.0,2854555000.0,448301000.0,2406254000.0,2749477312.0,4140000.0,-273750000.0,-104031000.0,161942000.0,-45766000.0,31297000.0,-609924000.0,0.0,582767000.0,0.0,261088000.0,261088000.0,261088000.0,0.0,0.0,0.06,1796723000.0,524868000.0,156838000.0,0.176,1.749,10.531,10.599,2366526000.0,0.0,33.81,0.63,0.635,184739000.0,1198985000.0,4361479000.0,4361479000.0,0.0,0.061,0.172,0.12,0.118,20635000.0,1575928000.0,1.0,81321423.0,81926000,83816000.0,53.237,3146870000.0,45692000.0,168265000.0,576715000.0,38.411,296442000.0
29,ARG,MRT,2008-12-31,2008-12-31,2008-12-31,2019-04-19,-10727000.0,4375438000.0,4199705250.0,733266000.0,3642172000.0,1.058,18.673,-342571000.0,42171000.0,42171000.0,2121006000.0,268820000.0,1.641,1.885,1820408000.0,10227000.0,1810181000.0,1820408000.0,0.0,211887000.0,0.0,0.013,0.52,528181000.0,740068000.0,0.167,740068000.0,528181000.0,442088000.0,3.26,3.19,3.26,1516380000.0,1482576250.0,1516380000.0,4899252493.0,9.0,6.62,198536000.0,2.445,1.0,2322946000.0,0.523,1272351000.0,86093000.0,4434443000.0,4157601500.0,428330000.0,0.0,0.0,0.0,2859058000.0,446881000.0,2412177000.0,3156370493.0,-2361000.0,-339081000.0,-117127000.0,274529000.0,-42839000.0,138752000.0,-682220000.0,0.0,541107000.0,0.0,268820000.0,268820000.0,268820000.0,0.0,0.0,0.06,1781524000.0,541422000.0,151240000.0,0.16,2.082,11.742,11.96,2337901000.0,0.0,38.99,0.71,0.712,158945000.0,1155378000.0,4443952000.0,4443952000.0,0.0,0.064,0.181,0.127,0.119,19811000.0,1569637000.0,1.0,80953334.0,81207000,82706000.0,54.724,3103087000.0,27415000.0,173268000.0,521135000.0,38.212,286385000.0
30,ARG,MRT,2008-09-30,2008-09-30,2008-09-30,2019-04-19,1662000.0,4345615000.0,4059167750.0,777465000.0,3568150000.0,1.077,18.084,-313439000.0,51324000.0,51324000.0,2100672000.0,262723000.0,1.53,1.914,1794206000.0,18563000.0,1775643000.0,1794206000.0,0.0,205219000.0,0.0,0.009,0.45,515663000.0,720882000.0,0.165,720882000.0,515663000.0,429850000.0,3.18,3.1,3.18,1491378000.0,1446588250.0,1491378000.0,5610843004.0,11.0,7.783,283461000.0,3.437,1.0,2272592000.0,0.52,1241280000.0,85813000.0,4338922000.0,3988555750.0,404621000.0,0.0,0.0,0.0,2854237000.0,508295000.0,2345942000.0,4094635004.0,9211000.0,-333588000.0,-92734000.0,166752000.0,-37119000.0,60638000.0,-648327000.0,0.0,596900000.0,0.0,262723000.0,262723000.0,262723000.0,0.0,0.0,0.06,1743362000.0,529230000.0,204948000.0,0.142,2.746,15.585,15.613,2293157000.0,0.0,49.65,0.936,0.936,224985000.0,1105601000.0,4373264000.0,4373264000.0,0.0,0.065,0.182,0.129,0.118,19351000.0,1538143000.0,1.0,82469990.0,82471000,84706000.0,53.028,3104335000.0,24846000.0,167127000.0,497774000.0,37.642,269170000.0
31,ARG,MRT,2008-06-30,2008-06-30,2008-06-30,2019-04-19,3378000.0,4090504000.0,3922295750.0,682051000.0,3408453000.0,1.076,18.252,-280036000.0,64946000.0,64946000.0,2028206000.0,240511000.0,1.357,1.71,1581154000.0,43458000.0,1537696000.0,1581154000.0,0.0,198807000.0,0.0,0.007,0.42,483081000.0,681888000.0,0.162,681888000.0,483081000.0,394825000.0,2.92,2.84,2.92,1509211000.0,1402876250.0,1509211000.0,6371717516.0,13.0,9.344,287893000.0,3.482,1.0,2190433000.0,0.519,1138813000.0,88256000.0,3965228000.0,3882358250.0,340939000.0,0.0,0.0,0.0,2581293000.0,502671000.0,2078622000.0,4834717516.0,23425000.0,-184325000.0,1740000.0,-70404000.0,-34766000.0,-77629000.0,-466875000.0,0.0,567929000.0,0.0,240511000.0,240511000.0,240511000.0,0.0,0.0,0.057,1690802000.0,499631000.0,180129000.0,0.144,3.203,20.102,19.997,2235256000.0,0.0,58.39,1.146,1.144,194456000.0,1042506000.0,4218639000.0,4218639000.0,0.0,0.061,0.171,0.124,0.115,18712000.0,1491995000.0,1.0,82800437.0,82687000,85017000.0,51.019,2951691000.0,23475000.0,154314000.0,472180000.0,35.697,179380000.0
32,ARG,MRT,2008-03-31,2008-03-31,2008-03-31,2019-04-19,-4713000.0,3987264000.0,3827855250.0,646717000.0,3340547000.0,1.049,17.362,-258033000.0,43048000.0,43048000.0,1929263000.0,223348000.0,1.257,1.821,1580048000.0,40400000.0,1539648000.0,1580048000.0,0.0,189775000.0,0.0,0.009,0.39,457017000.0,646792000.0,0.161,646792000.0,457017000.0,367532000.0,2.74,2.66,2.74,1413336000.0,1324055500.0,1413336000.0,5240500217.0,11.0,8.102,291893000.0,3.586,1.0,2087761000.0,0.52,1118057000.0,89485000.0,3891813000.0,3875107000.0,330732000.0,0.0,0.0,0.0,2573928000.0,514394000.0,2059534000.0,3750577217.0,17117000.0,-480096000.0,3371000.0,208386000.0,-31828000.0,206636000.0,-739445000.0,0.0,549926000.0,0.0,223348000.0,223348000.0,223348000.0,0.0,0.0,0.056,1611937000.0,475824000.0,185111000.0,0.142,2.654,16.793,16.595,2194870000.0,0.0,45.47,0.934,0.921,183569000.0,983663000.0,4017024000.0,4017024000.0,0.0,0.058,0.169,0.118,0.114,16629000.0,1422162000.0,1.0,82484654.0,81402000,84235000.0,49.348,2869207000.0,22258000.0,144184000.0,439782000.0,35.247,132323000.0
33,ARG,MRT,2007-12-31,2007-12-31,2007-12-31,2019-04-19,3364000.0,3813288000.0,3664403500.0,596979000.0,3216309000.0,1.033,16.682,-239220000.0,44532000.0,44532000.0,1823488000.0,202870000.0,1.249,1.778,1534455000.0,40554000.0,1493901000.0,1534455000.0,0.0,179545000.0,0.0,0.007,0.34,419234000.0,598779000.0,0.158,598779000.0,419234000.0,334142000.0,2.52,2.45,2.52,1372428000.0,1252067000.0,1372428000.0,5844213971.0,14.0,9.76,316550000.0,3.848,1.0,1960800000.0,0.518,1066932000.0,85092000.0,3758260000.0,3735775750.0,337302000.0,0.0,0.0,0.0,2440860000.0,478019000.0,1962841000.0,4286357971.0,14649000.0,-925546000.0,17405000.0,611614000.0,-27482000.0,625450000.0,-1166571000.0,0.0,555770000.0,0.0,202870000.0,202870000.0,202870000.0,0.0,0.0,0.054,1522846000.0,437954000.0,170086000.0,0.135,3.123,21.129,20.679,2118060000.0,0.0,52.11,1.133,1.133,138762000.0,929398000.0,3784288000.0,3784288000.0,0.0,0.055,0.162,0.112,0.111,18678000.0,1343301000.0,1.0,82255958.0,82270000,84605000.0,45.998,2746356000.0,20957000.0,131272000.0,402065000.0,33.382,118960000.0
34,ARG,MRT,2007-09-30,2007-09-30,2007-09-30,2019-04-19,8196000.0,3798127000.0,3399560250.0,658614000.0,3139513000.0,1.048,16.076,-236509000.0,42113000.0,42113000.0,1721168000.0,178547000.0,1.386,1.885,1599969000.0,40157000.0,1559812000.0,1599969000.0,0.0,169296000.0,0.0,0.006,0.32,374529000.0,543825000.0,0.153,543825000.0,374529000.0,297681000.0,2.25,2.18,2.25,1316530000.0,1178662000.0,1316530000.0,5824960252.0,16.0,10.711,190698000.0,2.329,1.0,1842482000.0,0.517,966618000.0,76848000.0,3914132000.0,3436795500.0,310547000.0,0.0,0.0,0.0,2481597000.0,475233000.0,2006364000.0,4226704252.0,10334000.0,-929938000.0,20765000.0,731492000.0,-25571000.0,751433000.0,-1168306000.0,0.0,427207000.0,0.0,178547000.0,178547000.0,178547000.0,0.0,0.0,0.05,1437528000.0,404954000.0,160391000.0,0.142,3.21,23.673,22.947,2142916000.0,0.0,51.63,1.186,1.187,233053000.0,879998000.0,3563650000.0,3563650000.0,0.0,0.053,0.151,0.109,0.105,18942000.0,1268232000.0,1.0,81865277.0,81896000,84209000.0,43.514,2831509000.0,19924000.0,119134000.0,386934000.0,34.574,183381000.0
35,ARG,MRT,2007-06-30,2007-06-30,2007-06-30,2019-04-19,7729000.0,3712742000.0,3116131750.0,639619000.0,3073123000.0,1.074,15.112,-228380000.0,41521000.0,41521000.0,1621991000.0,167485000.0,1.455,2.11,1639777000.0,41773000.0,1598004000.0,1639777000.0,0.0,156881000.0,0.0,0.006,0.3,345731000.0,502612000.0,0.15,502612000.0,345731000.0,278719000.0,2.14,2.07,2.14,1193928000.0,1108714500.0,1193928000.0,5110750099.0,15.0,10.168,168397000.0,2.131,1.0,1725123000.0,0.515,935272000.0,67012000.0,3936223000.0,3020830250.0,296318000.0,0.0,0.0,0.0,2518814000.0,439503000.0,2079311000.0,3786666099.0,8403000.0,-1001529000.0,17253000.0,831192000.0,-23649000.0,842821000.0,-1231195000.0,0.0,396777000.0,0.0,167485000.0,167485000.0,167485000.0,0.0,0.0,0.05,1351295000.0,373828000.0,162894000.0,0.14,3.172,22.609,22.383,2109851000.0,0.0,47.9,1.131,1.131,235327000.0,836762000.0,3347114000.0,3347114000.0,0.0,0.054,0.151,0.114,0.103,18583000.0,1194414000.0,1.0,79053572.0,79004000,83630000.0,42.366,2777470000.0,18901000.0,111234000.0,378266000.0,35.156,200116000.0
36,ARG,MRT,2007-03-31,2007-03-31,2007-03-31,2019-04-19,4183000.0,3333457000.0,2820956250.0,549499000.0,2783958000.0,1.136,14.423,-229589000.0,25931000.0,25931000.0,1567232000.0,154416000.0,1.284,1.962,1350015000.0,40296000.0,1309719000.0,1350015000.0,0.0,147343000.0,0.0,0.007,0.28,314479000.0,461822000.0,0.144,461822000.0,314479000.0,254299000.0,1.98,1.92,1.98,1125382000.0,1058311750.0,1125382000.0,4171105285.0,13.0,9.032,96754000.0,1.24,1.0,1637819000.0,0.511,895097000.0,60180000.0,3334488000.0,2599086500.0,250308000.0,0.0,0.0,0.0,2208075000.0,427956000.0,1780119000.0,3311205285.0,-9054000.0,-687892000.0,15107000.0,576415000.0,-21980000.0,582558000.0,-917955000.0,0.0,326343000.0,0.0,154416000.0,154416000.0,154416000.0,0.0,0.0,0.048,1296322000.0,341497000.0,146385000.0,0.141,2.942,21.443,21.288,1865418000.0,0.0,42.15,1.033,1.026,193664000.0,792433000.0,3205051000.0,3205051000.0,0.0,0.055,0.146,0.121,0.098,15445000.0,1148979000.0,1.0,78557658.0,78025000,82566000.0,41.077,2438360000.0,31004000.0,99883000.0,373246000.0,31.251,121543000.0
37,ARG,MRT,2006-12-31,2006-12-31,2006-12-31,2019-04-19,4127000.0,2753915000.0,2606195000.0,510252000.0,2243663000.0,1.189,13.806,-227532000.0,29883000.0,29883000.0,1521663000.0,144140000.0,1.359,1.553,889783000.0,34988000.0,854795000.0,889783000.0,0.0,142020000.0,0.0,0.007,0.27,293766000.0,435786000.0,0.141,435786000.0,293766000.0,237412000.0,1.86,1.8,1.86,1078808000.0,1013756000.0,1078808000.0,3983701158.0,14.0,9.141,84434000.0,1.081,1.0,1576423000.0,0.509,675879000.0,56354000.0,2562339000.0,2300234000.0,254378000.0,0.0,0.0,0.0,1675107000.0,375597000.0,1299510000.0,3160834158.0,-12119000.0,-210701000.0,11044000.0,105788000.0,-21008000.0,114287000.0,-438372000.0,0.0,311966000.0,0.0,144140000.0,144140000.0,144140000.0,0.0,0.0,0.047,1254182000.0,322241000.0,134260000.0,0.145,2.93,21.929,21.785,1539866000.0,0.0,40.52,1.02,1.022,158824000.0,759460000.0,3098086000.0,3098086000.0,0.0,0.055,0.142,0.128,0.095,2157000.0,1112162000.0,1.0,78006766.0,78138000,83063000.0,39.649,2078036000.0,23640000.0,93272000.0,350444000.0,26.594,134655000.0
38,ARG,MRT,2006-09-30,2006-09-30,2006-09-30,2019-04-19,5396000.0,2664413000.0,2521078250.0,496331000.0,2168082000.0,1.195,13.324,-215227000.0,31779000.0,31779000.0,1488854000.0,142482000.0,0.837,1.57,854646000.0,257096000.0,597550000.0,854646000.0,0.0,136757000.0,0.0,0.007,0.26,288214000.0,424971000.0,0.141,424971000.0,288214000.0,233268000.0,1.84,1.79,1.84,1036740000.0,972479250.0,1036740000.0,3562785898.0,12.0,8.384,115129000.0,1.48,1.0,1524232000.0,0.506,643952000.0,54946000.0,2250271000.0,2201005250.0,242919000.0,0.0,0.0,0.0,1627673000.0,593057000.0,1034616000.0,2814068898.0,-1250000.0,-162430000.0,2243000.0,52684000.0,-20043000.0,46043000.0,-377649000.0,0.0,330356000.0,0.0,142482000.0,142482000.0,142482000.0,1877000.0,0.0,0.047,1218332000.0,305900000.0,138108000.0,0.141,2.714,19.75,19.658,1495641000.0,0.0,36.17,0.934,0.934,162714000.0,732473000.0,3013086000.0,3013086000.0,0.0,0.057,0.147,0.131,0.096,1492000.0,1081575000.0,1.0,77801186.0,77811000,82629000.0,38.723,2020461000.0,24290000.0,90786000.0,344609000.0,25.966,-96726000.0
39,ARG,MRT,2006-06-30,2006-06-30,2006-06-30,2019-04-19,6317000.0,2532040000.0,2457496750.0,480953000.0,2051087000.0,1.19,12.795,-215312000.0,33118000.0,33118000.0,1450334000.0,132557000.0,1.11,1.552,781835000.0,106010000.0,675825000.0,781835000.0,0.0,132067000.0,0.0,0.007,0.25,268575000.0,400642000.0,0.137,400642000.0,268575000.0,215030000.0,1.72,1.68,1.72,992317000.0,934810500.0,992317000.0,3624981612.0,13.0,9.048,94416000.0,1.217,1.0,1474187000.0,0.504,598346000.0,53545000.0,2249248000.0,2181140500.0,234603000.0,0.0,0.0,0.0,1539723000.0,433163000.0,1106560000.0,2892339612.0,-2181000.0,-69830000.0,6348000.0,-24639000.0,-19251000.0,-27031000.0,-284878000.0,0.0,309728000.0,0.0,132557000.0,132557000.0,132557000.0,1604000.0,0.0,0.045,1189527000.0,284660000.0,128669000.0,0.145,2.915,21.82,21.657,1428337000.0,0.0,37.25,0.989,0.988,159696000.0,698377000.0,2924521000.0,2924521000.0,0.0,0.054,0.142,0.123,0.092,238000.0,1057460000.0,1.0,77646701.0,77557000,82436000.0,37.708,1933694000.0,24411000.0,82473000.0,338150000.0,24.933,47790000.0
40,ARG,MRT,2006-03-31,2006-03-31,2006-03-31,2019-04-19,4751000.0,2474412000.0,2418714250.0,458516000.0,2015896000.0,1.17,12.361,-200401000.0,34985000.0,34985000.0,1401978000.0,123551000.0,0.964,1.612,767627000.0,131901000.0,635726000.0,767627000.0,0.0,127542000.0,0.0,0.006,0.24,255229000.0,382771000.0,0.135,382771000.0,255229000.0,201417000.0,1.61,1.57,1.61,947159000.0,898818500.0,947159000.0,3765252351.0,15.0,9.837,145644000.0,1.901,1.0,1427632000.0,0.505,592322000.0,53812000.0,2139078000.0,2187121500.0,229523000.0,0.0,0.0,0.0,1527253000.0,475654000.0,1051599000.0,3025054351.0,2345000.0,-138866000.0,6936000.0,-21968000.0,-18449000.0,-4603000.0,-339097000.0,0.0,346045000.0,0.0,123551000.0,123551000.0,123551000.0,1424000.0,0.0,0.044,1158874000.0,268758000.0,143752000.0,0.149,3.194,24.484,24.28,1398757000.0,0.0,39.09,1.069,1.059,132245000.0,665158000.0,2829610000.0,2829610000.0,0.0,0.051,0.137,0.117,0.09,0.0,1031332000.0,1.0,77386911.0,76624000,81152000.0,36.929,1882090000.0,30141000.0,77866000.0,327818000.0,24.563,-17138000.0
41,ARG,MRT,2005-12-31,2005-12-31,2005-12-31,2019-04-19,4568000.0,2413448000.0,2373077000.0,479670000.0,1933778000.0,1.149,11.861,-204922000.0,42002000.0,42002000.0,1344408000.0,114250000.0,1.123,1.641,782200000.0,111371000.0,670829000.0,782200000.0,0.0,124924000.0,0.0,0.007,0.225,237787000.0,362711000.0,0.133,362711000.0,237787000.0,183970000.0,1.5,1.47,1.5,913701000.0,865571750.0,913701000.0,3304607306.0,14.0,9.111,118335000.0,1.536,1.0,1382672000.0,0.507,561279000.0,53817000.0,2165424000.0,2204055750.0,230918000.0,0.0,0.0,0.0,1499747000.0,426943000.0,1072804000.0,2533899306.0,19907000.0,-75831000.0,13505000.0,-49220000.0,-17268000.0,-23056000.0,-280294000.0,0.0,323257000.0,0.0,114250000.0,114250000.0,114250000.0,1164000.0,0.0,0.042,1135205000.0,247467000.0,112837000.0,0.15,2.773,22.179,21.933,1349389000.0,0.0,32.9,0.929,0.929,140336000.0,636329000.0,2727080000.0,2727080000.0,0.0,0.048,0.132,0.108,0.087,524000.0,1010281000.0,1.0,77018216.0,77037000,81575000.0,35.4,1852169000.0,30259000.0,69720000.0,322509000.0,24.043,52727000.0
42,ARG,MRT,2005-09-30,2005-09-30,2005-09-30,2019-04-19,4300000.0,2410087000.0,2327632250.0,491526000.0,1918561000.0,1.128,11.562,-202409000.0,33029000.0,33029000.0,1288598000.0,106398000.0,1.09,1.72,803737000.0,112128000.0,691609000.0,803737000.0,0.0,120254000.0,0.0,0.007,0.21,223387000.0,343641000.0,0.131,343641000.0,223387000.0,169468000.0,1.41,1.38,1.41,886065000.0,832338750.0,886065000.0,3053216558.0,14.0,8.885,47719000.0,0.623,1.0,1337163000.0,0.509,559191000.0,53919000.0,2170812000.0,2237370500.0,241364000.0,0.0,0.0,0.0,1524022000.0,450792000.0,1073230000.0,2268679558.0,2474000.0,-87024000.0,20197000.0,7073000.0,-16162000.0,41294000.0,-288948000.0,0.0,250128000.0,0.0,106398000.0,106398000.0,106398000.0,-757000.0,0.0,0.041,1107653000.0,229510000.0,129681000.0,0.149,2.56,21.323,21.014,1334060000.0,0.0,29.63,0.864,0.865,160202000.0,610035000.0,2625761000.0,2625761000.0,0.0,0.046,0.128,0.1,0.085,328000.0,987168000.0,1.0,76566978.0,76637000,81055000.0,34.262,1850896000.0,24072000.0,63070000.0,300977000.0,24.151,40734000.0
43,ARG,MRT,2005-06-30,2005-06-30,2005-06-30,2019-04-19,2430000.0,2376910000.0,2266314250.0,481109000.0,1895801000.0,1.113,11.126,-183190000.0,35299000.0,35299000.0,1233822000.0,99553000.0,1.453,1.802,819836000.0,6886000.0,812950000.0,819836000.0,0.0,116125000.0,0.0,0.008,0.195,211850000.0,327975000.0,0.13,327975000.0,211850000.0,158516000.0,1.32,1.3,1.32,848349000.0,789966500.0,848349000.0,2653424560.0,13.0,8.09,77191000.0,1.012,1.0,1289540000.0,0.511,557075000.0,53334000.0,2273172000.0,2246399250.0,231256000.0,0.0,0.0,0.0,1528561000.0,331200000.0,1197361000.0,1877481560.0,5775000.0,-264142000.0,16925000.0,159675000.0,-14905000.0,192141000.0,-446747000.0,0.0,260381000.0,0.0,99553000.0,99553000.0,99553000.0,-484000.0,0.0,0.039,1072101000.0,217439000.0,129793000.0,0.148,2.213,18.859,18.689,1312856000.0,0.0,24.67,0.744,0.745,150454000.0,585072000.0,2523362000.0,2523362000.0,0.0,0.044,0.126,0.094,0.084,187000.0,955745000.0,1.0,76103833.0,76252000,77951000.0,33.092,1819835000.0,35455000.0,58963000.0,302956000.0,23.866,149909000.0
44,ARG,MRT,2005-03-31,2005-03-31,2005-03-31,2019-04-19,2609000.0,2291863000.0,2156090500.0,466257000.0,1825606000.0,1.098,10.869,-162616000.0,32640000.0,32640000.0,1151782000.0,92022000.0,1.399,1.815,808583000.0,6948000.0,801635000.0,808583000.0,0.0,111078000.0,0.0,0.008,0.18,197528000.0,308606000.0,0.13,308606000.0,197528000.0,146283000.0,1.23,1.2,1.23,814172000.0,750267500.0,814172000.0,2648319832.0,13.0,8.582,49794000.0,0.665,1.0,1216000000.0,0.514,527703000.0,51245000.0,2206815000.0,2141300500.0,221609000.0,0.0,0.0,0.0,1477691000.0,333288000.0,1144403000.0,1800485832.0,7578000.0,-190992000.0,20374000.0,132358000.0,-13643000.0,148605000.0,-353437000.0,0.0,212410000.0,0.0,92022000.0,92022000.0,92022000.0,-464000.0,0.0,0.039,1013546000.0,202454000.0,143208000.0,0.146,2.211,19.566,19.423,1269342000.0,0.0,23.89,0.76,0.756,148834000.0,560056000.0,2367782000.0,2367782000.0,0.0,0.043,0.123,0.092,0.083,0.0,902468000.0,1.0,75365669.0,74911000,76957000.0,31.608,1764160000.0,26263000.0,54261000.0,282186000.0,23.55,132969000.0
45,ARG,MRT,2004-12-31,2004-12-31,2004-12-31,2019-04-19,1600000.0,2231669000.0,2073276250.0,417878000.0,1813791000.0,1.074,10.389,-138281000.0,0.0,0.0,1076841000.0,89526000.0,1.701,1.858,847834000.0,6373000.0,841461000.0,847834000.0,0.0,104579000.0,0.0,0.007,0.175,192971000.0,297550000.0,0.134,297550000.0,192971000.0,143644000.0,1.2,1.17,1.2,780769000.0,719699750.0,780769000.0,2801532106.0,15.0,9.415,73544000.0,0.979,1.0,1150030000.0,0.516,535136000.0,49327000.0,2298683000.0,2047824500.0,228052000.0,0.0,0.0,0.0,1450900000.0,245684000.0,1205216000.0,1988408106.0,675000.0,-227816000.0,17970000.0,153642000.0,-13175000.0,153892000.0,-365042000.0,0.0,211825000.0,0.0,89526000.0,89526000.0,89526000.0,413000.0,0.0,0.04,952838000.0,197192000.0,99184000.0,0.146,2.547,22.21,22.092,1243182000.0,0.0,26.51,0.893,0.895,123813000.0,539348000.0,2226871000.0,2226871000.0,0.0,0.043,0.124,0.094,0.087,9528000.0,848804000.0,1.0,75005964.0,75150000,77361000.0,29.632,1696533000.0,27837000.0,54118000.0,274429000.0,22.575,172194000.0
46,ARG,MRT,2004-09-30,2004-09-30,2004-09-30,2019-04-19,-180000.0,2164815000.0,1987054250.0,391048000.0,1773767000.0,1.046,9.593,-112826000.0,0.0,0.0,1000908000.0,87444000.0,1.599,1.971,813124000.0,6022000.0,807102000.0,813124000.0,0.0,98216000.0,0.0,0.007,0.17,185796000.0,284012000.0,0.137,284012000.0,185796000.0,139646000.0,1.18,1.15,1.18,716576000.0,682303250.0,716576000.0,2464441830.0,13.0,8.677,129665000.0,1.736,1.0,1076744000.0,0.518,526518000.0,46150000.0,2206927000.0,1944901750.0,211265000.0,0.0,0.0,0.0,1412048000.0,244494000.0,1167554000.0,1795348830.0,9135000.0,-207901000.0,17164000.0,87122000.0,-12706000.0,87487000.0,-320843000.0,0.0,242491000.0,0.0,87444000.0,87444000.0,87444000.0,457000.0,0.0,0.042,890297000.0,186447000.0,112683000.0,0.144,2.505,20.531,20.398,1208429000.0,0.0,24.07,0.864,0.865,121835000.0,519799000.0,2077652000.0,2077652000.0,0.0,0.044,0.128,0.096,0.089,7217000.0,792857000.0,1.0,74588651.0,74700000,76600000.0,27.813,1638297000.0,27884000.0,52202000.0,270585000.0,21.932,146554000.0
47,ARG,MRT,2004-06-30,2004-06-30,2004-06-30,2019-04-19,-1726000.0,1936015000.0,1883389250.0,334842000.0,1601173000.0,1.029,9.293,-94381000.0,0.0,0.0,928188000.0,83780000.0,1.464,1.755,669093000.0,6130000.0,662963000.0,669093000.0,0.0,92007000.0,0.0,0.007,0.165,177454000.0,269461000.0,0.139,269461000.0,177454000.0,133677000.0,1.14,1.11,1.14,689553000.0,664577250.0,689553000.0,2462873948.0,14.0,9.14,129112000.0,1.74,1.0,1010133000.0,0.521,523660000.0,43777000.0,1852777000.0,1841505750.0,187671000.0,5932000.0,0.0,5932000.0,1210271000.0,228671000.0,981600000.0,1774035948.0,8104000.0,-28555000.0,16163000.0,-92865000.0,-12245000.0,-92588000.0,-122801000.0,0.0,223493000.0,0.0,83780000.0,83780000.0,83780000.0,457000.0,0.0,0.043,833877000.0,176256000.0,102034000.0,0.145,2.573,21.175,20.974,1037840000.0,0.0,23.91,0.915,0.915,100810000.0,500424000.0,1938321000.0,1938321000.0,0.0,0.044,0.126,0.096,0.092,6952000.0,742646000.0,1.0,74196401.0,74200000,76200000.0,26.123,1412355000.0,23022000.0,49897000.0,263860000.0,19.034,106171000.0
48,ARG,MRT,2004-03-31,2004-03-31,2004-03-31,2019-04-19,-2566000.0,1960606000.0,1830515500.0,356357000.0,1604249000.0,1.014,9.509,-88402000.0,25062000.0,25062000.0,883100000.0,80192000.0,1.332,1.834,688838000.0,6140000.0,682698000.0,688838000.0,0.0,87447000.0,0.0,0.008,0.16,170208000.0,257655000.0,0.139,257655000.0,170208000.0,127851000.0,1.1,1.07,1.1,691901000.0,648200000.0,691901000.0,2272903143.0,13.0,8.821,122277000.0,1.681,1.0,972260000.0,0.524,523940000.0,42357000.0,1832911000.0,1815157750.0,170300000.0,0.0,0.0,0.0,1268705000.0,267531000.0,1001174000.0,1560665143.0,3642000.0,-34183000.0,13130000.0,-81223000.0,-11801000.0,-83083000.0,-123954000.0,0.0,210679000.0,0.0,80192000.0,80192000.0,80192000.0,457000.0,0.0,0.043,803716000.0,168544000.0,114303000.0,0.145,2.256,19.462,19.364,1033926000.0,0.0,21.3,0.841,0.835,107013000.0,481677000.0,1855360000.0,1855360000.0,0.0,0.044,0.124,0.094,0.092,6889000.0,717045000.0,1.0,73270664.0,72761000,74672000.0,25.499,1436666000.0,25519000.0,47659000.0,253529000.0,19.745,88826000.0
49,ARG,MRT,2003-12-31,2003-12-31,2003-12-31,2019-04-19,-2612000.0,1886781000.0,1765424750.0,316029000.0,1570752000.0,1.029,8.646,-74301000.0,0.0,0.0,864850000.0,76697000.0,1.589,1.933,712238000.0,6331000.0,705907000.0,712238000.0,0.0,82685000.0,0.0,0.006,0.12,162808000.0,245493000.0,0.135,245493000.0,162808000.0,121569000.0,1.07,1.04,1.07,631183000.0,624458000.0,631183000.0,2272180428.0,14.0,9.256,97721000.0,1.339,1.0,951431000.0,0.524,513160000.0,41239000.0,1886992000.0,1780446500.0,170516000.0,6555000.0,0.0,6555000.0,1219915000.0,198867000.0,1021048000.0,1587583428.0,-3074000.0,-24682000.0,13894000.0,-78588000.0,-8821000.0,-73515000.0,-101581000.0,0.0,172022000.0,0.0,76697000.0,76697000.0,76697000.0,0.0,0.0,0.042,790565000.0,160866000.0,72480000.0,0.112,2.515,20.699,20.075,1016008000.0,0.0,21.48,0.874,0.863,86562000.0,462997000.0,1816281000.0,1816281000.0,0.0,0.043,0.123,0.091,0.09,6844000.0,707880000.0,1.0,73909843.0,73000000,74900000.0,24.881,1373621000.0,21364000.0,44872000.0,260783000.0,18.817,117162000.0
50,ARG,MRT,2003-09-30,2003-09-30,2003-09-30,2019-04-19,-2055000.0,1750155000.0,1714676750.0,287928000.0,1462227000.0,1.05,8.894,-71204000.0,0.0,0.0,855457000.0,72502000.0,1.571,1.711,684597000.0,580000.0,684017000.0,684597000.0,0.0,81797000.0,0.0,0.004,0.08,158109000.0,239906000.0,0.133,239906000.0,158109000.0,116165000.0,1.02,0.99,1.02,645672000.0,609220500.0,645672000.0,1975862169.0,12.0,8.236,111448000.0,1.535,1.0,944294000.0,0.525,458100000.0,41944000.0,1793343000.0,1743743500.0,158663000.0,66906000.0,0.0,66906000.0,1104483000.0,183309000.0,921174000.0,1306039169.0,-3074000.0,-28711000.0,12202000.0,-89866000.0,-5866000.0,-83530000.0,-102196000.0,0.0,182652000.0,0.0,72502000.0,72502000.0,72502000.0,0.0,0.0,0.04,785625000.0,158669000.0,78008000.0,0.078,2.023,18.014,17.451,901265000.0,0.0,17.8,0.726,0.718,82009000.0,445061000.0,1799751000.0,1799751000.0,0.0,0.042,0.119,0.091,0.088,8833000.0,703828000.0,1.0,73372987.0,72600000,74400000.0,24.79,1292055000.0,18058000.0,43663000.0,221359000.0,17.797,104619000.0
51,ARG,MRT,2003-06-30,2003-06-30,2003-06-30,2019-04-19,-2530000.0,1724520000.0,1700956500.0,284219000.0,1440301000.0,1.053,8.679,-70361000.0,0.0,0.0,849183000.0,72589000.0,1.529,1.763,669823000.0,609000.0,669214000.0,669823000.0,0.0,80447000.0,0.0,0.002,0.04,159830000.0,240277000.0,0.134,240277000.0,159830000.0,116141000.0,1.03,1.0,1.03,624044000.0,585397500.0,624044000.0,1884488807.0,12.0,7.843,125910000.0,1.751,1.0,941169000.0,0.526,461119000.0,43689000.0,1747385000.0,1738141000.0,157968000.0,66104000.0,0.0,66104000.0,1100476000.0,185839000.0,914637000.0,1224228807.0,-3074000.0,-27943000.0,11319000.0,-104915000.0,-2925000.0,-96521000.0,-102824000.0,0.0,196271000.0,0.0,72589000.0,72589000.0,72589000.0,0.0,0.0,0.041,780837000.0,160332000.0,77321000.0,0.039,1.962,16.865,16.262,871935000.0,0.0,16.75,0.684,0.673,78787000.0,428889000.0,1790352000.0,1790352000.0,0.0,0.043,0.124,0.092,0.089,8988000.0,700390000.0,1.0,73088287.0,71900000,73900000.0,24.901,1263401000.0,18058000.0,43552000.0,215213000.0,17.572,98380000.0
52,ARG,MRT,2003-03-31,2003-03-31,2003-03-31,2019-04-19,-3302000.0,1700243000.0,1694695250.0,270582000.0,1429661000.0,1.054,8.467,-63709000.0,0.0,0.0,850316000.0,68105000.0,1.295,1.848,660260000.0,2229000.0,658031000.0,660260000.0,0.0,79844000.0,0.0,0.0,0.0,155679000.0,235523000.0,0.132,235523000.0,155679000.0,109304000.0,0.97,0.94,0.97,596933000.0,561373250.0,596933000.0,2028905000.0,13.0,8.614,132254000.0,1.876,1.0,936648000.0,0.524,457541000.0,46375000.0,1694066000.0,1763870250.0,151405000.0,65957000.0,0.0,65957000.0,1103310000.0,208896000.0,894414000.0,1332719000.0,-3074000.0,-23106000.0,9847000.0,-120350000.0,0.0,-110503000.0,-88534000.0,0.0,195963000.0,0.0,68105000.0,68105000.0,68105000.0,0.0,0.0,0.038,780766000.0,155882000.0,85375000.0,0.0,2.233,19.569,19.082,869492000.0,0.0,18.51,0.746,0.73,71346000.0,413286000.0,1786964000.0,1786964000.0,0.0,0.04,0.121,0.088,0.087,8951000.0,698228000.0,1.0,71999946.0,70500000,72300000.0,25.347,1242702000.0,17688000.0,41199000.0,209140000.0,17.627,61686000.0
53,ARG,MRT,2002-12-31,2002-12-31,2002-12-31,2019-04-19,-4062000.0,1683789000.0,1698898750.0,263253000.0,1420536000.0,1.036,8.077,-63261000.0,0.0,0.0,845240000.0,58676000.0,1.382,1.953,696186000.0,2377000.0,693809000.0,696186000.0,0.0,79871000.0,0.0,0.0,0.0,142572000.0,222443000.0,0.126,222443000.0,142572000.0,94644000.0,0.84,0.83,0.84,570233000.0,537911500.0,570233000.0,1956447670.0,14.0,8.795,148360000.0,2.101,1.0,914777000.0,0.52,449267000.0,47928000.0,1740180000.0,1797863750.0,146133000.0,65605000.0,0.0,65605000.0,1113556000.0,190528000.0,923028000.0,1234439670.0,0.0,-250584000.0,10962000.0,92221000.0,0.0,99475000.0,-311096000.0,0.0,211621000.0,0.0,58676000.0,58676000.0,58676000.0,0.0,0.0,0.033,771837000.0,142940000.0,77745000.0,0.0,2.165,21.038,20.536,865899000.0,0.0,17.25,0.701,0.692,72738000.0,395121000.0,1760017000.0,1760017000.0,0.0,0.035,0.109,0.079,0.081,8625000.0,689272000.0,1.0,71561720.0,70600000,72300000.0,24.929,1234522000.0,13583000.0,35968000.0,199043000.0,17.486,72725000.0
54,ARG,MRT,2002-09-30,2002-09-30,2002-09-30,2019-04-19,-3431000.0,1695274000.0,1639457500.0,273831000.0,1421443000.0,1.047,7.818,-60450000.0,0.0,0.0,834823000.0,53825000.0,1.349,2.08,722008000.0,2671000.0,719337000.0,722008000.0,0.0,77152000.0,0.0,0.0,0.0,137641000.0,214793000.0,0.125,214793000.0,137641000.0,88230000.0,0.77,0.77,0.77,550380000.0,516292750.0,550380000.0,1704676084.0,12.0,7.936,135329000.0,1.922,1.0,882288000.0,0.514,443425000.0,49411000.0,1770933000.0,1719606750.0,145580000.0,65590000.0,0.0,65590000.0,1144894000.0,202924000.0,941970000.0,935702084.0,0.0,-246548000.0,10701000.0,100296000.0,0.0,107289000.0,-303068000.0,0.0,195779000.0,0.0,53825000.0,53825000.0,53825000.0,0.0,0.0,0.031,746244000.0,136044000.0,83449000.0,0.0,1.7,17.384,17.052,871889000.0,0.0,13.13,0.545,0.538,85777000.0,378425000.0,1717111000.0,1717111000.0,0.0,0.033,0.104,0.08,0.08,8406000.0,666398000.0,1.0,71264439.0,70400000,71900000.0,24.391,1251849000.0,13583000.0,34405000.0,195678000.0,17.782,70907000.0
55,ARG,MRT,2002-06-30,2002-06-30,2002-06-30,2019-04-19,-3525000.0,1699475000.0,1583292250.0,285302000.0,1414173000.0,1.06,7.553,-51724000.0,0.0,0.0,828796000.0,49178000.0,1.545,2.219,768974000.0,1327000.0,767647000.0,768974000.0,0.0,75195000.0,0.0,0.0,0.0,129560000.0,204755000.0,0.122,204755000.0,129560000.0,80339000.0,0.71,0.71,0.71,527947000.0,495648750.0,527947000.0,1994458953.0,15.0,9.741,113974000.0,1.631,1.0,849244000.0,0.506,433431000.0,49221000.0,1850302000.0,1645806750.0,151972000.0,65303000.0,0.0,65303000.0,1171528000.0,184716000.0,986812000.0,1227878953.0,0.0,-246048000.0,10947000.0,129482000.0,0.0,127968000.0,-293666000.0,0.0,165698000.0,0.0,49178000.0,49178000.0,49178000.0,0.0,0.0,0.029,720785000.0,128459000.0,74995000.0,0.0,2.326,24.968,24.366,885240000.0,0.0,17.3,0.732,0.721,92060000.0,359225000.0,1678040000.0,1678040000.0,0.0,0.031,0.099,0.079,0.077,8034000.0,642896000.0,1.0,70975662.0,69900000,72000000.0,24.006,1266044000.0,13210000.0,31161000.0,187275000.0,18.112,100586000.0
56,ARG,MRT,2002-03-31,2002-03-31,2002-03-31,2019-04-19,-4401000.0,1717057000.0,1539242000.0,303543000.0,1413514000.0,1.063,7.387,-55081000.0,0.0,0.0,818753000.0,-10415000.0,1.371,2.413,766580000.0,2456000.0,764124000.0,766580000.0,0.0,72945000.0,0.0,0.0,0.0,66404000.0,139349000.0,0.085,139349000.0,66404000.0,19391000.0,-0.15,-0.15,-0.15,503086000.0,491168000.0,503086000.0,1982199872.0,30.0,14.225,194300000.0,2.853,1.0,817294000.0,0.5,432266000.0,47013000.0,1830040000.0,1546276750.0,154045000.0,64626000.0,0.0,64626000.0,1213971000.0,221331000.0,992640000.0,1402290872.0,0.0,-244773000.0,7442000.0,50339000.0,0.0,45320000.0,-294701000.0,0.0,249381000.0,0.0,-10415000.0,-10415000.0,-10415000.0,0.0,0.0,-0.006,692261000.0,125033000.0,82485000.0,0.0,2.787,-134.641,-134.0,893015000.0,0.0,20.1,0.857,0.837,88634000.0,345181000.0,1636047000.0,1636047000.0,0.0,-0.007,-0.021,0.043,0.041,7369000.0,619316000.0,1.0,69765715.0,68100000,69900000.0,24.024,1284791000.0,13210000.0,29806000.0,198173000.0,18.866,82212000.0
57,ARG,MRT,2001-12-31,2001-12-31,2001-12-31,2019-04-19,-5656000.0,1446024000.0,1505300250.0,251318000.0,1194706000.0,1.086,7.083,-55836000.0,0.0,0.0,830213000.0,-17823000.0,1.316,1.989,579909000.0,7793000.0,572116000.0,579909000.0,0.0,74577000.0,0.0,0.0,0.0,56277000.0,130854000.0,0.08,130854000.0,56277000.0,8527000.0,-0.28,-0.27,-0.28,483758000.0,489608750.0,483758000.0,1658069154.0,29.0,12.671,160167000.0,2.345,1.0,804713000.0,0.492,407870000.0,47750000.0,1427152000.0,1470021500.0,154534000.0,64028000.0,0.0,64028000.0,962266000.0,190911000.0,771355000.0,1046935154.0,,42892000.0,2974000.0,-200574000.0,0.0,-206353000.0,-9650000.0,0.0,216003000.0,,-17823000.0,-17823000.0,-17823000.0,0.0,0.0,-0.011,688278000.0,116435000.0,60560000.0,0.0,2.164,-58.741,-54.0,697387000.0,0.0,15.12,0.64,0.632,62818000.0,336445000.0,1634926000.0,1634926000.0,0.0,-0.012,-0.036,0.038,0.034,6899000.0,610058000.0,1.0,69241743.0,68300000,70300000.0,23.937,1038154000.0,10394000.0,26350000.0,169029000.0,15.2,60407000.0
58,ARG,MRT,2001-09-30,2001-09-30,2001-09-30,2019-04-19,-6390000.0,1470613000.0,1552813750.0,261042000.0,1209571000.0,1.055,6.89,-59597000.0,0.0,0.0,839200000.0,-22992000.0,1.356,2.144,611134000.0,8023000.0,603111000.0,611134000.0,0.0,77496000.0,0.0,0.0,0.0,50442000.0,127938000.0,0.078,127938000.0,50442000.0,-457000.0,-0.35,-0.34,-0.35,467804000.0,492127750.0,467804000.0,1531004658.0,30.0,11.967,224231000.0,3.302,1.0,798263000.0,0.487,413492000.0,50899000.0,1475733000.0,1542417250.0,148766000.0,64067000.0,0.0,64067000.0,1002809000.0,192522000.0,810287000.0,912804658.0,,44297000.0,2362000.0,-265037000.0,0.0,-271428000.0,-12400000.0,0.0,283828000.0,,-22992000.0,-22992000.0,-22992000.0,0.0,0.0,-0.014,686780000.0,111483000.0,70441000.0,0.0,1.951,-39.701,-37.914,702283000.0,0.0,13.27,0.557,0.55,82949000.0,324600000.0,1637463000.0,1637463000.0,0.0,-0.015,-0.047,0.033,0.031,6295000.0,605641000.0,1.0,68787088.0,67900000,69500000.0,24.116,1057121000.0,10394000.0,22535000.0,164422000.0,15.569,68520000.0
59,ARG,MRT,2001-06-30,2001-06-30,2001-06-30,2019-04-19,-4872000.0,1523274000.0,1616257250.0,268675000.0,1254599000.0,1.012,7.567,-65252000.0,0.0,0.0,844227000.0,-27142000.0,1.214,1.987,618200000.0,18628000.0,599572000.0,618200000.0,0.0,81959000.0,0.0,0.0,0.0,49701000.0,131660000.0,0.08,131660000.0,49701000.0,-5654000.0,-0.4,-0.39,-0.4,510024000.0,496522250.0,510024000.0,1507800158.0,30.0,11.452,220636000.0,3.274,1.0,791351000.0,0.484,468066000.0,55355000.0,1452182000.0,1648425500.0,157970000.0,63449000.0,0.0,63449000.0,1013250000.0,221226000.0,792024000.0,814191158.0,,47980000.0,1754000.0,-275815000.0,0.0,-274061000.0,-11827000.0,0.0,285888000.0,,-27142000.0,-27142000.0,-27142000.0,0.0,0.0,-0.017,681661000.0,109690000.0,77569000.0,0.0,1.596,-29.997,-29.75,703555000.0,0.0,11.9,0.498,0.49,81437000.0,369047000.0,1635578000.0,1635578000.0,0.0,-0.017,-0.055,0.03,0.03,5750000.0,596059000.0,1.0,68419425.0,67400000,68400000.0,24.267,1055208000.0,10394000.0,21488000.0,162457000.0,15.656,47449000.0
60,ARG,MRT,2001-03-31,2001-03-31,2001-03-31,2019-04-19,-1153000.0,1581290000.0,1671492750.0,333845000.0,1247445000.0,0.975,7.528,-63056000.0,0.0,0.0,847200000.0,28223000.0,1.192,2.183,693609000.0,72945000.0,620664000.0,693609000.0,0.0,86754000.0,0.0,0.0,0.0,109148000.0,195902000.0,0.12,195902000.0,109148000.0,48941000.0,0.43,0.42,0.43,496849000.0,487319750.0,496849000.0,1303297919.0,12.0,6.653,135949000.0,2.06,1.0,781701000.0,0.48,469725000.0,60207000.0,1525019000.0,1779520750.0,155024000.0,63262000.0,0.0,63262000.0,1084441000.0,280155000.0,804286000.0,534011919.0,0.0,47539000.0,-9754000.0,-178399000.0,0.0,-188153000.0,-10852000.0,0.0,199005000.0,0.0,28223000.0,28223000.0,28223000.0,0.0,0.0,0.017,673752000.0,107949000.0,76337000.0,0.0,1.075,18.921,18.326,704646000.0,0.0,7.88,0.328,0.319,143129000.0,355596000.0,1628901000.0,1628901000.0,0.0,0.017,0.058,0.061,0.067,5630000.0,583355000.0,1.0,67768010.0,66000000,67200000.0,24.68,1111565000.0,10143000.0,20718000.0,161176000.0,16.842,53690000.0
61,ARG,MRT,2000-12-31,2000-12-31,2000-12-31,2019-04-19,-759000.0,1636078000.0,1711003000.0,335474000.0,1300604000.0,0.947,7.426,-61397000.0,0.0,0.0,847946000.0,27421000.0,1.338,2.313,769286000.0,75039000.0,694247000.0,769286000.0,0.0,88097000.0,0.0,0.0,0.0,111859000.0,199956000.0,0.123,199956000.0,111859000.0,48798000.0,0.42,0.42,0.42,493834000.0,481234250.0,493834000.0,1318246011.0,12.0,6.593,114462000.0,1.721,1.0,772237000.0,0.477,437850000.0,63061000.0,1716735000.0,1886198500.0,163021000.0,0.0,0.0,0.0,1142244000.0,250779000.0,891465000.0,453985011.0,,-59602000.0,-31269000.0,-30387000.0,0.0,-61656000.0,-114203000.0,0.0,175859000.0,,27421000.0,27421000.0,27421000.0,0.0,0.0,0.017,665582000.0,106655000.0,58506000.0,0.0,0.919,16.556,16.221,747098000.0,0.0,6.813,0.28,0.28,138933000.0,354268000.0,1620183000.0,1620183000.0,0.0,0.016,0.057,0.059,0.069,5646000.0,577485000.0,1.0,66635111.0,66500000,67200000.0,24.364,1198228000.0,12378000.0,21377000.0,172420000.0,18.018,84695000.0
62,ARG,MRT,2000-09-30,2000-09-30,2000-09-30,2019-04-19,-783000.0,1724387000.0,1714497500.0,418195000.0,1306192000.0,0.93,7.422,-27484000.0,0.0,0.0,840766000.0,30505000.0,1.674,2.553,864261000.0,68662000.0,795599000.0,864261000.0,0.0,89244000.0,0.0,0.0,0.0,115848000.0,205092000.0,0.129,205092000.0,115848000.0,54435000.0,0.46,0.46,0.46,485382000.0,480656250.0,485382000.0,1337503530.0,12.0,6.521,72037000.0,1.101,1.0,753881000.0,0.473,439025000.0,61413000.0,1899766000.0,1920960500.0,161507000.0,0.0,0.0,0.0,1239005000.0,249857000.0,989148000.0,451497530.0,,-61440000.0,-41499000.0,23992000.0,0.0,-17507000.0,-82014000.0,0.0,99521000.0,,30505000.0,30505000.0,30505000.0,0.0,0.0,0.019,644464000.0,109417000.0,67691000.0,0.0,0.93,14.801,14.811,748384000.0,0.0,6.813,0.283,0.279,220603000.0,347592000.0,1594647000.0,1594647000.0,0.0,0.018,0.063,0.06,0.073,5808000.0,558049000.0,1.0,66270003.0,65400000,66600000.0,24.383,1285362000.0,13463000.0,23930000.0,167494000.0,19.654,168338000.0
63,ARG,MRT,2000-06-30,2000-06-30,2000-06-30,2019-04-19,-740000.0,1744216000.0,1703473000.0,423605000.0,1320611000.0,0.923,7.269,-28280000.0,0.0,0.0,830526000.0,39014000.0,2.003,2.686,886006000.0,18702000.0,867304000.0,886006000.0,0.0,89886000.0,0.0,0.0,0.0,130122000.0,220008000.0,0.14,220008000.0,130122000.0,70580000.0,0.57,0.57,0.57,473214000.0,481634500.0,473214000.0,1252694275.0,10.0,5.694,63873000.0,0.981,1.0,741313000.0,0.472,442141000.0,59542000.0,1976563000.0,1923345500.0,167728000.0,0.0,0.0,0.0,1271002000.0,211518000.0,1059484000.0,375201275.0,,-42211000.0,-48302000.0,20930000.0,0.0,-27372000.0,-64781000.0,0.0,92153000.0,,39014000.0,39014000.0,39014000.0,0.0,0.0,0.025,632638000.0,108675000.0,73013000.0,0.0,0.793,9.617,9.979,750678000.0,0.0,5.688,0.239,0.236,217486000.0,337189000.0,1571839000.0,1571839000.0,0.0,0.023,0.081,0.068,0.083,5875000.0,545581000.0,1.0,65963656.0,65100000,67300000.0,24.145,1302075000.0,13752000.0,31566000.0,164245000.0,20.001,212087000.0
64,ARG,MRT,2000-03-31,2000-03-31,2000-03-31,2019-04-19,-596000.0,1739331000.0,1689675500.0,408790000.0,1330541000.0,0.913,6.828,-27757000.0,0.0,0.0,816597000.0,38283000.0,1.862,2.681,877493000.0,20071000.0,857422000.0,877493000.0,0.0,89308000.0,0.0,0.0,0.0,127394000.0,216702000.0,0.141,216702000.0,127394000.0,69834000.0,0.55,0.54,0.55,472507000.0,482167750.0,472507000.0,1381781567.0,11.0,6.376,72335000.0,1.045,1.0,725737000.0,0.471,445498000.0,57560000.0,1951730000.0,1913959750.0,159438000.0,0.0,0.0,0.0,1266824000.0,219596000.0,1047228000.0,578325567.0,0.0,-41954000.0,-45563000.0,10932000.0,0.0,-34631000.0,-65461000.0,0.0,100092000.0,0.0,38283000.0,38283000.0,38283000.0,0.0,0.0,0.025,619006000.0,106731000.0,78276000.0,0.0,1.224,15.107,15.115,753768000.0,0.0,8.313,0.375,0.373,211989000.0,327373000.0,1542334000.0,1542334000.0,0.0,0.023,0.079,0.067,0.083,5715000.0,532527000.0,1.0,69568816.0,69200000,70600000.0,22.288,1293833000.0,13752000.0,31551000.0,160808000.0,18.697,189194000.0
65,ARG,MRT,1999-12-31,1999-12-31,1999-12-31,2019-04-19,-581000.0,1650056000.0,1679460750.0,382712000.0,1267344000.0,0.905,7.103,-29949000.0,0.0,0.0,808405000.0,45838000.0,2.212,2.357,803456000.0,2434000.0,801022000.0,803456000.0,0.0,89182000.0,0.0,0.0,0.0,135083000.0,224265000.0,0.148,224265000.0,135083000.0,78845000.0,0.65,0.65,0.65,491522000.0,481777250.0,491522000.0,1510881656.0,11.0,6.737,93842000.0,1.356,1.0,711341000.0,0.468,424700000.0,56238000.0,1855783000.0,1907073000.0,158095000.0,0.0,0.0,0.0,1158534000.0,173029000.0,985505000.0,666991656.0,,22518000.0,-25190000.0,-84984000.0,0.0,-110195000.0,-13596000.0,0.0,123791000.0,,45838000.0,45838000.0,45838000.0,0.0,0.0,0.03,598331000.0,113010000.0,69103000.0,0.0,1.357,14.551,14.615,709444000.0,0.0,9.5,0.439,0.433,193287000.0,326847000.0,1519746000.0,1519746000.0,0.0,0.027,0.095,0.071,0.089,10013000.0,511978000.0,1.0,70209648.0,69200000,70800000.0,21.962,1225356000.0,7937000.0,33007000.0,152653000.0,17.707,209683000.0
66,ARG,MRT,1999-09-30,1999-09-30,1999-09-30,2019-04-19,-708000.0,1680289000.0,1694664750.0,386323000.0,1293966000.0,0.903,7.02,-72869000.0,0.0,0.0,814522000.0,58166000.0,2.066,2.434,843890000.0,8875000.0,835015000.0,843890000.0,0.0,89700000.0,0.0,0.0,0.0,156575000.0,246275000.0,0.161,246275000.0,156575000.0,98585000.0,0.83,0.82,0.83,489295000.0,474668000.0,489295000.0,1693995973.0,11.0,6.878,48201000.0,0.692,1.0,716113000.0,0.468,427846000.0,57990000.0,1909306000.0,1926270750.0,157418000.0,0.0,0.0,0.0,1190994000.0,187027000.0,1003967000.0,823124973.0,,59056000.0,-14157000.0,-86423000.0,0.0,-100601000.0,-20469000.0,0.0,121070000.0,,58166000.0,58166000.0,58166000.0,0.0,0.0,0.038,606934000.0,109179000.0,71698000.0,0.0,1.682,14.151,14.012,729811000.0,0.0,11.63,0.538,0.53,199796000.0,317087000.0,1530635000.0,1530635000.0,0.0,0.034,0.123,0.081,0.102,8457000.0,517234000.0,1.0,70776008.0,69700000,71200000.0,21.96,1252443000.0,7783000.0,40419000.0,148586000.0,17.969,199296000.0
67,ARG,MRT,1999-06-30,1999-06-30,1999-06-30,2019-04-19,-761000.0,1689026000.0,1704600250.0,378661000.0,1310365000.0,0.903,6.81,-91101000.0,0.0,0.0,822219000.0,49734000.0,1.923,2.553,870871000.0,20602000.0,850269000.0,870871000.0,0.0,88495000.0,0.0,0.0,0.0,142085000.0,230580000.0,0.15,230580000.0,142085000.0,82810000.0,0.71,0.7,0.71,475347000.0,461889500.0,475347000.0,1733094349.0,12.0,7.516,10414000.0,0.149,1.0,717719000.0,0.466,423959000.0,59275000.0,1939020000.0,1948419750.0,155561000.0,0.0,0.0,0.0,1213679000.0,196918000.0,1016761000.0,865608349.0,,9873000.0,-21563000.0,3104000.0,0.0,-18480000.0,-83035000.0,0.0,101515000.0,,49734000.0,49734000.0,49734000.0,0.0,0.0,0.032,609053000.0,108666000.0,71909000.0,0.0,1.821,17.405,17.254,716276000.0,0.0,12.25,0.562,0.555,195825000.0,298175000.0,1539938000.0,1539938000.0,0.0,0.029,0.108,0.073,0.092,7032000.0,520558000.0,1.0,70661906.0,69800000,71100000.0,22.062,1265067000.0,7767000.0,33076000.0,144571000.0,18.124,181743000.0
68,ARG,MRT,1999-03-31,1999-03-31,1999-03-31,2019-04-19,-910000.0,1698472000.0,1698435250.0,378842000.0,1319630000.0,0.919,6.728,-98359000.0,0.0,0.0,838055000.0,51924000.0,1.775,2.607,867486000.0,19645000.0,847841000.0,867486000.0,0.0,87926000.0,0.0,0.0,0.0,146659000.0,234585000.0,0.15,234585000.0,146659000.0,86361000.0,0.74,0.72,0.74,470945000.0,453112250.0,470945000.0,1472588183.0,10.0,6.277,3704000.0,0.053,1.0,723163000.0,0.463,428349000.0,60298000.0,1924183000.0,1938431250.0,154424000.0,0.0,0.0,0.0,1227527000.0,213426000.0,1014101000.0,594896183.0,,2950000.0,-13342000.0,8176000.0,0.0,-5187000.0,-96876000.0,0.0,102063000.0,,51924000.0,51924000.0,51924000.0,0.0,0.0,0.033,610167000.0,112996000.0,85486000.0,0.0,1.263,11.457,11.318,717859000.0,0.0,8.375,0.381,0.376,195708000.0,289090000.0,1561218000.0,1561218000.0,0.0,0.031,0.115,0.076,0.094,5750000.0,523241000.0,1.0,71032380.0,70000000,71700000.0,22.303,1270123000.0,7549000.0,34437000.0,142675000.0,18.145,165416000.0
69,ARG,MRT,1998-12-31,1998-12-31,1998-12-31,2019-04-19,-965000.0,1710872000.0,1684185750.0,387785000.0,1323087000.0,0.93,6.644,-110089000.0,0.0,0.0,843813000.0,38656000.0,1.73,2.695,877692000.0,16138000.0,861554000.0,877692000.0,0.0,97132000.0,0.0,0.0,0.0,127624000.0,224756000.0,0.144,224756000.0,127624000.0,67341000.0,0.55,0.54,0.55,463085000.0,442094250.0,463085000.0,1550044575.0,12.0,6.897,-1590000.0,-0.023,1.0,722287000.0,0.461,431849000.0,60283000.0,1932574000.0,1919425000.0,164471000.0,0.0,0.0,0.0,1247787000.0,224141000.0,1023646000.0,629624575.0,,-58882000.0,-14042000.0,68887000.0,0.0,54838000.0,-163337000.0,0.0,108499000.0,,38656000.0,38656000.0,38656000.0,0.0,0.0,0.025,626648000.0,95639000.0,74395000.0,0.0,1.36,16.288,16.251,716562000.0,0.0,8.938,0.402,0.398,192129000.0,281009000.0,1566100000.0,1566100000.0,0.0,0.023,0.087,0.066,0.081,1470000.0,522488000.0,1.0,70443564.0,69700000,71600000.0,22.469,1279023000.0,0.0,28685000.0,132452000.0,18.35,163644000.0
70,ARG,MRT,1998-09-30,1998-09-30,1998-09-30,2019-04-19,-915000.0,1720031000.0,1655764750.0,395738000.0,1324293000.0,0.938,6.26,-112393000.0,0.0,0.0,838050000.0,28394000.0,1.875,2.925,920420000.0,14064000.0,906356000.0,920420000.0,0.0,94846000.0,0.0,0.0,0.0,109099000.0,203945000.0,0.131,203945000.0,109099000.0,51061000.0,0.4,0.4,0.4,438181000.0,429748250.0,438181000.0,1729548755.0,16.0,8.48,-173000.0,-0.002,1.0,715537000.0,0.461,431460000.0,58038000.0,1997902000.0,1898800000.0,165863000.0,0.0,0.0,0.0,1281850000.0,211089000.0,1070761000.0,865634755.0,,-135000000.0,-27763000.0,154873000.0,0.0,126749000.0,-238969000.0,0.0,112220000.0,,28394000.0,28394000.0,28394000.0,0.0,0.0,0.018,612369000.0,103168000.0,83721000.0,0.0,1.976,30.487,30.325,715142000.0,0.0,12.13,0.557,0.547,204833000.0,258921000.0,1553587000.0,1553587000.0,0.0,0.017,0.066,0.057,0.07,3008000.0,510495000.0,1.0,71363129.0,70000000,71700000.0,22.194,1288571000.0,0.0,22667000.0,129266000.0,18.408,184649000.0
71,ARG,MRT,1998-06-30,1998-06-30,1998-06-30,2019-04-19,-764000.0,1664366000.0,,381535000.0,1282831000.0,,6.262,-116941000.0,0.0,0.0,821887000.0,39589000.0,1.831,2.781,863914000.0,8898000.0,855016000.0,863914000.0,0.0,91874000.0,0.0,0.0,0.0,124575000.0,216449000.0,0.143,216449000.0,124575000.0,68587000.0,0.57,0.56,0.57,440238000.0,,440238000.0,1866964127.0,15.0,8.625,23311000.0,0.332,1.0,695464000.0,0.458,420804000.0,55988000.0,1899066000.0,,163688000.0,0.0,0.0,0.0,1224128000.0,208410000.0,1015718000.0,1023969127.0,,-137167000.0,-11432000.0,122523000.0,0.0,109261000.0,-249513000.0,0.0,140252000.0,,39589000.0,39589000.0,39589000.0,0.0,0.0,0.026,576587000.0,118877000.0,85413000.0,0.0,2.326,25.865,25.228,687313000.0,0.0,14.38,0.675,0.666,194928000.0,248441000.0,1517351000.0,1517351000.0,0.0,,,,0.082,4541000.0,492185000.0,1.0,71207867.0,70300000,72100000.0,21.584,1243562000.0,0.0,28998000.0,126254000.0,17.689,173125000.0
72,ARG,MRT,1998-03-31,1998-03-31,1998-03-31,2019-04-19,-779000.0,1641474000.0,1466252500.0,366834000.0,1274640000.0,0.988,6.214,-121191000.0,0.0,0.0,779538000.0,40540000.0,1.626,2.845,842995000.0,12150000.0,830845000.0,842995000.0,0.0,88092000.0,0.0,0.0,0.0,123819000.0,211911000.0,0.146,211911000.0,123819000.0,70529000.0,0.59,0.57,0.59,426873000.0,380052000.0,426873000.0,2041550058.0,16.0,9.634,13209000.0,0.192,1.0,668452000.0,0.462,410753000.0,53290000.0,1848158000.0,1656257000.0,154937000.0,0.0,0.0,0.0,1214601000.0,225558000.0,989043000.0,1214309058.0,,-178200000.0,-30073000.0,191476000.0,0.0,161034000.0,-295434000.0,0.0,134400000.0,,40540000.0,40540000.0,40540000.0,0.0,0.0,0.028,549504000.0,118948000.0,84602000.0,0.0,2.845,29.953,29.237,687304000.0,0.0,17.25,0.839,0.818,186342000.0,237166000.0,1447990000.0,1447990000.0,0.0,0.028,0.107,0.075,0.086,5953000.0,467884000.0,1.0,70394728.0,68700000,70800000.0,21.077,1230721000.0,6952000.0,29989000.0,121356000.0,17.914,141276000.0
73,ARG,MRT,1997-12-31,1997-12-31,1997-12-31,2019-04-19,-752000.0,1597188000.0,,367407000.0,1229781000.0,,5.944,-115835000.0,0.0,0.0,,,1.885,2.85,827241000.0,18433000.0,808808000.0,827241000.0,0.0,77429000.0,0.0,0.0,0.0,,,,,,,,,,413701000.0,,413701000.0,,,,14974000.0,0.215,1.0,,,379429000.0,,1850074000.0,,158689000.0,0.0,0.0,0.0,1179188000.0,194926000.0,984262000.0,985526192.0,,-115494000.0,-39629000.0,141957000.0,0.0,98652000.0,-229461000.0,0.0,130809000.0,,,,,,,,,,69403000.0,,2.382,,,683915000.0,,14.0,,,172077000.0,242353000.0,,,,,,,,5919000.0,,1.0,70394728.0,69600000,,,1217759000.0,0.0,,134267000.0,17.497,172481000.0
74,ARG,MRT,1997-09-30,1997-09-30,1997-09-30,2019-04-19,,,,,,,,,,,,,,,,,,,,,,0.0,0.0,,,,,,,,,,,,,,,,,,1.0,,,,,,,,,,,,,,,,,,,,,,,,,,,,,,,,,,,,,,,,16.94,,,,,,,,,,,,,,1.0,,68530000,,,,,,,,
75,ARG,MRT,1997-06-30,1997-06-30,1997-06-30,2019-04-19,,,,,,,,,,,,,,,,,,,,,,0.0,0.0,,,,,,,,,,,,,,,,,,1.0,,,,,,,,,,,,,,,,,,,,,,,,,,,,,,,,,,,,,,,,19.81,,,,,,,,,,,,,,1.0,,66800000,,,,,,,,
76,ARG,MRT,1997-03-31,1997-03-31,1997-03-31,2019-04-19,-468000.0,1291031000.0,1087336500.0,311999000.0,979032000.0,1.066,5.057,-70807000.0,0.0,0.0,611383000.0,23266000.0,1.667,2.864,655089000.0,25158000.0,629931000.0,655089000.0,0.0,66421000.0,0.0,0.0,0.0,84098000.0,150519000.0,0.13,150519000.0,84098000.0,44346000.0,0.35,0.34,0.35,333231000.0,283857500.0,333231000.0,,,,10440000.0,0.158,1.0,547511000.0,0.472,294614000.0,39752000.0,1464356000.0,1221890000.0,129372000.0,0.0,0.0,0.0,954374000.0,187150000.0,767224000.0,,,-202289000.0,-11257000.0,208316000.0,0.0,194798000.0,-276045000.0,0.0,81247000.0,,23266000.0,23266000.0,23266000.0,0.0,0.0,0.02,465226000.0,82285000.0,74329000.0,0.0,,,48.229,552161000.0,0.0,16.88,,0.96,151053000.0,196626000.0,1158894000.0,1158894000.0,0.0,0.021,0.082,0.069,0.073,5156000.0,371310000.0,1.0,,65900000,68600000.0,17.586,996417000.0,0.0,21080000.0,104266000.0,15.12,124849000.0
77,ARG,MRT,1996-12-31,1996-12-31,1996-12-31,2019-04-19,,,,,,,,,,,,,,,,,,,,,,0.0,0.0,,,,,,,,,,,,,,,,,,1.0,,,,,,,,,,,,,,,,,,,,,,,,,,,,,,,,,,,,,,,,22.0,,,,,,,,,,,,,,1.0,,67350000,,,,,,,,
78,ARG,MRT,1996-03-31,1996-03-31,1996-03-31,2019-04-19,-410000.0,883642000.0,,218574000.0,665068000.0,,3.733,-41236000.0,0.0,0.0,419491000.0,39720000.0,1.596,2.761,398011000.0,12179000.0,385832000.0,398011000.0,0.0,45762000.0,0.0,0.0,0.0,93104000.0,138866000.0,0.166,138866000.0,93104000.0,68242000.0,0.63,0.6,0.63,234484000.0,,234484000.0,,,,50786000.0,0.808,1.0,418653000.0,0.5,165243000.0,24862000.0,979424000.0,,86162000.0,0.0,0.0,0.0,647433000.0,136986000.0,510447000.0,,,-152568000.0,-22947000.0,101551000.0,0.0,97935000.0,-189957000.0,0.0,92022000.0,,39720000.0,39720000.0,39720000.0,0.0,0.0,0.047,325668000.0,92985000.0,52528000.0,0.0,,,31.548,438877000.0,0.0,19.875,,1.49,120811000.0,173360000.0,838144000.0,838144000.0,0.0,,,,0.111,3396000.0,279906000.0,1.0,,62820000,65840000.0,13.342,718399000.0,0.0,28522000.0,88400000.0,11.436,81588000.0
79,ARG,MRT,1995-03-31,1995-03-31,1995-03-31,2019-04-19,,,,,,,,-34149000.0,,,342876000.0,31479000.0,,,,,,,,36868000.0,,0.0,0.0,72998000.0,109866000.0,0.16,109866000.0,72998000.0,55373000.0,0.48,0.48,0.48,,,,,,,45803000.0,0.699,1.0,345107000.0,0.502,,17625000.0,,,,,,,,,,,,-84926000.0,-5969000.0,39531000.0,0.0,39562000.0,-119514000.0,0.0,79952000.0,,31479000.0,31479000.0,31479000.0,0.0,0.0,0.046,272507000.0,72600000.0,,0.0,,,27.604,,0.0,13.25,,1.262,,,687983000.0,687983000.0,0.0,,,,0.106,2707000.0,235639000.0,,,65525000,65525000.0,10.5,,,23894000.0,,,
