None,ticker,dimension,calendardate,datekey,reportperiod,lastupdated,accoci,assets,assetsavg,assetsc,assetsnc,assetturnover,bvps,capex,cashneq,cashnequsd,cor,consolinc,currentratio,de,debt,debtc,debtnc,debtusd,deferredrev,depamor,deposits,divyield,dps,ebit,ebitda,ebitdamargin,ebitdausd,ebitusd,ebt,eps,epsdil,epsusd,equity,equityavg,equityusd,ev,evebit,evebitda,fcf,fcfps,fxusd,gp,grossmargin,intangibles,intexp,invcap,invcapavg,inventory,investments,investmentsc,investmentsnc,liabilities,liabilitiesc,liabilitiesnc,marketcap,ncf,ncfbus,ncfcommon,ncfdebt,ncfdiv,ncff,ncfi,ncfinv,ncfo,ncfx,netinc,netinccmn,netinccmnusd,netincdis,netincnci,netmargin,opex,opinc,payables,payoutratio,pb,pe,pe1,ppnenet,prefdivis,price,ps,ps1,receivables,retearn,revenue,revenueusd,rnd,roa,roe,roic,ros,sbcomp,sgna,sharefactor,sharesbas,shareswa,shareswadil,sps,tangibles,taxassets,taxexp,taxliabilities,tbvps,workingcapital
0,DYNIQ,MRY,2011-12-31,2011-12-31,2011-12-31,2020-02-11,-53000000.0,4127000000.0,8728750000.0,672000000.0,3455000000.0,0.182,9.115,-242000000.0,568000000.0,568000000.0,1356000000.0,-1645000000.0,4.226,2.711,1838000000.0,4000000.0,1834000000.0,1838000000.0,0.0,346000000.0,0.0,0.0,0.0,-1920000000.0,-1574000000.0,-0.993,-1574000000.0,-1920000000.0,-2277000000.0,-13.48,-13.48,-13.48,1112000000.0,2207250000.0,1112000000.0,3874908850.0,-2.0,-2.462,-262000000.0,-2.148,1.0,229000000.0,0.144,0.0,357000000.0,5238000000.0,8921500000.0,57000000.0,0.0,0.0,0.0,3015000000.0,159000000.0,2856000000.0,339908850.0,105000000.0,-303000000.0,3000000.0,375000000.0,0.0,379000000.0,-254000000.0,191000000.0,-20000000.0,0.0,-1645000000.0,-1645000000.0,-1645000000.0,0.0,0.0,-1.038,465000000.0,-236000000.0,911000000.0,0.0,0.306,-0.207,-0.205,3334000000.0,0.0,2.77,0.214,0.213,53000000.0,-4841000000.0,1585000000.0,1585000000.0,0.0,-0.188,-0.745,-0.215,-1.211,0.0,135000000.0,1.0,122710776.0,122000000,122000000.0,12.992,4127000000.0,5000000.0,-632000000.0,5000000.0,33.828,513000000.0
1,DYNIQ,MRY,2010-12-31,2010-12-31,2010-12-31,2020-02-11,-53000000.0,10013000000.0,10796750000.0,2244000000.0,7769000000.0,0.215,22.883,-333000000.0,1231000000.0,1231000000.0,1631000000.0,-234000000.0,1.434,2.646,4774000000.0,148000000.0,4626000000.0,4774000000.0,0.0,408000000.0,0.0,0.0,0.0,-68000000.0,340000000.0,0.146,340000000.0,-68000000.0,-431000000.0,-1.95,-1.95,-1.95,2746000000.0,2912000000.0,2746000000.0,4006425724.0,-59.0,11.784,90000000.0,0.75,1.0,692000000.0,0.298,141000000.0,363000000.0,11850000000.0,12236000000.0,121000000.0,106000000.0,106000000.0,0.0,7267000000.0,1565000000.0,5702000000.0,679425724.0,-180000000.0,-15000000.0,0.0,-69000000.0,0.0,-69000000.0,-534000000.0,-191000000.0,423000000.0,0.0,-234000000.0,-234000000.0,-234000000.0,-1000000.0,0.0,-0.101,703000000.0,-11000000.0,134000000.0,0.0,0.247,-2.904,-2.882,6273000000.0,0.0,5.62,0.292,0.29,231000000.0,-3196000000.0,2323000000.0,2323000000.0,0.0,-0.022,-0.08,-0.006,-0.029,0.0,163000000.0,1.0,120894257.0,120000000,121000000.0,19.358,9872000000.0,12000000.0,-197000000.0,641000000.0,82.267,679000000.0
2,DYNIQ,MRY,2009-12-31,2009-12-31,2009-12-31,2020-02-11,-150000000.0,10953000000.0,12912000000.0,2038000000.0,8915000000.0,0.191,17.695,-612000000.0,1426000000.0,1426000000.0,1713000000.0,-1262000000.0,1.103,2.748,5582000000.0,807000000.0,4775000000.0,5582000000.0,0.0,359000000.0,0.0,0.0,0.0,-1147000000.0,-788000000.0,-0.319,-788000000.0,-1147000000.0,-1562000000.0,-7.6,-7.6,-7.6,2902000000.0,3656500000.0,2902000000.0,5741466194.0,-5.0,-7.286,-477000000.0,-2.909,1.0,755000000.0,0.306,380000000.0,415000000.0,12882000000.0,15012750000.0,141000000.0,9000000.0,9000000.0,0.0,7974000000.0,1847000000.0,6127000000.0,1530466194.0,-222000000.0,653000000.0,0.0,-608000000.0,0.0,-608000000.0,251000000.0,0.0,135000000.0,0.0,-1247000000.0,-1247000000.0,-1247000000.0,222000000.0,-15000000.0,-0.505,1589000000.0,-834000000.0,181000000.0,0.0,0.527,-1.227,-1.191,7117000000.0,0.0,9.05,0.62,0.601,214000000.0,-2937000000.0,2468000000.0,2468000000.0,0.0,-0.097,-0.341,-0.076,-0.465,0.0,159000000.0,1.0,169112287.0,164000000,165000000.0,15.049,10573000000.0,6000000.0,-315000000.0,780000000.0,64.47,191000000.0
3,DYNIQ,MRY,2008-12-31,2008-12-31,2008-12-31,2020-02-11,-215000000.0,14213000000.0,14941500000.0,2803000000.0,11410000000.0,0.222,26.875,-611000000.0,1938000000.0,1938000000.0,2159000000.0,171000000.0,1.647,2.155,6136000000.0,64000000.0,6072000000.0,6136000000.0,0.0,376000000.0,0.0,0.0,0.0,691000000.0,1067000000.0,0.321,1067000000.0,691000000.0,264000000.0,1.04,1.04,1.04,4515000000.0,4406000000.0,4515000000.0,5748811844.0,8.0,5.388,-292000000.0,-1.738,1.0,1165000000.0,0.35,870000000.0,427000000.0,15839000000.0,15667250000.0,184000000.0,40000000.0,25000000.0,15000000.0,9728000000.0,1702000000.0,8026000000.0,1685811844.0,365000000.0,445000000.0,2000000.0,147000000.0,0.0,148000000.0,-102000000.0,0.0,319000000.0,0.0,174000000.0,174000000.0,174000000.0,17000000.0,-3000000.0,0.052,421000000.0,744000000.0,303000000.0,0.0,0.373,9.689,9.615,8934000000.0,0.0,10.0,0.507,0.505,345000000.0,-1690000000.0,3324000000.0,3324000000.0,0.0,0.012,0.039,0.044,0.208,0.0,157000000.0,1.0,168581184.0,168000000,168000000.0,19.786,13343000000.0,6000000.0,90000000.0,1166000000.0,79.423,1101000000.0
4,DYNIQ,MRY,2007-12-31,2007-12-31,2007-12-31,2020-02-11,-25000000.0,13221000000.0,11789000000.0,1663000000.0,11558000000.0,0.248,29.96,-379000000.0,1653000000.0,1653000000.0,1876000000.0,271000000.0,1.665,1.929,5990000000.0,51000000.0,5939000000.0,5990000000.0,0.0,333000000.0,0.0,0.0,0.0,788000000.0,1121000000.0,0.384,1121000000.0,788000000.0,404000000.0,1.75,1.75,1.75,4506000000.0,3899500000.0,4506000000.0,10253607811.0,13.0,9.147,-38000000.0,-0.253,1.0,1042000000.0,0.357,935000000.0,384000000.0,15624000000.0,13989750000.0,199000000.0,79000000.0,0.0,79000000.0,8692000000.0,999000000.0,7693000000.0,5999607811.0,-43000000.0,433000000.0,4000000.0,438000000.0,0.0,433000000.0,-817000000.0,0.0,341000000.0,0.0,264000000.0,264000000.0,264000000.0,-166000000.0,7000000.0,0.09,466000000.0,576000000.0,292000000.0,0.0,1.331,22.726,20.4,9017000000.0,0.0,35.7,2.056,1.84,427000000.0,-1864000000.0,2918000000.0,2918000000.0,0.0,0.022,0.068,0.056,0.27,0.0,203000000.0,1.0,168056241.0,150400000,150800000.0,19.402,12286000000.0,51000000.0,140000000.0,1250000000.0,81.689,664000000.0
5,DYNIQ,MRY,2006-12-31,2006-12-31,2006-12-31,2020-02-11,67000000.0,7537000000.0,7900750000.0,1989000000.0,5548000000.0,0.224,24.695,-155000000.0,734000000.0,734000000.0,1136000000.0,-333000000.0,1.706,2.325,3258000000.0,68000000.0,3190000000.0,3258000000.0,0.0,265000000.0,0.0,0.0,0.0,-103000000.0,162000000.0,0.092,162000000.0,-103000000.0,-485000000.0,-3.75,-3.75,-3.75,2267000000.0,2265250000.0,2267000000.0,6351162304.0,-62.0,39.205,-349000000.0,-3.802,1.0,634000000.0,0.358,347000000.0,382000000.0,8548000000.0,9191500000.0,194000000.0,0.0,0.0,0.0,5270000000.0,1166000000.0,4104000000.0,3606162304.0,-1178000000.0,384000000.0,183000000.0,-859000000.0,-17000000.0,-1342000000.0,358000000.0,0.0,-194000000.0,0.0,-333000000.0,-342000000.0,-342000000.0,13000000.0,0.0,-0.193,529000000.0,105000000.0,172000000.0,0.0,1.591,-10.544,-9.653,4951000000.0,9000000.0,36.2,2.037,1.877,258000000.0,-2135000000.0,1770000000.0,1770000000.0,0.0,-0.043,-0.151,-0.011,-0.058,0.0,196000000.0,1.0,99617743.0,91800000,101800000.0,19.281,7190000000.0,105000000.0,-152000000.0,469000000.0,78.322,823000000.0
6,DYNIQ,MRY,2005-12-31,2005-12-31,2005-12-31,2020-02-11,4000000.0,10126000000.0,10880500000.0,3706000000.0,6420000000.0,0.185,27.649,-195000000.0,1946000000.0,1946000000.0,2126000000.0,90000000.0,1.751,3.545,4299000000.0,71000000.0,4228000000.0,4299000000.0,0.0,278000000.0,0.0,0.0,0.0,86000000.0,364000000.0,0.18,364000000.0,86000000.0,-303000000.0,0.9,0.9,0.9,2140000000.0,1814250000.0,2140000000.0,6786235947.0,79.0,18.644,-225000000.0,-2.907,1.0,-109000000.0,-0.054,392000000.0,389000000.0,9971000000.0,12392750000.0,214000000.0,355000000.0,0.0,355000000.0,7586000000.0,2116000000.0,5470000000.0,1944235947.0,921000000.0,2368000000.0,2000000.0,-832000000.0,-22000000.0,-873000000.0,1824000000.0,0.0,-30000000.0,0.0,90000000.0,68000000.0,68000000.0,-895000000.0,0.0,0.034,723000000.0,-832000000.0,550000000.0,0.0,0.909,28.592,26.889,5323000000.0,22000000.0,24.2,0.964,0.929,640000000.0,-1793000000.0,2017000000.0,2017000000.0,0.0,0.006,0.037,0.007,0.043,0.0,468000000.0,1.0,80340328.0,77400000,102600000.0,26.059,9734000000.0,17000000.0,-393000000.0,558000000.0,125.762,1590000000.0
7,DYNIQ,MRY,2004-12-31,2004-12-31,2004-12-31,2020-02-11,-13000000.0,9843000000.0,11699500000.0,2728000000.0,7115000000.0,0.209,25.873,-311000000.0,628000000.0,628000000.0,1850000000.0,-15000000.0,1.514,3.774,4366000000.0,34000000.0,4332000000.0,4366000000.0,0.0,356000000.0,0.0,0.0,0.0,266000000.0,622000000.0,0.254,622000000.0,266000000.0,-187000000.0,-0.5,-0.5,-0.5,1956000000.0,1998750000.0,1956000000.0,5329723123.0,20.0,8.569,-306000000.0,-4.048,1.0,601000000.0,0.245,15000000.0,453000000.0,11764000000.0,13142500000.0,221000000.0,421000000.0,0.0,421000000.0,7381000000.0,1802000000.0,5579000000.0,1755723123.0,151000000.0,573000000.0,5000000.0,-69000000.0,-22000000.0,-115000000.0,262000000.0,0.0,5000000.0,-1000000.0,-15000000.0,-37000000.0,-37000000.0,-165000000.0,0.0,-0.015,701000000.0,-100000000.0,580000000.0,0.0,0.898,-47.452,-46.2,6130000000.0,22000000.0,23.1,0.716,0.713,824000000.0,-1861000000.0,2451000000.0,2451000000.0,0.0,-0.003,-0.019,0.02,0.109,0.0,330000000.0,1.0,76005330.0,75600000,100800000.0,32.421,9828000000.0,77000000.0,-172000000.0,499000000.0,130.0,926000000.0
8,DYNIQ,MRY,2003-12-31,2003-12-31,2003-12-31,2020-02-11,-20000000.0,12810000000.0,14818000000.0,3086000000.0,9724000000.0,0.175,25.214,-333000000.0,496000000.0,496000000.0,2150000000.0,-692000000.0,1.26,5.51,6224000000.0,331000000.0,5893000000.0,6224000000.0,0.0,525000000.0,0.0,0.0,0.0,-485000000.0,40000000.0,0.015,40000000.0,-485000000.0,-988000000.0,4.3,3.9,4.3,1886000000.0,2064500000.0,1886000000.0,7218523778.0,-15.0,180.463,543000000.0,7.259,1.0,449000000.0,0.173,15000000.0,503000000.0,16073000000.0,16716750000.0,279000000.0,612000000.0,0.0,612000000.0,10392000000.0,2450000000.0,7942000000.0,1613523778.0,-280000000.0,67000000.0,6000000.0,-658000000.0,0.0,-900000000.0,-266000000.0,0.0,876000000.0,10000000.0,-692000000.0,321000000.0,321000000.0,-81000000.0,0.0,0.124,1218000000.0,-769000000.0,619000000.0,0.0,0.856,5.027,4.977,8178000000.0,-1013000000.0,21.4,0.621,0.616,1035000000.0,-1913000000.0,2599000000.0,2599000000.0,0.0,0.022,0.155,-0.029,-0.187,0.0,315000000.0,1.0,75398307.0,74800000,84600000.0,34.746,12795000000.0,195000000.0,-296000000.0,755000000.0,171.056,636000000.0
9,DYNIQ,MRY,2002-12-31,2002-12-31,2002-12-31,2020-02-11,-55000000.0,20029000000.0,24985250000.0,7586000000.0,12443000000.0,0.213,30.096,-947000000.0,774000000.0,774000000.0,4596000000.0,-2587000000.0,1.124,7.379,6315000000.0,861000000.0,5454000000.0,6315000000.0,0.0,613000000.0,0.0,0.127,0.75,-2633000000.0,-2020000000.0,-0.379,-2020000000.0,-2633000000.0,-2930000000.0,-39.85,-39.85,-39.85,2203000000.0,3440500000.0,2203000000.0,5836214063.0,-2.0,-2.889,-972000000.0,-13.279,1.0,730000000.0,0.137,326000000.0,297000000.0,18496000000.0,20979250000.0,236000000.0,668000000.0,0.0,668000000.0,16257000000.0,6748000000.0,9509000000.0,438214063.0,549000000.0,1549000000.0,239000000.0,-197000000.0,-55000000.0,-44000000.0,677000000.0,0.0,-25000000.0,-59000000.0,-2587000000.0,-2917000000.0,-2917000000.0,1154000000.0,0.0,-0.548,1788000000.0,-1058000000.0,1651000000.0,-0.019,0.199,-0.15,-0.148,8458000000.0,330000000.0,5.9,0.082,0.081,2822000000.0,-2198000000.0,5326000000.0,5326000000.0,0.0,-0.117,-0.848,-0.126,-0.494,0.0,325000000.0,1.0,74273570.0,73200000,74000000.0,72.76,19703000000.0,0.0,-343000000.0,765000000.0,269.167,838000000.0
10,DYNIQ,MRY,2001-12-31,2001-12-31,2001-12-31,2020-02-11,-27000000.0,25168000000.0,23385750000.0,8956000000.0,16212000000.0,0.39,75.721,-2551000000.0,236000000.0,236000000.0,7317000000.0,399000000.0,1.049,3.659,5474000000.0,458000000.0,5016000000.0,5474000000.0,0.0,482000000.0,0.0,0.012,1.5,1022000000.0,1504000000.0,0.165,1504000000.0,1022000000.0,767000000.0,5.5,5.25,5.5,4937000000.0,4198500000.0,4937000000.0,12010160762.0,12.0,7.985,-2001000000.0,-30.69,1.0,1807000000.0,0.198,1561000000.0,255000000.0,20307000000.0,16943250000.0,256000000.0,2445000000.0,0.0,2445000000.0,18063000000.0,8538000000.0,9525000000.0,8311160762.0,149000000.0,-1058000000.0,536000000.0,1632000000.0,-98000000.0,3450000000.0,-3828000000.0,0.0,550000000.0,-23000000.0,399000000.0,357000000.0,357000000.0,82000000.0,0.0,0.039,836000000.0,971000000.0,2102000000.0,0.273,1.683,23.281,23.182,9201000000.0,42000000.0,127.5,0.911,0.911,3119000000.0,798000000.0,9124000000.0,9124000000.0,0.0,0.015,0.085,0.06,0.112,0.0,420000000.0,1.0,65185575.0,65200000,68000000.0,139.939,23607000000.0,0.0,368000000.0,1568000000.0,362.071,418000000.0
11,DYNIQ,MRY,2000-12-31,2000-12-31,2000-12-31,2020-02-11,-15000000.0,22662000000.0,17051412250.0,10827000000.0,11835000000.0,0.481,56.97,-1071000000.0,86000000.0,86000000.0,6785000000.0,436000000.0,1.053,5.188,3872000000.0,118000000.0,3754000000.0,3872000000.0,0.0,362000000.0,0.0,0.004,1.235,917000000.0,1279000000.0,0.156,1279000000.0,917000000.0,670000000.0,6.65,6.35,6.65,3441000000.0,2783223500.0,3441000000.0,21819174301.0,24.0,17.06,-651000000.0,-10.778,1.0,1419000000.0,0.173,1449000000.0,247000000.0,14713000000.0,13428077500.0,280000000.0,799000000.0,0.0,799000000.0,17853000000.0,10286000000.0,7567000000.0,18108202301.0,-17000000.0,-1344000000.0,1213000000.0,-695000000.0,-112000000.0,1131000000.0,-1539000000.0,0.0,420000000.0,-29000000.0,436000000.0,401000000.0,401000000.0,-27000000.0,0.0,0.049,653000000.0,766000000.0,4743000000.0,0.186,5.262,45.158,42.152,7081000000.0,35000000.0,280.313,2.207,2.064,4926000000.0,532000000.0,8204000000.0,8204000000.0,0.0,0.024,0.144,0.068,0.112,71000000.0,312000000.0,1.0,64600053.0,60400000,63000000.0,135.828,21213000000.0,0.0,234000000.0,1240000000.0,351.209,541000000.0
12,DYNIQ,MRY,1999-12-31,1999-12-31,1999-12-31,2020-02-11,0.0,6525000000.0,6033864500.0,2805000000.0,3720000000.0,2.554,30.728,-437000000.0,45000000.0,45000000.0,14900000000.0,137000000.0,1.105,3.753,1490000000.0,191000000.0,1299000000.0,1490000000.0,0.0,93000000.0,0.0,0.001,0.125,275000000.0,368000000.0,0.024,368000000.0,275000000.0,197000000.0,3.2,3.0,3.2,1309000000.0,1231685250.0,1309000000.0,6808063944.0,25.0,18.5,-397000000.0,-9.319,1.0,510000000.0,0.033,365000000.0,78000000.0,5067000000.0,4913891500.0,272000000.0,627000000.0,0.0,627000000.0,4913000000.0,2538000000.0,2375000000.0,5419956944.0,48000000.0,-84000000.0,22000000.0,383000000.0,-8000000.0,399000000.0,-391000000.0,0.0,40000000.0,0.0,137000000.0,137000000.0,137000000.0,0.0,0.0,0.009,284000000.0,226000000.0,1829000000.0,0.039,4.141,39.562,27.148,2018000000.0,0.0,86.875,0.352,0.24,2041000000.0,277000000.0,15410000000.0,15410000000.0,0.0,0.023,0.111,0.056,0.018,16000000.0,219000000.0,1.0,62387994.0,42600000,46000000.0,361.737,6160000000.0,0.0,60000000.0,335000000.0,144.601,267000000.0
13,DYNIQ,MRY,1998-12-31,1998-12-31,1998-12-31,2020-02-11,0.0,5264237000.0,4987464500.0,2117241000.0,3146996000.0,2.859,26.987,-298000000.0,28367000.0,28367000.0,13829000000.0,108000000.0,1.045,3.667,1182044000.0,135154000.0,1046890000.0,1182044000.0,0.0,103000000.0,0.0,0.002,0.125,233000000.0,336000000.0,0.024,336000000.0,233000000.0,158000000.0,2.6,2.4,2.6,1128063000.0,1078085250.0,1128063000.0,4975876275.0,21.0,14.809,-47000000.0,-1.124,1.0,429000000.0,0.03,0.0,75000000.0,4391591000.0,4197211250.0,149901000.0,502613000.0,0.0,502613000.0,4136174000.0,2026323000.0,2109851000.0,3806927275.0,5000000.0,-81000000.0,-3000000.0,69000000.0,-8000000.0,49000000.0,-295000000.0,0.0,251000000.0,0.0,108000000.0,108000000.0,108000000.0,0.0,0.0,0.008,309000000.0,120000000.0,1484729000.0,0.048,3.375,35.249,24.038,1932107000.0,0.0,62.5,0.267,0.183,1623738000.0,133340000.0,14258000000.0,14258000000.0,0.0,0.022,0.1,0.056,0.016,11000000.0,186000000.0,1.0,60910836.0,41800000,45400000.0,341.1,5264237000.0,0.0,50000000.0,317537000.0,125.939,90918000.0
14,DYNIQ,MRY,1997-12-31,1997-12-31,1997-12-31,2020-02-11,0.0,4516903000.0,4351856500.0,2018780000.0,2498123000.0,3.074,16.912,-220003000.0,23047000.0,23047000.0,12993086000.0,-102485000.0,1.152,3.432,1002054000.0,0.0,1002054000.0,1002054000.0,0.0,378916000.0,0.0,0.002,0.125,-101240000.0,277676000.0,0.021,277676000.0,-101240000.0,-164695000.0,-1.7,,-1.7,1019125000.0,1067929000.0,1019125000.0,,,,58586000.0,0.972,1.0,385294000.0,0.029,0.0,63455000.0,3742816000.0,3659513500.0,136485000.0,470477000.0,0.0,470477000.0,3497778000.0,1753094000.0,1744684000.0,4081703879.0,-27162000.0,-743297000.0,-5359000.0,20225000.0,-7925000.0,204984000.0,-510735000.0,0.0,278589000.0,0.0,-102485000.0,-102876000.0,-102876000.0,0.0,0.0,-0.008,528735000.0,-143441000.0,1428923000.0,-0.074,4.005,-39.676,-39.614,1521576000.0,391000.0,67.344,0.305,0.303,1675772000.0,32975000.0,13378380000.0,13378380000.0,0.0,-0.024,-0.096,-0.028,-0.008,0.0,149344000.0,1.0,60609988.0,60261200,66803600.0,222.007,4516903000.0,0.0,-62210000.0,254059000.0,74.955,265686000.0
15,DYNIQ,MRY,1996-12-31,1996-12-31,1996-12-31,2020-02-11,0.0,4186810000.0,,1936721000.0,2250089000.0,,24.47,-97651000.0,50209000.0,50209000.0,6890702000.0,113322000.0,1.25,2.749,988597000.0,0.0,988597000.0,988597000.0,0.0,73176000.0,0.0,0.002,0.125,215847000.0,289023000.0,0.04,289023000.0,215847000.0,169645000.0,2.475,2.075,2.475,1116733000.0,,1116733000.0,,,,-128605000.0,-2.818,1.0,369500000.0,0.051,0.0,46202000.0,3576211000.0,,257005000.0,181688000.0,0.0,181688000.0,3070077000.0,1548987000.0,1521090000.0,,33943000.0,-31589000.0,858000.0,181919000.0,-6740000.0,176037000.0,-111140000.0,0.0,-30954000.0,0.0,113322000.0,113190000.0,113190000.0,0.0,0.0,0.016,175708000.0,193792000.0,1344796000.0,0.051,,,27.778,1691379000.0,132000.0,68.75,,0.432,1518385000.0,143385000.0,7260202000.0,7260202000.0,0.0,,,,0.03,0.0,100032000.0,1.0,,45637200,54439600.0,159.085,4186810000.0,0.0,56323000.0,328280000.0,91.741,387734000.0
16,DYNIQ,MRY,1995-12-31,1995-12-31,1995-12-31,2020-02-11,,,,,,,,-128871000.0,,,3471286000.0,92705000.0,,,,,,,,44913000.0,,0.0,0.0,70154000.0,115067000.0,0.031,115067000.0,70154000.0,37763000.0,1.05,1.0,1.05,,,,,,,-38223000.0,-0.894,1.0,194660000.0,0.053,,32391000.0,,,,,,,,,,,1047000.0,-180724000.0,135725000.0,94550000.0,-9253000.0,221022000.0,-310623000.0,0.0,90648000.0,0.0,44796000.0,44796000.0,44796000.0,0.0,47909000.0,0.012,112970000.0,81690000.0,,0.0,,,71.429,,0.0,75.0,,0.874,,,3665946000.0,3665946000.0,0.0,,,,0.019,0.0,68057000.0,1.0,,42736400,45270400.0,85.78,,,-7033000.0,,,
0,DYNIQ,MRQ,2012-06-30,2012-06-30,2012-06-30,2020-02-11,-48000000.0,119000000.0,,53000000.0,66000000.0,,-0.016,-19000000.0,54000000.0,54000000.0,76000000.0,-1064000000.0,2.208,-60.5,0.0,0.0,0.0,0.0,0.0,29000000.0,0.0,0.0,0.0,-1037000000.0,-1008000000.0,-19.019,-1008000000.0,-1037000000.0,-1064000000.0,-8.65,-8.65,-8.65,-2000000.0,,-2000000.0,1384506922.0,0.0,-0.53,-97000000.0,-0.789,1.0,-23000000.0,-0.434,0.0,27000000.0,41000000.0,,0.0,63000000.0,0.0,63000000.0,121000000.0,24000000.0,97000000.0,72506922.0,-359000000.0,-256000000.0,0.0,-1000000.0,0.0,-1000000.0,-280000000.0,-3000000.0,-78000000.0,0.0,-1064000000.0,-1064000000.0,-1064000000.0,0.0,0.0,-20.075,1013000000.0,-1036000000.0,0.0,0.0,-36.253,-0.028,-0.028,0.0,0.0,0.59,0.074,0.074,1000000.0,-5963000000.0,53000000.0,53000000.0,0.0,,,,,0.0,44000000.0,1.0,122893088.0,123000000,123000000.0,0.431,119000000.0,0.0,0.0,0.0,0.967,29000000.0
1,DYNIQ,MRQ,2012-03-31,2012-03-31,2012-03-31,2020-02-11,-50000000.0,4112000000.0,,742000000.0,3370000000.0,,8.61,-23000000.0,524000000.0,524000000.0,125000000.0,-58000000.0,3.71,2.883,1836000000.0,4000000.0,1832000000.0,1836000000.0,0.0,51000000.0,0.0,0.0,0.0,-21000000.0,30000000.0,0.169,30000000.0,-21000000.0,-58000000.0,-0.47,-0.47,-0.47,1059000000.0,,1059000000.0,1338820129.0,-1.0,-0.823,-43000000.0,-0.35,1.0,52000000.0,0.294,0.0,37000000.0,5224000000.0,,70000000.0,0.0,0.0,0.0,3053000000.0,200000000.0,2853000000.0,68820129.0,14000000.0,0.0,0.0,-1000000.0,0.0,-1000000.0,35000000.0,58000000.0,-20000000.0,0.0,-58000000.0,-58000000.0,-58000000.0,0.0,0.0,-0.328,73000000.0,-21000000.0,899000000.0,0.0,0.065,-0.042,-0.042,3314000000.0,0.0,0.56,0.055,0.055,35000000.0,-4899000000.0,177000000.0,177000000.0,0.0,,,,,0.0,23000000.0,1.0,122893088.0,123000000,123000000.0,1.439,4112000000.0,0.0,0.0,0.0,33.431,542000000.0
2,DYNIQ,MRQ,2011-12-31,2011-12-31,2011-12-31,2020-02-11,-53000000.0,4127000000.0,,672000000.0,3455000000.0,,9.115,-57000000.0,568000000.0,568000000.0,232000000.0,-1377000000.0,4.226,2.711,1838000000.0,4000000.0,1834000000.0,1838000000.0,0.0,55000000.0,0.0,0.0,0.0,-1753000000.0,-1698000000.0,-7.134,-1698000000.0,-1753000000.0,-1825000000.0,-11.28,-11.28,-11.28,1112000000.0,,1112000000.0,3874908850.0,-2.0,-2.462,-127000000.0,-1.041,1.0,6000000.0,0.025,0.0,72000000.0,5238000000.0,,57000000.0,0.0,0.0,0.0,3015000000.0,159000000.0,2856000000.0,339908850.0,-485000000.0,-303000000.0,0.0,-3000000.0,0.0,-2000000.0,-413000000.0,-142000000.0,-70000000.0,0.0,-1377000000.0,-1377000000.0,-1377000000.0,0.0,0.0,-5.786,92000000.0,-86000000.0,911000000.0,0.0,0.306,-0.207,-0.205,3334000000.0,0.0,2.77,0.214,0.213,53000000.0,-4841000000.0,238000000.0,238000000.0,0.0,,,,,0.0,38000000.0,1.0,122710776.0,122000000,122000000.0,1.951,4127000000.0,5000000.0,-448000000.0,5000000.0,33.828,513000000.0
3,DYNIQ,MRQ,2011-09-30,2011-09-30,2011-09-30,2020-02-11,-50000000.0,11106000000.0,,3580000000.0,7526000000.0,,20.385,-57000000.0,1678000000.0,1678000000.0,405000000.0,-75000000.0,0.593,3.466,5213000000.0,3557000000.0,1656000000.0,5213000000.0,0.0,82000000.0,0.0,0.0,0.0,-16000000.0,66000000.0,0.128,66000000.0,-16000000.0,-123000000.0,-0.61,-0.61,-0.61,2487000000.0,,2487000000.0,4278432291.0,-12.0,62.006,79000000.0,0.648,1.0,111000000.0,0.215,104000000.0,107000000.0,8502000000.0,,105000000.0,0.0,0.0,0.0,8619000000.0,6035000000.0,2584000000.0,504432291.0,482000000.0,0.0,0.0,92000000.0,0.0,92000000.0,254000000.0,310000000.0,136000000.0,0.0,-75000000.0,-75000000.0,-75000000.0,0.0,0.0,-0.145,106000000.0,5000000.0,166000000.0,0.0,0.203,-1.168,-1.154,6178000000.0,0.0,4.12,0.281,0.28,180000000.0,-3464000000.0,516000000.0,516000000.0,0.0,,,,,0.0,32000000.0,1.0,122435022.0,122000000,122000000.0,4.23,11002000000.0,4000000.0,-48000000.0,454000000.0,90.18,-2455000000.0
4,DYNIQ,MRQ,2011-06-30,2011-06-30,2011-06-30,2020-02-11,-51000000.0,9863000000.0,,3017000000.0,6846000000.0,,20.975,-62000000.0,1286000000.0,1286000000.0,331000000.0,-116000000.0,1.312,2.854,5060000000.0,1008000000.0,4052000000.0,5060000000.0,0.0,79000000.0,0.0,0.0,0.0,-103000000.0,-24000000.0,-0.074,-24000000.0,-103000000.0,-192000000.0,-0.95,-0.95,-0.95,2559000000.0,,2559000000.0,4282018609.0,-15.0,27.626,-231000000.0,-1.893,1.0,-5000000.0,-0.015,116000000.0,89000000.0,11222000000.0,,125000000.0,106000000.0,106000000.0,0.0,7304000000.0,2299000000.0,5005000000.0,756018609.0,71000000.0,0.0,2000000.0,286000000.0,0.0,288000000.0,-48000000.0,8000000.0,-169000000.0,0.0,-116000000.0,-116000000.0,-116000000.0,0.0,0.0,-0.356,101000000.0,-106000000.0,111000000.0,0.0,0.295,-1.984,-1.959,6201000000.0,0.0,6.19,0.368,0.367,169000000.0,-3389000000.0,326000000.0,326000000.0,0.0,,,,,0.0,25000000.0,1.0,122135478.0,122000000,122000000.0,2.672,9747000000.0,12000000.0,-76000000.0,509000000.0,79.893,718000000.0
5,DYNIQ,MRQ,2011-03-31,2011-03-31,2011-03-31,2020-02-11,-52000000.0,9819000000.0,,2930000000.0,6889000000.0,,22.074,-66000000.0,1248000000.0,1248000000.0,388000000.0,-77000000.0,1.176,2.676,4774000000.0,1153000000.0,3621000000.0,4774000000.0,0.0,130000000.0,0.0,0.0,0.0,-48000000.0,82000000.0,0.162,82000000.0,-48000000.0,-137000000.0,-0.64,-0.64,-0.64,2671000000.0,,2671000000.0,4230888322.0,-10.0,96.157,17000000.0,0.14,1.0,117000000.0,0.232,129000000.0,89000000.0,10724000000.0,,130000000.0,76000000.0,76000000.0,0.0,7148000000.0,2492000000.0,4656000000.0,687888322.0,37000000.0,0.0,1000000.0,0.0,0.0,1000000.0,-47000000.0,15000000.0,83000000.0,0.0,-77000000.0,-77000000.0,-77000000.0,0.0,0.0,-0.152,166000000.0,-49000000.0,128000000.0,0.0,0.258,-1.509,-1.497,6215000000.0,0.0,5.69,0.349,0.349,180000000.0,-3273000000.0,505000000.0,505000000.0,0.0,,,,,0.0,40000000.0,1.0,120894257.0,121000000,121000000.0,4.174,9690000000.0,12000000.0,-60000000.0,584000000.0,80.083,438000000.0
6,DYNIQ,MRQ,2010-12-31,2010-12-31,2010-12-31,2020-02-11,-53000000.0,10013000000.0,,2244000000.0,7769000000.0,,22.883,-63000000.0,1231000000.0,1231000000.0,417000000.0,-164000000.0,1.434,2.646,4774000000.0,148000000.0,4626000000.0,4774000000.0,0.0,135000000.0,0.0,0.0,0.0,-190000000.0,-55000000.0,-0.122,-55000000.0,-190000000.0,-281000000.0,-1.37,-1.37,-1.37,2746000000.0,,2746000000.0,4006425724.0,-59.0,11.784,-310000000.0,-2.583,1.0,34000000.0,0.075,141000000.0,91000000.0,11850000000.0,,121000000.0,106000000.0,106000000.0,0.0,7267000000.0,1565000000.0,5702000000.0,679425724.0,-200000000.0,0.0,0.0,-33000000.0,0.0,-33000000.0,80000000.0,147000000.0,-247000000.0,0.0,-164000000.0,-164000000.0,-164000000.0,0.0,0.0,-0.364,197000000.0,-163000000.0,134000000.0,0.0,0.247,-2.904,-2.882,6273000000.0,0.0,5.62,0.292,0.29,231000000.0,-3196000000.0,451000000.0,451000000.0,0.0,,,,,0.0,53000000.0,1.0,120894257.0,120000000,121000000.0,3.758,9872000000.0,12000000.0,-117000000.0,641000000.0,82.267,679000000.0
7,DYNIQ,MRQ,2010-09-30,2010-09-30,2010-09-30,2020-02-11,-70000000.0,11121000000.0,,2978000000.0,8143000000.0,,24.083,-69000000.0,1480000000.0,1480000000.0,444000000.0,-24000000.0,1.402,2.848,4807000000.0,146000000.0,4661000000.0,4807000000.0,0.0,101000000.0,0.0,0.0,0.0,51000000.0,152000000.0,0.196,152000000.0,51000000.0,-41000000.0,-0.2,-0.2,-0.2,2890000000.0,,2890000000.0,4165320807.0,-14.0,74.381,233000000.0,1.942,1.0,331000000.0,0.427,153000000.0,92000000.0,12171000000.0,,121000000.0,182000000.0,182000000.0,0.0,8231000000.0,2124000000.0,6107000000.0,587320807.0,209000000.0,0.0,0.0,0.0,0.0,0.0,-93000000.0,-24000000.0,302000000.0,0.0,-24000000.0,-24000000.0,-24000000.0,0.0,0.0,-0.031,281000000.0,50000000.0,192000000.0,0.0,0.203,-1.382,-1.697,6364000000.0,0.0,4.87,0.254,0.253,203000000.0,-3032000000.0,775000000.0,775000000.0,0.0,,,,,0.0,51000000.0,1.0,120599755.0,120000000,121000000.0,6.458,10968000000.0,25000000.0,-17000000.0,757000000.0,91.4,854000000.0
8,DYNIQ,MRQ,2010-06-30,2010-06-30,2010-06-30,2020-02-11,-71000000.0,10596000000.0,,2359000000.0,8237000000.0,,24.25,-100000000.0,1228000000.0,1228000000.0,349000000.0,-191000000.0,1.509,2.641,4806000000.0,146000000.0,4660000000.0,4806000000.0,0.0,93000000.0,0.0,0.0,0.0,-228000000.0,-135000000.0,-0.565,-135000000.0,-228000000.0,-319000000.0,-1.59,-1.59,-1.59,2910000000.0,,2910000000.0,3642313601.0,-8.0,-26.586,-190000000.0,-1.583,1.0,-110000000.0,-0.46,165000000.0,91000000.0,12446000000.0,,136000000.0,219000000.0,219000000.0,0.0,7686000000.0,1563000000.0,6123000000.0,463313601.0,-406000000.0,-15000000.0,0.0,-36000000.0,0.0,-36000000.0,-280000000.0,-200000000.0,-90000000.0,0.0,-191000000.0,-191000000.0,-191000000.0,0.0,0.0,-0.799,119000000.0,-229000000.0,146000000.0,0.0,0.159,-0.756,-0.98,6529000000.0,0.0,3.85,0.21,0.209,199000000.0,-3009000000.0,239000000.0,239000000.0,0.0,,,,,0.0,28000000.0,1.0,120341195.0,120000000,121000000.0,1.992,10431000000.0,7000000.0,-128000000.0,759000000.0,86.925,796000000.0
9,DYNIQ,MRQ,2010-03-31,2010-03-31,2010-03-31,2020-02-11,-71000000.0,11457000000.0,,3097000000.0,8360000000.0,,25.85,-101000000.0,1659000000.0,1659000000.0,421000000.0,145000000.0,1.563,2.693,4838000000.0,63000000.0,4775000000.0,4838000000.0,0.0,79000000.0,0.0,0.0,0.0,299000000.0,378000000.0,0.441,378000000.0,299000000.0,210000000.0,1.21,1.2,1.21,3102000000.0,,3102000000.0,5221407406.0,-7.0,-14.585,357000000.0,2.975,1.0,437000000.0,0.509,177000000.0,89000000.0,12477000000.0,,138000000.0,114000000.0,114000000.0,0.0,8355000000.0,1982000000.0,6373000000.0,1065407406.0,217000000.0,0.0,0.0,0.0,0.0,0.0,-241000000.0,-114000000.0,458000000.0,0.0,145000000.0,145000000.0,145000000.0,-1000000.0,0.0,0.169,106000000.0,331000000.0,128000000.0,0.0,0.343,-1.389,-1.435,6522000000.0,0.0,6.3,0.44,0.312,166000000.0,-2818000000.0,858000000.0,858000000.0,0.0,,,,,0.0,31000000.0,1.0,169112287.0,120000000,121000000.0,7.15,11280000000.0,7000000.0,65000000.0,878000000.0,94.0,1115000000.0
10,DYNIQ,MRQ,2009-12-31,2009-12-31,2009-12-31,2020-02-11,-150000000.0,10953000000.0,,2038000000.0,8915000000.0,,19.092,-183000000.0,1426000000.0,1426000000.0,413000000.0,-356000000.0,1.103,2.748,5582000000.0,807000000.0,4775000000.0,5582000000.0,0.0,80000000.0,0.0,0.0,0.0,-419000000.0,-339000000.0,-0.769,-339000000.0,-419000000.0,-523000000.0,-2.29,-2.29,-2.29,2902000000.0,,2902000000.0,5741466194.0,-5.0,-7.286,-352000000.0,-2.316,1.0,28000000.0,0.063,380000000.0,104000000.0,12882000000.0,,141000000.0,9000000.0,9000000.0,0.0,7974000000.0,1847000000.0,6127000000.0,1530466194.0,-232000000.0,547000000.0,0.0,-655000000.0,0.0,-655000000.0,592000000.0,21000000.0,-169000000.0,0.0,-355000000.0,-355000000.0,-355000000.0,81000000.0,-1000000.0,-0.805,238000000.0,-210000000.0,181000000.0,0.0,0.527,-1.227,-1.191,7117000000.0,0.0,9.05,0.62,0.601,214000000.0,-2937000000.0,441000000.0,441000000.0,0.0,,,,,0.0,34000000.0,1.0,169112287.0,152000000,153000000.0,2.901,10573000000.0,6000000.0,-168000000.0,780000000.0,69.559,191000000.0
11,DYNIQ,MRQ,2009-09-30,2009-09-30,2009-09-30,2020-02-11,-179000000.0,13024000000.0,,3774000000.0,9250000000.0,,21.833,-126000000.0,1982000000.0,1982000000.0,407000000.0,-223000000.0,2.617,2.53,6193000000.0,65000000.0,6128000000.0,6193000000.0,0.0,90000000.0,0.0,0.0,0.0,-131000000.0,-41000000.0,-0.061,-41000000.0,-131000000.0,-246000000.0,-1.26,-1.26,-1.26,3668000000.0,,3668000000.0,6470671276.0,-10.0,-22.546,118000000.0,0.702,1.0,266000000.0,0.395,399000000.0,115000000.0,15394000000.0,,157000000.0,2000000.0,2000000.0,0.0,9279000000.0,1442000000.0,7837000000.0,2154671276.0,109000000.0,0.0,0.0,-7000000.0,0.0,-7000000.0,-128000000.0,-2000000.0,244000000.0,0.0,-212000000.0,-212000000.0,-212000000.0,129000000.0,-11000000.0,-0.315,273000000.0,-7000000.0,231000000.0,0.0,0.587,-2.397,-2.374,7015000000.0,0.0,12.75,0.769,0.765,262000000.0,-2582000000.0,673000000.0,673000000.0,0.0,,,,,0.0,42000000.0,1.0,168993826.0,168000000,169000000.0,4.006,12625000000.0,4000000.0,-34000000.0,953000000.0,75.149,2332000000.0
12,DYNIQ,MRQ,2009-06-30,2009-06-30,2009-06-30,2020-02-11,-183000000.0,13540000000.0,,2863000000.0,10677000000.0,,23.048,-165000000.0,1872000000.0,1872000000.0,400000000.0,-346000000.0,1.68,2.483,6188000000.0,93000000.0,6095000000.0,6188000000.0,0.0,95000000.0,0.0,0.0,0.0,-451000000.0,-356000000.0,-0.791,-356000000.0,-451000000.0,-549000000.0,-2.05,-2.05,-2.05,3872000000.0,,3872000000.0,6079392257.0,11.0,6.406,-270000000.0,-1.607,1.0,50000000.0,0.111,418000000.0,98000000.0,15734000000.0,,179000000.0,2000000.0,2000000.0,0.0,9616000000.0,1704000000.0,7912000000.0,1916392257.0,-128000000.0,105000000.0,0.0,29000000.0,0.0,29000000.0,-52000000.0,-27000000.0,-105000000.0,0.0,-345000000.0,-345000000.0,-345000000.0,-2000000.0,-1000000.0,-0.767,521000000.0,-471000000.0,191000000.0,0.0,0.495,-23.371,-22.255,8545000000.0,0.0,11.35,0.493,0.491,260000000.0,-2370000000.0,450000000.0,450000000.0,0.0,,,,,0.0,45000000.0,1.0,168845133.0,168000000,169000000.0,2.679,13122000000.0,4000000.0,-204000000.0,1060000000.0,78.107,1159000000.0
13,DYNIQ,MRQ,2009-03-31,2009-03-31,2009-03-31,2020-02-11,-212000000.0,14131000000.0,,3136000000.0,10995000000.0,,24.875,-138000000.0,1999000000.0,1999000000.0,493000000.0,-337000000.0,1.728,2.378,6162000000.0,64000000.0,6098000000.0,6162000000.0,0.0,94000000.0,0.0,0.0,0.0,-146000000.0,-52000000.0,-0.058,-52000000.0,-146000000.0,-244000000.0,-2.0,-2.0,-2.0,4184000000.0,,4184000000.0,5387570447.0,8.0,5.136,27000000.0,0.161,1.0,411000000.0,0.455,438000000.0,98000000.0,16041000000.0,,185000000.0,8000000.0,8000000.0,0.0,9951000000.0,1815000000.0,8136000000.0,1189570447.0,29000000.0,1000000.0,0.0,25000000.0,0.0,25000000.0,-161000000.0,8000000.0,165000000.0,0.0,-335000000.0,-335000000.0,-335000000.0,14000000.0,-2000000.0,-0.371,557000000.0,-146000000.0,158000000.0,0.0,0.284,-132.174,-117.5,8854000000.0,0.0,7.05,0.316,0.315,239000000.0,-2025000000.0,904000000.0,904000000.0,0.0,,,,,0.0,38000000.0,1.0,168733397.0,168200000,168600000.0,5.375,13693000000.0,0.0,91000000.0,1244000000.0,81.409,1321000000.0
14,DYNIQ,MRQ,2008-12-31,2008-12-31,2008-12-31,2020-02-11,-215000000.0,14213000000.0,,2803000000.0,11410000000.0,,26.875,-151000000.0,1938000000.0,1938000000.0,489000000.0,-7000000.0,1.647,2.155,6136000000.0,64000000.0,6072000000.0,6136000000.0,0.0,95000000.0,0.0,0.0,0.0,67000000.0,162000000.0,0.209,162000000.0,67000000.0,-38000000.0,-0.06,-0.06,-0.06,4515000000.0,,4515000000.0,5748811844.0,8.0,5.388,-229000000.0,-1.363,1.0,285000000.0,0.368,870000000.0,105000000.0,15839000000.0,,184000000.0,40000000.0,25000000.0,15000000.0,9728000000.0,1702000000.0,8026000000.0,1685811844.0,-57000000.0,-6000000.0,0.0,15000000.0,0.0,15000000.0,6000000.0,110000000.0,-78000000.0,0.0,-7000000.0,-7000000.0,-7000000.0,30000000.0,0.0,-0.009,120000000.0,165000000.0,303000000.0,0.0,0.373,9.689,9.615,8934000000.0,0.0,10.0,0.507,0.505,345000000.0,-1690000000.0,774000000.0,774000000.0,0.0,,,,,0.0,31000000.0,1.0,168581184.0,168000000,166800000.0,4.607,13343000000.0,6000000.0,-31000000.0,1166000000.0,79.423,1101000000.0
15,DYNIQ,MRQ,2008-09-30,2008-09-30,2008-09-30,2020-02-11,-52000000.0,14202000000.0,,2722000000.0,11480000000.0,,27.851,-161000000.0,2058000000.0,2058000000.0,620000000.0,604000000.0,1.72,2.034,6121000000.0,57000000.0,6064000000.0,6121000000.0,0.0,93000000.0,0.0,0.0,0.0,1102000000.0,1195000000.0,0.679,1195000000.0,1102000000.0,997000000.0,3.6,3.6,3.6,4679000000.0,,4679000000.0,7525437689.0,10.0,6.823,204000000.0,1.214,1.0,1139000000.0,0.648,884000000.0,105000000.0,15798000000.0,,164000000.0,187000000.0,125000000.0,62000000.0,9516000000.0,1583000000.0,7933000000.0,3016437689.0,479000000.0,368000000.0,0.0,42000000.0,0.0,45000000.0,69000000.0,-138000000.0,365000000.0,0.0,605000000.0,605000000.0,605000000.0,-32000000.0,-1000000.0,0.344,76000000.0,1063000000.0,323000000.0,0.0,0.645,22.344,25.571,8886000000.0,0.0,17.9,0.954,0.951,354000000.0,-1683000000.0,1759000000.0,1759000000.0,0.0,,,,,0.0,48000000.0,1.0,168516072.0,168000000,168400000.0,10.47,13318000000.0,17000000.0,392000000.0,1319000000.0,79.274,1139000000.0
16,DYNIQ,MRQ,2008-06-30,2008-06-30,2008-06-30,2020-02-11,-42000000.0,16528000000.0,,5055000000.0,11473000000.0,,24.286,-168000000.0,1567000000.0,1567000000.0,581000000.0,-274000000.0,1.097,3.047,6076000000.0,57000000.0,6019000000.0,6076000000.0,0.0,94000000.0,0.0,0.0,0.0,-350000000.0,-256000000.0,-0.795,-256000000.0,-350000000.0,-458000000.0,-1.6,-1.6,-1.6,4080000000.0,,4080000000.0,11461062696.0,521.0,28.869,-282000000.0,-1.679,1.0,-259000000.0,-0.804,903000000.0,108000000.0,15527000000.0,,172000000.0,62000000.0,0.0,62000000.0,12430000000.0,4607000000.0,7823000000.0,7200062696.0,-158000000.0,32000000.0,2000000.0,39000000.0,0.0,38000000.0,-82000000.0,28000000.0,-114000000.0,0.0,-272000000.0,-272000000.0,-272000000.0,0.0,-2000000.0,-0.845,105000000.0,-364000000.0,412000000.0,0.0,1.765,-28.8,-26.719,8853000000.0,0.0,42.75,2.939,2.931,481000000.0,-2288000000.0,322000000.0,322000000.0,0.0,,,,,0.0,39000000.0,1.0,168422519.0,168000000,168400000.0,1.917,15625000000.0,6000000.0,-186000000.0,919000000.0,93.006,448000000.0
17,DYNIQ,MRQ,2008-03-31,2008-03-31,2008-03-31,2020-02-11,-36000000.0,14823000000.0,,3188000000.0,11635000000.0,,25.924,-131000000.0,1779000000.0,1779000000.0,562000000.0,-152000000.0,1.198,2.405,6040000000.0,51000000.0,5989000000.0,6040000000.0,0.0,94000000.0,0.0,0.0,0.0,-139000000.0,-45000000.0,-0.083,-45000000.0,-139000000.0,-248000000.0,-0.9,-0.9,-0.9,4350000000.0,,4350000000.0,10968378742.0,20.0,11.769,15000000.0,0.089,1.0,-19000000.0,-0.035,919000000.0,109000000.0,15505000000.0,,185000000.0,71000000.0,0.0,71000000.0,10462000000.0,2660000000.0,7802000000.0,6631378742.0,101000000.0,51000000.0,0.0,51000000.0,0.0,50000000.0,-95000000.0,0.0,146000000.0,0.0,-152000000.0,-152000000.0,-152000000.0,0.0,0.0,-0.28,131000000.0,-150000000.0,298000000.0,0.0,1.524,67.667,87.667,9060000000.0,0.0,39.45,2.243,2.239,388000000.0,-2016000000.0,543000000.0,543000000.0,0.0,,,,,0.0,39000000.0,1.0,168095786.0,167800000,168200000.0,3.236,13904000000.0,122000000.0,-96000000.0,1222000000.0,82.861,528000000.0
18,DYNIQ,MRQ,2007-12-31,2007-12-31,2007-12-31,2020-02-11,-25000000.0,13221000000.0,,1663000000.0,11558000000.0,,26.663,-143000000.0,1653000000.0,1653000000.0,398000000.0,-39000000.0,1.665,1.929,5990000000.0,51000000.0,5939000000.0,5990000000.0,0.0,94000000.0,0.0,0.0,0.0,115000000.0,209000000.0,0.388,209000000.0,115000000.0,-1000000.0,-0.4,-0.4,-0.4,4506000000.0,,4506000000.0,10253607811.0,13.0,9.147,-168000000.0,-0.994,1.0,141000000.0,0.262,935000000.0,116000000.0,15624000000.0,,199000000.0,79000000.0,0.0,79000000.0,8692000000.0,999000000.0,7693000000.0,5999607811.0,-310000000.0,102000000.0,0.0,33000000.0,0.0,29000000.0,-314000000.0,598000000.0,-25000000.0,0.0,-46000000.0,-46000000.0,-46000000.0,-35000000.0,7000000.0,-0.085,75000000.0,66000000.0,292000000.0,0.0,1.331,22.726,20.4,9017000000.0,0.0,35.7,2.056,1.84,427000000.0,-1864000000.0,539000000.0,539000000.0,0.0,,,,,0.0,40000000.0,1.0,168056241.0,169000000,169400000.0,3.189,12286000000.0,51000000.0,45000000.0,1250000000.0,72.698,664000000.0
19,DYNIQ,MRQ,2007-09-30,2007-09-30,2007-09-30,2020-02-11,-16000000.0,13404000000.0,,2110000000.0,11294000000.0,,27.231,-83000000.0,1690000000.0,1690000000.0,649000000.0,220000000.0,1.693,1.947,5944000000.0,53000000.0,5891000000.0,5944000000.0,0.0,93000000.0,0.0,0.0,0.0,396000000.0,489000000.0,0.467,489000000.0,396000000.0,279000000.0,1.3,1.3,1.3,4553000000.0,,4553000000.0,12596250516.0,18.0,12.814,126000000.0,0.754,1.0,397000000.0,0.38,853000000.0,117000000.0,15559000000.0,,197000000.0,96000000.0,0.0,96000000.0,8865000000.0,1246000000.0,7619000000.0,7761250515.0,315000000.0,462000000.0,3000000.0,-264000000.0,0.0,-264000000.0,370000000.0,-9000000.0,209000000.0,0.0,220000000.0,220000000.0,220000000.0,-124000000.0,0.0,0.21,150000000.0,247000000.0,307000000.0,0.0,1.705,30.799,34.222,8975000000.0,0.0,46.2,2.851,2.838,386000000.0,-1818000000.0,1046000000.0,1046000000.0,0.0,,,,,0.0,62000000.0,1.0,167992435.0,167200000,167600000.0,6.256,12551000000.0,28000000.0,59000000.0,1087000000.0,75.066,864000000.0
20,DYNIQ,MRQ,2007-06-30,2007-06-30,2007-06-30,2020-02-11,-18000000.0,13324000000.0,,2024000000.0,11300000000.0,,26.099,-119000000.0,1359000000.0,1359000000.0,510000000.0,76000000.0,1.791,2.087,6194000000.0,54000000.0,6140000000.0,6194000000.0,0.0,89000000.0,0.0,0.0,0.0,190000000.0,279000000.0,0.337,279000000.0,190000000.0,106000000.0,0.45,0.45,0.45,4322000000.0,,4322000000.0,10523307477.0,37.0,19.238,-6000000.0,-0.036,1.0,318000000.0,0.384,927000000.0,84000000.0,16102000000.0,,193000000.0,86000000.0,0.0,86000000.0,9018000000.0,1130000000.0,7888000000.0,7922307477.0,-46000000.0,-130000000.0,1000000.0,688000000.0,0.0,688000000.0,-847000000.0,-598000000.0,113000000.0,0.0,76000000.0,76000000.0,76000000.0,-9000000.0,0.0,0.092,136000000.0,182000000.0,330000000.0,0.0,1.833,-214.116,-72.615,8973000000.0,0.0,47.2,3.627,3.579,431000000.0,-2038000000.0,828000000.0,828000000.0,0.0,,,,,0.0,48000000.0,1.0,167845497.0,165600000,166000000.0,5.0,12397000000.0,118000000.0,30000000.0,1105000000.0,74.861,894000000.0
21,DYNIQ,MRQ,2007-03-31,2007-03-31,2007-03-31,2020-02-11,-6000000.0,7207000000.0,,1669000000.0,5538000000.0,,22.349,-34000000.0,640000000.0,640000000.0,319000000.0,14000000.0,2.081,2.251,3241000000.0,54000000.0,3187000000.0,3241000000.0,0.0,57000000.0,0.0,0.0,0.0,87000000.0,144000000.0,0.285,144000000.0,87000000.0,20000000.0,0.15,0.15,0.15,2217000000.0,,2217000000.0,7219421094.0,-59.0,53.084,10000000.0,0.101,1.0,186000000.0,0.368,332000000.0,67000000.0,8674000000.0,,182000000.0,82000000.0,0.0,82000000.0,4990000000.0,802000000.0,4188000000.0,4612421094.0,-2000000.0,-1000000.0,0.0,-19000000.0,0.0,-20000000.0,-26000000.0,9000000.0,44000000.0,0.0,14000000.0,14000000.0,14000000.0,2000000.0,0.0,0.028,105000000.0,81000000.0,172000000.0,0.0,2.08,-14.236,-13.229,4866000000.0,0.0,46.3,2.658,2.647,286000000.0,-2114000000.0,505000000.0,505000000.0,0.0,,,,,0.0,53000000.0,1.0,99620326.0,99200000,99600000.0,5.091,6875000000.0,147000000.0,6000000.0,516000000.0,69.304,867000000.0
22,DYNIQ,MRQ,2006-12-31,2006-12-31,2006-12-31,2020-02-11,67000000.0,7537000000.0,,1989000000.0,5548000000.0,,22.761,-63000000.0,734000000.0,734000000.0,229000000.0,-58000000.0,1.706,2.325,3258000000.0,68000000.0,3190000000.0,3258000000.0,0.0,59000000.0,0.0,0.0,0.0,12000000.0,71000000.0,0.207,71000000.0,12000000.0,-60000000.0,-0.55,-0.55,-0.55,2267000000.0,,2267000000.0,6351162304.0,-62.0,39.205,-77000000.0,-0.773,1.0,114000000.0,0.332,347000000.0,72000000.0,8548000000.0,,194000000.0,0.0,0.0,0.0,5270000000.0,1166000000.0,4104000000.0,3606162304.0,-17000000.0,366000000.0,0.0,-150000000.0,0.0,-148000000.0,145000000.0,-290000000.0,-14000000.0,0.0,-58000000.0,-58000000.0,-58000000.0,7000000.0,0.0,-0.169,101000000.0,13000000.0,172000000.0,0.0,1.591,-10.544,-9.653,4951000000.0,0.0,36.2,2.037,1.877,258000000.0,-2135000000.0,343000000.0,343000000.0,0.0,,,,,0.0,36000000.0,1.0,99617743.0,99600000,100000000.0,3.444,7190000000.0,105000000.0,-2000000.0,469000000.0,72.189,823000000.0
23,DYNIQ,MRQ,2006-09-30,2006-09-30,2006-09-30,2020-02-11,59000000.0,7507000000.0,,1616000000.0,5891000000.0,,23.374,-33000000.0,665000000.0,665000000.0,319000000.0,-69000000.0,1.82,2.244,3410000000.0,48000000.0,3362000000.0,3410000000.0,0.0,58000000.0,0.0,0.0,0.0,-5000000.0,53000000.0,0.104,53000000.0,-5000000.0,-110000000.0,-0.7,-0.7,-0.7,2314000000.0,,2314000000.0,5621113195.0,48.0,14.231,155000000.0,1.566,1.0,189000000.0,0.372,362000000.0,105000000.0,9002000000.0,,197000000.0,89000000.0,0.0,89000000.0,5193000000.0,888000000.0,4305000000.0,2757113195.0,30000000.0,12000000.0,1000000.0,-97000000.0,0.0,-100000000.0,-58000000.0,-37000000.0,188000000.0,0.0,-69000000.0,-69000000.0,-69000000.0,-2000000.0,0.0,-0.136,209000000.0,-20000000.0,215000000.0,0.0,1.191,306.346,39.571,5005000000.0,0.0,27.7,1.521,1.513,285000000.0,-2077000000.0,508000000.0,508000000.0,0.0,,,,,0.0,59000000.0,1.0,99534772.0,99000000,99400000.0,5.131,7145000000.0,29000000.0,-41000000.0,440000000.0,72.172,728000000.0
24,DYNIQ,MRQ,2006-06-30,2006-06-30,2006-06-30,2020-02-11,20000000.0,7689000000.0,,1671000000.0,6018000000.0,,26.482,-41000000.0,597000000.0,597000000.0,249000000.0,-207000000.0,1.726,2.284,3461000000.0,70000000.0,3391000000.0,3461000000.0,0.0,85000000.0,0.0,0.0,0.0,-217000000.0,-132000000.0,-0.348,-132000000.0,-217000000.0,-324000000.0,-2.4,-2.4,-2.4,2341000000.0,,2341000000.0,4718239179.0,20.0,9.197,-98000000.0,-1.109,1.0,130000000.0,0.343,376000000.0,107000000.0,9209000000.0,,216000000.0,87000000.0,0.0,87000000.0,5348000000.0,968000000.0,4380000000.0,2203239179.0,-1333000000.0,-159000000.0,179000000.0,-612000000.0,-6000000.0,-1078000000.0,-198000000.0,5000000.0,-57000000.0,0.0,-207000000.0,-211000000.0,-211000000.0,0.0,0.0,-0.557,110000000.0,20000000.0,246000000.0,0.0,0.941,21.814,16.088,5138000000.0,4000000.0,27.35,1.062,1.165,343000000.0,-2008000000.0,379000000.0,379000000.0,0.0,,,,,0.0,50000000.0,1.0,80557191.0,88400000,102600000.0,4.287,7313000000.0,18000000.0,-117000000.0,440000000.0,82.726,703000000.0
25,DYNIQ,MRQ,2006-03-31,2006-03-31,2006-03-31,2020-02-11,8000000.0,8870000000.0,,2759000000.0,6111000000.0,,26.738,-18000000.0,1769000000.0,1769000000.0,409000000.0,1000000.0,2.795,2.96,4284000000.0,70000000.0,4214000000.0,4284000000.0,0.0,63000000.0,0.0,0.0,0.0,102000000.0,165000000.0,0.275,165000000.0,102000000.0,4000000.0,-0.05,-0.05,-0.05,2139000000.0,,2139000000.0,4280243354.0,8.0,5.37,-329000000.0,-4.112,1.0,191000000.0,0.318,391000000.0,98000000.0,10007000000.0,,209000000.0,89000000.0,0.0,89000000.0,6331000000.0,987000000.0,5344000000.0,1927243354.0,142000000.0,165000000.0,3000000.0,0.0,-11000000.0,-16000000.0,469000000.0,322000000.0,-311000000.0,0.0,1000000.0,-4000000.0,-4000000.0,0.0,0.0,-0.007,112000000.0,79000000.0,237000000.0,0.0,0.901,5.822,5.517,5366000000.0,5000000.0,24.0,0.894,0.891,330000000.0,-1797000000.0,600000000.0,600000000.0,0.0,,,,,0.0,51000000.0,1.0,80301806.0,80000000,105200000.0,7.5,8479000000.0,20000000.0,3000000.0,570000000.0,105.987,1772000000.0
26,DYNIQ,MRQ,2005-12-31,2005-12-31,2005-12-31,2020-02-11,4000000.0,10126000000.0,,3706000000.0,6420000000.0,,26.817,-63000000.0,1946000000.0,1946000000.0,644000000.0,298000000.0,1.751,3.545,4299000000.0,71000000.0,4228000000.0,4299000000.0,0.0,71000000.0,0.0,0.0,0.0,238000000.0,309000000.0,0.948,309000000.0,238000000.0,133000000.0,3.85,3.85,3.85,2140000000.0,,2140000000.0,6786235947.0,79.0,18.644,85000000.0,1.065,1.0,-318000000.0,-0.975,392000000.0,105000000.0,9971000000.0,,214000000.0,355000000.0,0.0,355000000.0,7586000000.0,2116000000.0,5470000000.0,1944235947.0,1344000000.0,2382000000.0,0.0,-792000000.0,0.0,-800000000.0,1996000000.0,26000000.0,148000000.0,0.0,298000000.0,293000000.0,293000000.0,-686000000.0,0.0,0.899,130000000.0,-448000000.0,550000000.0,0.0,0.909,28.592,26.889,5323000000.0,5000000.0,24.2,0.964,0.929,640000000.0,-1793000000.0,326000000.0,326000000.0,0.0,,,,,0.0,47000000.0,1.0,80340328.0,79800000,105000000.0,4.085,9734000000.0,17000000.0,-165000000.0,558000000.0,121.98,1590000000.0
27,DYNIQ,MRQ,2005-09-30,2005-09-30,2005-09-30,2020-02-11,-28000000.0,11651000000.0,,3883000000.0,7768000000.0,,23.218,-39000000.0,259000000.0,259000000.0,572000000.0,29000000.0,1.537,5.154,5101000000.0,77000000.0,5024000000.0,5101000000.0,0.0,56000000.0,0.0,0.0,0.0,115000000.0,171000000.0,0.222,171000000.0,115000000.0,16000000.0,0.3,0.3,0.3,1811000000.0,,1811000000.0,6537893993.0,-19.0,-94.752,-208000000.0,-2.667,1.0,198000000.0,0.257,403000000.0,99000000.0,13563000000.0,,172000000.0,375000000.0,0.0,375000000.0,9333000000.0,2527000000.0,6806000000.0,1798893993.0,-153000000.0,111000000.0,0.0,-2000000.0,-11000000.0,-22000000.0,38000000.0,-34000000.0,-169000000.0,0.0,29000000.0,23000000.0,23000000.0,-43000000.0,0.0,0.03,133000000.0,65000000.0,483000000.0,0.0,0.993,-4.486,-4.443,5342000000.0,6000000.0,23.55,0.891,0.91,646000000.0,-2086000000.0,770000000.0,770000000.0,0.0,,,,,0.0,76000000.0,1.0,76386157.0,78000000,103200000.0,9.872,11248000000.0,766000000.0,-13000000.0,1046000000.0,144.205,1356000000.0
28,DYNIQ,MRQ,2005-06-30,2005-06-30,2005-06-30,2020-02-11,-23000000.0,10760000000.0,,2974000000.0,7786000000.0,,22.461,-39000000.0,380000000.0,380000000.0,380000000.0,25000000.0,1.543,5.006,5119000000.0,55000000.0,5064000000.0,5119000000.0,0.0,72000000.0,0.0,0.0,0.0,80000000.0,152000000.0,0.331,152000000.0,80000000.0,-16000000.0,0.25,0.25,0.25,1707000000.0,,1707000000.0,6499474888.0,-24.0,151.151,-14000000.0,-0.184,1.0,79000000.0,0.172,416000000.0,96000000.0,13155000000.0,,197000000.0,374000000.0,0.0,374000000.0,8546000000.0,1928000000.0,6618000000.0,1854474888.0,-13000000.0,0.0,0.0,-19000000.0,0.0,-24000000.0,-14000000.0,25000000.0,25000000.0,0.0,25000000.0,19000000.0,19000000.0,-134000000.0,0.0,0.041,143000000.0,-64000000.0,520000000.0,0.0,1.086,-5.268,-5.226,5377000000.0,6000000.0,24.3,0.968,0.964,606000000.0,-2109000000.0,459000000.0,459000000.0,0.0,,,,,0.0,82000000.0,1.0,76315839.0,76000000,101200000.0,6.039,10344000000.0,500000000.0,-41000000.0,800000000.0,136.105,1046000000.0
29,DYNIQ,MRQ,2005-03-31,2005-03-31,2005-03-31,2020-02-11,-19000000.0,10985000000.0,,3018000000.0,7967000000.0,,21.095,-54000000.0,481000000.0,481000000.0,530000000.0,-262000000.0,1.329,5.553,5126000000.0,64000000.0,5062000000.0,5126000000.0,0.0,79000000.0,0.0,0.0,0.0,-347000000.0,-268000000.0,-0.58,-268000000.0,-347000000.0,-436000000.0,-3.5,-3.5,-3.5,1599000000.0,,1599000000.0,5226343263.0,-23.0,47.512,-88000000.0,-1.161,1.0,-68000000.0,-0.147,477000000.0,89000000.0,12882000000.0,,228000000.0,452000000.0,0.0,452000000.0,8879000000.0,2271000000.0,6608000000.0,1488343263.0,-257000000.0,-125000000.0,2000000.0,-19000000.0,-11000000.0,-27000000.0,-196000000.0,-17000000.0,-34000000.0,0.0,-262000000.0,-267000000.0,-267000000.0,-32000000.0,0.0,-0.578,317000000.0,-385000000.0,491000000.0,0.0,0.931,-4.033,-4.031,6498000000.0,5000000.0,19.55,0.694,0.691,978000000.0,-2217000000.0,462000000.0,462000000.0,0.0,,,,,0.0,263000000.0,1.0,76130090.0,75800000,101000000.0,6.095,10508000000.0,145000000.0,-174000000.0,764000000.0,138.628,747000000.0
30,DYNIQ,MRQ,2004-12-31,2004-12-31,2004-12-31,2020-02-11,-13000000.0,9843000000.0,,2728000000.0,7115000000.0,,25.873,-90000000.0,628000000.0,628000000.0,418000000.0,-171000000.0,1.514,3.774,4366000000.0,34000000.0,4332000000.0,4366000000.0,0.0,77000000.0,0.0,0.0,0.0,-201000000.0,-124000000.0,-0.379,-124000000.0,-201000000.0,-268000000.0,-2.35,-2.35,-2.35,1956000000.0,,1956000000.0,5329723123.0,20.0,8.569,-205000000.0,-2.712,1.0,-91000000.0,-0.278,15000000.0,67000000.0,11764000000.0,,221000000.0,421000000.0,0.0,421000000.0,7381000000.0,1802000000.0,5579000000.0,1755723123.0,-298000000.0,46000000.0,0.0,-137000000.0,0.0,-139000000.0,-44000000.0,0.0,-115000000.0,0.0,-171000000.0,-176000000.0,-176000000.0,-52000000.0,0.0,-0.538,170000000.0,-261000000.0,580000000.0,0.0,0.898,-47.452,-46.2,6130000000.0,5000000.0,23.1,0.716,0.713,824000000.0,-1861000000.0,327000000.0,327000000.0,0.0,,,,,0.0,99000000.0,1.0,76005330.0,75600000,100800000.0,4.325,9828000000.0,77000000.0,-97000000.0,499000000.0,130.0,926000000.0
31,DYNIQ,MRQ,2004-09-30,2004-09-30,2004-09-30,2020-02-11,-24000000.0,10731000000.0,,3163000000.0,7568000000.0,,27.678,-70000000.0,926000000.0,926000000.0,443000000.0,78000000.0,1.454,3.873,4500000000.0,149000000.0,4351000000.0,4500000000.0,0.0,83000000.0,0.0,0.0,0.0,200000000.0,283000000.0,0.424,283000000.0,200000000.0,85000000.0,0.95,0.8,0.95,2098000000.0,,2098000000.0,5825856002.0,-53.0,19.682,-11000000.0,-0.145,1.0,225000000.0,0.337,15000000.0,115000000.0,12115000000.0,,260000000.0,459000000.0,0.0,459000000.0,8125000000.0,2175000000.0,5950000000.0,1893856002.0,89000000.0,446000000.0,0.0,-320000000.0,-11000000.0,-346000000.0,376000000.0,0.0,59000000.0,0.0,78000000.0,72000000.0,72000000.0,-36000000.0,0.0,0.108,160000000.0,65000000.0,637000000.0,0.0,0.903,-4.509,-4.416,6148000000.0,6000000.0,24.95,1.477,1.475,717000000.0,-1713000000.0,668000000.0,668000000.0,0.0,,,,,0.0,75000000.0,1.0,75906052.0,75800000,100800000.0,8.813,10716000000.0,0.0,7000000.0,526000000.0,141.372,988000000.0
32,DYNIQ,MRQ,2004-06-30,2004-06-30,2004-06-30,2020-02-11,-66000000.0,13331000000.0,,3433000000.0,9898000000.0,,26.204,-98000000.0,795000000.0,795000000.0,423000000.0,8000000.0,1.303,5.461,4727000000.0,81000000.0,4646000000.0,4727000000.0,0.0,99000000.0,0.0,0.0,0.0,120000000.0,219000000.0,0.318,219000000.0,120000000.0,-21000000.0,0.05,0.05,0.05,1981000000.0,,1981000000.0,5415379564.0,-35.0,17.64,-204000000.0,-2.698,1.0,266000000.0,0.386,15000000.0,141000000.0,14614000000.0,,218000000.0,626000000.0,0.0,626000000.0,10819000000.0,2634000000.0,8185000000.0,1614379564.0,373000000.0,58000000.0,1000000.0,525000000.0,0.0,519000000.0,-40000000.0,0.0,-106000000.0,0.0,8000000.0,2000000.0,2000000.0,-23000000.0,0.0,0.003,210000000.0,56000000.0,668000000.0,0.0,0.815,2.32,2.303,6187000000.0,6000000.0,21.3,0.808,0.806,776000000.0,-1785000000.0,689000000.0,689000000.0,0.0,,,,,0.0,94000000.0,1.0,75792468.0,75600000,87000000.0,9.114,13316000000.0,0.0,-29000000.0,515000000.0,176.138,799000000.0
33,DYNIQ,MRQ,2004-03-31,2004-03-31,2004-03-31,2020-02-11,-80000000.0,12893000000.0,,2946000000.0,9947000000.0,,26.064,-53000000.0,367000000.0,367000000.0,1378000000.0,70000000.0,1.132,5.307,4168000000.0,80000000.0,4088000000.0,4168000000.0,0.0,97000000.0,0.0,0.0,0.0,173000000.0,270000000.0,0.163,270000000.0,173000000.0,41000000.0,0.85,0.7,0.85,1960000000.0,,1960000000.0,7219978312.0,-12.0,-56.406,114000000.0,1.516,1.0,279000000.0,0.168,15000000.0,132000000.0,14077000000.0,,164000000.0,611000000.0,0.0,611000000.0,10401000000.0,2602000000.0,7799000000.0,1491978312.0,-13000000.0,23000000.0,4000000.0,-137000000.0,-11000000.0,-149000000.0,-30000000.0,0.0,167000000.0,-1000000.0,70000000.0,65000000.0,65000000.0,-14000000.0,0.0,0.039,171000000.0,108000000.0,630000000.0,0.0,0.761,4.633,4.714,6252000000.0,5000000.0,19.8,0.628,0.626,731000000.0,-1787000000.0,1657000000.0,1657000000.0,0.0,,,,,0.0,69000000.0,1.0,75352440.0,75200000,100400000.0,22.035,12878000000.0,0.0,-29000000.0,478000000.0,171.25,344000000.0
34,DYNIQ,MRQ,2003-12-31,2003-12-31,2003-12-31,2020-02-11,-20000000.0,12810000000.0,,3086000000.0,9724000000.0,,25.013,-74000000.0,496000000.0,496000000.0,-1672000000.0,-554000000.0,1.26,5.51,6224000000.0,331000000.0,5893000000.0,6224000000.0,0.0,126000000.0,0.0,0.0,0.0,-602000000.0,-476000000.0,0.275,-476000000.0,-602000000.0,-741000000.0,-7.5,-7.15,-7.5,1886000000.0,,1886000000.0,7218523778.0,-15.0,180.463,-132000000.0,-1.751,1.0,-60000000.0,0.035,15000000.0,139000000.0,16073000000.0,,279000000.0,612000000.0,0.0,612000000.0,10392000000.0,2450000000.0,7942000000.0,1613523778.0,-211000000.0,10000000.0,0.0,-87000000.0,0.0,-92000000.0,-64000000.0,0.0,-58000000.0,3000000.0,-554000000.0,-559000000.0,-559000000.0,-87000000.0,0.0,0.323,623000000.0,-683000000.0,619000000.0,0.0,0.856,5.027,4.977,8178000000.0,5000000.0,21.4,0.621,0.616,1035000000.0,-1913000000.0,-1732000000.0,-1732000000.0,0.0,,,,,0.0,39000000.0,1.0,75398307.0,75400000,100200000.0,-22.971,12795000000.0,195000000.0,-187000000.0,755000000.0,169.695,636000000.0
35,DYNIQ,MRQ,2003-09-30,2003-09-30,2003-09-30,2020-02-11,-20000000.0,13841000000.0,,3222000000.0,10619000000.0,,31.453,-70000000.0,707000000.0,707000000.0,1095000000.0,5000000.0,1.226,4.641,6312000000.0,325000000.0,5987000000.0,6312000000.0,0.0,141000000.0,0.0,0.0,0.0,153000000.0,294000000.0,0.212,294000000.0,153000000.0,8000000.0,15.85,13.25,15.85,2359000000.0,,2359000000.0,6621671503.0,-66.0,13.297,424000000.0,5.653,1.0,290000000.0,0.209,396000000.0,145000000.0,16422000000.0,,294000000.0,668000000.0,0.0,668000000.0,10947000000.0,2628000000.0,8319000000.0,1348671503.0,-113000000.0,24000000.0,0.0,-319000000.0,0.0,-561000000.0,-46000000.0,0.0,494000000.0,0.0,5000000.0,1188000000.0,1188000000.0,-1000000.0,0.0,0.858,189000000.0,101000000.0,635000000.0,0.0,0.572,2.013,2.011,8390000000.0,-1183000000.0,18.0,0.241,0.241,1051000000.0,-1434000000.0,1385000000.0,1385000000.0,0.0,,,,,0.0,79000000.0,1.0,74926195.0,75000000,92800000.0,18.467,13445000000.0,0.0,3000000.0,797000000.0,179.267,594000000.0
36,DYNIQ,MRQ,2003-06-30,2003-06-30,2003-06-30,2020-02-11,-10000000.0,15255000000.0,,4265000000.0,10990000000.0,,24.651,-105000000.0,819000000.0,819000000.0,1215000000.0,-290000000.0,1.237,6.362,6092000000.0,531000000.0,5561000000.0,6092000000.0,0.0,133000000.0,0.0,0.0,0.0,-349000000.0,-216000000.0,-0.202,-216000000.0,-349000000.0,-458000000.0,-5.0,-5.0,-5.0,1839000000.0,,1839000000.0,6776150492.0,-4.0,-5.149,-72000000.0,-0.965,1.0,-148000000.0,-0.139,396000000.0,109000000.0,16684000000.0,,274000000.0,686000000.0,0.0,686000000.0,11700000000.0,3448000000.0,8252000000.0,1565150492.0,-974000000.0,26000000.0,6000000.0,-948000000.0,0.0,-941000000.0,-79000000.0,0.0,33000000.0,13000000.0,-290000000.0,-372000000.0,-372000000.0,4000000.0,0.0,-0.349,226000000.0,-374000000.0,680000000.0,0.0,0.851,-0.695,-0.69,8356000000.0,82000000.0,21.0,0.284,0.285,1149000000.0,-2622000000.0,1067000000.0,1067000000.0,0.0,,,,,0.0,124000000.0,1.0,74530976.0,74600000,75000000.0,14.303,14859000000.0,0.0,-168000000.0,785000000.0,199.182,817000000.0
37,DYNIQ,MRQ,2003-03-31,2003-03-31,2003-03-31,2020-02-11,-38000000.0,17366000000.0,,6205000000.0,11161000000.0,,29.299,-84000000.0,1794000000.0,1794000000.0,1512000000.0,147000000.0,1.381,6.236,7005000000.0,737000000.0,6268000000.0,7005000000.0,0.0,125000000.0,0.0,0.029,0.0,313000000.0,438000000.0,0.233,438000000.0,313000000.0,203000000.0,0.85,0.85,0.85,2174000000.0,,2174000000.0,6367270089.0,-3.0,-4.186,323000000.0,4.353,1.0,367000000.0,0.195,396000000.0,110000000.0,17688000000.0,,191000000.0,710000000.0,0.0,710000000.0,13557000000.0,4493000000.0,9064000000.0,969270089.0,1018000000.0,7000000.0,0.0,696000000.0,0.0,694000000.0,-77000000.0,0.0,407000000.0,-6000000.0,147000000.0,64000000.0,64000000.0,3000000.0,0.0,0.034,180000000.0,187000000.0,856000000.0,0.0,0.446,-0.384,-0.381,8393000000.0,83000000.0,13.05,0.167,0.167,1698000000.0,-2250000000.0,1879000000.0,1879000000.0,0.0,,,,,0.0,73000000.0,1.0,74273570.0,74200000,74400000.0,25.323,16970000000.0,0.0,56000000.0,910000000.0,228.706,1712000000.0
38,DYNIQ,MRQ,2002-12-31,2002-12-31,2002-12-31,2020-02-11,-55000000.0,20029000000.0,,7586000000.0,12443000000.0,,29.851,-151000000.0,774000000.0,774000000.0,1120000000.0,-128000000.0,1.124,7.379,6315000000.0,861000000.0,5454000000.0,6315000000.0,0.0,200000000.0,0.0,0.127,0.0,-218000000.0,-18000000.0,-0.014,-18000000.0,-218000000.0,-302000000.0,-2.75,-2.75,-2.75,2203000000.0,,2203000000.0,5836214063.0,-2.0,-2.889,-438000000.0,-5.935,1.0,140000000.0,0.111,326000000.0,84000000.0,18496000000.0,,236000000.0,668000000.0,0.0,668000000.0,16257000000.0,6748000000.0,9509000000.0,438214063.0,-106000000.0,478000000.0,0.0,-335000000.0,0.0,-145000000.0,327000000.0,0.0,-287000000.0,-1000000.0,-128000000.0,-210000000.0,-210000000.0,54000000.0,0.0,-0.167,264000000.0,-124000000.0,1651000000.0,0.0,0.199,-0.15,-0.148,8458000000.0,82000000.0,5.9,0.082,0.081,2822000000.0,-2198000000.0,1260000000.0,1260000000.0,0.0,,,,,0.0,63000000.0,1.0,74273570.0,73800000,74600000.0,17.073,19703000000.0,0.0,-174000000.0,765000000.0,266.978,838000000.0
39,DYNIQ,MRQ,2002-09-30,2002-09-30,2002-09-30,2020-02-11,13000000.0,23720000000.0,,8798000000.0,14922000000.0,,34.008,-165000000.0,1070000000.0,1070000000.0,1052000000.0,-1651000000.0,1.01,7.867,6816000000.0,1526000000.0,5290000000.0,6816000000.0,0.0,135000000.0,0.0,0.194,0.0,-1655000000.0,-1520000000.0,-1.171,-1520000000.0,-1655000000.0,-1738000000.0,-23.55,-23.55,-23.55,2503000000.0,,2503000000.0,7189409092.0,-3.0,-4.115,-231000000.0,-3.139,1.0,246000000.0,0.19,396000000.0,83000000.0,20359000000.0,,221000000.0,716000000.0,0.0,716000000.0,19691000000.0,8711000000.0,10980000000.0,428409092.0,496000000.0,1093000000.0,4000000.0,-232000000.0,0.0,-418000000.0,1003000000.0,0.0,-66000000.0,-23000000.0,-1651000000.0,-1734000000.0,-1734000000.0,618000000.0,0.0,-1.336,1122000000.0,-876000000.0,1953000000.0,0.0,0.171,-0.154,-0.152,8406000000.0,83000000.0,5.8,0.077,0.077,2701000000.0,-1947000000.0,1298000000.0,1298000000.0,0.0,,,,,0.0,94000000.0,1.0,73863637.0,73600000,73800000.0,17.636,23324000000.0,0.0,-87000000.0,927000000.0,316.902,87000000.0
40,DYNIQ,MRQ,2002-06-30,2002-06-30,2002-06-30,2020-02-11,11000000.0,27946000000.0,,8858000000.0,19088000000.0,,57.609,-236000000.0,381000000.0,381000000.0,1289000000.0,-561000000.0,0.855,5.283,7773000000.0,1936000000.0,5837000000.0,7773000000.0,0.0,151000000.0,0.0,0.042,0.375,-572000000.0,-421000000.0,-0.309,-421000000.0,-572000000.0,-636000000.0,-8.8,-8.8,-8.8,4217000000.0,,4217000000.0,7785962026.0,-39.0,22.967,-161000000.0,-2.199,1.0,75000000.0,0.055,2179000000.0,64000000.0,22796000000.0,,258000000.0,918000000.0,0.0,918000000.0,22279000000.0,10363000000.0,11916000000.0,2643962026.0,-76000000.0,-5000000.0,7000000.0,130000000.0,-27000000.0,110000000.0,-241000000.0,0.0,75000000.0,-20000000.0,-561000000.0,-643000000.0,-643000000.0,422000000.0,0.0,-0.471,218000000.0,-143000000.0,2924000000.0,-0.043,0.627,-3.264,-3.318,10782000000.0,82000000.0,36.0,-0.2,-0.199,3192000000.0,-220000000.0,1364000000.0,1364000000.0,0.0,,,,,0.0,77000000.0,1.0,73443390.0,73200000,74000000.0,18.634,25767000000.0,0.0,-75000000.0,1197000000.0,352.008,-1505000000.0
41,DYNIQ,MRQ,2002-03-31,2002-03-31,2002-03-31,2020-02-11,-28000000.0,28246000000.0,,9827000000.0,18419000000.0,,66.47,-395000000.0,465000000.0,465000000.0,1170000000.0,-247000000.0,0.992,4.375,6604000000.0,922000000.0,5682000000.0,6604000000.0,0.0,127000000.0,0.0,0.01,0.375,-188000000.0,-61000000.0,-0.042,-61000000.0,-188000000.0,-254000000.0,-4.55,-4.55,-4.55,4839000000.0,,4839000000.0,14915397077.0,28.0,14.495,-142000000.0,-1.951,1.0,269000000.0,0.187,2214000000.0,66000000.0,22266000000.0,,199000000.0,920000000.0,0.0,920000000.0,21173000000.0,9905000000.0,11268000000.0,10607397077.0,235000000.0,-17000000.0,228000000.0,240000000.0,-28000000.0,409000000.0,-412000000.0,0.0,253000000.0,-15000000.0,-247000000.0,-330000000.0,-330000000.0,60000000.0,0.0,-0.229,184000000.0,85000000.0,2828000000.0,-0.082,2.192,-82.87,-100.0,10982000000.0,83000000.0,145.0,-3.955,-3.936,2870000000.0,446000000.0,1439000000.0,1439000000.0,0.0,,,,,0.0,91000000.0,1.0,73154463.0,72800000,74200000.0,19.766,26032000000.0,0.0,-7000000.0,1606000000.0,357.582,-78000000.0
42,DYNIQ,MRQ,2001-12-31,2001-12-31,2001-12-31,2020-02-11,-27000000.0,25168000000.0,,8956000000.0,16212000000.0,,75.03,-402000000.0,236000000.0,236000000.0,1154000000.0,-33000000.0,1.049,3.659,5474000000.0,458000000.0,5016000000.0,5474000000.0,0.0,147000000.0,0.0,0.012,0.375,108000000.0,255000000.0,0.175,255000000.0,108000000.0,52000000.0,-1.15,-1.15,-1.15,4937000000.0,,4937000000.0,12010160762.0,12.0,7.985,-310000000.0,-4.711,1.0,301000000.0,0.207,1561000000.0,56000000.0,20307000000.0,,256000000.0,2445000000.0,0.0,2445000000.0,18063000000.0,8538000000.0,9525000000.0,8311160762.0,-16000000.0,-985000000.0,538000000.0,495000000.0,-24000000.0,2338000000.0,-2420000000.0,0.0,92000000.0,-26000000.0,-33000000.0,-75000000.0,-75000000.0,82000000.0,0.0,-0.052,143000000.0,158000000.0,2102000000.0,-0.326,1.683,23.281,23.182,9201000000.0,42000000.0,127.5,0.911,0.911,3119000000.0,798000000.0,1455000000.0,1455000000.0,0.0,,,,,0.0,32000000.0,1.0,65185575.0,65800000,69200000.0,22.112,23607000000.0,0.0,85000000.0,1568000000.0,358.769,418000000.0
43,DYNIQ,MRQ,2001-09-30,2001-09-30,2001-09-30,2020-02-11,-19000000.0,23856000000.0,,10562000000.0,13294000000.0,,63.292,-473000000.0,237000000.0,237000000.0,-18123000000.0,238000000.0,1.061,4.471,3936000000.0,382000000.0,3554000000.0,3936000000.0,0.0,116000000.0,0.0,0.009,0.375,450000000.0,566000000.0,-0.032,566000000.0,450000000.0,385000000.0,3.65,3.55,3.65,4114000000.0,,4114000000.0,14710466538.0,14.0,10.096,-391000000.0,-6.015,1.0,649000000.0,-0.037,1585000000.0,65000000.0,16014000000.0,,342000000.0,989000000.0,0.0,989000000.0,18393000000.0,9956000000.0,8437000000.0,11286466538.0,-284000000.0,-16000000.0,-52000000.0,350000000.0,-25000000.0,137000000.0,-513000000.0,0.0,82000000.0,10000000.0,238000000.0,238000000.0,238000000.0,0.0,0.0,-0.014,269000000.0,380000000.0,3596000000.0,0.103,2.743,23.861,24.063,7140000000.0,0.0,173.25,-3.169,-3.162,3831000000.0,1163000000.0,-17474000000.0,-17474000000.0,0.0,,,,,0.0,152000000.0,1.0,65145550.0,65000000,67600000.0,-268.831,22271000000.0,0.0,147000000.0,1558000000.0,342.631,606000000.0
44,DYNIQ,MRQ,2001-06-30,2001-06-30,2001-06-30,2020-02-11,12000000.0,22824000000.0,,10741000000.0,12083000000.0,,60.322,-416000000.0,517000000.0,517000000.0,11543000000.0,39000000.0,1.134,4.41,3941000000.0,118000000.0,3823000000.0,3941000000.0,0.0,115000000.0,0.0,0.007,0.375,154000000.0,269000000.0,0.023,269000000.0,154000000.0,86000000.0,0.6,0.55,0.6,3933000000.0,,3933000000.0,19150881063.0,19.0,13.847,-314000000.0,-4.816,1.0,355000000.0,0.03,1583000000.0,68000000.0,15196000000.0,,315000000.0,914000000.0,0.0,914000000.0,17345000000.0,9469000000.0,7876000000.0,14832881063.0,277000000.0,-24000000.0,1000000.0,-388000000.0,-15000000.0,-214000000.0,398000000.0,0.0,102000000.0,-9000000.0,39000000.0,39000000.0,39000000.0,0.0,0.0,0.003,233000000.0,122000000.0,3858000000.0,0.625,3.771,31.559,30.333,7059000000.0,0.0,227.5,0.666,0.666,4253000000.0,901000000.0,11898000000.0,11898000000.0,0.0,,,,,0.0,148000000.0,1.0,65199477.0,65200000,67600000.0,182.485,21241000000.0,0.0,47000000.0,1496000000.0,325.782,1272000000.0
45,DYNIQ,MRQ,2001-03-31,2001-03-31,2001-03-31,2020-02-11,18000000.0,21695000000.0,,9043000000.0,12652000000.0,,58.796,-1260000000.0,243000000.0,243000000.0,12743000000.0,155000000.0,1.11,4.334,4561000000.0,116000000.0,4445000000.0,4561000000.0,0.0,104000000.0,0.0,0.006,0.375,310000000.0,414000000.0,0.031,414000000.0,310000000.0,244000000.0,2.4,2.3,2.4,3810000000.0,,3810000000.0,20063894359.0,19.0,14.414,-986000000.0,-15.216,1.0,502000000.0,0.038,1608000000.0,66000000.0,16256000000.0,,25000000.0,833000000.0,0.0,833000000.0,16514000000.0,8149000000.0,8365000000.0,16600894359.0,172000000.0,-33000000.0,49000000.0,1175000000.0,-34000000.0,1189000000.0,-1293000000.0,0.0,274000000.0,2000000.0,155000000.0,155000000.0,155000000.0,0.0,0.0,0.012,191000000.0,311000000.0,3984000000.0,0.156,4.357,33.879,32.49,7857000000.0,0.0,255.05,1.031,1.027,4600000000.0,780000000.0,13245000000.0,13245000000.0,0.0,,,,,0.0,88000000.0,1.0,65088784.0,64800000,67600000.0,204.398,20087000000.0,0.0,89000000.0,1496000000.0,309.985,894000000.0
46,DYNIQ,MRQ,2000-12-31,2000-12-31,2000-12-31,2020-02-11,-15000000.0,22662000000.0,,10827000000.0,11835000000.0,,53.266,-557000000.0,86000000.0,86000000.0,-11578000000.0,41000000.0,1.053,5.188,3872000000.0,118000000.0,3754000000.0,3872000000.0,0.0,90000000.0,0.0,0.004,0.375,118000000.0,208000000.0,-0.019,208000000.0,118000000.0,66000000.0,0.55,0.5,0.55,3441000000.0,,3441000000.0,21819174301.0,24.0,17.06,-511000000.0,-7.91,1.0,348000000.0,-0.031,1449000000.0,52000000.0,14713000000.0,,280000000.0,799000000.0,0.0,799000000.0,17853000000.0,10286000000.0,7567000000.0,18108202301.0,-69000000.0,-44000000.0,622000000.0,-926000000.0,-28000000.0,486000000.0,-572000000.0,0.0,46000000.0,-29000000.0,41000000.0,41000000.0,41000000.0,-27000000.0,0.0,-0.004,127000000.0,221000000.0,4743000000.0,0.682,5.262,45.158,42.152,7081000000.0,0.0,280.313,2.207,2.064,4926000000.0,532000000.0,-11230000000.0,-11230000000.0,0.0,,,,,71000000.0,77000000.0,1.0,64600053.0,64600000,67200000.0,-173.839,21213000000.0,0.0,25000000.0,1240000000.0,328.375,541000000.0
47,DYNIQ,MRQ,2000-09-30,2000-09-30,2000-09-30,2020-02-11,-9536000.0,16776889000.0,,6137610000.0,10639279000.0,,47.634,-136000000.0,97304000.0,97304000.0,7985000000.0,235000000.0,1.134,4.774,3808276000.0,86400000.0,3721876000.0,3808276000.0,0.0,87000000.0,0.0,0.003,0.375,405000000.0,492000000.0,0.059,492000000.0,405000000.0,351000000.0,3.95,3.8,3.95,2905698000.0,,2905698000.0,21241781144.0,25.0,18.642,-111000000.0,-1.82,1.0,381000000.0,0.046,1411512000.0,54000000.0,13662025000.0,,328543000.0,827769000.0,0.0,827769000.0,13871191000.0,5414324000.0,8456867000.0,17648328144.0,19000000.0,-127000000.0,32000000.0,138000000.0,-23000000.0,147000000.0,-153000000.0,0.0,25000000.0,0.0,235000000.0,235000000.0,235000000.0,0.0,0.0,0.028,163000000.0,218000000.0,2881934000.0,0.095,6.074,45.188,37.624,6497285000.0,0.0,285.0,0.734,0.723,3187525000.0,584047000.0,8366000000.0,8366000000.0,0.0,,,,,0.0,70000000.0,1.0,61923958.0,61000000,64400000.0,137.148,15365377000.0,0.0,116000000.0,1502939000.0,251.891,723286000.0
48,DYNIQ,MRQ,2000-06-30,2000-06-30,2000-06-30,2020-02-11,567000.0,15724411000.0,,5779230000.0,9945181000.0,,42.674,-151000000.0,78064000.0,78064000.0,5412000000.0,91000000.0,1.081,5.101,3671517000.0,80400000.0,3591117000.0,3671517000.0,0.0,72000000.0,0.0,0.003,0.375,206000000.0,278000000.0,0.049,278000000.0,206000000.0,139000000.0,0.95,0.9,0.95,2577539000.0,,2577539000.0,15027482468.0,27.0,19.525,56000000.0,0.927,1.0,307000000.0,0.054,1409133000.0,67000000.0,12562561000.0,,177529000.0,755768000.0,0.0,755768000.0,13146872000.0,5346170000.0,7800702000.0,10396076468.0,76000000.0,-54000000.0,328000000.0,-175000000.0,-56000000.0,4000000.0,-135000000.0,0.0,207000000.0,0.0,91000000.0,59000000.0,59000000.0,0.0,0.0,0.01,162000000.0,145000000.0,2332936000.0,0.395,4.033,50.43,35.395,6418392000.0,32000000.0,170.781,0.513,0.509,2557051000.0,372314000.0,5719000000.0,5719000000.0,0.0,,,,,0.0,75000000.0,1.0,60873641.0,60400000,62000000.0,94.685,14315278000.0,0.0,48000000.0,1410197000.0,237.008,433060000.0
49,DYNIQ,MRQ,2000-03-31,2000-03-31,2000-03-31,2020-02-11,-1681000.0,13042349000.0,,3488169000.0,9554180000.0,,39.724,-227000000.0,2068000.0,2068000.0,4966000000.0,69000000.0,0.998,4.905,4633474000.0,476278000.0,4157196000.0,4633474000.0,0.0,113000000.0,0.0,0.001,0.11,188000000.0,301000000.0,0.056,301000000.0,188000000.0,114000000.0,1.2,1.15,1.2,2208657000.0,,2208657000.0,10239567035.0,25.0,17.662,-85000000.0,-1.529,1.0,383000000.0,0.072,1402634000.0,74000000.0,12774724000.0,,141871000.0,688588000.0,0.0,688588000.0,10833692000.0,3496397000.0,7337295000.0,8759140035.0,-43000000.0,-1119000000.0,231000000.0,268000000.0,-5000000.0,494000000.0,-679000000.0,0.0,142000000.0,0.0,69000000.0,66000000.0,66000000.0,0.0,0.0,0.012,201000000.0,182000000.0,1773642000.0,0.092,3.966,50.045,34.669,6299297000.0,3000000.0,156.875,0.494,0.492,2159382000.0,336610000.0,5349000000.0,5349000000.0,0.0,,,,,0.0,90000000.0,1.0,55835156.0,55600000,58400000.0,96.205,11639715000.0,0.0,45000000.0,1474194000.0,209.347,-8228000.0
50,DYNIQ,MRQ,1999-12-31,1999-12-31,1999-12-31,2020-02-11,0.0,6525000000.0,,2805000000.0,3720000000.0,,30.728,-157148000.0,45000000.0,45000000.0,4513979000.0,30261000.0,1.105,3.753,1490000000.0,191000000.0,1299000000.0,1490000000.0,0.0,10514000.0,0.0,0.001,0.031,57914000.0,68428000.0,0.015,68428000.0,57914000.0,39373000.0,1.475,1.4,1.475,1309000000.0,,1309000000.0,6808063944.0,25.0,18.5,-213906000.0,-5.021,1.0,105362000.0,0.023,365000000.0,18541000.0,5067000000.0,,272000000.0,627000000.0,0.0,627000000.0,4913000000.0,2538000000.0,2375000000.0,5419956944.0,48030000.0,-4810000.0,22000000.0,108564000.0,-21566000.0,110998000.0,-6210000.0,0.0,-56758000.0,0.0,30261000.0,30553000.0,30553000.0,0.0,0.0,0.007,37599000.0,67763000.0,1829000000.0,0.021,4.141,39.562,27.148,2018000000.0,-292000.0,86.875,0.352,0.24,2041000000.0,277000000.0,4619341000.0,4619341000.0,0.0,,,,,16000000.0,68872000.0,1.0,62387994.0,42600000,46000000.0,108.435,6160000000.0,0.0,9112000.0,335000000.0,144.601,267000000.0
51,DYNIQ,MRQ,1999-09-30,1999-09-30,1999-09-30,2020-02-11,0.0,6414460000.0,,2743962000.0,3670498000.0,,29.438,-109320000.0,28337000.0,28337000.0,4426115000.0,50692000.0,1.114,4.095,1416444000.0,0.0,1416444000.0,1416444000.0,0.0,24767000.0,0.0,0.002,0.031,97473000.0,122240000.0,0.027,122240000.0,97473000.0,75434000.0,1.2,1.05,1.2,1258855000.0,,1258855000.0,5601778695.0,20.0,14.552,-131058000.0,-3.065,1.0,158814000.0,0.035,0.0,22039000.0,5339105000.0,,296268000.0,570651000.0,0.0,570651000.0,5155605000.0,2463462000.0,2692143000.0,4356723695.0,202000.0,-35092000.0,0.0,159889000.0,9800000.0,169689000.0,-147749000.0,0.0,-21738000.0,0.0,50692000.0,50594000.0,50594000.0,0.0,0.0,0.011,86730000.0,72084000.0,1858420000.0,0.026,3.461,32.197,18.342,2143226000.0,98000.0,70.156,0.314,0.216,1952808000.0,234001000.0,4584929000.0,4584929000.0,0.0,,,,,0.0,53495000.0,1.0,62100293.0,42762600,47319000.0,107.218,6414460000.0,0.0,24742000.0,313652000.0,150.002,280500000.0
52,DYNIQ,MRQ,1999-06-30,1999-06-30,1999-06-30,2020-02-11,0.0,5927006000.0,,2336639000.0,3590367000.0,,28.253,-70614000.0,28135000.0,28135000.0,3035010000.0,27976000.0,1.07,3.95,1273190000.0,0.0,1273190000.0,1273190000.0,0.0,28403000.0,0.0,0.002,0.031,59696000.0,88099000.0,0.028,88099000.0,59696000.0,41510000.0,0.65,0.625,0.65,1197287000.0,,1197287000.0,5121595040.0,19.0,13.556,59641000.0,1.407,1.0,125747000.0,0.04,0.0,18186000.0,4988124000.0,,193598000.0,535479000.0,0.0,535479000.0,4729719000.0,2183937000.0,2545782000.0,4165562040.0,16051000.0,-42680000.0,-10519000.0,-6206000.0,3766000.0,-909000.0,-113295000.0,0.0,130255000.0,0.0,27976000.0,27879000.0,27879000.0,0.0,0.0,0.009,78841000.0,46906000.0,1628764000.0,0.048,3.479,32.475,20.489,2056755000.0,97000.0,68.125,0.3,0.208,1644678000.0,185253000.0,3160757000.0,3160757000.0,0.0,,,,,0.0,47091000.0,1.0,61145865.0,42378000,46168000.0,74.585,5927006000.0,0.0,13534000.0,283623000.0,139.86,152702000.0
53,DYNIQ,MRQ,1999-03-31,1999-03-31,1999-03-31,2020-02-11,0.0,5268992000.0,,1892802000.0,3376190000.0,,27.6,-99918000.0,12084000.0,12084000.0,2924896000.0,28071000.0,0.964,3.536,968117000.0,0.0,968117000.0,968117000.0,0.0,29316000.0,0.0,0.002,0.031,59917000.0,89233000.0,0.029,89233000.0,59917000.0,40683000.0,0.675,0.625,0.675,1161599000.0,,1161599000.0,4251717152.0,16.0,11.535,-111677000.0,-2.653,1.0,120077000.0,0.039,0.0,19234000.0,4261337000.0,,123920000.0,511608000.0,0.0,511608000.0,4107393000.0,1963688000.0,2143705000.0,3233194152.0,-16283000.0,-1418000.0,10519000.0,120753000.0,0.0,119222000.0,-123746000.0,0.0,-11759000.0,0.0,28071000.0,27975000.0,27975000.0,0.0,0.0,0.009,80830000.0,39247000.0,1200512000.0,0.046,2.783,26.131,17.226,1966259000.0,96000.0,52.969,0.231,0.159,1376142000.0,159393000.0,3044973000.0,3044973000.0,0.0,,,,,0.0,49542000.0,1.0,61039654.0,42087600,45398400.0,72.348,5268992000.0,0.0,12612000.0,272091000.0,125.191,-70886000.0
54,DYNIQ,MRQ,1998-12-31,1998-12-31,1998-12-31,2020-02-11,0.0,5264237000.0,,2117241000.0,3146996000.0,,26.987,-121227000.0,28367000.0,28367000.0,2959591000.0,28575000.0,1.045,3.667,1182044000.0,135154000.0,1046890000.0,1182044000.0,0.0,22854000.0,0.0,0.002,0.031,62526000.0,85380000.0,0.028,85380000.0,62526000.0,42807000.0,1.3,1.2,1.3,1128063000.0,,1128063000.0,4975876275.0,21.0,14.809,-11215000.0,-0.268,1.0,118111000.0,0.038,0.0,19719000.0,4391591000.0,,149901000.0,502613000.0,0.0,502613000.0,4136174000.0,2026323000.0,2109851000.0,3806927275.0,16651000.0,-5099000.0,-3000000.0,-12988000.0,-8000000.0,-14327000.0,-79034000.0,0.0,110012000.0,0.0,28575000.0,28867000.0,28867000.0,0.0,0.0,0.009,80003000.0,38108000.0,1484729000.0,0.024,3.375,35.249,24.038,1932107000.0,-292000.0,62.5,0.267,0.183,1623738000.0,133340000.0,3077702000.0,3077702000.0,0.0,,,,,11000000.0,50000000.0,1.0,60910836.0,41800000,45400000.0,73.629,5264237000.0,0.0,14232000.0,317537000.0,125.939,90918000.0
55,DYNIQ,MRQ,1998-09-30,1998-09-30,1998-09-30,2020-02-11,0.0,5176735000.0,,2105636000.0,3071099000.0,,18.276,-79897000.0,11396000.0,11396000.0,4480530000.0,43645000.0,1.116,3.716,1180345000.0,0.0,1180345000.0,1180345000.0,0.0,30185000.0,0.0,0.002,0.031,84924000.0,115109000.0,0.025,115109000.0,84924000.0,63739000.0,0.7,0.675,0.7,1097767000.0,,1097767000.0,5536138941.0,-92.0,17.168,-32148000.0,-0.535,1.0,105985000.0,0.023,0.0,21185000.0,4458451000.0,,161900000.0,548590000.0,0.0,548590000.0,4078968000.0,1887233000.0,2191735000.0,4382820941.0,-42624000.0,-10509000.0,0.0,-26583000.0,0.0,-30475000.0,-59898000.0,0.0,47749000.0,0.0,43645000.0,43547000.0,43547000.0,0.0,0.0,0.009,79854000.0,26131000.0,1550411000.0,0.044,3.992,-51.429,-50.329,1799938000.0,98000.0,71.719,0.293,0.288,1716858000.0,106388000.0,4586515000.0,4586515000.0,0.0,,,,,0.0,49017000.0,1.0,61111229.0,60065600,62900000.0,76.358,5176735000.0,0.0,20094000.0,292381000.0,86.185,218403000.0
56,DYNIQ,MRQ,1998-06-30,1998-06-30,1998-06-30,2020-02-11,0.0,5025759000.0,,2120264000.0,2905495000.0,,17.25,-56411000.0,54020000.0,54020000.0,3170299000.0,23441000.0,1.155,3.763,1207338000.0,0.0,1207338000.0,1207338000.0,0.0,25732000.0,0.0,0.002,0.031,53134000.0,78866000.0,0.024,78866000.0,53134000.0,35043000.0,0.4,0.35,0.4,1055073000.0,,1055073000.0,5412316950.0,-59.0,18.812,-144755000.0,-2.367,1.0,107915000.0,0.033,0.0,18091000.0,4343677000.0,,128847000.0,520597000.0,0.0,520597000.0,3970686000.0,1835400000.0,2135286000.0,4552036950.0,16750000.0,-47161000.0,0.0,211621000.0,0.0,208666000.0,-103572000.0,0.0,-88344000.0,0.0,23441000.0,23343000.0,23343000.0,0.0,0.0,0.007,71361000.0,36554000.0,1434169000.0,0.077,4.314,-43.838,-44.118,1694974000.0,98000.0,75.0,0.325,0.327,1610735000.0,64766000.0,3278214000.0,3278214000.0,0.0,,,,,0.0,44377000.0,1.0,60693826.0,61162000,66991200.0,53.599,5025759000.0,0.0,11602000.0,274239000.0,82.171,284864000.0
57,DYNIQ,MRQ,1998-03-31,1998-03-31,1998-03-31,2020-02-11,0.0,4483127000.0,,1887524000.0,2595603000.0,,17.017,-40465000.0,37270000.0,37270000.0,3218580000.0,12339000.0,1.08,3.346,897550000.0,0.0,897550000.0,897550000.0,0.0,24229000.0,0.0,0.002,0.031,32416000.0,56645000.0,0.017,56645000.0,32416000.0,16411000.0,0.2,0.175,0.2,1031438000.0,,1031438000.0,5553167032.0,-63.0,19.048,141118000.0,2.328,1.0,96989000.0,0.029,0.0,16005000.0,3595126000.0,,88476000.0,486142000.0,0.0,486142000.0,3451689000.0,1748281000.0,1703408000.0,4574160032.0,14223000.0,-18231000.0,0.0,-103050000.0,0.0,-114864000.0,-52496000.0,0.0,181583000.0,0.0,12339000.0,12243000.0,12243000.0,0.0,0.0,0.004,77782000.0,19207000.0,1369687000.0,0.155,4.435,-48.073,-47.917,1544728000.0,96000.0,75.469,0.341,0.341,1463712000.0,43320000.0,3315569000.0,3315569000.0,0.0,,,,,0.0,42606000.0,1.0,60609988.0,60613200,66512800.0,54.7,4483127000.0,0.0,4072000.0,259688000.0,73.963,139243000.0
58,DYNIQ,MRQ,1997-12-31,1997-12-31,1997-12-31,2020-02-11,0.0,4516903000.0,,2018780000.0,2498123000.0,,16.871,-73111000.0,23047000.0,23047000.0,3655173000.0,-164255000.0,1.152,3.432,1002054000.0,0.0,1002054000.0,1002054000.0,0.0,302697000.0,0.0,0.002,0.031,-230845000.0,71852000.0,0.019,71852000.0,-230845000.0,-250025000.0,-2.725,,-2.725,1019125000.0,,1019125000.0,,,,-77059000.0,-1.276,1.0,109332000.0,0.029,0.0,19180000.0,3742816000.0,,136485000.0,470477000.0,0.0,470477000.0,3497778000.0,1753094000.0,1744684000.0,4081703879.0,-74114000.0,1026000.0,-5359000.0,-140000.0,-7925000.0,-1301000.0,-68865000.0,0.0,-3948000.0,0.0,-164255000.0,-164354000.0,-164354000.0,0.0,0.0,-0.044,347596000.0,-238264000.0,1428923000.0,-0.011,4.005,-39.676,-39.614,1521576000.0,99000.0,67.344,0.305,0.303,1675772000.0,32975000.0,3764505000.0,3764505000.0,0.0,,,,,0.0,42955000.0,1.0,60609988.0,60405200,67072400.0,62.321,4516903000.0,0.0,-85770000.0,254059000.0,74.777,265686000.0
59,DYNIQ,MRQ,1997-09-30,1997-09-30,1997-09-30,2020-02-11,,,,,,,,-63814000.0,,,3546608000.0,25028000.0,,,,,,,,26602000.0,,0.002,0.031,53741000.0,80343000.0,0.022,80343000.0,53741000.0,37326000.0,0.425,0.375,0.425,,,,,,,51282000.0,0.85,1.0,110848000.0,0.03,,16415000.0,,,,,,,,,,,-4951000.0,-1897000.0,0.0,-340635000.0,0.0,-352813000.0,232766000.0,0.0,115096000.0,0.0,25028000.0,24930000.0,24930000.0,0.0,0.0,0.007,66579000.0,44269000.0,,0.073,,,,,98000.0,53.906,,,,,3657456000.0,3657456000.0,0.0,,,,,0.0,40598000.0,1.0,,60354000,66686000.0,60.6,,,12298000.0,,,
60,DYNIQ,MRQ,1997-06-30,1997-06-30,1997-06-30,2020-02-11,,,,,,,,-41463000.0,,,2586572000.0,32128000.0,,,,,,,,25889000.0,,0.002,0.031,56811000.0,82700000.0,0.031,82700000.0,56811000.0,43575000.0,0.525,0.475,0.525,,,,,,,-109683000.0,-1.822,1.0,97767000.0,0.036,,13236000.0,,,,,,,,,,,-16366000.0,-722569000.0,0.0,580000000.0,0.0,778018000.0,-726164000.0,0.0,-68220000.0,0.0,32128000.0,32030000.0,32030000.0,0.0,0.0,0.012,63013000.0,34754000.0,,0.059,,,,,98000.0,55.0,,,,,2684339000.0,2684339000.0,0.0,,,,,0.0,37592000.0,1.0,,60215200,66330800.0,44.579,,,11447000.0,,,
61,DYNIQ,MRQ,1997-03-31,1997-03-31,1997-03-31,2020-02-11,,,,,,,,-41615000.0,,,3204733000.0,4614000.0,,,,,,,,23728000.0,,0.002,0.031,19053000.0,42781000.0,0.013,42781000.0,19053000.0,4429000.0,0.075,0.075,0.075,,,,,,,194046000.0,3.23,1.0,67347000.0,0.021,,14624000.0,,,,,,,,,,,68269000.0,-19857000.0,0.0,-219000000.0,0.0,-218920000.0,51528000.0,0.0,235661000.0,0.0,4614000.0,4518000.0,4518000.0,0.0,0.0,0.001,51547000.0,15800000.0,,0.413,,,,,96000.0,57.188,,,,,3272080000.0,3272080000.0,0.0,,,,,0.0,28199000.0,1.0,,60070400,67125200.0,54.471,,,-185000.0,,,
62,DYNIQ,MRQ,1996-12-31,1996-12-31,1996-12-31,2020-02-11,0.0,4186810000.0,,1936721000.0,2250089000.0,,24.47,,50209000.0,50209000.0,,,1.25,2.749,988597000.0,0.0,988597000.0,988597000.0,0.0,,0.0,0.002,0.031,,,,,,,,,,1116733000.0,,1116733000.0,,,,,,1.0,,,0.0,,3576211000.0,,257005000.0,181688000.0,0.0,181688000.0,3070077000.0,1548987000.0,1521090000.0,,,,,,,,,,,,,,,,,,,,1344796000.0,,,,27.778,1691379000.0,,68.75,,0.432,1518385000.0,143385000.0,,,,,,,,,,1.0,,45637200,,,4186810000.0,0.0,,328280000.0,91.741,387734000.0
0,DYNIQ,MRT,2012-06-30,2012-06-30,2012-06-30,2020-02-11,-48000000.0,119000000.0,4866000000.0,53000000.0,66000000.0,0.202,-0.016,-156000000.0,54000000.0,54000000.0,838000000.0,-2574000000.0,2.208,-60.5,0.0,0.0,0.0,0.0,0.0,217000000.0,0.0,0.0,0.0,-2827000000.0,-2610000000.0,-2.652,-2610000000.0,-2827000000.0,-3070000000.0,-21.01,-21.01,-21.01,-2000000.0,1164000000.0,-2000000.0,1384506922.0,0.0,-0.53,-188000000.0,-1.528,1.0,146000000.0,0.148,0.0,243000000.0,41000000.0,4751250000.0,0.0,63000000.0,0.0,63000000.0,121000000.0,24000000.0,97000000.0,72506922.0,-348000000.0,-559000000.0,0.0,87000000.0,0.0,88000000.0,-404000000.0,223000000.0,-32000000.0,0.0,-2574000000.0,-2574000000.0,-2574000000.0,0.0,0.0,-2.616,1284000000.0,-1138000000.0,0.0,0.0,-36.253,-0.028,-0.028,0.0,0.0,0.59,0.074,0.074,1000000.0,-5963000000.0,984000000.0,984000000.0,0.0,-0.529,-2.211,-0.595,-2.873,0.0,137000000.0,1.0,122893088.0,123000000,123000000.0,8.0,119000000.0,0.0,-496000000.0,0.0,0.967,29000000.0
1,DYNIQ,MRT,2012-03-31,2012-03-31,2012-03-31,2020-02-11,-50000000.0,4112000000.0,7302000000.0,742000000.0,3370000000.0,0.172,8.61,-199000000.0,524000000.0,524000000.0,1093000000.0,-1626000000.0,3.71,2.883,1836000000.0,4000000.0,1832000000.0,1836000000.0,0.0,267000000.0,0.0,0.0,0.0,-1893000000.0,-1626000000.0,-1.294,-1626000000.0,-1893000000.0,-2198000000.0,-13.31,-13.31,-13.31,1059000000.0,1804250000.0,1059000000.0,1338820129.0,-1.0,-0.823,-322000000.0,-2.618,1.0,164000000.0,0.13,0.0,305000000.0,5224000000.0,7546500000.0,70000000.0,0.0,0.0,0.0,3053000000.0,200000000.0,2853000000.0,68820129.0,82000000.0,-303000000.0,2000000.0,374000000.0,0.0,377000000.0,-172000000.0,234000000.0,-123000000.0,0.0,-1626000000.0,-1626000000.0,-1626000000.0,0.0,0.0,-1.294,372000000.0,-208000000.0,899000000.0,0.0,0.065,-0.042,-0.042,3314000000.0,0.0,0.56,0.055,0.055,35000000.0,-4899000000.0,1257000000.0,1257000000.0,0.0,-0.223,-0.901,-0.251,-1.506,0.0,118000000.0,1.0,122893088.0,123000000,123000000.0,10.22,4112000000.0,0.0,-572000000.0,0.0,33.431,542000000.0
2,DYNIQ,MRT,2011-12-31,2011-12-31,2011-12-31,2020-02-11,-53000000.0,4127000000.0,8728750000.0,672000000.0,3455000000.0,0.182,9.115,-242000000.0,568000000.0,568000000.0,1356000000.0,-1645000000.0,4.226,2.711,1838000000.0,4000000.0,1834000000.0,1838000000.0,0.0,346000000.0,0.0,0.0,0.0,-1920000000.0,-1574000000.0,-0.993,-1574000000.0,-1920000000.0,-2277000000.0,-13.48,-13.48,-13.48,1112000000.0,2207250000.0,1112000000.0,3874908850.0,-2.0,-2.462,-262000000.0,-2.148,1.0,229000000.0,0.144,0.0,357000000.0,5238000000.0,8921500000.0,57000000.0,0.0,0.0,0.0,3015000000.0,159000000.0,2856000000.0,339908850.0,105000000.0,-303000000.0,3000000.0,375000000.0,0.0,379000000.0,-254000000.0,191000000.0,-20000000.0,0.0,-1645000000.0,-1645000000.0,-1645000000.0,0.0,0.0,-1.038,465000000.0,-236000000.0,911000000.0,0.0,0.306,-0.207,-0.205,3334000000.0,0.0,2.77,0.214,0.213,53000000.0,-4841000000.0,1585000000.0,1585000000.0,0.0,-0.188,-0.745,-0.215,-1.211,0.0,135000000.0,1.0,122710776.0,122000000,122000000.0,12.992,4127000000.0,5000000.0,-632000000.0,5000000.0,33.828,513000000.0
3,DYNIQ,MRT,2011-09-30,2011-09-30,2011-09-30,2020-02-11,-50000000.0,11106000000.0,10200250000.0,3580000000.0,7526000000.0,0.176,20.385,-248000000.0,1678000000.0,1678000000.0,1541000000.0,-432000000.0,0.593,3.466,5213000000.0,3557000000.0,1656000000.0,5213000000.0,0.0,426000000.0,0.0,0.0,0.0,-357000000.0,69000000.0,0.038,69000000.0,-357000000.0,-733000000.0,-3.57,-3.57,-3.57,2487000000.0,2615750000.0,2487000000.0,4278432291.0,-12.0,62.006,-445000000.0,-3.648,1.0,257000000.0,0.143,104000000.0,376000000.0,8502000000.0,10574500000.0,105000000.0,0.0,0.0,0.0,8619000000.0,6035000000.0,2584000000.0,504432291.0,390000000.0,0.0,3000000.0,345000000.0,0.0,348000000.0,239000000.0,480000000.0,-197000000.0,0.0,-432000000.0,-432000000.0,-432000000.0,0.0,0.0,-0.24,570000000.0,-313000000.0,166000000.0,0.0,0.203,-1.168,-1.154,6178000000.0,0.0,4.12,0.281,0.28,180000000.0,-3464000000.0,1798000000.0,1798000000.0,0.0,-0.042,-0.165,-0.034,-0.199,0.0,150000000.0,1.0,122435022.0,122000000,122000000.0,14.738,11002000000.0,4000000.0,-301000000.0,454000000.0,90.18,-2455000000.0
4,DYNIQ,MRT,2011-06-30,2011-06-30,2011-06-30,2020-02-11,-51000000.0,9863000000.0,10204000000.0,3017000000.0,6846000000.0,0.202,20.975,-260000000.0,1286000000.0,1286000000.0,1580000000.0,-381000000.0,1.312,2.854,5060000000.0,1008000000.0,4052000000.0,5060000000.0,0.0,445000000.0,0.0,0.0,0.0,-290000000.0,155000000.0,0.075,155000000.0,-290000000.0,-651000000.0,-3.16,-3.16,-3.16,2559000000.0,2716500000.0,2559000000.0,4282018609.0,-15.0,27.626,-291000000.0,-2.385,1.0,477000000.0,0.232,116000000.0,361000000.0,11222000000.0,11491750000.0,125000000.0,106000000.0,106000000.0,0.0,7304000000.0,2299000000.0,5005000000.0,756018609.0,117000000.0,0.0,3000000.0,253000000.0,0.0,256000000.0,-108000000.0,146000000.0,-31000000.0,0.0,-381000000.0,-381000000.0,-381000000.0,0.0,0.0,-0.185,745000000.0,-268000000.0,111000000.0,0.0,0.295,-1.984,-1.959,6201000000.0,0.0,6.19,0.368,0.367,169000000.0,-3389000000.0,2057000000.0,2057000000.0,0.0,-0.037,-0.14,-0.025,-0.141,0.0,169000000.0,1.0,122135478.0,122000000,122000000.0,16.861,9747000000.0,12000000.0,-270000000.0,509000000.0,79.893,718000000.0
5,DYNIQ,MRT,2011-03-31,2011-03-31,2011-03-31,2020-02-11,-52000000.0,9819000000.0,10387250000.0,2930000000.0,6889000000.0,0.19,22.074,-298000000.0,1248000000.0,1248000000.0,1598000000.0,-456000000.0,1.176,2.676,4774000000.0,1153000000.0,3621000000.0,4774000000.0,0.0,459000000.0,0.0,0.0,0.0,-415000000.0,44000000.0,0.022,44000000.0,-415000000.0,-778000000.0,-3.8,-3.8,-3.8,2671000000.0,2804250000.0,2671000000.0,4230888322.0,-10.0,96.157,-250000000.0,-2.066,1.0,372000000.0,0.189,129000000.0,363000000.0,10724000000.0,11797750000.0,130000000.0,76000000.0,76000000.0,0.0,7148000000.0,2492000000.0,4656000000.0,687888322.0,-360000000.0,-15000000.0,1000000.0,-69000000.0,0.0,-68000000.0,-340000000.0,-62000000.0,48000000.0,0.0,-456000000.0,-456000000.0,-456000000.0,0.0,0.0,-0.231,763000000.0,-391000000.0,128000000.0,0.0,0.258,-1.509,-1.497,6215000000.0,0.0,5.69,0.349,0.349,180000000.0,-3273000000.0,1970000000.0,1970000000.0,0.0,-0.044,-0.163,-0.035,-0.211,0.0,172000000.0,1.0,120894257.0,121000000,121000000.0,16.281,9690000000.0,12000000.0,-322000000.0,584000000.0,80.083,438000000.0
6,DYNIQ,MRT,2010-12-31,2010-12-31,2010-12-31,2020-02-11,-53000000.0,10013000000.0,10796750000.0,2244000000.0,7769000000.0,0.215,22.883,-333000000.0,1231000000.0,1231000000.0,1631000000.0,-234000000.0,1.434,2.646,4774000000.0,148000000.0,4626000000.0,4774000000.0,0.0,408000000.0,0.0,0.0,0.0,-68000000.0,340000000.0,0.146,340000000.0,-68000000.0,-431000000.0,-1.95,-1.95,-1.95,2746000000.0,2912000000.0,2746000000.0,4006425724.0,-59.0,11.784,90000000.0,0.75,1.0,692000000.0,0.298,141000000.0,363000000.0,11850000000.0,12236000000.0,121000000.0,106000000.0,106000000.0,0.0,7267000000.0,1565000000.0,5702000000.0,679425724.0,-180000000.0,-15000000.0,0.0,-69000000.0,0.0,-69000000.0,-534000000.0,-191000000.0,423000000.0,0.0,-234000000.0,-234000000.0,-234000000.0,-1000000.0,0.0,-0.101,703000000.0,-11000000.0,134000000.0,0.0,0.247,-2.904,-2.882,6273000000.0,0.0,5.62,0.292,0.29,231000000.0,-3196000000.0,2323000000.0,2323000000.0,0.0,-0.022,-0.08,-0.006,-0.029,0.0,163000000.0,1.0,120894257.0,120000000,121000000.0,19.358,9872000000.0,12000000.0,-197000000.0,641000000.0,82.267,679000000.0
7,DYNIQ,MRT,2010-09-30,2010-09-30,2010-09-30,2020-02-11,-70000000.0,11121000000.0,11031750000.0,2978000000.0,8143000000.0,0.21,24.083,-453000000.0,1480000000.0,1480000000.0,1627000000.0,-426000000.0,1.402,2.848,4807000000.0,146000000.0,4661000000.0,4807000000.0,0.0,353000000.0,0.0,0.0,0.0,-297000000.0,56000000.0,0.024,56000000.0,-297000000.0,-673000000.0,-2.87,-2.88,-2.87,2890000000.0,2951000000.0,2890000000.0,4165320807.0,-14.0,74.381,48000000.0,0.4,1.0,686000000.0,0.297,153000000.0,376000000.0,12171000000.0,12494000000.0,121000000.0,182000000.0,182000000.0,0.0,8231000000.0,2124000000.0,6107000000.0,587320807.0,-212000000.0,532000000.0,0.0,-691000000.0,0.0,-691000000.0,-22000000.0,-317000000.0,501000000.0,0.0,-425000000.0,-425000000.0,-425000000.0,80000000.0,-1000000.0,-0.184,744000000.0,-58000000.0,192000000.0,0.0,0.203,-1.382,-1.697,6364000000.0,0.0,4.87,0.254,0.253,203000000.0,-3032000000.0,2313000000.0,2313000000.0,0.0,-0.039,-0.144,-0.024,-0.128,0.0,144000000.0,1.0,120599755.0,120000000,121000000.0,19.275,10968000000.0,25000000.0,-248000000.0,757000000.0,91.4,854000000.0
8,DYNIQ,MRT,2010-06-30,2010-06-30,2010-06-30,2020-02-11,-71000000.0,10596000000.0,11507500000.0,2359000000.0,8237000000.0,0.192,24.25,-510000000.0,1228000000.0,1228000000.0,1590000000.0,-625000000.0,1.509,2.641,4806000000.0,146000000.0,4660000000.0,4806000000.0,0.0,342000000.0,0.0,0.0,0.0,-479000000.0,-137000000.0,-0.062,-137000000.0,-479000000.0,-878000000.0,-3.93,-3.94,-3.93,2910000000.0,3145500000.0,2910000000.0,3642313601.0,-8.0,-26.586,-67000000.0,-0.558,1.0,621000000.0,0.281,165000000.0,399000000.0,12446000000.0,13299750000.0,136000000.0,219000000.0,219000000.0,0.0,7686000000.0,1563000000.0,6123000000.0,463313601.0,-312000000.0,532000000.0,0.0,-698000000.0,0.0,-698000000.0,-57000000.0,-295000000.0,443000000.0,0.0,-613000000.0,-613000000.0,-613000000.0,209000000.0,-12000000.0,-0.277,736000000.0,-115000000.0,146000000.0,0.0,0.159,-0.756,-0.98,6529000000.0,0.0,3.85,0.21,0.209,199000000.0,-3009000000.0,2211000000.0,2211000000.0,0.0,-0.053,-0.195,-0.036,-0.217,0.0,135000000.0,1.0,120341195.0,120000000,121000000.0,18.425,10431000000.0,7000000.0,-265000000.0,759000000.0,86.925,796000000.0
9,DYNIQ,MRT,2010-03-31,2010-03-31,2010-03-31,2020-02-11,-71000000.0,11457000000.0,12243500000.0,3097000000.0,8360000000.0,0.198,25.85,-575000000.0,1659000000.0,1659000000.0,1641000000.0,-780000000.0,1.563,2.693,4838000000.0,63000000.0,4775000000.0,4838000000.0,0.0,344000000.0,0.0,0.0,0.0,-702000000.0,-358000000.0,-0.148,-358000000.0,-702000000.0,-1108000000.0,-4.39,-4.4,-4.39,3102000000.0,3386000000.0,3102000000.0,5221407406.0,-7.0,-14.585,-147000000.0,-1.225,1.0,781000000.0,0.322,177000000.0,406000000.0,12477000000.0,14121750000.0,138000000.0,114000000.0,114000000.0,0.0,8355000000.0,1982000000.0,6373000000.0,1065407406.0,-34000000.0,652000000.0,0.0,-633000000.0,0.0,-633000000.0,171000000.0,-122000000.0,428000000.0,0.0,-767000000.0,-767000000.0,-767000000.0,207000000.0,-13000000.0,-0.317,1138000000.0,-357000000.0,128000000.0,0.0,0.343,-1.389,-1.435,6522000000.0,0.0,6.3,0.44,0.312,166000000.0,-2818000000.0,2422000000.0,2422000000.0,0.0,-0.063,-0.227,-0.05,-0.29,0.0,152000000.0,1.0,169112287.0,120000000,121000000.0,20.183,11280000000.0,7000000.0,-341000000.0,878000000.0,94.0,1115000000.0
10,DYNIQ,MRT,2009-12-31,2009-12-31,2009-12-31,2020-02-11,-150000000.0,10953000000.0,12912000000.0,2038000000.0,8915000000.0,0.191,17.695,-612000000.0,1426000000.0,1426000000.0,1713000000.0,-1262000000.0,1.103,2.748,5582000000.0,807000000.0,4775000000.0,5582000000.0,0.0,359000000.0,0.0,0.0,0.0,-1147000000.0,-788000000.0,-0.319,-788000000.0,-1147000000.0,-1562000000.0,-7.6,-7.6,-7.6,2902000000.0,3656500000.0,2902000000.0,5741466194.0,-5.0,-7.286,-477000000.0,-2.909,1.0,755000000.0,0.306,380000000.0,415000000.0,12882000000.0,15012750000.0,141000000.0,9000000.0,9000000.0,0.0,7974000000.0,1847000000.0,6127000000.0,1530466194.0,-222000000.0,653000000.0,0.0,-608000000.0,0.0,-608000000.0,251000000.0,0.0,135000000.0,0.0,-1247000000.0,-1247000000.0,-1247000000.0,222000000.0,-15000000.0,-0.505,1589000000.0,-834000000.0,181000000.0,0.0,0.527,-1.227,-1.191,7117000000.0,0.0,9.05,0.62,0.601,214000000.0,-2937000000.0,2468000000.0,2468000000.0,0.0,-0.097,-0.341,-0.076,-0.465,0.0,159000000.0,1.0,169112287.0,164000000,165000000.0,15.049,10573000000.0,6000000.0,-315000000.0,780000000.0,64.47,191000000.0
11,DYNIQ,MRT,2009-09-30,2009-09-30,2009-09-30,2020-02-11,-179000000.0,13024000000.0,13727000000.0,3774000000.0,9250000000.0,0.204,21.833,-580000000.0,1982000000.0,1982000000.0,1789000000.0,-913000000.0,2.617,2.53,6193000000.0,65000000.0,6128000000.0,6193000000.0,0.0,374000000.0,0.0,0.0,0.0,-661000000.0,-287000000.0,-0.102,-287000000.0,-661000000.0,-1077000000.0,-5.37,-5.37,-5.37,3668000000.0,4059750000.0,3668000000.0,6470671276.0,-10.0,-22.546,-354000000.0,-2.107,1.0,1012000000.0,0.361,399000000.0,416000000.0,15394000000.0,15752000000.0,157000000.0,2000000.0,2000000.0,0.0,9279000000.0,1442000000.0,7837000000.0,2154671276.0,-47000000.0,100000000.0,0.0,62000000.0,0.0,62000000.0,-335000000.0,89000000.0,226000000.0,0.0,-899000000.0,-899000000.0,-899000000.0,171000000.0,-14000000.0,-0.321,1471000000.0,-459000000.0,231000000.0,0.0,0.587,-2.397,-2.374,7015000000.0,0.0,12.75,0.769,0.765,262000000.0,-2582000000.0,2801000000.0,2801000000.0,0.0,-0.065,-0.221,-0.042,-0.236,0.0,156000000.0,1.0,168993826.0,168000000,169000000.0,16.673,12625000000.0,4000000.0,-178000000.0,953000000.0,75.149,2332000000.0
12,DYNIQ,MRT,2009-06-30,2009-06-30,2009-06-30,2020-02-11,-183000000.0,13540000000.0,14021500000.0,2863000000.0,10677000000.0,0.277,23.048,-615000000.0,1872000000.0,1872000000.0,2002000000.0,-86000000.0,1.68,2.483,6188000000.0,93000000.0,6095000000.0,6188000000.0,0.0,377000000.0,0.0,0.0,0.0,572000000.0,949000000.0,0.244,949000000.0,572000000.0,166000000.0,-0.51,-0.51,-0.51,3872000000.0,4312500000.0,3872000000.0,6079392257.0,11.0,6.406,-268000000.0,-1.595,1.0,1885000000.0,0.485,418000000.0,406000000.0,15734000000.0,15853000000.0,179000000.0,2000000.0,2000000.0,0.0,9616000000.0,1704000000.0,7912000000.0,1916392257.0,323000000.0,468000000.0,0.0,111000000.0,0.0,114000000.0,-138000000.0,-47000000.0,347000000.0,0.0,-82000000.0,-82000000.0,-82000000.0,10000000.0,-4000000.0,-0.021,1274000000.0,611000000.0,191000000.0,0.0,0.495,-23.371,-22.255,8545000000.0,0.0,11.35,0.493,0.491,260000000.0,-2370000000.0,3887000000.0,3887000000.0,0.0,-0.006,-0.019,0.036,0.147,0.0,162000000.0,1.0,168845133.0,168000000,169000000.0,23.137,13122000000.0,4000000.0,248000000.0,1060000000.0,78.107,1159000000.0
13,DYNIQ,MRT,2009-03-31,2009-03-31,2009-03-31,2020-02-11,-212000000.0,14131000000.0,14768500000.0,3136000000.0,10995000000.0,0.255,24.875,-618000000.0,1999000000.0,1999000000.0,2183000000.0,-14000000.0,1.728,2.378,6162000000.0,64000000.0,6098000000.0,6162000000.0,0.0,376000000.0,0.0,0.0,0.0,673000000.0,1049000000.0,0.279,1049000000.0,673000000.0,257000000.0,-0.06,-0.06,-0.06,4184000000.0,4364500000.0,4184000000.0,5387570447.0,8.0,5.136,-280000000.0,-1.665,1.0,1576000000.0,0.419,438000000.0,416000000.0,16041000000.0,15801250000.0,185000000.0,8000000.0,8000000.0,0.0,9951000000.0,1815000000.0,8136000000.0,1189570447.0,293000000.0,395000000.0,2000000.0,121000000.0,0.0,123000000.0,-168000000.0,8000000.0,338000000.0,0.0,-9000000.0,-9000000.0,-9000000.0,12000000.0,-5000000.0,-0.002,858000000.0,718000000.0,158000000.0,0.0,0.284,-132.174,-117.5,8854000000.0,0.0,7.05,0.316,0.315,239000000.0,-2025000000.0,3759000000.0,3759000000.0,0.0,-0.001,-0.002,0.043,0.179,0.0,156000000.0,1.0,168733397.0,168200000,168600000.0,22.348,13693000000.0,0.0,266000000.0,1244000000.0,81.409,1321000000.0
14,DYNIQ,MRT,2008-12-31,2008-12-31,2008-12-31,2020-02-11,-215000000.0,14213000000.0,14941500000.0,2803000000.0,11410000000.0,0.222,26.875,-611000000.0,1938000000.0,1938000000.0,2159000000.0,171000000.0,1.647,2.155,6136000000.0,64000000.0,6072000000.0,6136000000.0,0.0,376000000.0,0.0,0.0,0.0,691000000.0,1067000000.0,0.321,1067000000.0,691000000.0,264000000.0,1.04,1.04,1.04,4515000000.0,4406000000.0,4515000000.0,5748811844.0,8.0,5.388,-292000000.0,-1.738,1.0,1165000000.0,0.35,870000000.0,427000000.0,15839000000.0,15667250000.0,184000000.0,40000000.0,25000000.0,15000000.0,9728000000.0,1702000000.0,8026000000.0,1685811844.0,365000000.0,445000000.0,2000000.0,147000000.0,0.0,148000000.0,-102000000.0,0.0,319000000.0,0.0,174000000.0,174000000.0,174000000.0,17000000.0,-3000000.0,0.052,421000000.0,744000000.0,303000000.0,0.0,0.373,9.689,9.615,8934000000.0,0.0,10.0,0.507,0.505,345000000.0,-1690000000.0,3324000000.0,3324000000.0,0.0,0.012,0.039,0.044,0.208,0.0,157000000.0,1.0,168581184.0,168000000,168000000.0,19.786,13343000000.0,6000000.0,90000000.0,1166000000.0,79.423,1101000000.0
15,DYNIQ,MRT,2008-09-30,2008-09-30,2008-09-30,2020-02-11,-52000000.0,14202000000.0,14693500000.0,2722000000.0,11480000000.0,0.215,27.851,-603000000.0,2058000000.0,2058000000.0,2161000000.0,139000000.0,1.72,2.034,6121000000.0,57000000.0,6064000000.0,6121000000.0,0.0,375000000.0,0.0,0.0,0.0,728000000.0,1103000000.0,0.349,1103000000.0,728000000.0,290000000.0,0.7,0.7,0.7,4679000000.0,4403750000.0,4679000000.0,7525437689.0,10.0,6.823,-231000000.0,-1.375,1.0,1002000000.0,0.317,884000000.0,438000000.0,15798000000.0,15613500000.0,164000000.0,187000000.0,125000000.0,62000000.0,9516000000.0,1583000000.0,7933000000.0,3016437689.0,112000000.0,553000000.0,2000000.0,165000000.0,0.0,162000000.0,-422000000.0,488000000.0,372000000.0,0.0,135000000.0,135000000.0,135000000.0,-67000000.0,4000000.0,0.043,387000000.0,615000000.0,323000000.0,0.0,0.645,22.344,25.571,8886000000.0,0.0,17.9,0.954,0.951,354000000.0,-1683000000.0,3163000000.0,3163000000.0,0.0,0.009,0.031,0.047,0.23,0.0,166000000.0,1.0,168516072.0,168000000,168400000.0,18.827,13318000000.0,17000000.0,155000000.0,1319000000.0,79.274,1139000000.0
16,DYNIQ,MRT,2008-06-30,2008-06-30,2008-06-30,2020-02-11,-42000000.0,16528000000.0,14494000000.0,5055000000.0,11473000000.0,0.169,24.286,-525000000.0,1567000000.0,1567000000.0,2190000000.0,-245000000.0,1.097,3.047,6076000000.0,57000000.0,6019000000.0,6076000000.0,0.0,375000000.0,0.0,0.0,0.0,22000000.0,397000000.0,0.162,397000000.0,22000000.0,-428000000.0,-1.6,-1.6,-1.6,4080000000.0,4372250000.0,4080000000.0,11461062696.0,521.0,28.869,-309000000.0,-1.839,1.0,260000000.0,0.106,903000000.0,450000000.0,15527000000.0,15553750000.0,172000000.0,62000000.0,0.0,62000000.0,12430000000.0,4607000000.0,7823000000.0,7200062696.0,-52000000.0,647000000.0,5000000.0,-141000000.0,0.0,-147000000.0,-121000000.0,617000000.0,216000000.0,0.0,-250000000.0,-250000000.0,-250000000.0,-159000000.0,5000000.0,-0.102,461000000.0,-201000000.0,412000000.0,0.0,1.765,-28.8,-26.719,8853000000.0,0.0,42.75,2.939,2.931,481000000.0,-2288000000.0,2450000000.0,2450000000.0,0.0,-0.017,-0.057,0.001,0.009,0.0,180000000.0,1.0,168422519.0,168000000,168400000.0,14.583,15625000000.0,6000000.0,-178000000.0,919000000.0,93.006,448000000.0
17,DYNIQ,MRT,2008-03-31,2008-03-31,2008-03-31,2020-02-11,-36000000.0,14823000000.0,13693000000.0,3188000000.0,11635000000.0,0.216,25.924,-476000000.0,1779000000.0,1779000000.0,2119000000.0,105000000.0,1.198,2.405,6040000000.0,51000000.0,5989000000.0,6040000000.0,0.0,370000000.0,0.0,0.0,0.0,562000000.0,932000000.0,0.315,932000000.0,562000000.0,136000000.0,0.45,0.45,0.45,4350000000.0,4432750000.0,4350000000.0,10968378742.0,20.0,11.769,-33000000.0,-0.197,1.0,837000000.0,0.283,919000000.0,426000000.0,15505000000.0,15697500000.0,185000000.0,71000000.0,0.0,71000000.0,10462000000.0,2660000000.0,7802000000.0,6631378742.0,60000000.0,485000000.0,4000000.0,508000000.0,0.0,503000000.0,-886000000.0,-9000000.0,443000000.0,0.0,98000000.0,98000000.0,98000000.0,-168000000.0,7000000.0,0.033,492000000.0,345000000.0,298000000.0,0.0,1.524,67.667,87.667,9060000000.0,0.0,39.45,2.243,2.239,388000000.0,-2016000000.0,2956000000.0,2956000000.0,0.0,0.007,0.022,0.036,0.19,0.0,189000000.0,1.0,168095786.0,167800000,168200000.0,17.616,13904000000.0,122000000.0,38000000.0,1222000000.0,82.861,528000000.0
18,DYNIQ,MRT,2007-12-31,2007-12-31,2007-12-31,2020-02-11,-25000000.0,13221000000.0,11789000000.0,1663000000.0,11558000000.0,0.248,29.96,-379000000.0,1653000000.0,1653000000.0,1876000000.0,271000000.0,1.665,1.929,5990000000.0,51000000.0,5939000000.0,5990000000.0,0.0,333000000.0,0.0,0.0,0.0,788000000.0,1121000000.0,0.384,1121000000.0,788000000.0,404000000.0,1.75,1.75,1.75,4506000000.0,3899500000.0,4506000000.0,10253607811.0,13.0,9.147,-38000000.0,-0.253,1.0,1042000000.0,0.357,935000000.0,384000000.0,15624000000.0,13989750000.0,199000000.0,79000000.0,0.0,79000000.0,8692000000.0,999000000.0,7693000000.0,5999607811.0,-43000000.0,433000000.0,4000000.0,438000000.0,0.0,433000000.0,-817000000.0,0.0,341000000.0,0.0,264000000.0,264000000.0,264000000.0,-166000000.0,7000000.0,0.09,466000000.0,576000000.0,292000000.0,0.0,1.331,22.726,20.4,9017000000.0,0.0,35.7,2.056,1.84,427000000.0,-1864000000.0,2918000000.0,2918000000.0,0.0,0.022,0.068,0.056,0.27,0.0,203000000.0,1.0,168056241.0,150400000,150800000.0,19.402,12286000000.0,51000000.0,140000000.0,1250000000.0,81.689,664000000.0
19,DYNIQ,MRT,2007-09-30,2007-09-30,2007-09-30,2020-02-11,-16000000.0,13404000000.0,10368000000.0,2110000000.0,11294000000.0,0.263,27.231,-299000000.0,1690000000.0,1690000000.0,1707000000.0,252000000.0,1.693,1.947,5944000000.0,53000000.0,5891000000.0,5944000000.0,0.0,298000000.0,0.0,0.0,0.0,685000000.0,983000000.0,0.361,983000000.0,685000000.0,345000000.0,1.35,1.35,1.35,4553000000.0,3339750000.0,4553000000.0,12596250516.0,18.0,12.814,53000000.0,0.317,1.0,1015000000.0,0.373,853000000.0,340000000.0,15559000000.0,12220750000.0,197000000.0,96000000.0,0.0,96000000.0,8865000000.0,1246000000.0,7619000000.0,7761250515.0,250000000.0,697000000.0,4000000.0,255000000.0,0.0,256000000.0,-358000000.0,-888000000.0,352000000.0,0.0,252000000.0,252000000.0,252000000.0,-124000000.0,0.0,0.093,492000000.0,523000000.0,307000000.0,0.0,1.705,30.799,34.222,8975000000.0,0.0,46.2,2.851,2.838,386000000.0,-1818000000.0,2722000000.0,2722000000.0,0.0,0.024,0.075,0.056,0.252,0.0,199000000.0,1.0,167992435.0,167200000,167600000.0,16.28,12551000000.0,28000000.0,93000000.0,1087000000.0,75.066,864000000.0
20,DYNIQ,MRT,2007-06-30,2007-06-30,2007-06-30,2020-02-11,-18000000.0,13324000000.0,8893750000.0,2024000000.0,11300000000.0,0.246,26.099,-249000000.0,1359000000.0,1359000000.0,1377000000.0,-37000000.0,1.791,2.087,6194000000.0,54000000.0,6140000000.0,6194000000.0,0.0,263000000.0,0.0,0.0,0.0,284000000.0,547000000.0,0.25,547000000.0,284000000.0,-44000000.0,-0.65,-0.65,-0.65,4322000000.0,2780000000.0,4322000000.0,10523307477.0,37.0,19.238,82000000.0,0.495,1.0,807000000.0,0.37,927000000.0,328000000.0,16102000000.0,10581500000.0,193000000.0,86000000.0,0.0,86000000.0,9018000000.0,1130000000.0,7888000000.0,7922307477.0,-35000000.0,247000000.0,2000000.0,422000000.0,0.0,420000000.0,-786000000.0,-916000000.0,331000000.0,0.0,-37000000.0,-37000000.0,-37000000.0,-2000000.0,0.0,-0.017,551000000.0,256000000.0,330000000.0,0.0,1.833,-214.116,-72.615,8973000000.0,0.0,47.2,3.627,3.579,431000000.0,-2038000000.0,2184000000.0,2184000000.0,0.0,-0.004,-0.013,0.027,0.13,0.0,196000000.0,1.0,167845497.0,165600000,166000000.0,13.188,12397000000.0,118000000.0,-7000000.0,1105000000.0,74.861,894000000.0
21,DYNIQ,MRT,2007-03-31,2007-03-31,2007-03-31,2020-02-11,-6000000.0,7207000000.0,7485000000.0,1669000000.0,5538000000.0,0.232,22.349,-171000000.0,640000000.0,640000000.0,1116000000.0,-320000000.0,2.081,2.251,3241000000.0,54000000.0,3187000000.0,3241000000.0,0.0,259000000.0,0.0,0.0,0.0,-123000000.0,136000000.0,0.078,136000000.0,-123000000.0,-474000000.0,-3.5,-3.5,-3.5,2217000000.0,2284750000.0,2217000000.0,7219421094.0,-59.0,53.084,-10000000.0,-0.101,1.0,619000000.0,0.357,332000000.0,351000000.0,8674000000.0,8858250000.0,182000000.0,82000000.0,0.0,82000000.0,4990000000.0,802000000.0,4188000000.0,4612421094.0,-1322000000.0,218000000.0,180000000.0,-878000000.0,-6000000.0,-1346000000.0,-137000000.0,-313000000.0,161000000.0,0.0,-320000000.0,-324000000.0,-324000000.0,7000000.0,0.0,-0.187,525000000.0,94000000.0,172000000.0,0.0,2.08,-14.236,-13.229,4866000000.0,4000000.0,46.3,2.658,2.647,286000000.0,-2114000000.0,1735000000.0,1735000000.0,0.0,-0.043,-0.142,-0.014,-0.071,0.0,198000000.0,1.0,99620326.0,99200000,99600000.0,17.49,6875000000.0,147000000.0,-154000000.0,516000000.0,69.304,867000000.0
22,DYNIQ,MRT,2006-12-31,2006-12-31,2006-12-31,2020-02-11,67000000.0,7537000000.0,7900750000.0,1989000000.0,5548000000.0,0.224,24.695,-155000000.0,734000000.0,734000000.0,1136000000.0,-333000000.0,1.706,2.325,3258000000.0,68000000.0,3190000000.0,3258000000.0,0.0,265000000.0,0.0,0.0,0.0,-103000000.0,162000000.0,0.092,162000000.0,-103000000.0,-485000000.0,-3.75,-3.75,-3.75,2267000000.0,2265250000.0,2267000000.0,6351162304.0,-62.0,39.205,-349000000.0,-3.802,1.0,634000000.0,0.358,347000000.0,382000000.0,8548000000.0,9191500000.0,194000000.0,0.0,0.0,0.0,5270000000.0,1166000000.0,4104000000.0,3606162304.0,-1178000000.0,384000000.0,183000000.0,-859000000.0,-17000000.0,-1342000000.0,358000000.0,0.0,-194000000.0,0.0,-333000000.0,-342000000.0,-342000000.0,13000000.0,0.0,-0.193,529000000.0,105000000.0,172000000.0,0.0,1.591,-10.544,-9.653,4951000000.0,9000000.0,36.2,2.037,1.877,258000000.0,-2135000000.0,1770000000.0,1770000000.0,0.0,-0.043,-0.151,-0.011,-0.058,0.0,196000000.0,1.0,99617743.0,91800000,101800000.0,19.281,7190000000.0,105000000.0,-152000000.0,469000000.0,78.322,823000000.0
23,DYNIQ,MRT,2006-09-30,2006-09-30,2006-09-30,2020-02-11,59000000.0,7507000000.0,8548000000.0,1616000000.0,5891000000.0,0.212,23.374,-155000000.0,665000000.0,665000000.0,1621000000.0,23000000.0,1.82,2.244,3410000000.0,48000000.0,3362000000.0,3410000000.0,0.0,277000000.0,0.0,0.0,0.0,118000000.0,395000000.0,0.218,395000000.0,118000000.0,-297000000.0,0.7,0.7,0.7,2314000000.0,2233500000.0,2314000000.0,5621113195.0,48.0,14.231,-187000000.0,-1.889,1.0,192000000.0,0.106,362000000.0,415000000.0,9002000000.0,9547250000.0,197000000.0,89000000.0,0.0,89000000.0,5193000000.0,888000000.0,4305000000.0,2757113195.0,183000000.0,2400000000.0,183000000.0,-1501000000.0,-17000000.0,-1994000000.0,2209000000.0,316000000.0,-32000000.0,0.0,23000000.0,9000000.0,9000000.0,-688000000.0,0.0,0.005,561000000.0,-369000000.0,215000000.0,0.0,1.191,306.346,39.571,5005000000.0,14000000.0,27.7,1.521,1.513,285000000.0,-2077000000.0,1813000000.0,1813000000.0,0.0,0.001,0.004,0.012,0.065,0.0,207000000.0,1.0,99534772.0,99000000,99400000.0,18.313,7145000000.0,29000000.0,-320000000.0,440000000.0,72.172,728000000.0
24,DYNIQ,MRT,2006-06-30,2006-06-30,2006-06-30,2020-02-11,20000000.0,7689000000.0,9584000000.0,1671000000.0,6018000000.0,0.217,26.482,-161000000.0,597000000.0,597000000.0,1874000000.0,121000000.0,1.726,2.284,3461000000.0,70000000.0,3391000000.0,3461000000.0,0.0,275000000.0,0.0,0.0,0.0,238000000.0,513000000.0,0.247,513000000.0,238000000.0,-171000000.0,1.7,1.7,1.7,2341000000.0,2107750000.0,2341000000.0,4718239179.0,20.0,9.197,-550000000.0,-6.222,1.0,201000000.0,0.097,376000000.0,409000000.0,9209000000.0,10687500000.0,216000000.0,87000000.0,0.0,87000000.0,5348000000.0,968000000.0,4380000000.0,2203239179.0,0.0,2499000000.0,182000000.0,-1406000000.0,-28000000.0,-1916000000.0,2305000000.0,319000000.0,-389000000.0,0.0,121000000.0,101000000.0,101000000.0,-729000000.0,0.0,0.049,485000000.0,-284000000.0,246000000.0,0.0,0.941,21.814,16.088,5138000000.0,20000000.0,27.35,1.062,1.165,343000000.0,-2008000000.0,2075000000.0,2075000000.0,0.0,0.011,0.048,0.022,0.115,0.0,224000000.0,1.0,80557191.0,88400000,102600000.0,23.473,7313000000.0,18000000.0,-292000000.0,440000000.0,82.726,703000000.0
25,DYNIQ,MRT,2006-03-31,2006-03-31,2006-03-31,2020-02-11,8000000.0,8870000000.0,10351750000.0,2759000000.0,6111000000.0,0.208,26.738,-159000000.0,1769000000.0,1769000000.0,2005000000.0,353000000.0,2.795,2.96,4284000000.0,70000000.0,4214000000.0,4284000000.0,0.0,262000000.0,0.0,0.0,0.0,535000000.0,797000000.0,0.37,797000000.0,535000000.0,137000000.0,4.35,4.35,4.35,2139000000.0,1949250000.0,2139000000.0,4280243354.0,8.0,5.37,-466000000.0,-5.825,1.0,150000000.0,0.07,391000000.0,398000000.0,10007000000.0,11674000000.0,209000000.0,89000000.0,0.0,89000000.0,6331000000.0,987000000.0,5344000000.0,1927243354.0,1320000000.0,2658000000.0,3000000.0,-813000000.0,-22000000.0,-862000000.0,2489000000.0,339000000.0,-307000000.0,0.0,353000000.0,331000000.0,331000000.0,-863000000.0,0.0,0.154,518000000.0,-368000000.0,237000000.0,0.0,0.901,5.822,5.517,5366000000.0,22000000.0,24.0,0.894,0.891,330000000.0,-1797000000.0,2155000000.0,2155000000.0,0.0,0.032,0.17,0.046,0.248,0.0,256000000.0,1.0,80301806.0,80000000,105200000.0,26.938,8479000000.0,20000000.0,-216000000.0,570000000.0,105.987,1772000000.0
26,DYNIQ,MRT,2005-12-31,2005-12-31,2005-12-31,2020-02-11,4000000.0,10126000000.0,10880500000.0,3706000000.0,6420000000.0,0.185,27.649,-195000000.0,1946000000.0,1946000000.0,2126000000.0,90000000.0,1.751,3.545,4299000000.0,71000000.0,4228000000.0,4299000000.0,0.0,278000000.0,0.0,0.0,0.0,86000000.0,364000000.0,0.18,364000000.0,86000000.0,-303000000.0,0.9,0.9,0.9,2140000000.0,1814250000.0,2140000000.0,6786235947.0,79.0,18.644,-225000000.0,-2.907,1.0,-109000000.0,-0.054,392000000.0,389000000.0,9971000000.0,12392750000.0,214000000.0,355000000.0,0.0,355000000.0,7586000000.0,2116000000.0,5470000000.0,1944235947.0,921000000.0,2368000000.0,2000000.0,-832000000.0,-22000000.0,-873000000.0,1824000000.0,0.0,-30000000.0,0.0,90000000.0,68000000.0,68000000.0,-895000000.0,0.0,0.034,723000000.0,-832000000.0,550000000.0,0.0,0.909,28.592,26.889,5323000000.0,22000000.0,24.2,0.964,0.929,640000000.0,-1793000000.0,2017000000.0,2017000000.0,0.0,0.006,0.037,0.007,0.043,0.0,468000000.0,1.0,80340328.0,77400000,102600000.0,26.059,9734000000.0,17000000.0,-393000000.0,558000000.0,125.762,1590000000.0
27,DYNIQ,MRT,2005-09-30,2005-09-30,2005-09-30,2020-02-11,-28000000.0,11651000000.0,10809750000.0,3883000000.0,7768000000.0,0.187,23.218,-222000000.0,259000000.0,259000000.0,1900000000.0,-379000000.0,1.537,5.154,5101000000.0,77000000.0,5024000000.0,5101000000.0,0.0,284000000.0,0.0,0.0,0.0,-353000000.0,-69000000.0,-0.034,-69000000.0,-353000000.0,-704000000.0,-5.3,-5.3,-5.3,1811000000.0,1768250000.0,1811000000.0,6537893993.0,-19.0,-94.752,-515000000.0,-6.603,1.0,118000000.0,0.058,403000000.0,351000000.0,13563000000.0,12841000000.0,172000000.0,375000000.0,0.0,375000000.0,9333000000.0,2527000000.0,6806000000.0,1798893993.0,-721000000.0,32000000.0,2000000.0,-177000000.0,-22000000.0,-212000000.0,-216000000.0,-26000000.0,-293000000.0,0.0,-379000000.0,-401000000.0,-401000000.0,-261000000.0,0.0,-0.199,763000000.0,-645000000.0,483000000.0,0.0,0.993,-4.486,-4.443,5342000000.0,22000000.0,23.55,0.891,0.91,646000000.0,-2086000000.0,2018000000.0,2018000000.0,0.0,-0.037,-0.227,-0.027,-0.175,0.0,520000000.0,1.0,76386157.0,78000000,103200000.0,25.872,11248000000.0,766000000.0,-325000000.0,1046000000.0,144.205,1356000000.0
28,DYNIQ,MRT,2005-06-30,2005-06-30,2005-06-30,2020-02-11,-23000000.0,10760000000.0,10579750000.0,2974000000.0,7786000000.0,0.181,22.461,-253000000.0,380000000.0,380000000.0,1771000000.0,-330000000.0,1.543,5.006,5119000000.0,55000000.0,5064000000.0,5119000000.0,0.0,311000000.0,0.0,0.0,0.0,-268000000.0,43000000.0,0.022,43000000.0,-268000000.0,-635000000.0,-4.65,-4.8,-4.65,1707000000.0,1840000000.0,1707000000.0,6499474888.0,-24.0,151.151,-318000000.0,-4.184,1.0,145000000.0,0.076,416000000.0,367000000.0,13155000000.0,12479000000.0,197000000.0,374000000.0,0.0,374000000.0,8546000000.0,1928000000.0,6618000000.0,1854474888.0,-479000000.0,367000000.0,2000000.0,-495000000.0,-22000000.0,-536000000.0,122000000.0,8000000.0,-65000000.0,0.0,-330000000.0,-352000000.0,-352000000.0,-254000000.0,0.0,-0.184,790000000.0,-645000000.0,520000000.0,0.0,1.086,-5.268,-5.226,5377000000.0,22000000.0,24.3,0.968,0.964,606000000.0,-2109000000.0,1916000000.0,1916000000.0,0.0,-0.033,-0.191,-0.021,-0.14,0.0,519000000.0,1.0,76315839.0,76000000,101200000.0,25.211,10344000000.0,500000000.0,-305000000.0,800000000.0,136.105,1046000000.0
29,DYNIQ,MRT,2005-03-31,2005-03-31,2005-03-31,2020-02-11,-19000000.0,10985000000.0,11222500000.0,3018000000.0,7967000000.0,0.191,21.095,-312000000.0,481000000.0,481000000.0,1814000000.0,-347000000.0,1.329,5.553,5126000000.0,64000000.0,5062000000.0,5126000000.0,0.0,338000000.0,0.0,0.0,0.0,-228000000.0,110000000.0,0.051,110000000.0,-228000000.0,-640000000.0,-4.85,-5.0,-4.85,1599000000.0,1908500000.0,1599000000.0,5226343263.0,-23.0,47.512,-508000000.0,-6.702,1.0,332000000.0,0.155,477000000.0,412000000.0,12882000000.0,12843750000.0,228000000.0,452000000.0,0.0,452000000.0,8879000000.0,2271000000.0,6608000000.0,1488343263.0,-93000000.0,425000000.0,3000000.0,49000000.0,-22000000.0,7000000.0,96000000.0,-17000000.0,-196000000.0,0.0,-347000000.0,-369000000.0,-369000000.0,-143000000.0,0.0,-0.172,857000000.0,-525000000.0,491000000.0,0.0,0.931,-4.033,-4.031,6498000000.0,22000000.0,19.55,0.694,0.691,978000000.0,-2217000000.0,2146000000.0,2146000000.0,0.0,-0.033,-0.193,-0.018,-0.106,0.0,531000000.0,1.0,76130090.0,75800000,101000000.0,28.311,10508000000.0,145000000.0,-293000000.0,764000000.0,138.628,747000000.0
30,DYNIQ,MRT,2004-12-31,2004-12-31,2004-12-31,2020-02-11,-13000000.0,9843000000.0,11699500000.0,2728000000.0,7115000000.0,0.209,25.873,-311000000.0,628000000.0,628000000.0,1850000000.0,-15000000.0,1.514,3.774,4366000000.0,34000000.0,4332000000.0,4366000000.0,0.0,356000000.0,0.0,0.0,0.0,266000000.0,622000000.0,0.254,622000000.0,266000000.0,-187000000.0,-0.5,-0.5,-0.5,1956000000.0,1998750000.0,1956000000.0,5329723123.0,20.0,8.569,-306000000.0,-4.048,1.0,601000000.0,0.245,15000000.0,453000000.0,11764000000.0,13142500000.0,221000000.0,421000000.0,0.0,421000000.0,7381000000.0,1802000000.0,5579000000.0,1755723123.0,151000000.0,573000000.0,5000000.0,-69000000.0,-22000000.0,-115000000.0,262000000.0,0.0,5000000.0,-1000000.0,-15000000.0,-37000000.0,-37000000.0,-165000000.0,0.0,-0.015,701000000.0,-100000000.0,580000000.0,0.0,0.898,-47.452,-46.2,6130000000.0,22000000.0,23.1,0.716,0.713,824000000.0,-1861000000.0,2451000000.0,2451000000.0,0.0,-0.003,-0.019,0.02,0.109,0.0,330000000.0,1.0,76005330.0,75600000,100800000.0,32.421,9828000000.0,77000000.0,-172000000.0,499000000.0,130.0,926000000.0
31,DYNIQ,MRT,2004-09-30,2004-09-30,2004-09-30,2020-02-11,-24000000.0,10731000000.0,12441250000.0,3163000000.0,7568000000.0,0.103,27.678,-295000000.0,926000000.0,926000000.0,572000000.0,-398000000.0,1.454,3.873,4500000000.0,149000000.0,4351000000.0,4500000000.0,0.0,405000000.0,0.0,0.0,0.0,-109000000.0,296000000.0,0.231,296000000.0,-109000000.0,-636000000.0,-5.65,-5.6,-5.65,2098000000.0,1981250000.0,2098000000.0,5825856002.0,-53.0,19.682,-233000000.0,-3.074,1.0,710000000.0,0.554,15000000.0,527000000.0,12115000000.0,14219750000.0,260000000.0,459000000.0,0.0,459000000.0,8125000000.0,2175000000.0,5950000000.0,1893856002.0,238000000.0,537000000.0,5000000.0,-19000000.0,-22000000.0,-68000000.0,242000000.0,0.0,62000000.0,2000000.0,-398000000.0,-420000000.0,-420000000.0,-160000000.0,0.0,-0.328,1164000000.0,-454000000.0,637000000.0,0.0,0.903,-4.509,-4.416,6148000000.0,22000000.0,24.95,1.477,1.475,717000000.0,-1713000000.0,1282000000.0,1282000000.0,0.0,-0.034,-0.212,-0.008,-0.085,0.0,277000000.0,1.0,75906052.0,75800000,100800000.0,16.913,10716000000.0,0.0,-238000000.0,526000000.0,141.372,988000000.0
32,DYNIQ,MRT,2004-06-30,2004-06-30,2004-06-30,2020-02-11,-66000000.0,13331000000.0,13218750000.0,3433000000.0,9898000000.0,0.151,26.204,-295000000.0,795000000.0,795000000.0,1224000000.0,-471000000.0,1.303,5.461,4727000000.0,81000000.0,4646000000.0,4727000000.0,0.0,463000000.0,0.0,0.0,0.0,-156000000.0,307000000.0,0.154,307000000.0,-156000000.0,-713000000.0,9.25,6.85,9.25,1981000000.0,2046500000.0,1981000000.0,5415379564.0,-35.0,17.64,202000000.0,2.672,1.0,775000000.0,0.388,15000000.0,557000000.0,14614000000.0,15296500000.0,218000000.0,626000000.0,0.0,626000000.0,10819000000.0,2634000000.0,8185000000.0,1614379564.0,36000000.0,115000000.0,5000000.0,-18000000.0,-11000000.0,-283000000.0,-180000000.0,0.0,497000000.0,2000000.0,-471000000.0,696000000.0,696000000.0,-125000000.0,0.0,0.348,1193000000.0,-418000000.0,668000000.0,0.0,0.815,2.32,2.303,6187000000.0,-1167000000.0,21.3,0.808,0.806,776000000.0,-1785000000.0,1999000000.0,1999000000.0,0.0,0.053,0.34,-0.01,-0.078,0.0,281000000.0,1.0,75792468.0,75600000,87000000.0,26.442,13316000000.0,0.0,-242000000.0,515000000.0,176.138,799000000.0
33,DYNIQ,MRT,2004-03-31,2004-03-31,2004-03-31,2020-02-11,-80000000.0,12893000000.0,13699750000.0,2946000000.0,9947000000.0,0.174,26.064,-302000000.0,367000000.0,367000000.0,2016000000.0,-769000000.0,1.132,5.307,4168000000.0,80000000.0,4088000000.0,4168000000.0,0.0,497000000.0,0.0,0.0,0.0,-625000000.0,-128000000.0,-0.054,-128000000.0,-625000000.0,-1150000000.0,4.2,1.8,4.2,1960000000.0,2011000000.0,1960000000.0,7219978312.0,-12.0,-56.406,334000000.0,4.441,1.0,361000000.0,0.152,15000000.0,525000000.0,14077000000.0,15814000000.0,164000000.0,611000000.0,0.0,611000000.0,10401000000.0,2602000000.0,7799000000.0,1491978312.0,-1311000000.0,83000000.0,10000000.0,-1491000000.0,-11000000.0,-1743000000.0,-219000000.0,0.0,636000000.0,15000000.0,-769000000.0,322000000.0,322000000.0,-98000000.0,0.0,0.135,1209000000.0,-848000000.0,630000000.0,0.0,0.761,4.633,4.714,6252000000.0,-1091000000.0,19.8,0.628,0.626,731000000.0,-1787000000.0,2377000000.0,2377000000.0,0.0,0.024,0.16,-0.04,-0.263,0.0,311000000.0,1.0,75352440.0,75200000,100400000.0,31.609,12878000000.0,0.0,-381000000.0,478000000.0,171.25,344000000.0
34,DYNIQ,MRT,2003-12-31,2003-12-31,2003-12-31,2020-02-11,-20000000.0,12810000000.0,14818000000.0,3086000000.0,9724000000.0,0.175,25.214,-333000000.0,496000000.0,496000000.0,2150000000.0,-692000000.0,1.26,5.51,6224000000.0,331000000.0,5893000000.0,6224000000.0,0.0,525000000.0,0.0,0.0,0.0,-485000000.0,40000000.0,0.015,40000000.0,-485000000.0,-988000000.0,4.3,3.9,4.3,1886000000.0,2064500000.0,1886000000.0,7218523778.0,-15.0,180.463,543000000.0,7.259,1.0,449000000.0,0.173,15000000.0,503000000.0,16073000000.0,16716750000.0,279000000.0,612000000.0,0.0,612000000.0,10392000000.0,2450000000.0,7942000000.0,1613523778.0,-280000000.0,67000000.0,6000000.0,-658000000.0,0.0,-900000000.0,-266000000.0,0.0,876000000.0,10000000.0,-692000000.0,321000000.0,321000000.0,-81000000.0,0.0,0.124,1218000000.0,-769000000.0,619000000.0,0.0,0.856,5.027,4.977,8178000000.0,-1013000000.0,21.4,0.621,0.616,1035000000.0,-1913000000.0,2599000000.0,2599000000.0,0.0,0.022,0.155,-0.029,-0.187,0.0,315000000.0,1.0,75398307.0,74800000,84600000.0,34.746,12795000000.0,195000000.0,-296000000.0,755000000.0,171.056,636000000.0
35,DYNIQ,MRT,2003-09-30,2003-09-30,2003-09-30,2020-02-11,-20000000.0,13841000000.0,16622750000.0,3222000000.0,10619000000.0,0.336,31.453,-410000000.0,707000000.0,707000000.0,4942000000.0,-266000000.0,1.226,4.641,6312000000.0,325000000.0,5987000000.0,6312000000.0,0.0,599000000.0,0.0,0.0,0.0,-101000000.0,498000000.0,0.089,498000000.0,-101000000.0,-549000000.0,8.95,6.35,8.95,2359000000.0,2143750000.0,2359000000.0,6621671503.0,-66.0,13.297,237000000.0,3.16,1.0,649000000.0,0.116,396000000.0,448000000.0,16422000000.0,17322500000.0,294000000.0,668000000.0,0.0,668000000.0,10947000000.0,2628000000.0,8319000000.0,1348671503.0,-175000000.0,535000000.0,6000000.0,-906000000.0,0.0,-953000000.0,125000000.0,0.0,647000000.0,6000000.0,-266000000.0,670000000.0,670000000.0,60000000.0,0.0,0.12,859000000.0,-210000000.0,635000000.0,0.0,0.572,2.013,2.011,8390000000.0,-936000000.0,18.0,0.241,0.241,1051000000.0,-1434000000.0,5591000000.0,5591000000.0,0.0,0.04,0.313,-0.006,-0.018,0.0,339000000.0,1.0,74926195.0,75000000,92800000.0,74.547,13445000000.0,0.0,-283000000.0,797000000.0,179.267,594000000.0
36,DYNIQ,MRT,2003-06-30,2003-06-30,2003-06-30,2020-02-11,-10000000.0,15255000000.0,19092500000.0,4265000000.0,10990000000.0,0.288,24.651,-505000000.0,819000000.0,819000000.0,4899000000.0,-1922000000.0,1.237,6.362,6092000000.0,531000000.0,5561000000.0,6092000000.0,0.0,593000000.0,0.0,0.0,0.0,-1909000000.0,-1316000000.0,-0.239,-1316000000.0,-1909000000.0,-2295000000.0,-30.45,-30.45,-30.45,1839000000.0,2179750000.0,1839000000.0,6776150492.0,-4.0,-5.149,-418000000.0,-5.603,1.0,605000000.0,0.11,396000000.0,386000000.0,16684000000.0,18306750000.0,274000000.0,686000000.0,0.0,686000000.0,11700000000.0,3448000000.0,8252000000.0,1565150492.0,434000000.0,1604000000.0,10000000.0,-819000000.0,0.0,-810000000.0,1174000000.0,0.0,87000000.0,-17000000.0,-1922000000.0,-2252000000.0,-2252000000.0,679000000.0,0.0,-0.409,1792000000.0,-1187000000.0,680000000.0,0.0,0.851,-0.695,-0.69,8356000000.0,330000000.0,21.0,0.284,0.285,1149000000.0,-2622000000.0,5504000000.0,5504000000.0,0.0,-0.118,-1.033,-0.104,-0.347,0.0,354000000.0,1.0,74530976.0,74600000,75000000.0,73.78,14859000000.0,0.0,-373000000.0,785000000.0,199.182,817000000.0
37,DYNIQ,MRT,2003-03-31,2003-03-31,2003-03-31,2020-02-11,-38000000.0,17366000000.0,22265250000.0,6205000000.0,11161000000.0,0.261,29.299,-636000000.0,1794000000.0,1794000000.0,4973000000.0,-2193000000.0,1.381,6.236,7005000000.0,737000000.0,6268000000.0,7005000000.0,0.0,611000000.0,0.0,0.029,0.375,-2132000000.0,-1521000000.0,-0.262,-1521000000.0,-2132000000.0,-2473000000.0,-34.25,-34.25,-34.25,2174000000.0,2774250000.0,2174000000.0,6367270089.0,-3.0,-4.186,-507000000.0,-6.833,1.0,828000000.0,0.143,396000000.0,341000000.0,17688000000.0,19834750000.0,191000000.0,710000000.0,0.0,710000000.0,13557000000.0,4493000000.0,9064000000.0,969270089.0,1332000000.0,1573000000.0,11000000.0,259000000.0,-27000000.0,241000000.0,1012000000.0,0.0,129000000.0,-50000000.0,-2193000000.0,-2523000000.0,-2523000000.0,1097000000.0,0.0,-0.435,1784000000.0,-956000000.0,856000000.0,-0.011,0.446,-0.384,-0.381,8393000000.0,330000000.0,13.05,0.167,0.167,1698000000.0,-2250000000.0,5801000000.0,5801000000.0,0.0,-0.113,-0.909,-0.107,-0.368,0.0,307000000.0,1.0,74273570.0,74200000,74400000.0,78.181,16970000000.0,0.0,-280000000.0,910000000.0,228.706,1712000000.0
38,DYNIQ,MRT,2002-12-31,2002-12-31,2002-12-31,2020-02-11,-55000000.0,20029000000.0,24985250000.0,7586000000.0,12443000000.0,0.213,30.096,-947000000.0,774000000.0,774000000.0,4596000000.0,-2587000000.0,1.124,7.379,6315000000.0,861000000.0,5454000000.0,6315000000.0,0.0,613000000.0,0.0,0.127,0.75,-2633000000.0,-2020000000.0,-0.379,-2020000000.0,-2633000000.0,-2930000000.0,-39.85,-39.85,-39.85,2203000000.0,3440500000.0,2203000000.0,5836214063.0,-2.0,-2.889,-972000000.0,-13.279,1.0,730000000.0,0.137,326000000.0,297000000.0,18496000000.0,20979250000.0,236000000.0,668000000.0,0.0,668000000.0,16257000000.0,6748000000.0,9509000000.0,438214063.0,549000000.0,1549000000.0,239000000.0,-197000000.0,-55000000.0,-44000000.0,677000000.0,0.0,-25000000.0,-59000000.0,-2587000000.0,-2917000000.0,-2917000000.0,1154000000.0,0.0,-0.548,1788000000.0,-1058000000.0,1651000000.0,-0.019,0.199,-0.15,-0.148,8458000000.0,330000000.0,5.9,0.082,0.081,2822000000.0,-2198000000.0,5326000000.0,5326000000.0,0.0,-0.117,-0.848,-0.126,-0.494,0.0,325000000.0,1.0,74273570.0,73200000,74000000.0,72.76,19703000000.0,0.0,-343000000.0,765000000.0,269.167,838000000.0
39,DYNIQ,MRT,2002-09-30,2002-09-30,2002-09-30,2020-02-11,13000000.0,23720000000.0,26270000000.0,8798000000.0,14922000000.0,0.211,34.008,-1198000000.0,1070000000.0,1070000000.0,4665000000.0,-2492000000.0,1.01,7.867,6816000000.0,1526000000.0,5290000000.0,6816000000.0,0.0,560000000.0,0.0,0.194,1.125,-2307000000.0,-1747000000.0,-0.314,-1747000000.0,-2307000000.0,-2576000000.0,-38.05,-38.05,-38.05,2503000000.0,4124000000.0,2503000000.0,7189409092.0,-3.0,-4.115,-844000000.0,-11.467,1.0,891000000.0,0.16,396000000.0,269000000.0,20359000000.0,21432000000.0,221000000.0,716000000.0,0.0,716000000.0,19691000000.0,8711000000.0,10980000000.0,428409092.0,639000000.0,86000000.0,777000000.0,633000000.0,-79000000.0,2439000000.0,-2070000000.0,0.0,354000000.0,-84000000.0,-2492000000.0,-2782000000.0,-2782000000.0,1182000000.0,0.0,-0.501,1667000000.0,-776000000.0,1953000000.0,-0.03,0.171,-0.154,-0.152,8406000000.0,290000000.0,5.8,0.077,0.077,2701000000.0,-1947000000.0,5556000000.0,5556000000.0,0.0,-0.106,-0.675,-0.108,-0.415,0.0,294000000.0,1.0,73863637.0,73600000,73800000.0,75.489,23324000000.0,0.0,-84000000.0,927000000.0,316.902,87000000.0
40,DYNIQ,MRT,2002-06-30,2002-06-30,2002-06-30,2020-02-11,11000000.0,27946000000.0,26304000000.0,8858000000.0,19088000000.0,-0.502,57.609,-1506000000.0,381000000.0,381000000.0,-14510000000.0,-603000000.0,0.855,5.283,7773000000.0,1936000000.0,5837000000.0,7773000000.0,0.0,541000000.0,0.0,0.042,1.5,-202000000.0,339000000.0,-0.026,339000000.0,-202000000.0,-453000000.0,-10.85,-10.95,-10.85,4217000000.0,4526750000.0,4217000000.0,7785962026.0,-39.0,22.967,-1004000000.0,-13.716,1.0,1294000000.0,-0.098,2179000000.0,251000000.0,22796000000.0,20345750000.0,258000000.0,918000000.0,0.0,918000000.0,22279000000.0,10363000000.0,11916000000.0,2643962026.0,-141000000.0,-1023000000.0,721000000.0,1215000000.0,-104000000.0,2994000000.0,-3586000000.0,0.0,502000000.0,-51000000.0,-603000000.0,-810000000.0,-810000000.0,564000000.0,0.0,0.061,814000000.0,480000000.0,2924000000.0,-0.138,0.627,-3.264,-3.318,10782000000.0,207000000.0,36.0,-0.2,-0.199,3192000000.0,-220000000.0,-13216000000.0,-13216000000.0,0.0,-0.031,-0.179,-0.01,0.015,0.0,352000000.0,1.0,73443390.0,73200000,74000000.0,-180.546,25767000000.0,0.0,150000000.0,1197000000.0,352.008,-1505000000.0
41,DYNIQ,MRT,2002-03-31,2002-03-31,2002-03-31,2020-02-11,-28000000.0,28246000000.0,25023500000.0,9827000000.0,18419000000.0,-0.107,66.47,-1686000000.0,465000000.0,465000000.0,-4256000000.0,-3000000.0,0.992,4.375,6604000000.0,922000000.0,5682000000.0,6604000000.0,0.0,505000000.0,0.0,0.01,1.5,524000000.0,1029000000.0,-0.384,1029000000.0,524000000.0,269000000.0,-1.45,-1.6,-1.45,4839000000.0,4455750000.0,4839000000.0,14915397077.0,28.0,14.495,-1157000000.0,-15.893,1.0,1574000000.0,-0.587,2214000000.0,255000000.0,22266000000.0,18445750000.0,199000000.0,920000000.0,0.0,920000000.0,21173000000.0,9905000000.0,11268000000.0,10607397077.0,212000000.0,-1042000000.0,715000000.0,697000000.0,-92000000.0,2670000000.0,-2947000000.0,0.0,529000000.0,-40000000.0,-3000000.0,-128000000.0,-128000000.0,142000000.0,0.0,0.048,829000000.0,745000000.0,2828000000.0,-1.034,2.192,-82.87,-100.0,10982000000.0,125000000.0,145.0,-3.955,-3.936,2870000000.0,446000000.0,-2682000000.0,-2682000000.0,0.0,-0.005,-0.029,0.028,-0.195,0.0,423000000.0,1.0,73154463.0,72800000,74200000.0,-36.841,26032000000.0,0.0,272000000.0,1606000000.0,357.582,-78000000.0
42,DYNIQ,MRT,2001-12-31,2001-12-31,2001-12-31,2020-02-11,-27000000.0,25168000000.0,23385750000.0,8956000000.0,16212000000.0,0.39,75.721,-2551000000.0,236000000.0,236000000.0,7317000000.0,399000000.0,1.049,3.659,5474000000.0,458000000.0,5016000000.0,5474000000.0,0.0,482000000.0,0.0,0.012,1.5,1022000000.0,1504000000.0,0.165,1504000000.0,1022000000.0,767000000.0,5.5,5.25,5.5,4937000000.0,4198500000.0,4937000000.0,12010160762.0,12.0,7.985,-2001000000.0,-30.69,1.0,1807000000.0,0.198,1561000000.0,255000000.0,20307000000.0,16943250000.0,256000000.0,2445000000.0,0.0,2445000000.0,18063000000.0,8538000000.0,9525000000.0,8311160762.0,149000000.0,-1058000000.0,536000000.0,1632000000.0,-98000000.0,3450000000.0,-3828000000.0,0.0,550000000.0,-23000000.0,399000000.0,357000000.0,357000000.0,82000000.0,0.0,0.039,836000000.0,971000000.0,2102000000.0,0.273,1.683,23.281,23.182,9201000000.0,42000000.0,127.5,0.911,0.911,3119000000.0,798000000.0,9124000000.0,9124000000.0,0.0,0.015,0.085,0.06,0.112,0.0,420000000.0,1.0,65185575.0,65200000,68000000.0,139.939,23607000000.0,0.0,368000000.0,1568000000.0,362.071,418000000.0
43,DYNIQ,MRT,2001-09-30,2001-09-30,2001-09-30,2020-02-11,-19000000.0,23856000000.0,22759250000.0,10562000000.0,13294000000.0,-0.156,63.292,-2706000000.0,237000000.0,237000000.0,-5415000000.0,473000000.0,1.061,4.471,3936000000.0,382000000.0,3554000000.0,3936000000.0,0.0,425000000.0,0.0,0.009,1.5,1032000000.0,1457000000.0,-0.409,1457000000.0,1032000000.0,781000000.0,7.2,6.9,7.2,4114000000.0,3824500000.0,4114000000.0,14710466538.0,14.0,10.096,-2202000000.0,-33.877,1.0,1854000000.0,-0.521,1585000000.0,251000000.0,16014000000.0,15544750000.0,342000000.0,989000000.0,0.0,989000000.0,18393000000.0,9956000000.0,8437000000.0,11286466538.0,96000000.0,-117000000.0,620000000.0,211000000.0,-102000000.0,1598000000.0,-1980000000.0,0.0,504000000.0,-26000000.0,473000000.0,473000000.0,473000000.0,-27000000.0,0.0,-0.133,820000000.0,1034000000.0,3596000000.0,0.208,2.743,23.861,24.063,7140000000.0,0.0,173.25,-3.169,-3.162,3831000000.0,1163000000.0,-3561000000.0,-3561000000.0,0.0,0.021,0.124,0.066,-0.29,71000000.0,465000000.0,1.0,65145550.0,65000000,67600000.0,-54.785,22271000000.0,0.0,308000000.0,1558000000.0,342.631,606000000.0
44,DYNIQ,MRT,2001-06-30,2001-06-30,2001-06-30,2020-02-11,12000000.0,22824000000.0,20989472250.0,10741000000.0,12083000000.0,1.061,60.322,-2369000000.0,517000000.0,517000000.0,20693000000.0,470000000.0,1.134,4.41,3941000000.0,118000000.0,3823000000.0,3941000000.0,0.0,396000000.0,0.0,0.007,1.5,987000000.0,1383000000.0,0.062,1383000000.0,987000000.0,747000000.0,7.5,7.15,7.5,3933000000.0,3522424500.0,3933000000.0,19150881063.0,19.0,13.847,-1922000000.0,-29.479,1.0,1586000000.0,0.071,1583000000.0,240000000.0,15196000000.0,14956756250.0,315000000.0,914000000.0,0.0,914000000.0,17345000000.0,9469000000.0,7876000000.0,14832881063.0,399000000.0,-228000000.0,704000000.0,-1000000.0,-100000000.0,1608000000.0,-1620000000.0,0.0,447000000.0,-36000000.0,470000000.0,470000000.0,470000000.0,-27000000.0,0.0,0.021,714000000.0,872000000.0,3858000000.0,0.2,3.771,31.559,30.333,7059000000.0,0.0,227.5,0.666,0.666,4253000000.0,901000000.0,22279000000.0,22279000000.0,0.0,0.022,0.133,0.066,0.044,71000000.0,383000000.0,1.0,65199477.0,65200000,67600000.0,341.702,21241000000.0,0.0,277000000.0,1496000000.0,325.782,1272000000.0
45,DYNIQ,MRT,2001-03-31,2001-03-31,2001-03-31,2020-02-11,18000000.0,21695000000.0,19214575000.0,9043000000.0,12652000000.0,0.838,58.796,-2104000000.0,243000000.0,243000000.0,14562000000.0,522000000.0,1.11,4.334,4561000000.0,116000000.0,4445000000.0,4561000000.0,0.0,353000000.0,0.0,0.006,1.5,1039000000.0,1392000000.0,0.086,1392000000.0,1039000000.0,800000000.0,7.85,7.5,7.85,3810000000.0,3183559250.0,3810000000.0,20063894359.0,19.0,14.414,-1552000000.0,-23.951,1.0,1538000000.0,0.096,1608000000.0,239000000.0,16256000000.0,14298396500.0,25000000.0,833000000.0,0.0,833000000.0,16514000000.0,8149000000.0,8365000000.0,16600894359.0,198000000.0,-258000000.0,1031000000.0,212000000.0,-141000000.0,1826000000.0,-2153000000.0,0.0,552000000.0,-27000000.0,522000000.0,490000000.0,490000000.0,-27000000.0,0.0,0.03,643000000.0,895000000.0,3984000000.0,0.191,4.357,33.879,32.49,7857000000.0,32000000.0,255.05,1.031,1.027,4600000000.0,780000000.0,16100000000.0,16100000000.0,0.0,0.026,0.154,0.073,0.065,71000000.0,310000000.0,1.0,65088784.0,64800000,67600000.0,248.457,20087000000.0,0.0,278000000.0,1496000000.0,309.985,894000000.0
46,DYNIQ,MRT,2000-12-31,2000-12-31,2000-12-31,2020-02-11,-15000000.0,22662000000.0,17051412250.0,10827000000.0,11835000000.0,0.481,56.97,-1071000000.0,86000000.0,86000000.0,6785000000.0,436000000.0,1.053,5.188,3872000000.0,118000000.0,3754000000.0,3872000000.0,0.0,362000000.0,0.0,0.004,1.235,917000000.0,1279000000.0,0.156,1279000000.0,917000000.0,670000000.0,6.65,6.35,6.65,3441000000.0,2783223500.0,3441000000.0,21819174301.0,24.0,17.06,-651000000.0,-10.778,1.0,1419000000.0,0.173,1449000000.0,247000000.0,14713000000.0,13428077500.0,280000000.0,799000000.0,0.0,799000000.0,17853000000.0,10286000000.0,7567000000.0,18108202301.0,-17000000.0,-1344000000.0,1213000000.0,-695000000.0,-112000000.0,1131000000.0,-1539000000.0,0.0,420000000.0,-29000000.0,436000000.0,401000000.0,401000000.0,-27000000.0,0.0,0.049,653000000.0,766000000.0,4743000000.0,0.186,5.262,45.158,42.152,7081000000.0,35000000.0,280.313,2.207,2.064,4926000000.0,532000000.0,8204000000.0,8204000000.0,0.0,0.024,0.144,0.068,0.112,71000000.0,312000000.0,1.0,64600053.0,60400000,63000000.0,135.828,21213000000.0,0.0,234000000.0,1240000000.0,351.209,541000000.0
47,DYNIQ,MRT,2000-09-30,2000-09-30,2000-09-30,2020-02-11,-9536000.0,16776889000.0,13017162250.0,6137610000.0,10639279000.0,1.848,47.634,-671148000.0,97304000.0,97304000.0,22876979000.0,425261000.0,1.134,4.774,3808276000.0,86400000.0,3721876000.0,3808276000.0,0.0,282514000.0,0.0,0.003,0.891,856914000.0,1139428000.0,0.047,1139428000.0,856914000.0,643373000.0,7.575,7.25,7.575,2905698000.0,2250223500.0,2905698000.0,21241781144.0,25.0,18.642,-353906000.0,-5.802,1.0,1176362000.0,0.049,1411512000.0,213541000.0,13662025000.0,11016577500.0,328543000.0,827769000.0,0.0,827769000.0,13871191000.0,5414324000.0,8456867000.0,17648328144.0,100030000.0,-1304810000.0,613000000.0,339564000.0,-105566000.0,755998000.0,-973210000.0,0.0,317242000.0,0.0,425261000.0,390553000.0,390553000.0,0.0,0.0,0.016,563599000.0,612763000.0,2881934000.0,0.118,6.074,45.188,37.624,6497285000.0,34708000.0,285.0,0.734,0.723,3187525000.0,584047000.0,24053341000.0,24053341000.0,0.0,0.03,0.174,0.078,0.036,16000000.0,303872000.0,1.0,61923958.0,61000000,64400000.0,394.317,15365377000.0,0.0,218112000.0,1502939000.0,251.891,723286000.0
48,DYNIQ,MRT,2000-06-30,2000-06-30,2000-06-30,2020-02-11,567000.0,15724411000.0,10426555000.0,5779230000.0,9945181000.0,1.944,42.674,-644468000.0,78064000.0,78064000.0,19318094000.0,240953000.0,1.081,5.101,3671517000.0,80400000.0,3591117000.0,3671517000.0,0.0,220281000.0,0.0,0.003,0.547,549387000.0,769668000.0,0.038,769668000.0,549387000.0,367807000.0,4.825,4.5,4.825,2577539000.0,1838512750.0,2577539000.0,15027482468.0,27.0,19.525,-373964000.0,-6.191,1.0,954176000.0,0.047,1409133000.0,181580000.0,12562561000.0,8935847500.0,177529000.0,755768000.0,0.0,755768000.0,13146872000.0,5346170000.0,7800702000.0,10396076468.0,81232000.0,-1212902000.0,581000000.0,361453000.0,-72766000.0,778687000.0,-967959000.0,0.0,270504000.0,0.0,240953000.0,206147000.0,206147000.0,0.0,0.0,0.01,487329000.0,466847000.0,2332936000.0,0.113,4.033,50.43,35.395,6418392000.0,34806000.0,170.781,0.513,0.509,2557051000.0,372314000.0,20272270000.0,20272270000.0,0.0,0.02,0.112,0.061,0.027,16000000.0,287367000.0,1.0,60873641.0,60400000,62000000.0,335.634,14315278000.0,0.0,126854000.0,1410197000.0,237.008,433060000.0
49,DYNIQ,MRT,2000-03-31,2000-03-31,2000-03-31,2020-02-11,-1681000.0,13042349000.0,7977203750.0,3488169000.0,9554180000.0,2.221,39.724,-564082000.0,2068000.0,2068000.0,16941104000.0,177929000.0,0.998,4.905,4633474000.0,476278000.0,4157196000.0,4633474000.0,0.0,176684000.0,0.0,0.001,0.204,403083000.0,579767000.0,0.033,579767000.0,403083000.0,270317000.0,4.525,4.225,4.525,2208657000.0,1493449750.0,2208657000.0,10239567035.0,25.0,17.662,-370323000.0,-6.66,1.0,772923000.0,0.044,1402634000.0,132766000.0,12774724000.0,7042238250.0,141871000.0,688588000.0,0.0,688588000.0,10833692000.0,3496397000.0,7337295000.0,8759140035.0,21283000.0,-1201582000.0,242481000.0,530247000.0,-13000000.0,773778000.0,-946254000.0,0.0,193759000.0,0.0,177929000.0,175026000.0,175026000.0,0.0,0.0,0.01,404170000.0,368753000.0,1773642000.0,0.045,3.966,50.045,34.669,6299297000.0,2903000.0,156.875,0.494,0.492,2159382000.0,336610000.0,17714027000.0,17714027000.0,0.0,0.022,0.117,0.057,0.023,16000000.0,259458000.0,1.0,55835156.0,55600000,58400000.0,318.598,11639715000.0,0.0,92388000.0,1474194000.0,209.347,-8228000.0
50,DYNIQ,MRT,1999-12-31,1999-12-31,1999-12-31,2020-02-11,0.0,6525000000.0,6033864500.0,2805000000.0,3720000000.0,2.554,30.728,-437000000.0,45000000.0,45000000.0,14900000000.0,137000000.0,1.105,3.753,1490000000.0,191000000.0,1299000000.0,1490000000.0,0.0,93000000.0,0.0,0.001,0.125,275000000.0,368000000.0,0.024,368000000.0,275000000.0,197000000.0,3.2,3.0,3.2,1309000000.0,1231685250.0,1309000000.0,6808063944.0,25.0,18.5,-397000000.0,-9.319,1.0,510000000.0,0.033,365000000.0,78000000.0,5067000000.0,4913891500.0,272000000.0,627000000.0,0.0,627000000.0,4913000000.0,2538000000.0,2375000000.0,5419956944.0,48000000.0,-84000000.0,22000000.0,383000000.0,-8000000.0,399000000.0,-391000000.0,0.0,40000000.0,0.0,137000000.0,137000000.0,137000000.0,0.0,0.0,0.009,284000000.0,226000000.0,1829000000.0,0.039,4.141,39.562,27.148,2018000000.0,0.0,86.875,0.352,0.24,2041000000.0,277000000.0,15410000000.0,15410000000.0,0.0,0.023,0.111,0.056,0.018,16000000.0,219000000.0,1.0,62387994.0,42600000,46000000.0,361.737,6160000000.0,0.0,60000000.0,335000000.0,144.601,267000000.0
51,DYNIQ,MRT,1999-09-30,1999-09-30,1999-09-30,2020-02-11,0.0,6414460000.0,5718673750.0,2743962000.0,3670498000.0,2.425,29.438,-401079000.0,28337000.0,28337000.0,13345612000.0,135314000.0,1.114,4.095,1416444000.0,0.0,1416444000.0,1416444000.0,0.0,105340000.0,0.0,0.002,0.125,279612000.0,384952000.0,0.028,384952000.0,279612000.0,200434000.0,3.825,3.5,3.825,1258855000.0,1186451000.0,1258855000.0,5601778695.0,20.0,14.552,-194309000.0,-4.544,1.0,522749000.0,0.038,0.0,79178000.0,5339105000.0,4745039250.0,296268000.0,570651000.0,0.0,570651000.0,5155605000.0,2463462000.0,2692143000.0,4356723695.0,16621000.0,-84289000.0,-3000000.0,261448000.0,5566000.0,273675000.0,-463824000.0,0.0,206770000.0,0.0,135314000.0,135315000.0,135315000.0,0.0,0.0,0.01,326404000.0,196345000.0,1858420000.0,0.033,3.461,32.197,18.342,2143226000.0,-1000.0,70.156,0.314,0.216,1952808000.0,234001000.0,13868361000.0,13868361000.0,0.0,0.024,0.114,0.059,0.02,11000000.0,200128000.0,1.0,62100293.0,42762600,47319000.0,324.311,6414460000.0,0.0,65120000.0,313652000.0,150.002,280500000.0
52,DYNIQ,MRT,1999-06-30,1999-06-30,1999-06-30,2020-02-11,0.0,5927006000.0,5409242500.0,2336639000.0,3590367000.0,2.564,28.253,-371656000.0,28135000.0,28135000.0,13400027000.0,128267000.0,1.07,3.95,1273190000.0,0.0,1273190000.0,1273190000.0,0.0,110758000.0,0.0,0.002,0.125,267063000.0,377821000.0,0.027,377821000.0,267063000.0,188739000.0,3.325,3.125,3.325,1197287000.0,1146179000.0,1197287000.0,5121595040.0,19.0,13.556,-95399000.0,-2.251,1.0,469920000.0,0.034,0.0,78324000.0,4988124000.0,4524875750.0,193598000.0,535479000.0,0.0,535479000.0,4729719000.0,2183937000.0,2545782000.0,4165562040.0,-26205000.0,-59706000.0,-3000000.0,74976000.0,-4234000.0,73511000.0,-375973000.0,0.0,276257000.0,0.0,128267000.0,128268000.0,128268000.0,0.0,0.0,0.009,319528000.0,150392000.0,1628764000.0,0.038,3.479,32.475,20.489,2056755000.0,-1000.0,68.125,0.3,0.208,1644678000.0,185253000.0,13869947000.0,13869947000.0,0.0,0.024,0.112,0.059,0.019,11000000.0,195650000.0,1.0,61145865.0,42378000,46168000.0,327.291,5927006000.0,0.0,60472000.0,283623000.0,139.86,152702000.0
53,DYNIQ,MRT,1999-03-31,1999-03-31,1999-03-31,2020-02-11,0.0,5268992000.0,5183930750.0,1892802000.0,3376190000.0,2.698,27.6,-357453000.0,12084000.0,12084000.0,13535316000.0,123732000.0,0.964,3.536,968117000.0,0.0,968117000.0,968117000.0,0.0,108087000.0,0.0,0.002,0.125,260501000.0,368588000.0,0.026,368588000.0,260501000.0,182272000.0,3.075,2.85,3.075,1161599000.0,1110625500.0,1161599000.0,4251717152.0,16.0,11.535,-299795000.0,-7.123,1.0,452088000.0,0.032,0.0,78229000.0,4261337000.0,4363764000.0,123920000.0,511608000.0,0.0,511608000.0,4107393000.0,1963688000.0,2143705000.0,3233194152.0,-25506000.0,-64187000.0,7519000.0,292803000.0,-8000000.0,283086000.0,-366250000.0,0.0,57658000.0,0.0,123732000.0,123732000.0,123732000.0,0.0,0.0,0.009,312048000.0,140040000.0,1200512000.0,0.041,2.783,26.131,17.226,1966259000.0,0.0,52.969,0.231,0.159,1376142000.0,159393000.0,13987404000.0,13987404000.0,0.0,0.024,0.111,0.06,0.019,11000000.0,192936000.0,1.0,61039654.0,42087600,45398400.0,332.34,5268992000.0,0.0,58540000.0,272091000.0,125.191,-70886000.0
54,DYNIQ,MRT,1998-12-31,1998-12-31,1998-12-31,2020-02-11,0.0,5264237000.0,4987464500.0,2117241000.0,3146996000.0,2.859,26.987,-298000000.0,28367000.0,28367000.0,13829000000.0,108000000.0,1.045,3.667,1182044000.0,135154000.0,1046890000.0,1182044000.0,0.0,103000000.0,0.0,0.002,0.125,233000000.0,336000000.0,0.024,336000000.0,233000000.0,158000000.0,2.6,2.4,2.6,1128063000.0,1078085250.0,1128063000.0,4975876275.0,21.0,14.809,-47000000.0,-1.124,1.0,429000000.0,0.03,0.0,75000000.0,4391591000.0,4197211250.0,149901000.0,502613000.0,0.0,502613000.0,4136174000.0,2026323000.0,2109851000.0,3806927275.0,5000000.0,-81000000.0,-3000000.0,69000000.0,-8000000.0,49000000.0,-295000000.0,0.0,251000000.0,0.0,108000000.0,108000000.0,108000000.0,0.0,0.0,0.008,309000000.0,120000000.0,1484729000.0,0.048,3.375,35.249,24.038,1932107000.0,0.0,62.5,0.267,0.183,1623738000.0,133340000.0,14258000000.0,14258000000.0,0.0,0.022,0.1,0.056,0.016,11000000.0,186000000.0,1.0,60910836.0,41800000,45400000.0,341.1,5264237000.0,0.0,50000000.0,317537000.0,125.939,90918000.0
55,DYNIQ,MRT,1998-09-30,1998-09-30,1998-09-30,2020-02-11,0.0,5176735000.0,4800631000.0,2105636000.0,3071099000.0,3.113,18.276,-249884000.0,11396000.0,11396000.0,14524582000.0,-84830000.0,1.116,3.716,1180345000.0,0.0,1180345000.0,1180345000.0,0.0,382843000.0,0.0,0.002,0.125,-60371000.0,322472000.0,0.022,322472000.0,-60371000.0,-134832000.0,-1.425,,-1.425,1097767000.0,1050850750.0,1097767000.0,5536138941.0,-92.0,17.168,-112844000.0,-1.879,1.0,420221000.0,0.028,0.0,74461000.0,4458451000.0,4035017500.0,161900000.0,548590000.0,0.0,548590000.0,4078968000.0,1887233000.0,2191735000.0,4382820941.0,-85765000.0,-74875000.0,-5359000.0,81848000.0,-7925000.0,62026000.0,-284831000.0,0.0,137040000.0,0.0,-84830000.0,-85221000.0,-85221000.0,0.0,0.0,-0.006,576593000.0,-156372000.0,1550411000.0,-0.088,3.992,-51.429,-50.329,1799938000.0,391000.0,71.719,0.293,0.288,1716858000.0,106388000.0,14944803000.0,14944803000.0,0.0,-0.018,-0.081,-0.015,-0.004,0.0,178955000.0,1.0,61111229.0,60065600,62900000.0,248.808,5176735000.0,0.0,-50002000.0,292381000.0,86.185,218403000.0
56,DYNIQ,MRT,1998-06-30,1998-06-30,1998-06-30,2020-02-11,0.0,5025759000.0,,2120264000.0,2905495000.0,,17.25,-233801000.0,54020000.0,54020000.0,13590660000.0,-103447000.0,1.155,3.763,1207338000.0,0.0,1207338000.0,1207338000.0,0.0,379260000.0,0.0,0.002,0.125,-91554000.0,287706000.0,0.021,287706000.0,-91554000.0,-161245000.0,-1.7,,-1.7,1055073000.0,,1055073000.0,5412316950.0,-59.0,18.812,-29414000.0,-0.481,1.0,425084000.0,0.03,0.0,69691000.0,4343677000.0,,128847000.0,520597000.0,0.0,520597000.0,3970686000.0,1835400000.0,2135286000.0,4552036950.0,-48092000.0,-66263000.0,-5359000.0,-232204000.0,-7925000.0,-260312000.0,7833000.0,0.0,204387000.0,0.0,-103447000.0,-103838000.0,-103838000.0,0.0,0.0,-0.007,563318000.0,-138234000.0,1434169000.0,-0.074,4.314,-43.838,-44.118,1694974000.0,391000.0,75.0,0.325,0.327,1610735000.0,64766000.0,14015744000.0,14015744000.0,0.0,,,,-0.007,0.0,170536000.0,1.0,60693826.0,61162000,66991200.0,229.158,5025759000.0,0.0,-57798000.0,274239000.0,82.171,284864000.0
57,DYNIQ,MRT,1998-03-31,1998-03-31,1998-03-31,2020-02-11,0.0,4483127000.0,,1887524000.0,2595603000.0,,17.017,-218853000.0,37270000.0,37270000.0,13006933000.0,-94760000.0,1.08,3.346,897550000.0,0.0,897550000.0,897550000.0,0.0,379417000.0,0.0,0.002,0.125,-87877000.0,291540000.0,0.022,291540000.0,-87877000.0,-152713000.0,-1.575,,-1.575,1031438000.0,,1031438000.0,5553167032.0,-63.0,19.048,5658000.0,0.093,1.0,414936000.0,0.031,0.0,64836000.0,3595126000.0,,88476000.0,486142000.0,0.0,486142000.0,3451689000.0,1748281000.0,1703408000.0,4574160032.0,-81208000.0,-741671000.0,-5359000.0,136175000.0,-7925000.0,309040000.0,-614759000.0,0.0,224511000.0,0.0,-94760000.0,-95151000.0,-95151000.0,0.0,0.0,-0.007,554970000.0,-140034000.0,1369687000.0,-0.079,4.435,-48.073,-47.917,1544728000.0,391000.0,75.469,0.341,0.341,1463712000.0,43320000.0,13421869000.0,13421869000.0,0.0,,,,-0.007,0.0,163751000.0,1.0,60609988.0,60613200,66512800.0,221.435,4483127000.0,0.0,-57953000.0,259688000.0,73.963,139243000.0
58,DYNIQ,MRT,1997-12-31,1997-12-31,1997-12-31,2020-02-11,0.0,4516903000.0,4351856500.0,2018780000.0,2498123000.0,3.074,16.912,-220003000.0,23047000.0,23047000.0,12993086000.0,-102485000.0,1.152,3.432,1002054000.0,0.0,1002054000.0,1002054000.0,0.0,378916000.0,0.0,0.002,0.125,-101240000.0,277676000.0,0.021,277676000.0,-101240000.0,-164695000.0,-1.7,,-1.7,1019125000.0,1067929000.0,1019125000.0,,,,58586000.0,0.972,1.0,385294000.0,0.029,0.0,63455000.0,3742816000.0,3659513500.0,136485000.0,470477000.0,0.0,470477000.0,3497778000.0,1753094000.0,1744684000.0,4081703879.0,-27162000.0,-743297000.0,-5359000.0,20225000.0,-7925000.0,204984000.0,-510735000.0,0.0,278589000.0,0.0,-102485000.0,-102876000.0,-102876000.0,0.0,0.0,-0.008,528735000.0,-143441000.0,1428923000.0,-0.074,4.005,-39.676,-39.614,1521576000.0,391000.0,67.344,0.305,0.303,1675772000.0,32975000.0,13378380000.0,13378380000.0,0.0,-0.024,-0.096,-0.028,-0.008,0.0,149344000.0,1.0,60609988.0,60261200,66803600.0,222.007,4516903000.0,0.0,-62210000.0,254059000.0,74.955,265686000.0
59,DYNIQ,MRT,1997-09-30,1997-09-30,1997-09-30,2020-02-11,,,,,,,,,,,,,,,,,,,,,,0.002,0.125,,,,,,,,,,,,,,,,,,1.0,,,,,,,,,,,,,,,,,,,,,,,,,,,,,,,,,,,,,,,,53.906,,,,,,,,,,,,,,1.0,,60354000,,,,,,,,
60,DYNIQ,MRT,1997-06-30,1997-06-30,1997-06-30,2020-02-11,,,,,,,,,,,,,,,,,,,,,,0.002,0.125,,,,,,,,,,,,,,,,,,1.0,,,,,,,,,,,,,,,,,,,,,,,,,,,,,,,,,,,,,,,,55.0,,,,,,,,,,,,,,1.0,,60215200,,,,,,,,
61,DYNIQ,MRT,1997-03-31,1997-03-31,1997-03-31,2020-02-11,,,,,,,,,,,,,,,,,,,,,,0.002,0.125,,,,,,,,,,,,,,,,,,1.0,,,,,,,,,,,,,,,,,,,,,,,,,,,,,,,,,,,,,,,,57.188,,,,,,,,,,,,,,1.0,,60070400,,,,,,,,
62,DYNIQ,MRT,1996-12-31,1996-12-31,1996-12-31,2020-02-11,0.0,4186810000.0,,1936721000.0,2250089000.0,,24.47,-97651000.0,50209000.0,50209000.0,6890702000.0,113322000.0,1.25,2.749,988597000.0,0.0,988597000.0,988597000.0,0.0,73176000.0,0.0,0.002,0.125,215847000.0,289023000.0,0.04,289023000.0,215847000.0,169645000.0,2.475,2.075,2.475,1116733000.0,,1116733000.0,,,,-128605000.0,-2.818,1.0,369500000.0,0.051,0.0,46202000.0,3576211000.0,,257005000.0,181688000.0,0.0,181688000.0,3070077000.0,1548987000.0,1521090000.0,,33943000.0,-31589000.0,858000.0,181919000.0,-6740000.0,176037000.0,-111140000.0,0.0,-30954000.0,0.0,113322000.0,113190000.0,113190000.0,0.0,0.0,0.016,175708000.0,193792000.0,1344796000.0,0.051,,,27.778,1691379000.0,132000.0,68.75,,0.432,1518385000.0,143385000.0,7260202000.0,7260202000.0,0.0,,,,0.03,0.0,100032000.0,1.0,,45637200,54439600.0,159.085,4186810000.0,0.0,56323000.0,328280000.0,91.741,387734000.0
63,DYNIQ,MRT,1995-12-31,1995-12-31,1995-12-31,2020-02-11,,,,,,,,-128871000.0,,,3471286000.0,92705000.0,,,,,,,,44913000.0,,0.0,0.0,70154000.0,115067000.0,0.031,115067000.0,70154000.0,37763000.0,1.05,1.0,1.05,,,,,,,-38223000.0,-0.894,1.0,194660000.0,0.053,,32391000.0,,,,,,,,,,,1047000.0,-180724000.0,135725000.0,94550000.0,-9253000.0,221022000.0,-310623000.0,0.0,90648000.0,0.0,44796000.0,44796000.0,44796000.0,0.0,47909000.0,0.012,112970000.0,81690000.0,,0.0,,,71.429,,0.0,75.0,,0.874,,,3665946000.0,3665946000.0,0.0,,,,0.019,0.0,68057000.0,1.0,,42736400,45270400.0,85.78,,,-7033000.0,,,
