None,ticker,dimension,calendardate,datekey,reportperiod,lastupdated,accoci,assets,assetsavg,assetsc,assetsnc,assetturnover,bvps,capex,cashneq,cashnequsd,cor,consolinc,currentratio,de,debt,debtc,debtnc,debtusd,deferredrev,depamor,deposits,divyield,dps,ebit,ebitda,ebitdamargin,ebitdausd,ebitusd,ebt,eps,epsdil,epsusd,equity,equityavg,equityusd,ev,evebit,evebitda,fcf,fcfps,fxusd,gp,grossmargin,intangibles,intexp,invcap,invcapavg,inventory,investments,investmentsc,investmentsnc,liabilities,liabilitiesc,liabilitiesnc,marketcap,ncf,ncfbus,ncfcommon,ncfdebt,ncfdiv,ncff,ncfi,ncfinv,ncfo,ncfx,netinc,netinccmn,netinccmnusd,netincdis,netincnci,netmargin,opex,opinc,payables,payoutratio,pb,pe,pe1,ppnenet,prefdivis,price,ps,ps1,receivables,retearn,revenue,revenueusd,rnd,roa,roe,roic,ros,sbcomp,sgna,sharefactor,sharesbas,shareswa,shareswadil,sps,tangibles,taxassets,taxexp,taxliabilities,tbvps,workingcapital
0,RMD,MRY,2021-12-31,2021-06-30,2021-06-30,2021-08-19,-193487000.0,4728125000.0,4626887250.0,1574757000.0,3153368000.0,0.691,19.858,-102712000.0,295278000.0,295278000.0,1357725000.0,474505000.0,1.727,0.638,793715000.0,35585000.0,758130000.0,793715000.0,201107000.0,191518000.0,0.0,0.006,1.56,907651000.0,1099169000.0,0.344,1099169000.0,907651000.0,883662000.0,3.27,3.24,3.27,2885679000.0,2784689250.0,2885679000.0,36511221945.0,40.0,33.217,634006000.0,4.363,1.0,1839100000.0,0.575,2320483000.0,23989000.0,1994313000.0,2213239750.0,457033000.0,0.0,0.0,0.0,1842446000.0,911766000.0,930680000.0,35873055945.0,-167878000.0,-39067000.0,37790000.0,-522000000.0,-226713000.0,-764632000.0,-158462000.0,-2569000.0,736718000.0,18498000.0,474505000.0,474505000.0,474505000.0,0.0,0.0,0.148,935422000.0,903678000.0,138008000.0,0.477,12.431,75.601,75.388,592065000.0,0.0,246.52,11.221,11.206,614292000.0,3079640000.0,3196825000.0,3196825000.0,225284000.0,0.103,0.17,0.41,0.284,63927000.0,670387000.0,1.0,145517832.0,145313000.0,146451000.0,22.0,2407642000.0,152313000.0,409157000.0,382215000.0,16.569,662991000.0
1,RMD,MRY,2020-12-31,2020-06-30,2020-06-30,2021-08-19,-283982000.0,4587376000.0,4401604000.0,1523459000.0,3063917000.0,0.672,17.3,-95330000.0,463156000.0,463156000.0,1239227000.0,621674000.0,2.527,0.837,1299263000.0,33250000.0,1266013000.0,1299263000.0,185924000.0,181373000.0,0.0,0.008,1.56,773465000.0,954838000.0,0.323,954838000.0,773465000.0,733088000.0,4.31,4.27,4.31,2497027000.0,2282203750.0,2497027000.0,28930359368.0,37.0,30.299,706925000.0,4.898,1.0,1717786000.0,0.581,2338492000.0,40377000.0,2482230000.0,2581848750.0,416915000.0,0.0,0.0,0.0,2090349000.0,602761000.0,1487588000.0,27776338368.0,316028000.0,-27910000.0,48182000.0,-94012000.0,-225093000.0,-317286000.0,-179861000.0,-46013000.0,802255000.0,10920000.0,621674000.0,621674000.0,621674000.0,0.0,0.0,0.21,908127000.0,809659000.0,135786000.0,0.362,11.124,44.68,44.548,535683000.0,0.0,192.0,9.393,9.372,474643000.0,2832991000.0,2957013000.0,2957013000.0,201946000.0,0.141,0.272,0.3,0.262,57559000.0,676689000.0,1.0,144668429.0,144338000.0,145652000.0,20.487,2248884000.0,134549000.0,111414000.0,190676000.0,15.581,920698000.0
2,RMD,MRY,2019-12-31,2019-06-30,2019-06-30,2021-08-19,-253009000.0,4107682000.0,3783390500.0,1145366000.0,2962316000.0,0.689,14.48,-68710000.0,147128000.0,147128000.0,1112501000.0,404592000.0,2.06,0.982,1270853000.0,11992000.0,1258861000.0,1270853000.0,169810000.0,150795000.0,0.0,0.012,1.48,555003000.0,705798000.0,0.271,705798000.0,555003000.0,518847000.0,2.83,2.8,2.83,2072193000.0,1987455500.0,2072193000.0,18687384761.0,34.0,26.477,390341000.0,2.728,1.0,1494071000.0,0.573,2378399000.0,36156000.0,2297017000.0,2101303250.0,349641000.0,0.0,0.0,0.0,2035489000.0,555991000.0,1479498000.0,17498202761.0,-41573000.0,-951383000.0,13883000.0,807485000.0,-211712000.0,580643000.0,-1075706000.0,-46981000.0,459051000.0,-5561000.0,404592000.0,404592000.0,404592000.0,0.0,0.0,0.155,914808000.0,579263000.0,115725000.0,0.523,8.444,43.249,43.12,387460000.0,0.0,122.03,6.713,6.7,528484000.0,2436410000.0,2606572000.0,2606572000.0,180651000.0,0.107,0.204,0.264,0.213,52073000.0,645010000.0,1.0,143392631.0,143111000.0,144484000.0,18.214,1729283000.0,45478000.0,114255000.0,210684000.0,12.084,589375000.0
3,RMD,MRY,2018-12-31,2018-06-30,2018-06-30,2021-08-19,-224328000.0,3063923000.0,3412937000.0,1065717000.0,1998206000.0,0.686,14.422,-62581000.0,188701000.0,188701000.0,1005298000.0,315588000.0,2.085,0.488,281454000.0,11466000.0,269988000.0,281454000.0,132424000.0,119960000.0,0.0,0.014,1.4,549667000.0,669627000.0,0.286,669627000.0,549667000.0,521312000.0,2.21,2.19,2.21,2058980000.0,2048750000.0,2058980000.0,14890558225.0,27.0,22.237,442445000.0,3.099,1.0,1334898000.0,0.57,1284128000.0,28355000.0,1361299000.0,1576388250.0,268701000.0,0.0,0.0,0.0,1004943000.0,511249000.0,493694000.0,14784839225.0,-633234000.0,-902000.0,-15084000.0,-796242000.0,-199497000.0,-1026694000.0,-101824000.0,-29465000.0,505026000.0,-9742000.0,315588000.0,315588000.0,315588000.0,0.0,0.0,0.135,793067000.0,541831000.0,92723000.0,0.633,7.181,46.849,46.869,386550000.0,0.0,103.58,6.318,6.319,483681000.0,2432328000.0,2340196000.0,2340196000.0,155149000.0,0.092,0.154,0.349,0.235,48412000.0,600369000.0,1.0,142738359.0,142764000.0,143987000.0,16.392,1779795000.0,53818000.0,205724000.0,311613000.0,12.467,554468000.0
4,RMD,MRY,2017-12-31,2017-06-30,2017-06-30,2021-08-19,-189059000.0,3468487000.0,3383971000.0,1644003000.0,1824484000.0,0.611,13.867,-62219000.0,821935000.0,821935000.0,864992000.0,342284000.0,4.565,0.769,1078611000.0,0.0,1078611000.0,1078611000.0,105153000.0,112157000.0,0.0,0.017,1.32,446979000.0,559136000.0,0.271,559136000.0,446979000.0,418743000.0,2.42,2.4,2.42,1960266000.0,1824485000.0,1960266000.0,11384504452.0,25.0,20.361,351834000.0,2.489,1.0,1201745000.0,0.581,1326674000.0,28236000.0,2038363000.0,1896940500.0,268319000.0,0.0,0.0,0.0,1508221000.0,360126000.0,1148095000.0,11043464452.0,90501000.0,-7274000.0,38320000.0,-95000000.0,-186346000.0,-262867000.0,-81890000.0,-3140000.0,414053000.0,21205000.0,342284000.0,342284000.0,342284000.0,0.0,0.0,0.166,775947000.0,425798000.0,92763000.0,0.545,5.634,32.264,32.178,394241000.0,0.0,77.87,5.343,5.326,450530000.0,2316237000.0,2066737000.0,2066737000.0,144467000.0,0.101,0.188,0.236,0.216,45925000.0,553968000.0,1.0,141819243.0,141360000.0,142453000.0,14.62,2141813000.0,61503000.0,76459000.0,42972000.0,15.151,1283877000.0
5,RMD,MRY,2016-12-31,2016-06-30,2016-06-30,2021-08-19,-222658000.0,3256705000.0,2548751250.0,1419719000.0,1836986000.0,0.721,12.085,-58534000.0,731434000.0,731434000.0,772216000.0,352409000.0,2.225,0.922,1172770000.0,299438000.0,873332000.0,1172770000.0,90290000.0,86849000.0,0.0,0.019,1.2,450772000.0,537621000.0,0.292,537621000.0,450772000.0,439566000.0,2.51,2.49,2.51,1694831000.0,1588331500.0,1694831000.0,8595226097.0,19.0,15.988,489399000.0,3.49,1.0,1066497000.0,0.58,1359053000.0,11206000.0,1700999000.0,1405899500.0,224456000.0,0.0,0.0,0.0,1561874000.0,637989000.0,923885000.0,8878112097.0,14185000.0,-1041864000.0,-74364000.0,856306000.0,-168130000.0,612584000.0,-1125754000.0,-16061000.0,547933000.0,-20578000.0,352409000.0,352409000.0,352409000.0,0.0,0.0,0.192,637545000.0,428952000.0,92571000.0,0.478,5.238,25.193,25.191,384276000.0,0.0,63.23,4.828,4.823,382086000.0,2160299000.0,1838713000.0,1838713000.0,118651000.0,0.138,0.222,0.321,0.245,46408000.0,488057000.0,1.0,140409807.0,140242000.0,141669000.0,13.111,1897652000.0,55496000.0,87157000.0,48227000.0,13.531,781730000.0
6,RMD,MRY,2015-12-31,2015-06-30,2015-06-30,2021-08-19,-173516000.0,2181774000.0,2273954500.0,1407844000.0,773930000.0,0.738,11.3,-62502000.0,717249000.0,717249000.0,667516000.0,352886000.0,5.283,0.375,300594000.0,0.0,300594000.0,300594000.0,55381000.0,73056000.0,0.0,0.02,1.12,441694000.0,514750000.0,0.307,514750000.0,441694000.0,435916000.0,2.51,2.47,2.51,1587307000.0,1591310250.0,1587307000.0,7538011440.0,17.0,14.644,320678000.0,2.283,1.0,1011396000.0,0.602,311403000.0,5778000.0,1187253000.0,1260291750.0,246859000.0,0.0,0.0,0.0,594467000.0,266463000.0,328004000.0,7943755440.0,-188481000.0,-29407000.0,-121494000.0,-1536000.0,-157262000.0,-255791000.0,-143071000.0,-41720000.0,383180000.0,-172799000.0,352886000.0,352886000.0,352886000.0,0.0,0.0,0.21,602160000.0,409236000.0,81112000.0,0.446,5.005,22.511,22.458,387758000.0,0.0,56.37,4.731,4.716,362568000.0,1976020000.0,1678912000.0,1678912000.0,114865000.0,0.155,0.222,0.35,0.263,22896000.0,478627000.0,1.0,140921686.0,140468000.0,142687000.0,11.952,1870371000.0,46380000.0,83030000.0,24404000.0,13.315,1141381000.0
7,RMD,MRY,2014-12-31,2014-06-30,2014-06-30,2021-08-19,151557000.0,2360962000.0,2351437750.0,1556209000.0,804753000.0,0.661,12.428,-72722000.0,905730000.0,905730000.0,565187000.0,345273000.0,5.773,0.343,300788000.0,18000.0,300770000.0,300788000.0,58722000.0,73454000.0,0.0,0.02,1.0,437207000.0,510661000.0,0.328,510661000.0,437207000.0,431078000.0,2.44,2.39,2.44,1758248000.0,1695160000.0,1758248000.0,6562197416.0,15.0,12.85,318546000.0,2.252,1.0,989786000.0,0.637,334510000.0,6129000.0,1151952000.0,1098691000.0,165418000.0,0.0,0.0,0.0,602714000.0,269558000.0,333156000.0,7104957416.0,29682000.0,-3852000.0,-168815000.0,-2201000.0,-141518000.0,-297316000.0,-94987000.0,-9979000.0,391268000.0,30717000.0,345273000.0,345273000.0,345273000.0,0.0,0.0,0.222,584699000.0,405087000.0,85405000.0,0.41,4.041,20.578,20.75,434277000.0,0.0,50.63,4.569,4.606,359593000.0,1780396000.0,1554973000.0,1554973000.0,118226000.0,0.147,0.204,0.398,0.281,27122000.0,450414000.0,1.0,140330978.0,141474000.0,144359000.0,10.991,2026452000.0,50663000.0,85805000.0,27143000.0,14.324,1286651000.0
8,RMD,MRY,2013-12-31,2013-06-30,2013-06-30,2021-08-19,92088000.0,2210721000.0,2290177750.0,1448849000.0,761872000.0,0.661,11.266,-63579000.0,876048000.0,876048000.0,573800000.0,307133000.0,2.524,0.373,300786000.0,300017000.0,769000.0,300786000.0,56881000.0,78280000.0,0.0,0.015,0.68,391506000.0,469786000.0,0.31,469786000.0,391506000.0,385119000.0,2.15,2.1,2.15,1610516000.0,1707277250.0,1610516000.0,5757602186.0,15.0,12.256,339244000.0,2.373,1.0,940657000.0,0.621,324468000.0,6387000.0,736942000.0,912518250.0,145847000.0,0.0,0.0,0.0,600205000.0,574049000.0,26156000.0,6429482186.0,66507000.0,-5418000.0,-117019000.0,49779000.0,-97204000.0,-153927000.0,-78000000.0,-800000.0,402823000.0,-104389000.0,307133000.0,307133000.0,307133000.0,0.0,0.0,0.203,585833000.0,354824000.0,60688000.0,0.316,3.992,20.934,20.991,411433000.0,0.0,45.13,4.245,4.26,318349000.0,1576641000.0,1514457000.0,1514457000.0,120124000.0,0.134,0.18,0.429,0.259,19850000.0,430802000.0,1.0,142465814.0,142954000.0,146410000.0,10.594,1886253000.0,67515000.0,77986000.0,44176000.0,13.195,874800000.0
9,RMD,MRY,2012-12-31,2012-06-30,2012-06-30,2021-08-19,236456000.0,2137869000.0,2060870500.0,1361151000.0,776718000.0,0.664,11.019,-47135000.0,809541000.0,809541000.0,547780000.0,254850000.0,5.383,0.33,250835000.0,52000.0,250783000.0,250835000.0,55947000.0,85856000.0,0.0,0.0,0.0,336731000.0,422587000.0,0.309,422587000.0,336731000.0,331945000.0,1.75,1.71,1.75,1607627000.0,1581668250.0,1607627000.0,3913899174.0,12.0,9.262,336024000.0,2.303,1.0,820735000.0,0.6,311036000.0,4786000.0,1015275000.0,978721750.0,174351000.0,0.0,0.0,0.0,530242000.0,252852000.0,277390000.0,4453984174.0,74274000.0,-53322000.0,-330252000.0,144399000.0,0.0,-177105000.0,-101615000.0,12814000.0,383159000.0,-30165000.0,254850000.0,254850000.0,254850000.0,0.0,0.0,0.186,526328000.0,294407000.0,55006000.0,0.0,2.771,17.477,17.829,434363000.0,0.0,31.2,3.255,3.326,283160000.0,1366712000.0,1368515000.0,1368515000.0,109733000.0,0.124,0.161,0.344,0.246,21838000.0,402621000.0,1.0,142755903.0,145901000.0,149316000.0,9.38,1826833000.0,45372000.0,77095000.0,41073000.0,12.521,1108299000.0
10,RMD,MRY,2011-12-31,2011-06-30,2011-06-30,2021-08-19,324432000.0,2068922000.0,1926880500.0,1292452000.0,776470000.0,0.645,11.351,-66609000.0,735267000.0,735267000.0,501822000.0,226986000.0,6.189,0.195,100163000.0,163000.0,100000000.0,100163000.0,62362000.0,70616000.0,0.0,0.0,0.0,305465000.0,376081000.0,0.303,376081000.0,305465000.0,303707000.0,1.49,1.44,1.49,1730737000.0,1620443500.0,1730737000.0,4141248300.0,14.0,11.012,216581000.0,1.42,1.0,741326000.0,0.596,283398000.0,1758000.0,941580000.0,861034000.0,200777000.0,0.0,0.0,0.0,338185000.0,208840000.0,129345000.0,4732717300.0,246491000.0,-22450000.0,-68692000.0,-25161000.0,0.0,-79343000.0,-76511000.0,18979000.0,283190000.0,119155000.0,226986000.0,226986000.0,226986000.0,0.0,0.0,0.183,474402000.0,266924000.0,55194000.0,0.0,2.735,20.85,20.772,462107000.0,0.0,30.95,3.807,3.796,274352000.0,1111862000.0,1243148000.0,1243148000.0,92007000.0,0.118,0.14,0.355,0.246,16299000.0,372249000.0,1.0,152914937.0,152471000.0,157195000.0,8.153,1785524000.0,42091000.0,76721000.0,16679000.0,11.711,1083612000.0
11,RMD,MRY,2010-12-31,2010-06-30,2010-06-30,2021-08-19,86375000.0,1626397000.0,1645319250.0,985341000.0,641056000.0,0.664,8.532,-56855000.0,488776000.0,488776000.0,436874000.0,190085000.0,3.151,0.263,121689000.0,121689000.0,0.0,121689000.0,42262000.0,61563000.0,0.0,0.0,0.0,263256000.0,324819000.0,0.297,324819000.0,263256000.0,260589000.0,1.26,1.23,1.26,1287536000.0,1270053000.0,1287536000.0,4233620872.0,16.0,13.034,131358000.0,0.87,1.0,655483000.0,0.6,229550000.0,2667000.0,717088000.0,760851250.0,185642000.0,0.0,0.0,0.0,338861000.0,312672000.0,26189000.0,4610859872.0,73126000.0,-10206000.0,-35860000.0,-38438000.0,0.0,-61129000.0,-58311000.0,13536000.0,188213000.0,4353000.0,190085000.0,190085000.0,190085000.0,0.0,0.0,0.174,415101000.0,240382000.0,57535000.0,0.0,3.581,24.257,24.131,387148000.0,0.0,30.405,4.221,4.2,226911000.0,884876000.0,1092357000.0,1092357000.0,75202000.0,0.116,0.15,0.346,0.241,16565000.0,328858000.0,1.0,151648080.0,150908000.0,155098000.0,7.239,1396847000.0,38471000.0,70504000.0,36492000.0,9.256,672669000.0
12,RMD,MRY,2009-12-31,2009-06-30,2009-06-30,2021-08-19,105777000.0,1507968000.0,1358383000.0,853284000.0,654684000.0,0.678,7.373,-107929000.0,415650000.0,415650000.0,366933000.0,146448000.0,3.171,0.352,161736000.0,67545000.0,94191000.0,161736000.0,44119000.0,53963000.0,0.0,0.0,0.0,201684000.0,255647000.0,0.278,255647000.0,201684000.0,201684000.0,0.97,0.95,0.97,1115192000.0,1006333000.0,1115192000.0,2901915790.0,14.0,11.351,130948000.0,0.866,1.0,553802000.0,0.601,248192000.0,0.0,736762000.0,701404500.0,157431000.0,4254000.0,0.0,4254000.0,392776000.0,269100000.0,123676000.0,3069407790.0,94572000.0,611000.0,-43701000.0,41702000.0,0.0,1871000.0,-109299000.0,4157000.0,238877000.0,-36877000.0,146448000.0,146448000.0,146448000.0,0.0,0.0,0.159,363491000.0,190311000.0,48293000.0,0.0,2.752,20.959,20.995,377613000.0,0.0,20.365,3.334,3.346,212096000.0,694791000.0,920735000.0,920735000.0,63056000.0,0.108,0.146,0.288,0.219,21645000.0,289875000.0,1.0,150719754.0,151258000.0,154226000.0,6.087,1259776000.0,65799000.0,55236000.0,71610000.0,8.329,584184000.0
13,RMD,MRY,2008-12-31,2008-06-30,2008-06-30,2021-08-19,207769000.0,1406000000.0,1344751000.0,739240000.0,666760000.0,0.621,6.99,-51068000.0,321078000.0,321078000.0,341647000.0,110303000.0,3.838,0.3,137654000.0,43865000.0,93789000.0,137654000.0,41806000.0,59485000.0,0.0,0.0,0.0,157855000.0,217340000.0,0.26,217340000.0,157855000.0,157855000.0,0.715,0.7,0.715,1081775000.0,1036952000.0,1081775000.0,2586148766.0,16.0,11.899,86768000.0,0.561,1.0,493750000.0,0.591,281418000.0,0.0,748565000.0,740671250.0,158251000.0,4615000.0,0.0,4615000.0,324225000.0,192593000.0,131632000.0,2761433766.0,63286000.0,1686000.0,-74930000.0,7360000.0,0.0,-63757000.0,-37853000.0,18401000.0,137836000.0,27060000.0,110303000.0,110303000.0,110303000.0,0.0,0.0,0.132,350780000.0,142970000.0,56308000.0,0.0,2.553,25.035,24.993,357057000.0,0.0,17.87,3.306,3.31,192200000.0,548343000.0,835397000.0,835397000.0,60524000.0,0.082,0.106,0.213,0.189,16928000.0,278087000.0,1.0,154529030.0,154756000.0,157424000.0,5.398,1124582000.0,64632000.0,47552000.0,27119000.0,7.267,546647000.0
14,RMD,MRY,2007-12-31,2007-06-30,2007-06-30,2021-08-19,115753000.0,1252042000.0,1151799500.0,668799000.0,583243000.0,0.622,6.07,-77556000.0,257792000.0,257792000.0,331840000.0,66302000.0,3.304,0.345,115998000.0,28350000.0,87648000.0,115998000.0,31337000.0,47948000.0,0.0,0.0,0.0,97973000.0,145921000.0,0.204,145921000.0,97973000.0,97973000.0,0.43,0.425,0.43,931222000.0,856501500.0,931222000.0,3086126112.0,31.0,21.149,13550000.0,0.088,1.0,384492000.0,0.537,253353000.0,0.0,654492000.0,618898250.0,157204000.0,19950000.0,19950000.0,0.0,320820000.0,202403000.0,118417000.0,3211661112.0,38248000.0,-1912000.0,36168000.0,-10470000.0,0.0,38096000.0,-105417000.0,-21572000.0,91106000.0,14463000.0,66302000.0,66302000.0,66302000.0,0.0,0.0,0.093,294329000.0,90163000.0,53039000.0,0.0,3.449,48.44,47.977,310580000.0,0.0,20.63,4.483,4.418,167821000.0,436954000.0,716332000.0,716332000.0,50106000.0,0.058,0.077,0.158,0.137,5107000.0,237326000.0,1.0,155679162.0,153418000.0,156506000.0,4.669,998689000.0,59267000.0,31671000.0,22122000.0,6.51,466396000.0
15,RMD,MRY,2006-12-31,2006-06-30,2006-06-30,2021-08-19,55134000.0,1012921000.0,897147000.0,510719000.0,502202000.0,0.677,5.104,-102749000.0,219544000.0,219544000.0,230101000.0,88211000.0,3.946,0.372,121081000.0,4869000.0,116212000.0,121081000.0,26828000.0,40970000.0,0.0,0.0,0.0,133394000.0,174364000.0,0.287,174364000.0,133394000.0,133394000.0,0.61,0.58,0.61,738148000.0,610745750.0,738148000.0,3470664232.0,26.0,19.905,-3721000.0,-0.026,1.0,376895000.0,0.621,244509000.0,0.0,540514000.0,466626500.0,116194000.0,0.0,0.0,0.0,274773000.0,129435000.0,145338000.0,3540351232.0,77359000.0,-10526000.0,34389000.0,53625000.0,0.0,97767000.0,-119874000.0,-2384000.0,99028000.0,438000.0,88211000.0,88211000.0,88211000.0,0.0,0.0,0.145,245595000.0,131300000.0,45045000.0,0.0,4.796,40.135,38.484,245376000.0,0.0,23.475,5.833,5.593,138147000.0,370652000.0,606996000.0,606996000.0,37216000.0,0.098,0.144,0.286,0.22,5552000.0,200168000.0,1.0,150813684.0,144614000.0,154324000.0,4.197,768412000.0,32336000.0,45183000.0,40918000.0,5.314,381284000.0
16,RMD,MRY,2005-12-31,2005-06-30,2005-06-30,2021-08-19,52884000.0,774146000.0,659510750.0,360210000.0,413936000.0,0.645,3.453,-39691000.0,142185000.0,142185000.0,150645000.0,64785000.0,1.648,0.633,174369000.0,115435000.0,58934000.0,174369000.0,23228000.0,28292000.0,0.0,0.0,0.0,96626000.0,124918000.0,0.294,124918000.0,96626000.0,96626000.0,0.47,0.455,0.47,474065000.0,435938250.0,474065000.0,2279947711.0,24.0,18.252,31388000.0,0.229,1.0,274860000.0,0.646,230477000.0,0.0,357302000.0,386614250.0,89107000.0,0.0,0.0,0.0,300081000.0,218551000.0,81530000.0,2303397711.0,13278000.0,-54425000.0,28460000.0,-3264000.0,0.0,25196000.0,-86778000.0,10157000.0,71079000.0,3781000.0,64785000.0,64785000.0,64785000.0,0.0,0.0,0.152,177507000.0,97353000.0,34416000.0,0.0,4.859,35.554,35.101,174168000.0,0.0,16.497,5.413,5.323,103951000.0,282441000.0,425505000.0,425505000.0,30014000.0,0.098,0.149,0.25,0.227,0.0,135703000.0,1.0,139621016.0,137286000.0,149884000.0,3.099,543669000.0,15230000.0,31841000.0,33654000.0,3.96,141659000.0
17,RMD,MRY,2004-12-31,2004-06-30,2004-06-30,2021-08-19,41273000.0,549151000.0,520926500.0,282821000.0,266330000.0,0.651,2.682,-57246000.0,128907000.0,128907000.0,122602000.0,57284000.0,4.668,0.519,113250000.0,0.0,113250000.0,113250000.0,17578000.0,17867000.0,0.0,0.0,0.0,84668000.0,102535000.0,0.302,102535000.0,84668000.0,84668000.0,0.425,0.41,0.425,361499000.0,339432750.0,361499000.0,1721551745.0,20.0,16.79,19295000.0,0.143,1.0,216736000.0,0.639,110889000.0,0.0,362014000.0,352100250.0,55797000.0,12021000.0,12021000.0,0.0,187652000.0,60591000.0,127061000.0,1722869745.0,14416000.0,-184000.0,1314000.0,0.0,0.0,1314000.0,-66837000.0,-7049000.0,76541000.0,3398000.0,57284000.0,57284000.0,57284000.0,0.0,0.0,0.169,131375000.0,85361000.0,18574000.0,0.0,4.766,30.076,29.976,147268000.0,0.0,12.74,5.077,5.06,67242000.0,217656000.0,339338000.0,339338000.0,26169000.0,0.11,0.169,0.24,0.25,5105000.0,104706000.0,1.0,135233104.0,134778000.0,140502000.0,2.518,438262000.0,12033000.0,27384000.0,13462000.0,3.252,222230000.0
18,RMD,MRY,2003-12-31,2003-06-30,2003-06-30,2021-08-19,29910000.0,459595000.0,410902750.0,241905000.0,217690000.0,0.666,2.166,-25635000.0,114491000.0,114491000.0,100483000.0,45729000.0,4.782,0.605,113250000.0,0.0,113250000.0,113250000.0,13565000.0,12583000.0,0.0,0.0,0.0,67127000.0,79710000.0,0.291,79710000.0,67127000.0,67127000.0,0.345,0.333,0.345,286433000.0,237222750.0,286433000.0,1322013526.0,20.0,16.585,33649000.0,0.255,1.0,173087000.0,0.633,105905000.0,0.0,301866000.0,284373750.0,49386000.0,6533000.0,6533000.0,0.0,173162000.0,50583000.0,122579000.0,1302478526.0,41631000.0,-300000.0,5489000.0,-9217000.0,0.0,-16337000.0,-11883000.0,15612000.0,59284000.0,10567000.0,45729000.0,45729000.0,45729000.0,0.0,0.0,0.167,105847000.0,67240000.0,19368000.0,0.0,4.547,28.483,28.406,104687000.0,0.0,9.8,4.761,4.736,56694000.0,160372000.0,273570000.0,273570000.0,20534000.0,0.111,0.193,0.236,0.245,4250000.0,85313000.0,1.0,132905972.0,132216000.0,137756000.0,2.069,353690000.0,8301000.0,21398000.0,3408000.0,2.675,191322000.0
19,RMD,MRY,2002-12-31,2002-06-30,2002-06-30,2021-08-19,-8125000.0,376191000.0,352556500.0,193713000.0,182478000.0,0.579,1.499,-28185000.0,72860000.0,72860000.0,70827000.0,37506000.0,3.805,0.95,123250000.0,0.0,123250000.0,123250000.0,9038000.0,9972000.0,0.0,0.0,0.0,54592000.0,64564000.0,0.316,64564000.0,54592000.0,54592000.0,0.292,0.275,0.292,192930000.0,144834250.0,192930000.0,1038618986.0,19.0,16.087,7455000.0,0.058,1.0,133249000.0,0.653,95189000.0,0.0,280488000.0,336852750.0,41173000.0,19979000.0,19979000.0,0.0,183261000.0,50904000.0,132357000.0,948846986.0,32724000.0,-13871000.0,1908000.0,-23074000.0,0.0,-21166000.0,13536000.0,57312000.0,35640000.0,4714000.0,37506000.0,37506000.0,37506000.0,0.0,0.0,0.184,82090000.0,51159000.0,11605000.0,0.0,4.918,25.299,25.171,79279000.0,0.0,7.35,4.649,4.635,46199000.0,114643000.0,204076000.0,204076000.0,15260000.0,0.106,0.259,0.162,0.268,6919000.0,64481000.0,1.0,129094828.0,128696000.0,136320000.0,1.586,281002000.0,9289000.0,17086000.0,6905000.0,2.183,142809000.0
20,RMD,MRY,2001-12-31,2001-06-30,2001-06-30,2021-08-19,-29572000.0,288090000.0,189095250.0,177882000.0,110208000.0,0.821,0.806,-27459000.0,40136000.0,40136000.0,50377000.0,11630000.0,5.293,1.87,150000000.0,0.0,150000000.0,150000000.0,4114000.0,8445000.0,0.0,0.0,0.0,27314000.0,35759000.0,0.23,35759000.0,27314000.0,27314000.0,0.092,0.087,0.092,100366000.0,97939500.0,100366000.0,1593433110.0,58.0,44.56,2061000.0,0.017,1.0,104779000.0,0.675,49260000.0,0.0,315084000.0,134607500.0,29994000.0,62616000.0,62616000.0,0.0,187724000.0,33610000.0,154114000.0,1582634110.0,21886000.0,-55070000.0,7943000.0,131083000.0,0.0,139026000.0,-144550000.0,-61505000.0,29520000.0,-2110000.0,11630000.0,11630000.0,11630000.0,0.0,0.0,0.075,78737000.0,26042000.0,7971000.0,0.0,15.769,136.082,137.364,55092000.0,0.0,12.637,10.2,10.142,32248000.0,77137000.0,155156000.0,155156000.0,28823000.0,0.062,0.119,0.203,0.176,3241000.0,49364000.0,1.0,125233164.0,124516000.0,133936000.0,1.246,238830000.0,4152000.0,15684000.0,8888000.0,1.918,144272000.0
21,RMD,MRY,2000-12-31,2000-06-30,2000-06-30,2021-08-19,-13152000.0,115594000.0,106834250.0,69172000.0,46422000.0,1.082,0.779,-16168000.0,18250000.0,18250000.0,36991000.0,22226000.0,3.199,0.23,0.0,0.0,0.0,0.0,0.0,6938000.0,0.0,0.0,0.0,34166000.0,41104000.0,0.356,41104000.0,34166000.0,34166000.0,0.185,0.172,0.185,93972000.0,85312250.0,93972000.0,800625862.0,23.0,19.478,4107000.0,0.034,1.0,78624000.0,0.68,6968000.0,0.0,68754000.0,63961500.0,15802000.0,3713000.0,3713000.0,0.0,21622000.0,21622000.0,0.0,816981862.0,7142000.0,-576000.0,6380000.0,0.0,0.0,6380000.0,-18524000.0,-819000.0,20275000.0,-989000.0,22226000.0,22226000.0,22226000.0,0.0,0.0,0.192,45486000.0,33138000.0,5929000.0,0.0,8.694,36.758,36.149,36576000.0,0.0,6.688,7.066,6.977,24688000.0,65507000.0,115615000.0,115615000.0,8499000.0,0.208,0.261,0.534,0.296,1316000.0,36987000.0,1.0,122165512.0,120612000.0,129212000.0,0.959,108626000.0,2361000.0,11940000.0,6469000.0,0.901,47550000.0
22,RMD,MRY,1999-12-31,1999-06-30,1999-06-30,2021-08-19,-5429000.0,89889000.0,78943750.0,50771000.0,39118000.0,1.123,0.609,-20515000.0,11108000.0,11108000.0,29416000.0,16102000.0,2.783,0.255,0.0,0.0,0.0,0.0,0.0,4606000.0,0.0,0.0,0.0,24577000.0,29183000.0,0.329,29183000.0,24577000.0,24577000.0,0.138,0.13,0.138,71647000.0,62572750.0,71647000.0,479125932.0,19.0,16.418,-2327000.0,-0.02,1.0,59211000.0,0.668,7337000.0,0.0,53202000.0,42646250.0,10725000.0,5626000.0,5626000.0,0.0,18242000.0,18242000.0,0.0,489853932.0,-4418000.0,-2024000.0,2125000.0,-235000.0,0.0,1890000.0,-24941000.0,-1957000.0,18188000.0,445000.0,16102000.0,16102000.0,16102000.0,0.0,0.0,0.182,33956000.0,25255000.0,4772000.0,0.0,6.837,30.422,30.063,29322000.0,0.0,4.149,5.527,5.508,17898000.0,43281000.0,88627000.0,88627000.0,6542000.0,0.204,0.257,0.576,0.277,0.0,27414000.0,1.0,118072656.0,117664000.0,124272000.0,0.753,82552000.0,2392000.0,8475000.0,5691000.0,0.702,32529000.0
23,RMD,MRY,1998-12-31,1998-06-30,1998-06-30,2021-08-19,-7688000.0,64618000.0,59756500.0,46604000.0,18014000.0,1.113,0.438,-10110000.0,15526000.0,15526000.0,23069000.0,10611000.0,3.366,0.273,227000.0,227000.0,0.0,227000.0,0.0,3715000.0,0.0,0.0,0.0,16112000.0,19827000.0,0.298,19827000.0,16112000.0,16112000.0,0.092,0.087,0.092,50773000.0,47699000.0,50773000.0,319731903.0,20.0,16.126,-3327000.0,-0.029,1.0,43450000.0,0.653,5904000.0,0.0,29570000.0,30567000.0,7647000.0,5220000.0,5220000.0,0.0,13845000.0,13845000.0,0.0,331210903.0,6449000.0,-1699000.0,1020000.0,-239000.0,0.0,781000.0,339000.0,12517000.0,6783000.0,-1454000.0,10611000.0,10611000.0,10611000.0,0.0,0.0,0.16,26087000.0,17363000.0,3759000.0,0.0,6.523,31.214,30.951,11111000.0,0.0,2.848,4.979,4.966,13173000.0,27179000.0,66519000.0,66519000.0,4994000.0,0.178,0.222,0.527,0.242,0.0,21093000.0,1.0,116316384.0,116000000.0,120176000.0,0.573,58714000.0,2518000.0,5501000.0,3222000.0,0.506,32759000.0
24,RMD,MRY,1997-12-31,1997-06-30,1997-06-30,2021-08-19,-1628000.0,54895000.0,,44391000.0,10504000.0,,,-3962000.0,9077000.0,9077000.0,20287000.0,7465000.0,4.441,0.23,548000.0,274000.0,274000.0,548000.0,0.0,2610000.0,0.0,0.0,0.0,11087000.0,13697000.0,0.279,13697000.0,11087000.0,11087000.0,0.065,0.064,0.065,44625000.0,,44625000.0,,,,5513000.0,,1.0,28893000.0,0.587,4806000.0,0.0,31564000.0,,5797000.0,18908000.0,18908000.0,0.0,10270000.0,9996000.0,274000.0,,3567000.0,-1177000.0,249000.0,-287000.0,0.0,-38000.0,-5345000.0,-74000.0,9475000.0,-525000.0,7465000.0,7465000.0,7465000.0,0.0,0.0,0.152,20566000.0,8327000.0,2641000.0,0.0,,,23.317,4916000.0,0.0,1.516,,,8225000.0,16568000.0,49180000.0,49180000.0,3807000.0,,,,0.225,0.0,16759000.0,1.0,,,,,50089000.0,1156000.0,3622000.0,3544000.0,,34395000.0
25,RMD,MRY,1996-12-31,1996-06-30,1996-06-30,2021-08-19,,,,,,,,-1472000.0,,,16990000.0,4503000.0,,,,,,,,1277000.0,,0.0,0.0,6561000.0,7838000.0,0.227,7838000.0,6561000.0,6561000.0,0.04,0.039,0.04,,,,,,,1981000.0,,1.0,17572000.0,0.508,,0.0,,,,,,,,,,,2254000.0,-6815000.0,5017000.0,0.0,0.0,5017000.0,-6268000.0,2489000.0,3453000.0,52000.0,4503000.0,4503000.0,4503000.0,0.0,0.0,0.13,13977000.0,3595000.0,,0.0,,,24.219,,0.0,0.969,,,,,34562000.0,34562000.0,2841000.0,,,,0.19,0.0,11136000.0,1.0,,,,,,,2058000.0,,,
0,RMD,MRQ,2021-06-30,2021-06-30,2021-06-30,2021-08-19,-193487000.0,4728125000.0,,1574757000.0,3153368000.0,,19.819,-27907000.0,295278000.0,295278000.0,385406000.0,195100000.0,1.727,0.638,793715000.0,35585000.0,758130000.0,793715000.0,201107000.0,45679000.0,0.0,0.006,0.39,244556000.0,290235000.0,0.331,290235000.0,244556000.0,239211000.0,1.35,1.33,1.35,2885679000.0,,2885679000.0,36511221945.0,40.0,33.217,198618000.0,1.364,1.0,490697000.0,0.56,2320483000.0,5345000.0,1994313000.0,,457033000.0,0.0,0.0,0.0,1842446000.0,911766000.0,930680000.0,35873055945.0,64643000.0,-8363000.0,19031000.0,-76000000.0,-56796000.0,-114036000.0,-48072000.0,-8837000.0,226525000.0,226000.0,195100000.0,195100000.0,195100000.0,0.0,0.0,0.223,249059000.0,241638000.0,138008000.0,0.289,12.431,75.601,75.388,592065000.0,0.0,246.52,11.221,11.206,614292000.0,3079640000.0,876103000.0,876103000.0,59875000.0,,,,,16895000.0,181483000.0,1.0,145517832.0,145601000.0,146622000.0,6.017,2407642000.0,152313000.0,44111000.0,382215000.0,16.536,662991000.0
1,RMD,MRQ,2021-03-31,2021-03-31,2021-03-31,2021-08-19,-195973000.0,4585724000.0,,1466150000.0,3119574000.0,,18.619,-26362000.0,230635000.0,230635000.0,321509000.0,-78481000.0,1.673,0.693,868801000.0,34489000.0,834312000.0,868801000.0,192240000.0,47882000.0,0.0,0.008,0.39,223883000.0,271765000.0,0.354,271765000.0,223883000.0,218005000.0,-0.54,-0.54,-0.54,2709234000.0,,2709234000.0,28941613478.0,33.0,26.904,169916000.0,1.168,1.0,447258000.0,0.582,2335550000.0,5878000.0,2011799000.0,,484061000.0,0.0,0.0,0.0,1876490000.0,876541000.0,999949000.0,28231672478.0,-25230000.0,-30267000.0,145000.0,-95000000.0,-56752000.0,-158538000.0,-58619000.0,792000.0,196278000.0,-4351000.0,-78481000.0,-78481000.0,-78481000.0,0.0,0.0,-0.102,223832000.0,223426000.0,117222000.0,-0.722,10.421,61.744,61.399,583861000.0,0.0,194.02,9.133,9.134,525014000.0,2941336000.0,768767000.0,768767000.0,55941000.0,,,,,15591000.0,160446000.0,1.0,145509084.0,145513000.0,145513000.0,5.283,2250174000.0,49936000.0,296486000.0,387467000.0,15.464,589609000.0
2,RMD,MRQ,2020-12-31,2020-12-31,2020-12-31,2021-08-19,-163151000.0,4572856000.0,,1451485000.0,3121371000.0,,19.725,-34942000.0,255865000.0,255865000.0,337528000.0,179514000.0,2.514,0.596,965806000.0,34433000.0,931373000.0,965806000.0,192137000.0,48069000.0,0.0,0.007,0.39,216516000.0,264585000.0,0.331,264585000.0,216516000.0,210592000.0,1.24,1.23,1.24,2864984000.0,,2864984000.0,31570685922.0,37.0,30.009,134974000.0,0.929,1.0,462483000.0,0.578,2323490000.0,5924000.0,2381972000.0,,474821000.0,0.0,0.0,0.0,1707872000.0,577335000.0,1130537000.0,30803164922.0,-165549000.0,-437000.0,17588000.0,-231000000.0,-56654000.0,-316800000.0,-29661000.0,8848000.0,169916000.0,10996000.0,179514000.0,179514000.0,179514000.0,0.0,0.0,0.224,240767000.0,221716000.0,122166000.0,0.315,10.752,44.076,44.008,590763000.0,0.0,212.56,9.963,9.986,509364000.0,3076569000.0,800011000.0,800011000.0,54935000.0,,,,,15370000.0,169470000.0,1.0,144915153.0,145246000.0,146421000.0,5.508,2249366000.0,49628000.0,31078000.0,137950000.0,15.487,874150000.0
3,RMD,MRQ,2020-09-30,2020-09-30,2020-09-30,2021-08-19,-240191000.0,4620844000.0,,1542609000.0,3078235000.0,,18.488,-13501000.0,421414000.0,421414000.0,313283000.0,178372000.0,2.611,0.725,1188935000.0,33317000.0,1155618000.0,1188935000.0,185922000.0,49888000.0,0.0,0.009,0.39,222696000.0,272584000.0,0.363,272584000.0,222696000.0,215854000.0,1.23,1.22,1.23,2678860000.0,,2678860000.0,25676426115.0,31.0,25.126,130498000.0,0.901,1.0,438661000.0,0.583,2332637000.0,6842000.0,2464875000.0,,478006000.0,0.0,0.0,0.0,1941984000.0,590853000.0,1351131000.0,24840319115.0,-41742000.0,0.0,1026000.0,-120000000.0,-56511000.0,-175258000.0,-22110000.0,-3372000.0,143999000.0,11627000.0,178372000.0,178372000.0,178372000.0,0.0,0.0,0.237,221765000.0,216896000.0,117589000.0,0.317,9.273,36.535,36.474,549292000.0,0.0,171.43,8.204,8.204,464892000.0,2953709000.0,751944000.0,751944000.0,54533000.0,,,,,16071000.0,158989000.0,1.0,144900654.0,144900000.0,146100000.0,5.189,2288207000.0,50788000.0,37482000.0,171111000.0,15.792,951756000.0
4,RMD,MRQ,2020-06-30,2020-06-30,2020-06-30,2021-08-19,-283982000.0,4587376000.0,,1523459000.0,3063917000.0,,17.219,-17970000.0,463156000.0,463156000.0,320971000.0,177835000.0,2.527,0.837,1299263000.0,33250000.0,1266013000.0,1299263000.0,185924000.0,45508000.0,0.0,0.008,0.39,221291000.0,266799000.0,0.346,266799000.0,221291000.0,212094000.0,1.23,1.22,1.23,2497027000.0,,2497027000.0,28930359368.0,37.0,30.299,312295000.0,2.154,1.0,449373000.0,0.583,2338492000.0,9197000.0,2482230000.0,,416915000.0,0.0,0.0,0.0,2090349000.0,602761000.0,1487588000.0,27776338368.0,110295000.0,0.0,22070000.0,-201000000.0,-56483000.0,-236368000.0,-3407000.0,17780000.0,330265000.0,19805000.0,177835000.0,177835000.0,177835000.0,0.0,0.0,0.231,226126000.0,223247000.0,135786000.0,0.317,11.124,44.68,44.548,535683000.0,0.0,192.0,9.393,9.372,474643000.0,2832991000.0,770344000.0,770344000.0,52521000.0,,,,,16138000.0,165385000.0,1.0,144668429.0,145016000.0,146138000.0,5.312,2248884000.0,134549000.0,34259000.0,190676000.0,15.508,920698000.0
5,RMD,MRQ,2020-03-31,2020-03-31,2020-03-31,2021-08-19,-366436000.0,4510543000.0,,1469758000.0,3040785000.0,,15.601,-29589000.0,352861000.0,352861000.0,319793000.0,163137000.0,2.665,0.999,1506882000.0,34782000.0,1472100000.0,1506882000.0,181725000.0,46465000.0,0.0,0.01,0.39,201623000.0,248088000.0,0.322,248088000.0,201623000.0,191655000.0,1.13,1.12,1.13,2256431000.0,,2256431000.0,22495524124.0,34.0,26.814,210106000.0,1.453,1.0,449662000.0,0.584,2349421000.0,9968000.0,2763624000.0,,358772000.0,0.0,0.0,0.0,2254112000.0,551519000.0,1702593000.0,21300630124.0,148766000.0,-24487000.0,1815000.0,77000000.0,-56408000.0,18392000.0,-99612000.0,-43016000.0,239695000.0,-9709000.0,163137000.0,163137000.0,163137000.0,0.0,0.0,0.212,232162000.0,217500000.0,116148000.0,0.345,9.44,41.551,41.374,523486000.0,0.0,147.29,7.366,7.367,554859000.0,2711639000.0,769455000.0,769455000.0,51449000.0,,,,,14112000.0,172441000.0,1.0,144616947.0,144638000.0,145680000.0,5.32,2161122000.0,27321000.0,28518000.0,206629000.0,14.942,918239000.0
6,RMD,MRQ,2019-12-31,2019-12-31,2019-12-31,2021-08-19,-246118000.0,4353939000.0,,1300485000.0,3053454000.0,,15.658,-25100000.0,204095000.0,204095000.0,309027000.0,160554000.0,2.601,0.928,1398989000.0,32022000.0,1366967000.0,1398989000.0,179090000.0,45483000.0,0.0,0.01,0.39,188972000.0,234455000.0,0.318,234455000.0,188972000.0,178752000.0,1.11,1.1,1.11,2258106000.0,,2258106000.0,23415969481.0,38.0,29.907,44832000.0,0.311,1.0,427130000.0,0.58,2351508000.0,10220000.0,2697280000.0,,377784000.0,0.0,0.0,0.0,2095833000.0,500045000.0,1595788000.0,22282535481.0,31941000.0,-3423000.0,18688000.0,78991000.0,-56150000.0,764000.0,-43618000.0,-12293000.0,69932000.0,4863000.0,160554000.0,160554000.0,160554000.0,0.0,0.0,0.218,229321000.0,197809000.0,114322000.0,0.351,9.868,48.981,48.886,505109000.0,0.0,154.97,8.003,8.026,528039000.0,2604910000.0,736157000.0,736157000.0,49943000.0,,,,,14053000.0,171422000.0,1.0,143786123.0,144212000.0,145575000.0,5.105,2002431000.0,32889000.0,18198000.0,183523000.0,13.885,800440000.0
7,RMD,MRQ,2019-09-30,2019-09-30,2019-09-30,2021-08-19,-290585000.0,4154558000.0,,1161098000.0,2993460000.0,,14.732,-22671000.0,172154000.0,172154000.0,289437000.0,120148000.0,2.109,0.962,1305588000.0,31540000.0,1274048000.0,1305588000.0,169622000.0,43917000.0,0.0,0.011,0.39,161579000.0,205496000.0,0.302,205496000.0,161579000.0,150587000.0,0.84,0.83,0.84,2117251000.0,,2117251000.0,20535121241.0,36.0,27.815,139692000.0,0.972,1.0,391619000.0,0.575,2353274000.0,10992000.0,2384261000.0,,357033000.0,0.0,0.0,0.0,2037307000.0,550457000.0,1486850000.0,19411396241.0,25026000.0,0.0,5609000.0,-49003000.0,-56052000.0,-100074000.0,-33224000.0,-8484000.0,162363000.0,-4039000.0,120148000.0,120148000.0,120148000.0,0.0,0.0,0.176,220517000.0,171102000.0,109742000.0,0.464,9.168,46.327,46.113,464620000.0,0.0,135.11,7.191,7.194,493836000.0,2500506000.0,681056000.0,681056000.0,48033000.0,,,,,13256000.0,167440000.0,1.0,143671055.0,143719000.0,145099000.0,4.739,1801284000.0,34232000.0,30439000.0,219055000.0,12.533,610641000.0
8,RMD,MRQ,2019-06-30,2019-06-30,2019-06-30,2021-08-19,-253009000.0,4107682000.0,,1145366000.0,2962316000.0,,14.418,-22203000.0,147128000.0,147128000.0,302532000.0,68801000.0,2.06,0.982,1270853000.0,11992000.0,1258861000.0,1270853000.0,169810000.0,42592000.0,0.0,0.012,0.37,108313000.0,150905000.0,0.214,150905000.0,108313000.0,95765000.0,0.48,0.47,0.48,2072193000.0,,2072193000.0,18687384761.0,34.0,26.477,119615000.0,0.832,1.0,402432000.0,0.571,2378399000.0,12548000.0,2297017000.0,,349641000.0,0.0,0.0,0.0,2035489000.0,555991000.0,1479498000.0,17498202761.0,615000.0,182000.0,21381000.0,-65351000.0,-53120000.0,-97575000.0,-43888000.0,-19791000.0,141818000.0,260000.0,68801000.0,68801000.0,68801000.0,0.0,0.0,0.098,281356000.0,121076000.0,115725000.0,0.771,8.444,43.249,43.12,387460000.0,0.0,122.03,6.713,6.7,528484000.0,2436410000.0,704964000.0,704964000.0,51138000.0,,,,,14217000.0,171600000.0,1.0,143392631.0,143723000.0,144904000.0,4.905,1729283000.0,45478000.0,26964000.0,210684000.0,12.032,589375000.0
9,RMD,MRQ,2019-03-31,2019-03-31,2019-03-31,2021-08-19,-252818000.0,4098526000.0,,1102696000.0,2995830000.0,,14.104,-15082000.0,146513000.0,146513000.0,281258000.0,105416000.0,2.382,1.028,1335695000.0,12346000.0,1323349000.0,1335695000.0,158991000.0,41750000.0,0.0,0.014,0.37,150342000.0,192092000.0,0.29,192092000.0,150342000.0,137929000.0,0.74,0.73,0.74,2021329000.0,,2021329000.0,15946911936.0,27.0,21.756,124564000.0,0.869,1.0,380970000.0,0.575,2455586000.0,12413000.0,2369153000.0,,319930000.0,0.0,0.0,0.0,2077197000.0,462969000.0,1614228000.0,14898901936.0,-2955000.0,-212316000.0,2562000.0,134404000.0,-53025000.0,83183000.0,-225407000.0,3904000.0,139646000.0,-377000.0,105416000.0,105416000.0,105416000.0,0.0,0.0,0.159,223993000.0,156977000.0,124466000.0,0.5,7.371,33.435,33.324,382496000.0,0.0,103.97,5.9,5.901,511403000.0,2420731000.0,662228000.0,662228000.0,47610000.0,,,,,12845000.0,164529000.0,1.0,143300009.0,143316000.0,144333000.0,4.621,1642940000.0,32015000.0,32513000.0,266050000.0,11.464,639727000.0
10,RMD,MRQ,2018-12-31,2018-12-31,2018-12-31,2021-08-19,-250317000.0,3859816000.0,,1063539000.0,2796277000.0,,13.686,-18431000.0,149468000.0,149468000.0,276568000.0,124639000.0,2.437,0.973,1197478000.0,11978000.0,1185500000.0,1197478000.0,149458000.0,36029000.0,0.0,0.013,0.37,153760000.0,189789000.0,0.291,189789000.0,153760000.0,146273000.0,0.87,0.86,0.87,1956044000.0,,1956044000.0,16525870419.0,28.0,23.339,111037000.0,0.777,1.0,374532000.0,0.575,2243971000.0,7487000.0,2227412000.0,,296511000.0,0.0,0.0,0.0,1903772000.0,436443000.0,1467329000.0,16226446419.0,-80720000.0,-612810000.0,8826000.0,521565000.0,-52774000.0,450211000.0,-658222000.0,-24949000.0,129468000.0,-2177000.0,124639000.0,124639000.0,124639000.0,0.0,0.0,0.191,217454000.0,157078000.0,110335000.0,0.425,8.296,36.034,36.149,381505000.0,0.0,113.87,6.611,6.63,477191000.0,2368339000.0,651100000.0,651100000.0,43111000.0,,,,,12534000.0,161579000.0,1.0,142499749.0,142923000.0,144349000.0,4.556,1615845000.0,32703000.0,21634000.0,254937000.0,11.306,627096000.0
11,RMD,MRQ,2018-09-30,2018-09-30,2018-09-30,2021-08-19,-237200000.0,3067538000.0,,1088243000.0,1979295000.0,,13.319,-12994000.0,230188000.0,230188000.0,245186000.0,105737000.0,2.584,0.614,529612000.0,11975000.0,517637000.0,529612000.0,138632000.0,30424000.0,0.0,0.012,0.37,142589000.0,173013000.0,0.294,173013000.0,142589000.0,138881000.0,0.74,0.73,0.74,1900256000.0,,1900256000.0,16549929482.0,29.0,23.751,35125000.0,0.246,1.0,343093000.0,0.583,1434223000.0,3708000.0,1511631000.0,,282555000.0,0.0,0.0,0.0,1167282000.0,421108000.0,746174000.0,16457176482.0,41487000.0,-126439000.0,-18886000.0,216867000.0,-52793000.0,144824000.0,-148189000.0,-6145000.0,48119000.0,-3267000.0,105737000.0,105737000.0,105737000.0,0.0,0.0,0.18,198961000.0,144132000.0,98709000.0,0.5,8.661,49.097,49.081,381822000.0,0.0,115.34,6.843,6.843,463743000.0,2296473000.0,588279000.0,588279000.0,38791000.0,,,,,12477000.0,147303000.0,1.0,142684034.0,142668000.0,144030000.0,4.123,1633315000.0,46226000.0,33144000.0,230330000.0,11.448,667135000.0
12,RMD,MRQ,2018-06-30,2018-06-30,2018-06-30,2021-08-19,-224328000.0,3063923000.0,,1065717000.0,1998206000.0,,14.399,-17620000.0,188701000.0,188701000.0,288424000.0,109811000.0,2.085,0.488,281454000.0,11466000.0,269988000.0,281454000.0,132424000.0,31704000.0,0.0,0.014,0.35,146400000.0,178104000.0,0.286,178104000.0,146400000.0,140918000.0,0.77,0.76,0.77,2058980000.0,,2058980000.0,14890558225.0,27.0,22.237,111796000.0,0.782,1.0,335206000.0,0.538,1284128000.0,5482000.0,1361299000.0,,268701000.0,0.0,0.0,0.0,1004943000.0,511249000.0,493694000.0,14784839225.0,-515580000.0,-420000.0,-11261000.0,-526242000.0,-49970000.0,-588668000.0,-38526000.0,-18353000.0,129416000.0,-17802000.0,109811000.0,109811000.0,109811000.0,0.0,0.0,0.176,188322000.0,146884000.0,92723000.0,0.455,7.181,46.849,46.869,386550000.0,0.0,103.58,6.318,6.319,483681000.0,2432328000.0,623630000.0,623630000.0,39657000.0,,,,,12479000.0,156810000.0,1.0,142738359.0,142992000.0,144263000.0,4.361,1779795000.0,53818000.0,31107000.0,311613000.0,12.447,554468000.0
13,RMD,MRQ,2018-03-31,2018-03-31,2018-03-31,2021-08-19,-155613000.0,3534208000.0,,1604406000.0,1929802000.0,,14.465,-12961000.0,704281000.0,704281000.0,247339000.0,110125000.0,3.477,0.71,810000000.0,0.0,810000000.0,810000000.0,124835000.0,29311000.0,0.0,0.014,0.35,137862000.0,167173000.0,0.283,167173000.0,137862000.0,130143000.0,0.77,0.76,0.77,2066964000.0,,2066964000.0,14234267196.0,27.0,21.993,136115000.0,0.953,1.0,344295000.0,0.582,1309171000.0,7719000.0,1869296000.0,,288703000.0,0.0,0.0,0.0,1467244000.0,461460000.0,1005784000.0,14074034196.0,-154618000.0,-482000.0,-15722000.0,-210000000.0,-49974000.0,-276519000.0,-19619000.0,-4057000.0,149076000.0,-7556000.0,110125000.0,110125000.0,110125000.0,0.0,0.0,0.186,207922000.0,136373000.0,88157000.0,0.455,6.809,45.786,45.378,397981000.0,0.0,98.47,6.191,6.19,498425000.0,2372487000.0,591634000.0,591634000.0,37434000.0,,,,,11975000.0,147893000.0,1.0,142927127.0,142898000.0,143985000.0,4.14,2225037000.0,46282000.0,20018000.0,251046000.0,15.571,1142946000.0
14,RMD,MRQ,2017-12-31,2017-12-31,2017-12-31,2021-08-19,-148220000.0,3564000000.0,,1754349000.0,1809651000.0,,14.151,-15970000.0,858899000.0,858899000.0,251481000.0,9527000.0,1.293,0.765,1019132000.0,1019132000.0,0.0,1019132000.0,116573000.0,29374000.0,0.0,0.016,0.35,149135000.0,178509000.0,0.297,178509000.0,149135000.0,141765000.0,0.07,0.07,0.07,2019528000.0,,2019528000.0,12225610969.0,24.0,19.597,116581000.0,0.817,1.0,349792000.0,0.582,1315342000.0,7370000.0,1052480000.0,,296062000.0,0.0,0.0,0.0,1544472000.0,1356411000.0,188061000.0,12017841969.0,47797000.0,0.0,8284000.0,0.0,-49855000.0,-55424000.0,-28255000.0,-9903000.0,132551000.0,-1075000.0,9527000.0,9527000.0,9527000.0,0.0,0.0,0.016,203776000.0,146016000.0,78351000.0,5.0,5.951,42.155,41.926,401537000.0,0.0,84.69,5.473,5.504,482934000.0,2312335000.0,601273000.0,601273000.0,40643000.0,,,,,12010000.0,151816000.0,1.0,141903908.0,142715000.0,143855000.0,4.213,2248658000.0,50722000.0,132238000.0,138831000.0,15.756,397938000.0
15,RMD,MRQ,2017-09-30,2017-09-30,2017-09-30,2021-08-19,-152670000.0,3489617000.0,,1657946000.0,1831671000.0,,14.408,-16030000.0,811102000.0,811102000.0,218054000.0,86125000.0,4.716,0.703,1018871000.0,0.0,1018871000.0,1018871000.0,108986000.0,29571000.0,0.0,0.017,0.35,116270000.0,145841000.0,0.279,145841000.0,116270000.0,108485000.0,0.61,0.6,0.61,2049528000.0,,2049528000.0,11201089490.0,24.0,19.449,77953000.0,0.548,1.0,305605000.0,0.584,1323323000.0,7785000.0,2022478000.0,,300472000.0,0.0,0.0,0.0,1440089000.0,351585000.0,1088504000.0,10944413490.0,-10833000.0,0.0,3615000.0,-60000000.0,-49698000.0,-106083000.0,-15424000.0,2848000.0,93983000.0,16691000.0,86125000.0,86125000.0,86125000.0,0.0,0.0,0.164,193047000.0,112558000.0,85082000.0,0.574,5.34,31.065,30.908,400795000.0,0.0,76.96,5.15,5.152,431354000.0,2352664000.0,523659000.0,523659000.0,37415000.0,,,,,11948000.0,143849000.0,1.0,142209115.0,142247000.0,143480000.0,3.681,2166294000.0,63847000.0,22360000.0,45547000.0,15.229,1306361000.0
16,RMD,MRQ,2017-06-30,2017-06-30,2017-06-30,2021-08-19,-189059000.0,3468487000.0,,1644003000.0,1824484000.0,,13.84,-18362000.0,821935000.0,821935000.0,232910000.0,101612000.0,4.565,0.769,1078611000.0,0.0,1078611000.0,1078611000.0,105153000.0,28168000.0,0.0,0.017,0.33,127527000.0,155695000.0,0.28,155695000.0,127527000.0,121622000.0,0.72,0.71,0.72,1960266000.0,,1960266000.0,11384504452.0,25.0,20.361,121951000.0,0.861,1.0,323776000.0,0.582,1326674000.0,5905000.0,2038363000.0,,268319000.0,0.0,0.0,0.0,1508221000.0,360126000.0,1148095000.0,11043464452.0,-5375000.0,-3880000.0,23065000.0,-90000000.0,-46800000.0,-121894000.0,-31280000.0,-6761000.0,140313000.0,7486000.0,101612000.0,101612000.0,101612000.0,0.0,0.0,0.183,196415000.0,127361000.0,92763000.0,0.458,5.634,32.264,32.178,394241000.0,0.0,77.87,5.343,5.326,450530000.0,2316237000.0,556686000.0,556686000.0,36706000.0,,,,,11662000.0,147940000.0,1.0,141819243.0,141642000.0,142723000.0,3.93,2141813000.0,61503000.0,20010000.0,42972000.0,15.121,1283877000.0
17,RMD,MRQ,2017-03-31,2017-03-31,2017-03-31,2021-08-19,-213101000.0,3422563000.0,,1605361000.0,1817202000.0,,13.089,-14610000.0,827310000.0,827310000.0,214490000.0,87823000.0,4.774,0.845,1168350000.0,0.0,1168350000.0,1168350000.0,97817000.0,28485000.0,0.0,0.018,0.33,115326000.0,143811000.0,0.28,143811000.0,115326000.0,107990000.0,0.62,0.62,0.62,1854956000.0,,1854956000.0,10575409786.0,24.0,18.982,52988000.0,0.374,1.0,299714000.0,0.583,1317487000.0,7336000.0,2109838000.0,,259870000.0,0.0,0.0,0.0,1567607000.0,336278000.0,1231329000.0,10195053786.0,39164000.0,-210000.0,5439000.0,0.0,-46681000.0,-52924000.0,-17918000.0,-721000.0,67598000.0,42408000.0,87823000.0,87823000.0,87823000.0,0.0,0.0,0.171,192317000.0,107397000.0,82846000.0,0.532,5.496,31.486,31.428,387412000.0,0.0,71.97,5.025,5.027,413612000.0,2261425000.0,514204000.0,514204000.0,35130000.0,,,,,11461000.0,137864000.0,1.0,141656993.0,141714000.0,142724000.0,3.628,2105076000.0,66573000.0,20167000.0,47842000.0,14.854,1269083000.0
18,RMD,MRQ,2016-12-31,2016-12-31,2016-12-31,2021-08-19,-299983000.0,3322570000.0,,1520274000.0,1802296000.0,,12.102,-14687000.0,788146000.0,788146000.0,221326000.0,76743000.0,2.228,0.943,1168502000.0,299812000.0,868690000.0,1168502000.0,93071000.0,27729000.0,0.0,0.02,0.33,102835000.0,130564000.0,0.246,130564000.0,102835000.0,96207000.0,0.54,0.54,0.54,1710150000.0,,1710150000.0,9138387275.0,21.0,16.853,105212000.0,0.745,1.0,309071000.0,0.583,1321726000.0,6628000.0,1698805000.0,,253108000.0,0.0,0.0,0.0,1612420000.0,682395000.0,930025000.0,8746909275.0,6488000.0,-94000.0,3486000.0,-5000000.0,-46487000.0,-48001000.0,-19523000.0,-2610000.0,119899000.0,-45887000.0,76743000.0,76743000.0,76743000.0,0.0,0.0,0.145,212176000.0,96895000.0,94100000.0,0.611,5.115,26.768,26.746,375928000.0,0.0,62.05,4.444,4.455,383992000.0,2220283000.0,530397000.0,530397000.0,38190000.0,,,,,10753000.0,139307000.0,1.0,140965500.0,141310000.0,142097000.0,3.753,2000844000.0,61629000.0,19464000.0,39658000.0,14.159,837879000.0
19,RMD,MRQ,2016-09-30,2016-09-30,2016-09-30,2021-08-19,-192935000.0,3322264000.0,,1474852000.0,1847412000.0,,12.591,-14560000.0,781658000.0,781658000.0,196266000.0,76107000.0,2.377,0.874,1173136000.0,299625000.0,873511000.0,1173136000.0,93401000.0,27775000.0,0.0,0.019,0.33,99326000.0,127101000.0,0.273,127101000.0,99326000.0,92925000.0,0.54,0.54,0.54,1772568000.0,,1772568000.0,9559514918.0,21.0,17.48,71683000.0,0.509,1.0,269184000.0,0.578,1352431000.0,6401000.0,1740756000.0,,253828000.0,0.0,0.0,0.0,1549696000.0,620555000.0,929141000.0,9115948918.0,50224000.0,-3090000.0,6330000.0,0.0,-46378000.0,-40048000.0,-13169000.0,6952000.0,86243000.0,17198000.0,76107000.0,76107000.0,76107000.0,0.0,0.0,0.164,175038000.0,94146000.0,80489000.0,0.611,5.143,26.377,26.337,390797000.0,0.0,64.79,4.817,4.82,347137000.0,2190028000.0,465450000.0,465450000.0,34446000.0,,,,,12049000.0,128851000.0,1.0,140699937.0,140785000.0,142090000.0,3.306,1969833000.0,62926000.0,16818000.0,47727000.0,13.992,854297000.0
20,RMD,MRQ,2016-06-30,2016-06-30,2016-06-30,2021-08-19,-222658000.0,3256705000.0,,1419719000.0,1836986000.0,,12.059,-14401000.0,731434000.0,731434000.0,217158000.0,83126000.0,2.225,0.922,1172770000.0,299438000.0,873332000.0,1172770000.0,90290000.0,27022000.0,0.0,0.019,0.3,128638000.0,155660000.0,0.3,155660000.0,128638000.0,117432000.0,0.59,0.59,0.59,1694831000.0,,1694831000.0,8595226097.0,19.0,15.988,128559000.0,0.915,1.0,301489000.0,0.581,1359053000.0,11206000.0,1700999000.0,,224456000.0,0.0,0.0,0.0,1561874000.0,637989000.0,923885000.0,8878112097.0,12939000.0,-799219000.0,10757000.0,739398000.0,-42104000.0,708051000.0,-818159000.0,-2135000.0,142960000.0,-19913000.0,83126000.0,83126000.0,83126000.0,0.0,0.0,0.16,182852000.0,118637000.0,92571000.0,0.508,5.238,25.193,25.191,384276000.0,0.0,63.23,4.828,4.823,382086000.0,2160299000.0,518647000.0,518647000.0,34380000.0,,,,,11629000.0,135843000.0,1.0,140409807.0,140548000.0,141678000.0,3.69,1897652000.0,55496000.0,34306000.0,48227000.0,13.502,781730000.0
21,RMD,MRQ,2016-03-31,2016-03-31,2016-03-31,2021-08-19,-180839000.0,2444610000.0,,1400094000.0,1044516000.0,,11.937,-13199000.0,718495000.0,718495000.0,193999000.0,90791000.0,4.887,0.461,435609000.0,0.0,435609000.0,435609000.0,74990000.0,19907000.0,0.0,0.02,0.3,108996000.0,128903000.0,0.284,128903000.0,108996000.0,108996000.0,0.65,0.64,0.65,1673411000.0,,1673411000.0,7839937763.0,18.0,15.384,111552000.0,0.796,1.0,259880000.0,0.573,572900000.0,0.0,1302316000.0,,232930000.0,0.0,0.0,0.0,771199000.0,286508000.0,484691000.0,8097165763.0,59691000.0,-90527000.0,8871000.0,17068000.0,-41972000.0,-16141000.0,-83733000.0,21982000.0,124751000.0,34814000.0,90791000.0,90791000.0,90791000.0,0.0,0.0,0.2,155568000.0,104312000.0,77642000.0,0.462,4.839,22.697,22.764,386771000.0,0.0,57.82,4.567,4.571,358171000.0,2109371000.0,453879000.0,453879000.0,28109000.0,,,,,10938000.0,122901000.0,1.0,140040916.0,140187000.0,141232000.0,3.238,1871710000.0,44119000.0,18205000.0,28033000.0,13.352,1113586000.0
22,RMD,MRQ,2015-12-31,2015-12-31,2015-12-31,2021-08-19,-260937000.0,2239011000.0,,1350841000.0,888170000.0,,10.893,-14531000.0,658804000.0,658804000.0,188031000.0,95576000.0,5.087,0.469,401576000.0,985000.0,400591000.0,401576000.0,65029000.0,21517000.0,0.0,0.022,0.3,113695000.0,135212000.0,0.297,135212000.0,113695000.0,113695000.0,0.68,0.68,0.68,1524271000.0,,1524271000.0,7176335467.0,16.0,13.991,141083000.0,1.008,1.0,266509000.0,0.586,466418000.0,0.0,1249795000.0,,237463000.0,0.0,0.0,0.0,714740000.0,265570000.0,449170000.0,7497801467.0,-163249000.0,-152118000.0,-40487000.0,-100152000.0,-41975000.0,-183734000.0,-161113000.0,8015000.0,155614000.0,25984000.0,95576000.0,95576000.0,95576000.0,0.0,0.0,0.21,158532000.0,107977000.0,67580000.0,0.441,4.919,21.006,21.138,375224000.0,0.0,53.69,4.305,4.313,331747000.0,2062885000.0,454540000.0,454540000.0,28970000.0,,,,,11458000.0,118219000.0,1.0,139649869.0,139926000.0,141423000.0,3.248,1772593000.0,40885000.0,18119000.0,30661000.0,12.668,1085271000.0
23,RMD,MRQ,2015-09-30,2015-09-30,2015-09-30,2021-08-19,-295624000.0,2254679000.0,,1532800000.0,721879000.0,,10.411,-16403000.0,822053000.0,822053000.0,173028000.0,82917000.0,5.957,0.543,500587000.0,0.0,500587000.0,500587000.0,58294000.0,18403000.0,0.0,0.022,0.3,99444000.0,117847000.0,0.286,117847000.0,99444000.0,99444000.0,0.59,0.58,0.59,1460813000.0,,1460813000.0,6744060897.0,15.0,13.17,108205000.0,0.771,1.0,238619000.0,0.58,305418000.0,0.0,1370488000.0,,258609000.0,0.0,0.0,0.0,793866000.0,257307000.0,536559000.0,7160715897.0,104804000.0,0.0,-53505000.0,199992000.0,-42079000.0,104408000.0,-62749000.0,-43923000.0,124608000.0,-61463000.0,82917000.0,82917000.0,82917000.0,0.0,0.0,0.201,140594000.0,98025000.0,77482000.0,0.508,4.902,20.312,20.303,368984000.0,0.0,50.96,4.187,4.181,327168000.0,2014344000.0,411647000.0,411647000.0,27192000.0,,,,,12383000.0,111095000.0,1.0,140516403.0,140309000.0,142280000.0,2.934,1949261000.0,53484000.0,16527000.0,37048000.0,13.893,1275493000.0
24,RMD,MRQ,2015-06-30,2015-06-30,2015-06-30,2021-08-19,-173516000.0,2181774000.0,,1407844000.0,773930000.0,,11.27,-12236000.0,717249000.0,717249000.0,193634000.0,87462000.0,5.283,0.375,300594000.0,0.0,300594000.0,300594000.0,55381000.0,17746000.0,0.0,0.02,0.28,109894000.0,127640000.0,0.282,127640000.0,109894000.0,104116000.0,0.62,0.61,0.62,1587307000.0,,1587307000.0,7538011440.0,17.0,14.644,87465000.0,0.621,1.0,259430000.0,0.573,311403000.0,5778000.0,1187253000.0,,246859000.0,0.0,0.0,0.0,594467000.0,266463000.0,328004000.0,7943755440.0,-149076000.0,-2919000.0,-41375000.0,-160009000.0,-39400000.0,-236563000.0,-23476000.0,-5988000.0,99701000.0,11262000.0,87462000.0,87462000.0,87462000.0,0.0,0.0,0.193,159883000.0,99547000.0,81112000.0,0.452,5.005,22.511,22.458,387758000.0,0.0,56.37,4.731,4.716,362568000.0,1976020000.0,453064000.0,453064000.0,28523000.0,,,,,8832000.0,129250000.0,1.0,140921686.0,140849000.0,142906000.0,3.217,1870371000.0,46380000.0,16654000.0,24404000.0,13.279,1141381000.0
25,RMD,MRQ,2015-03-31,2015-03-31,2015-03-31,2021-08-19,-199503000.0,2278029000.0,,1552770000.0,725259000.0,,10.912,-10591000.0,866325000.0,866325000.0,171066000.0,90983000.0,6.056,0.483,460581000.0,0.0,460581000.0,460581000.0,51479000.0,17859000.0,0.0,0.015,0.28,114358000.0,132217000.0,0.313,132217000.0,114358000.0,114358000.0,0.65,0.64,0.65,1536275000.0,,1536275000.0,9657972092.0,22.0,18.584,80350000.0,0.571,1.0,251431000.0,0.595,302339000.0,0.0,1313542000.0,,225191000.0,0.0,0.0,0.0,741754000.0,256404000.0,485350000.0,10089004092.0,-14370000.0,-9175000.0,-5995000.0,9492000.0,-39385000.0,-26039000.0,-18997000.0,3068000.0,90941000.0,-60275000.0,90983000.0,90983000.0,90983000.0,0.0,0.0,0.215,145563000.0,105868000.0,70900000.0,0.431,6.567,28.568,28.598,384160000.0,0.0,71.78,6.148,6.158,345485000.0,1927958000.0,422497000.0,422497000.0,27024000.0,,,,,1869000.0,116336000.0,1.0,140554529.0,140792000.0,142813000.0,3.001,1975690000.0,50670000.0,23375000.0,27024000.0,14.033,1296366000.0
26,RMD,MRQ,2014-12-31,2014-12-31,2014-12-31,2021-08-19,-81500000.0,2326562000.0,,1558491000.0,768071000.0,,11.342,-18994000.0,880695000.0,880695000.0,159730000.0,91181000.0,6.003,0.465,449663000.0,0.0,449663000.0,449663000.0,54355000.0,18869000.0,0.0,0.019,0.28,115511000.0,134380000.0,0.318,134380000.0,115511000.0,115511000.0,0.65,0.64,0.65,1588448000.0,,1588448000.0,7311270828.0,16.0,14.126,87008000.0,0.621,1.0,263222000.0,0.622,320966000.0,0.0,1314954000.0,,218062000.0,0.0,0.0,0.0,738114000.0,259610000.0,478504000.0,7817263828.0,-999000.0,-10463000.0,-32251000.0,73991000.0,-39278000.0,10776000.0,-58995000.0,-27094000.0,106002000.0,-58782000.0,91181000.0,91181000.0,91181000.0,0.0,0.0,0.216,154076000.0,109146000.0,80004000.0,0.431,4.921,22.199,22.424,408219000.0,0.0,56.06,4.836,4.857,340427000.0,1876359000.0,422952000.0,422952000.0,29294000.0,,,,,3403000.0,122520000.0,1.0,139444592.0,140048000.0,142202000.0,3.02,2005596000.0,48342000.0,24330000.0,20021000.0,14.321,1298881000.0
27,RMD,MRQ,2014-09-30,2014-09-30,2014-09-30,2021-08-19,26449000.0,2309453000.0,,1534750000.0,774703000.0,,11.798,-20681000.0,881694000.0,881694000.0,143086000.0,83260000.0,6.035,0.397,375701000.0,0.0,375701000.0,375701000.0,54032000.0,18582000.0,0.0,0.021,0.28,101930000.0,120512000.0,0.317,120512000.0,101930000.0,101930000.0,0.59,0.58,0.59,1653211000.0,,1653211000.0,6301157137.0,14.0,12.325,65855000.0,0.47,1.0,237313000.0,0.624,323746000.0,0.0,1225418000.0,,197226000.0,0.0,0.0,0.0,656242000.0,254296000.0,401946000.0,6906099137.0,-24036000.0,-6850000.0,-41873000.0,74990000.0,-39199000.0,-3965000.0,-41603000.0,-11706000.0,86536000.0,-65004000.0,83260000.0,83260000.0,83260000.0,0.0,0.0,0.219,142638000.0,94675000.0,76248000.0,0.475,4.177,19.868,20.028,419786000.0,0.0,49.27,4.377,4.376,328591000.0,1824457000.0,380399000.0,380399000.0,30024000.0,,,,,8792000.0,110520000.0,1.0,140168442.0,140127000.0,142683000.0,2.715,1985707000.0,52385000.0,18670000.0,26026000.0,14.171,1280454000.0
28,RMD,MRQ,2014-06-30,2014-06-30,2014-06-30,2021-08-19,151557000.0,2360962000.0,,1556209000.0,804753000.0,,12.508,-18512000.0,905730000.0,905730000.0,153953000.0,87738000.0,5.773,0.343,300788000.0,18000.0,300770000.0,300788000.0,58722000.0,19823000.0,0.0,0.02,0.25,112764000.0,132587000.0,0.319,132587000.0,112764000.0,106635000.0,0.62,0.61,0.62,1758248000.0,,1758248000.0,6562197416.0,15.0,12.85,97071000.0,0.691,1.0,261258000.0,0.629,334510000.0,6129000.0,1151952000.0,,165418000.0,0.0,0.0,0.0,602714000.0,269558000.0,333156000.0,7104957416.0,-32833000.0,-680000.0,-15041000.0,-95010000.0,-35131000.0,-140235000.0,-22836000.0,-901000.0,115583000.0,14655000.0,87738000.0,87738000.0,87738000.0,0.0,0.0,0.211,162772000.0,98486000.0,85405000.0,0.403,4.041,20.578,20.75,434277000.0,0.0,50.63,4.569,4.606,359593000.0,1780396000.0,415211000.0,415211000.0,31796000.0,,,,,5831000.0,122242000.0,1.0,140330978.0,140574000.0,143162000.0,2.954,2026452000.0,50663000.0,18897000.0,27143000.0,14.416,1286651000.0
29,RMD,MRQ,2014-03-31,2014-03-31,2014-03-31,2021-08-19,129535000.0,2364566000.0,,1563902000.0,800664000.0,,11.996,-17784000.0,938563000.0,938563000.0,145970000.0,89969000.0,6.334,0.398,395803000.0,18000.0,395785000.0,395803000.0,57767000.0,17181000.0,0.0,0.021,0.25,112912000.0,130093000.0,0.327,130093000.0,112912000.0,112912000.0,0.64,0.63,0.64,1690905000.0,,1690905000.0,5793910378.0,14.0,11.778,83311000.0,0.591,1.0,251788000.0,0.633,336938000.0,0.0,1237976000.0,,164888000.0,0.0,0.0,0.0,673661000.0,246892000.0,426769000.0,6330773378.0,-34112000.0,0.0,-70318000.0,-40080000.0,-35262000.0,-144433000.0,-23201000.0,-3069000.0,101095000.0,32427000.0,89969000.0,89969000.0,89969000.0,0.0,0.0,0.226,147090000.0,104698000.0,55483000.0,0.391,3.744,19.152,19.18,429049000.0,0.0,44.69,4.073,4.053,337572000.0,1727789000.0,397758000.0,397758000.0,29530000.0,,,,,9317000.0,115101000.0,1.0,141659731.0,140959000.0,143375000.0,2.822,2027628000.0,66760000.0,22943000.0,22526000.0,14.385,1317010000.0
30,RMD,MRQ,2013-12-31,2013-12-31,2013-12-31,2021-08-19,78923000.0,2345588000.0,,1564132000.0,781456000.0,,11.526,-19674000.0,972675000.0,972675000.0,135582000.0,86636000.0,6.442,0.431,435812000.0,18000.0,435794000.0,435812000.0,56841000.0,18580000.0,0.0,0.018,0.25,109461000.0,128041000.0,0.333,128041000.0,109461000.0,109461000.0,0.61,0.6,0.61,1638952000.0,,1638952000.0,6073427913.0,15.0,12.382,64491000.0,0.454,1.0,248759000.0,0.647,336747000.0,0.0,1229167000.0,,178077000.0,0.0,0.0,0.0,706636000.0,242811000.0,463825000.0,6689193913.0,-3899000.0,-3172000.0,-67104000.0,72898000.0,-35647000.0,-22608000.0,-27358000.0,-2848000.0,84165000.0,-38098000.0,86636000.0,86636000.0,86636000.0,0.0,0.0,0.225,143739000.0,105020000.0,56235000.0,0.41,4.081,20.551,20.649,414344000.0,0.0,47.08,4.343,4.347,301627000.0,1673082000.0,384341000.0,384341000.0,29537000.0,,,,,3399000.0,111748000.0,1.0,142081434.0,142202000.0,145335000.0,2.703,2008841000.0,59327000.0,22825000.0,15802000.0,14.127,1321321000.0
31,RMD,MRQ,2013-09-30,2013-09-30,2013-09-30,2021-08-19,130291000.0,2334635000.0,,1557934000.0,776701000.0,,11.919,-16752000.0,976574000.0,976574000.0,129680000.0,80930000.0,2.549,0.379,360808000.0,360018000.0,790000.0,360808000.0,56033000.0,17870000.0,0.0,0.014,0.25,102070000.0,119940000.0,0.335,119940000.0,102070000.0,102070000.0,0.57,0.56,0.57,1692535000.0,,1692535000.0,6928044911.0,17.0,14.428,73673000.0,0.519,1.0,227982000.0,0.637,332118000.0,0.0,775669000.0,,175355000.0,0.0,0.0,0.0,642100000.0,611082000.0,31018000.0,7503306911.0,100526000.0,0.0,-16352000.0,59991000.0,-35478000.0,9960000.0,-21592000.0,-3161000.0,90425000.0,21733000.0,80930000.0,80930000.0,80930000.0,0.0,0.0,0.226,131098000.0,96884000.0,57125000.0,0.439,4.433,23.685,23.9,416745000.0,0.0,52.82,4.896,4.895,282425000.0,1622093000.0,357662000.0,357662000.0,27363000.0,,,,,8575000.0,101323000.0,1.0,142054277.0,142005000.0,145456000.0,2.519,2002517000.0,68930000.0,21140000.0,32287000.0,14.102,946852000.0
32,RMD,MRQ,2013-06-30,2013-06-30,2013-06-30,2021-08-19,92088000.0,2210721000.0,,1448849000.0,761872000.0,,11.288,-16003000.0,876048000.0,876048000.0,154759000.0,73013000.0,2.524,0.373,300786000.0,300017000.0,769000.0,300786000.0,56881000.0,19659000.0,0.0,0.015,0.17,94214000.0,113873000.0,0.275,113873000.0,94214000.0,87827000.0,0.51,0.5,0.51,1610516000.0,,1610516000.0,5757602186.0,15.0,12.256,107919000.0,0.756,1.0,259848000.0,0.627,324468000.0,6387000.0,736942000.0,,145847000.0,0.0,0.0,0.0,600205000.0,574049000.0,26156000.0,6429482186.0,-136650000.0,0.0,-51563000.0,-40045000.0,-24265000.0,-116472000.0,-26485000.0,-8132000.0,123922000.0,-117615000.0,73013000.0,73013000.0,73013000.0,0.0,0.0,0.176,173682000.0,86166000.0,60688000.0,0.333,3.992,20.934,20.991,411433000.0,0.0,45.13,4.245,4.26,318349000.0,1576641000.0,414607000.0,414607000.0,31389000.0,,,,,4949000.0,115057000.0,1.0,142465814.0,142669000.0,146203000.0,2.906,1886253000.0,67515000.0,14814000.0,44176000.0,13.221,874800000.0
33,RMD,MRQ,2013-03-31,2013-03-31,2013-03-31,2021-08-19,259115000.0,2374956000.0,,1579875000.0,795081000.0,,12.339,-19941000.0,1012698000.0,1012698000.0,144132000.0,84913000.0,2.722,0.343,340818000.0,340052000.0,766000.0,340818000.0,57035000.0,20674000.0,0.0,0.011,0.17,107992000.0,128666000.0,0.335,128666000.0,107992000.0,107992000.0,0.59,0.58,0.59,1768158000.0,,1768158000.0,5994938541.0,15.0,12.447,87059000.0,0.608,1.0,239449000.0,0.624,327712000.0,0.0,794943000.0,,166483000.0,0.0,0.0,0.0,606798000.0,580421000.0,26377000.0,6652366541.0,54418000.0,0.0,-50713000.0,39991000.0,-24251000.0,-30435000.0,-21004000.0,-11000.0,107000000.0,-1143000.0,84913000.0,84913000.0,84913000.0,0.0,0.0,0.221,143350000.0,96099000.0,49385000.0,0.288,3.762,21.393,21.364,444495000.0,0.0,46.36,4.52,4.514,293489000.0,1527893000.0,383581000.0,383581000.0,31189000.0,,,,,5677000.0,109628000.0,1.0,143493670.0,143293000.0,146643000.0,2.677,2047244000.0,48939000.0,23079000.0,31710000.0,14.287,999454000.0
34,RMD,MRQ,2012-12-31,2012-12-31,2012-12-31,2021-08-19,267476000.0,2330375000.0,,1529851000.0,800524000.0,,12.23,-13804000.0,958280000.0,958280000.0,143825000.0,77942000.0,6.093,0.33,300852000.0,54000.0,300798000.0,300852000.0,57839000.0,19297000.0,0.0,0.008,0.17,98400000.0,117697000.0,0.313,117697000.0,98400000.0,98400000.0,0.54,0.53,0.54,1751512000.0,,1751512000.0,5322854085.0,14.0,11.647,79843000.0,0.558,1.0,232712000.0,0.618,337582000.0,0.0,1084297000.0,,194804000.0,0.0,0.0,0.0,578863000.0,251068000.0,327795000.0,5947645085.0,67651000.0,0.0,-28315000.0,34991000.0,-25845000.0,-14710000.0,-15528000.0,2042000.0,93647000.0,4242000.0,77942000.0,77942000.0,77942000.0,0.0,0.0,0.207,140642000.0,92070000.0,52119000.0,0.315,3.396,20.462,20.478,439575000.0,0.0,41.57,4.138,4.142,281439000.0,1467230000.0,376537000.0,376537000.0,30326000.0,,,,,5063000.0,107815000.0,1.0,143075417.0,143214000.0,146689000.0,2.629,1992793000.0,44440000.0,20458000.0,32681000.0,13.915,1278783000.0
35,RMD,MRQ,2012-09-30,2012-09-30,2012-09-30,2021-08-19,255313000.0,2244659000.0,,1450217000.0,794442000.0,,11.91,-13831000.0,890629000.0,890629000.0,131083000.0,71265000.0,5.731,0.321,265838000.0,53000.0,265785000.0,265838000.0,57279000.0,18650000.0,0.0,0.004,0.17,90901000.0,109551000.0,0.322,109551000.0,90901000.0,90901000.0,0.5,0.49,0.5,1698923000.0,,1698923000.0,5189455306.0,14.0,11.656,64423000.0,0.452,1.0,208648000.0,0.614,332946000.0,0.0,1033891000.0,,193172000.0,0.0,0.0,0.0,545736000.0,253031000.0,292705000.0,5748161306.0,81088000.0,-5418000.0,13572000.0,14842000.0,-22843000.0,7690000.0,-14983000.0,5301000.0,78254000.0,10127000.0,71265000.0,71265000.0,71265000.0,0.0,0.0,0.21,128159000.0,80489000.0,52914000.0,0.34,3.383,20.857,21.078,438357000.0,0.0,40.47,4.125,4.143,266537000.0,1413711000.0,339731000.0,339731000.0,27220000.0,,,,,4161000.0,98303000.0,1.0,142035120.0,142651000.0,146055000.0,2.382,1911713000.0,45388000.0,19636000.0,37605000.0,13.401,1197186000.0
36,RMD,MRQ,2012-06-30,2012-06-30,2012-06-30,2021-08-19,236456000.0,2137869000.0,,1361151000.0,776718000.0,,11.257,-12068000.0,809541000.0,809541000.0,145460000.0,76847000.0,5.383,0.33,250835000.0,52000.0,250783000.0,250835000.0,55947000.0,22426000.0,0.0,0.0,0.0,103295000.0,125721000.0,0.338,125721000.0,103295000.0,98509000.0,0.54,0.53,0.54,1607627000.0,,1607627000.0,3913899174.0,12.0,9.262,84909000.0,0.595,1.0,226469000.0,0.609,311036000.0,4786000.0,1015275000.0,,174351000.0,0.0,0.0,0.0,530242000.0,252852000.0,277390000.0,4453984174.0,33474000.0,0.0,-66662000.0,14902000.0,0.0,-46889000.0,-8151000.0,5383000.0,96977000.0,-8463000.0,76847000.0,76847000.0,76847000.0,0.0,0.0,0.207,136739000.0,89730000.0,55006000.0,0.0,2.771,17.477,17.829,434363000.0,0.0,31.2,3.255,3.326,283160000.0,1366712000.0,371929000.0,371929000.0,27911000.0,,,,,3270000.0,105909000.0,1.0,142755903.0,142811000.0,146379000.0,2.604,1826833000.0,45372000.0,21662000.0,41073000.0,12.792,1108299000.0
37,RMD,MRQ,2012-03-31,2012-03-31,2012-03-31,2021-08-19,264034000.0,2128843000.0,,1325851000.0,802992000.0,,11.171,-9878000.0,776067000.0,776067000.0,138577000.0,64613000.0,5.149,0.323,235982000.0,982000.0,235000000.0,235982000.0,59489000.0,20026000.0,0.0,0.0,0.0,84007000.0,104033000.0,0.298,104033000.0,84007000.0,84007000.0,0.45,0.44,0.45,1608953000.0,,1608953000.0,3959973990.0,13.0,10.017,76148000.0,0.529,1.0,210496000.0,0.603,327233000.0,0.0,1004046000.0,,183488000.0,0.0,0.0,0.0,519890000.0,257479000.0,262411000.0,4456756990.0,52834000.0,-1399000.0,-47554000.0,9506000.0,0.0,-35967000.0,-5811000.0,7191000.0,86026000.0,8586000.0,64613000.0,64613000.0,64613000.0,0.0,0.0,0.185,133948000.0,76548000.0,54726000.0,0.0,2.77,18.847,19.319,443090000.0,0.0,30.91,3.33,3.326,267930000.0,1289865000.0,349073000.0,349073000.0,28398000.0,,,,,5774000.0,101958000.0,1.0,144184956.0,144024000.0,147157000.0,2.424,1801610000.0,37399000.0,19394000.0,46921000.0,12.509,1068372000.0
38,RMD,MRQ,2011-12-31,2011-12-31,2011-12-31,2021-08-19,240877000.0,2041478000.0,,1246767000.0,794711000.0,,10.665,-12311000.0,723233000.0,723233000.0,134023000.0,62872000.0,5.46,0.308,226450000.0,1450000.0,225000000.0,226450000.0,57595000.0,22994000.0,0.0,0.0,0.0,82931000.0,105925000.0,0.318,105925000.0,82931000.0,82931000.0,0.43,0.42,0.43,1561075000.0,,1561075000.0,3748018497.0,13.0,9.852,98322000.0,0.672,1.0,198715000.0,0.597,322754000.0,0.0,993584000.0,,184420000.0,0.0,0.0,0.0,480403000.0,228357000.0,252046000.0,4223986497.0,113170000.0,0.0,-103693000.0,92447000.0,0.0,-10306000.0,-15968000.0,-1562000.0,110633000.0,28811000.0,62872000.0,62872000.0,62872000.0,0.0,0.0,0.189,131461000.0,67254000.0,45763000.0,0.0,2.706,18.756,16.933,441000000.0,0.0,25.4,3.243,2.854,238764000.0,1225252000.0,332738000.0,332738000.0,27218000.0,,,,,6445000.0,100552000.0,1.0,166298681.0,146369000.0,149515000.0,2.273,1718724000.0,33100000.0,20059000.0,38309000.0,11.742,1018410000.0
39,RMD,MRQ,2011-09-30,2011-09-30,2011-09-30,2021-08-19,200211000.0,1935292000.0,,1142799000.0,792493000.0,,10.302,-12878000.0,610063000.0,610063000.0,129720000.0,50518000.0,5.063,0.249,134095000.0,4095000.0,130000000.0,134095000.0,58897000.0,20410000.0,0.0,0.0,0.0,66497000.0,86907000.0,0.276,86907000.0,66497000.0,66497000.0,0.34,0.33,0.34,1549018000.0,,1549018000.0,3727419192.0,13.0,10.053,76645000.0,0.51,1.0,185054000.0,0.588,331628000.0,0.0,901982000.0,,187950000.0,0.0,0.0,0.0,386274000.0,225714000.0,160560000.0,4362523192.0,-125204000.0,-51923000.0,-112343000.0,27544000.0,0.0,-83943000.0,-71685000.0,1802000.0,89523000.0,-59099000.0,50518000.0,50518000.0,50518000.0,0.0,0.0,0.16,124180000.0,60874000.0,46688000.0,0.0,2.816,19.758,19.855,432687000.0,0.0,28.79,3.419,3.393,251103000.0,1162380000.0,314774000.0,314774000.0,26206000.0,,,,,6349000.0,94203000.0,1.0,151529114.0,150366000.0,154051000.0,2.093,1603664000.0,35603000.0,15979000.0,43320000.0,10.665,917085000.0
40,RMD,MRQ,2011-06-30,2011-06-30,2011-06-30,2021-08-19,324432000.0,2068922000.0,,1292452000.0,776470000.0,,11.337,-17446000.0,735267000.0,735267000.0,143022000.0,58472000.0,6.189,0.195,100163000.0,163000.0,100000000.0,100163000.0,62362000.0,19508000.0,0.0,0.0,0.0,78967000.0,98475000.0,0.288,98475000.0,78967000.0,77209000.0,0.38,0.37,0.38,1730737000.0,,1730737000.0,4141248300.0,14.0,11.012,56882000.0,0.373,1.0,198871000.0,0.582,283398000.0,1758000.0,941580000.0,,200777000.0,0.0,0.0,0.0,338185000.0,208840000.0,129345000.0,4732717300.0,63563000.0,0.0,-42159000.0,19663000.0,0.0,-19552000.0,-15137000.0,3748000.0,74328000.0,23924000.0,58472000.0,58472000.0,58472000.0,0.0,0.0,0.171,132174000.0,66697000.0,55194000.0,0.0,2.735,20.85,20.772,462107000.0,0.0,30.95,3.807,3.796,274352000.0,1111862000.0,341893000.0,341893000.0,26975000.0,,,,,4669000.0,103329000.0,1.0,152914937.0,152663000.0,156712000.0,2.24,1785524000.0,42091000.0,18737000.0,16679000.0,11.696,1083612000.0
41,RMD,MRQ,2011-03-31,2011-03-31,2011-03-31,2021-08-19,282585000.0,1962159000.0,,1202658000.0,759501000.0,,10.854,-16044000.0,671704000.0,671704000.0,130755000.0,53350000.0,6.284,0.18,80235000.0,235000.0,80000000.0,80235000.0,58721000.0,18120000.0,0.0,0.0,0.0,71023000.0,89143000.0,0.285,89143000.0,71023000.0,71023000.0,0.35,0.34,0.35,1663390000.0,,1663390000.0,4047525460.0,13.0,11.008,65364000.0,0.427,1.0,182503000.0,0.583,280091000.0,0.0,899228000.0,,205000000.0,0.0,0.0,0.0,298769000.0,191371000.0,107398000.0,4599368460.0,55503000.0,-1300000.0,-38914000.0,14558000.0,0.0,-21340000.0,-14596000.0,3001000.0,81408000.0,10031000.0,53350000.0,53350000.0,53350000.0,0.0,0.0,0.17,118541000.0,63962000.0,52370000.0,0.0,2.765,20.748,20.69,447669000.0,0.0,30.0,3.856,3.854,251935000.0,1053390000.0,313258000.0,313258000.0,23319000.0,,,,,3677000.0,92549000.0,1.0,153312282.0,153251000.0,157616000.0,2.044,1682068000.0,39525000.0,17673000.0,17090000.0,10.976,1011287000.0
42,RMD,MRQ,2010-12-31,2010-12-31,2010-12-31,2021-08-19,253949000.0,1884211000.0,,1145254000.0,738957000.0,,10.568,-17786000.0,616201000.0,616201000.0,119987000.0,58456000.0,4.644,0.17,64358000.0,64358000.0,0.0,64358000.0,52016000.0,17346000.0,0.0,0.0,0.0,78921000.0,96267000.0,0.315,96267000.0,78921000.0,78921000.0,0.38,0.37,0.38,1610802000.0,,1610802000.0,4791074410.0,16.0,13.224,50525000.0,0.331,1.0,185999000.0,0.608,269847000.0,0.0,815929000.0,,214886000.0,0.0,0.0,0.0,273409000.0,246592000.0,26817000.0,5237278410.0,76197000.0,0.0,21262000.0,-29382000.0,0.0,-1967000.0,-15870000.0,5191000.0,68311000.0,25723000.0,58456000.0,58456000.0,58456000.0,0.0,0.0,0.191,116126000.0,69873000.0,44329000.0,0.0,3.251,24.117,24.394,441049000.0,0.0,34.64,4.522,4.559,235083000.0,1000040000.0,305986000.0,305986000.0,21972000.0,,,,,2000000.0,91581000.0,1.0,151191640.0,152420000.0,157593000.0,2.008,1614364000.0,32853000.0,20465000.0,20179000.0,10.592,898662000.0
43,RMD,MRQ,2010-09-30,2010-09-30,2010-09-30,2021-08-19,212336000.0,1792230000.0,,1068511000.0,723719000.0,,9.75,-15333000.0,540004000.0,540004000.0,108058000.0,56708000.0,3.732,0.214,93800000.0,93800000.0,0.0,93800000.0,50196000.0,15642000.0,0.0,0.0,0.0,76554000.0,92196000.0,0.327,92196000.0,76554000.0,76554000.0,0.37,0.36,0.37,1476845000.0,,1476845000.0,4599265648.0,16.0,13.331,43810000.0,0.289,1.0,173954000.0,0.617,272312000.0,0.0,787399000.0,,214208000.0,0.0,0.0,0.0,315385000.0,286315000.0,29070000.0,4966352648.0,51228000.0,-21150000.0,-8881000.0,-30000000.0,0.0,-36484000.0,-30908000.0,7039000.0,59143000.0,59477000.0,56708000.0,56708000.0,56708000.0,0.0,0.0,0.201,107560000.0,66394000.0,43071000.0,0.0,3.363,24.263,24.304,423940000.0,0.0,32.81,4.405,4.408,225836000.0,941584000.0,282012000.0,282012000.0,19739000.0,,,,,5953000.0,84791000.0,1.0,151367042.0,151474000.0,156752000.0,1.862,1519918000.0,46860000.0,19846000.0,43548000.0,10.034,782196000.0
44,RMD,MRQ,2010-06-30,2010-06-30,2010-06-30,2021-08-19,86375000.0,1626397000.0,,985341000.0,641056000.0,,8.488,-16322000.0,488776000.0,488776000.0,117055000.0,53166000.0,3.151,0.263,121689000.0,121689000.0,0.0,121689000.0,42262000.0,15473000.0,0.0,0.0,0.0,74595000.0,90068000.0,0.309,90068000.0,74595000.0,71928000.0,0.35,0.34,0.35,1287536000.0,,1287536000.0,4233620872.0,16.0,13.034,42640000.0,0.281,1.0,174517000.0,0.599,229550000.0,2667000.0,717088000.0,,185642000.0,0.0,0.0,0.0,338861000.0,312672000.0,26189000.0,4610859872.0,-32160000.0,170000.0,-24679000.0,-20000000.0,0.0,-39652000.0,-14299000.0,3161000.0,58962000.0,-37171000.0,53166000.0,53166000.0,53166000.0,0.0,0.0,0.182,105898000.0,68619000.0,57535000.0,0.0,3.581,24.257,24.131,387148000.0,0.0,30.405,4.221,4.2,226911000.0,884876000.0,291572000.0,291572000.0,19950000.0,,,,,2857000.0,83874000.0,1.0,151648080.0,151688000.0,157324000.0,1.922,1396847000.0,38471000.0,18762000.0,36492000.0,9.209,672669000.0
45,RMD,MRQ,2010-03-31,2010-03-31,2010-03-31,2021-08-19,168218000.0,1713494000.0,,1030358000.0,683136000.0,,8.83,-11940000.0,520936000.0,520936000.0,112076000.0,48834000.0,3.171,0.286,143697000.0,114231000.0,29466000.0,143697000.0,44536000.0,16116000.0,0.0,0.0,0.0,67658000.0,83774000.0,0.301,83774000.0,67658000.0,67658000.0,0.32,0.31,0.32,1332231000.0,,1332231000.0,4477000302.0,18.0,14.348,41602000.0,0.276,1.0,166583000.0,0.598,251490000.0,0.0,759785000.0,,197812000.0,3691000.0,3691000.0,0.0,381263000.0,324980000.0,56283000.0,4783307302.0,69505000.0,284000.0,16139000.0,-175000.0,0.0,18943000.0,-9407000.0,3142000.0,53542000.0,6427000.0,48834000.0,48834000.0,48834000.0,0.0,0.0,0.175,105404000.0,61179000.0,51856000.0,0.0,3.59,26.24,26.193,405098000.0,0.0,31.825,4.544,4.561,223670000.0,831710000.0,278659000.0,278659000.0,18279000.0,,,,,5059000.0,84133000.0,1.0,150300308.0,150876000.0,155660000.0,1.847,1462004000.0,73203000.0,18824000.0,54358000.0,9.69,705378000.0
46,RMD,MRQ,2009-12-31,2009-12-31,2009-12-31,2021-08-19,168731000.0,1621250000.0,,927633000.0,693617000.0,,8.37,-14515000.0,451431000.0,451431000.0,110929000.0,45983000.0,3.855,0.289,145124000.0,50525000.0,94599000.0,145124000.0,46450000.0,15880000.0,0.0,0.0,0.0,63097000.0,78977000.0,0.287,78977000.0,63097000.0,63097000.0,0.31,0.3,0.31,1257519000.0,,1257519000.0,3603601366.0,15.0,12.22,-2947000.0,-0.02,1.0,164205000.0,0.597,264580000.0,0.0,809744000.0,,182870000.0,3746000.0,3746000.0,0.0,363731000.0,240619000.0,123112000.0,3918036366.0,-26393000.0,-10660000.0,-7242000.0,-18263000.0,0.0,-22411000.0,-21209000.0,5223000.0,11568000.0,5659000.0,45983000.0,45983000.0,45983000.0,0.0,0.0,0.167,106283000.0,57922000.0,46617000.0,0.0,3.116,22.693,22.628,403208000.0,0.0,26.135,3.91,3.919,208947000.0,782876000.0,275134000.0,275134000.0,19059000.0,,,,,4195000.0,84094000.0,1.0,149915300.0,150246000.0,154068000.0,1.831,1356670000.0,72038000.0,17114000.0,43992000.0,9.03,687014000.0
47,RMD,MRQ,2009-09-30,2009-09-30,2009-09-30,2021-08-19,164889000.0,1620136000.0,,939810000.0,680326000.0,,7.978,-14078000.0,477824000.0,477824000.0,96814000.0,42102000.0,3.215,0.347,163389000.0,68296000.0,95093000.0,163389000.0,46070000.0,14094000.0,0.0,0.0,0.0,57906000.0,72000000.0,0.292,72000000.0,57906000.0,57906000.0,0.28,0.27,0.28,1202926000.0,,1202926000.0,3160705446.0,14.0,11.509,50063000.0,0.332,1.0,150178000.0,0.608,256617000.0,0.0,756788000.0,,175108000.0,4278000.0,4278000.0,0.0,417210000.0,292296000.0,124914000.0,3414619446.0,62174000.0,0.0,-20078000.0,0.0,0.0,-18009000.0,-13396000.0,2010000.0,64141000.0,29438000.0,42102000.0,42102000.0,42102000.0,0.0,0.0,0.17,97515000.0,52663000.0,47287000.0,0.0,2.839,21.272,21.121,397375000.0,0.0,22.6,3.595,3.588,208825000.0,736893000.0,246992000.0,246992000.0,17914000.0,,,,,4454000.0,76756000.0,1.0,151089356.0,150788000.0,153524000.0,1.638,1363519000.0,69321000.0,15804000.0,85167000.0,9.043,647514000.0
48,RMD,MRQ,2009-06-30,2009-06-30,2009-06-30,2021-08-19,105777000.0,1507968000.0,,853284000.0,654684000.0,,7.401,-25146000.0,415650000.0,415650000.0,95251000.0,45370000.0,3.171,0.352,161736000.0,67545000.0,94191000.0,161736000.0,44119000.0,14898000.0,0.0,0.0,0.0,62381000.0,77279000.0,0.307,77279000.0,62381000.0,62381000.0,0.305,0.295,0.305,1115192000.0,,1115192000.0,2901915790.0,14.0,11.351,45084000.0,0.299,1.0,156708000.0,0.622,248192000.0,0.0,736762000.0,,157431000.0,4254000.0,0.0,4254000.0,392776000.0,269100000.0,123676000.0,3069407790.0,88578000.0,-829000.0,-8017000.0,0.0,0.0,-7532000.0,-21662000.0,5516000.0,70230000.0,47542000.0,45370000.0,45370000.0,45370000.0,0.0,0.0,0.18,98809000.0,57899000.0,48293000.0,0.0,2.752,20.959,20.995,377613000.0,0.0,20.365,3.334,3.346,212096000.0,694791000.0,251959000.0,251959000.0,16967000.0,,,,,5946000.0,77586000.0,1.0,150719754.0,150682000.0,153320000.0,1.672,1259776000.0,65799000.0,17011000.0,71610000.0,8.36,584184000.0
49,RMD,MRQ,2009-03-31,2009-03-31,2009-03-31,2021-08-19,7883000.0,1325739000.0,,728062000.0,597677000.0,,6.412,-20922000.0,327072000.0,327072000.0,88922000.0,39198000.0,3.185,0.363,159580000.0,66565000.0,93015000.0,159580000.0,37479000.0,13046000.0,0.0,0.0,0.0,53594000.0,66640000.0,0.292,66640000.0,53594000.0,53594000.0,0.26,0.255,0.26,972318000.0,,972318000.0,2514056533.0,14.0,10.622,23326000.0,0.154,1.0,138943000.0,0.61,236153000.0,0.0,693529000.0,,147674000.0,4496000.0,0.0,4496000.0,353421000.0,228565000.0,124856000.0,2681638533.0,6587000.0,321000.0,-19446000.0,8614000.0,0.0,-8887000.0,-22631000.0,-564000.0,44248000.0,-6143000.0,39198000.0,39198000.0,39198000.0,0.0,0.0,0.172,86425000.0,52518000.0,51235000.0,0.0,2.758,20.516,20.428,334746000.0,0.0,17.67,2.967,2.964,195986000.0,649421000.0,227865000.0,227865000.0,13882000.0,,,,,4717000.0,70866000.0,1.0,151762226.0,151642000.0,154510000.0,1.503,1089586000.0,58604000.0,14396000.0,48001000.0,7.185,499497000.0
50,RMD,MRQ,2008-12-31,2008-12-31,2008-12-31,2021-08-19,25594000.0,1307128000.0,,706393000.0,600735000.0,,6.361,-27398000.0,320485000.0,320485000.0,91955000.0,33853000.0,3.159,0.357,152903000.0,67553000.0,85350000.0,152903000.0,36982000.0,11739000.0,0.0,0.0,0.0,46981000.0,58720000.0,0.263,58720000.0,46981000.0,46981000.0,0.225,0.22,0.225,963573000.0,,963573000.0,2679867275.0,16.0,11.739,29095000.0,0.192,1.0,131025000.0,0.588,247815000.0,0.0,668129000.0,,143064000.0,4044000.0,0.0,4044000.0,343555000.0,223602000.0,119953000.0,2836814275.0,18411000.0,-322000.0,1675000.0,15858000.0,0.0,17903000.0,-30069000.0,-556000.0,56493000.0,-25916000.0,33853000.0,33853000.0,33853000.0,0.0,0.0,0.152,87695000.0,43330000.0,54456000.0,0.0,2.944,23.407,23.572,328110000.0,0.0,18.74,3.195,3.197,185733000.0,610222000.0,222980000.0,222980000.0,14915000.0,,,,,6472000.0,70086000.0,1.0,151377496.0,151484000.0,154716000.0,1.472,1059313000.0,58201000.0,13128000.0,45272000.0,6.993,482791000.0
51,RMD,MRQ,2008-09-30,2008-09-30,2008-09-30,2021-08-19,78636000.0,1292697000.0,,686807000.0,605890000.0,,6.442,-34463000.0,302074000.0,302074000.0,90804000.0,28026000.0,3.903,0.327,145127000.0,36647000.0,108480000.0,145127000.0,38863000.0,14280000.0,0.0,0.0,0.0,38727000.0,53007000.0,0.243,53007000.0,38727000.0,38727000.0,0.185,0.18,0.185,974249000.0,,974249000.0,3065836643.0,19.0,13.795,33443000.0,0.221,1.0,127127000.0,0.583,252604000.0,0.0,707198000.0,,145595000.0,4460000.0,0.0,4460000.0,318448000.0,175948000.0,142500000.0,3249260643.0,-19004000.0,1441000.0,-17913000.0,17230000.0,0.0,387000.0,-34937000.0,-239000.0,67906000.0,-52360000.0,28026000.0,28026000.0,28026000.0,0.0,0.0,0.129,90563000.0,36564000.0,48480000.0,0.0,3.335,28.451,28.859,329131000.0,0.0,21.5,3.745,3.748,175831000.0,576369000.0,217931000.0,217931000.0,17293000.0,,,,,4510000.0,71337000.0,1.0,151128402.0,151226000.0,154360000.0,1.441,1040093000.0,64515000.0,10701000.0,34638000.0,6.878,510859000.0
52,RMD,MRQ,2008-06-30,2008-06-30,2008-06-30,2021-08-19,207769000.0,1406000000.0,,739240000.0,666760000.0,,7.026,-18194000.0,321078000.0,321078000.0,101067000.0,29634000.0,3.838,0.3,137654000.0,43865000.0,93789000.0,137654000.0,41806000.0,16673000.0,0.0,0.0,0.0,41633000.0,58306000.0,0.248,58306000.0,41633000.0,41633000.0,0.195,0.19,0.195,1081775000.0,,1081775000.0,2586148766.0,16.0,11.899,38658000.0,0.251,1.0,134084000.0,0.57,281418000.0,0.0,748565000.0,,158251000.0,4615000.0,0.0,4615000.0,324225000.0,192593000.0,131632000.0,2761433766.0,13584000.0,2541000.0,-44019000.0,5468000.0,0.0,-38065000.0,-14849000.0,2466000.0,56852000.0,9646000.0,29634000.0,29634000.0,29634000.0,0.0,0.0,0.126,97098000.0,36986000.0,56308000.0,0.0,2.553,25.035,24.993,357057000.0,0.0,17.87,3.306,3.31,192200000.0,548343000.0,235151000.0,235151000.0,17589000.0,,,,,4843000.0,77443000.0,1.0,154529030.0,153964000.0,157406000.0,1.527,1124582000.0,64632000.0,11999000.0,27119000.0,7.304,546647000.0
53,RMD,MRQ,2008-03-31,2008-03-31,2008-03-31,2021-08-19,184134000.0,1365782000.0,,719074000.0,646708000.0,,6.897,7420000.0,307494000.0,307494000.0,85269000.0,29684000.0,5.06,0.277,132209000.0,16237000.0,115972000.0,132209000.0,40975000.0,14695000.0,0.0,0.0,0.0,43563000.0,58258000.0,0.275,58258000.0,43563000.0,43563000.0,0.19,0.19,0.19,1069297000.0,,1069297000.0,3130798357.0,20.0,14.728,41354000.0,0.267,1.0,126558000.0,0.597,284516000.0,0.0,763874000.0,,169488000.0,5000000.0,0.0,5000000.0,296485000.0,142107000.0,154378000.0,3276672357.0,28991000.0,-855000.0,-20174000.0,-8000000.0,0.0,-27644000.0,11153000.0,6303000.0,33934000.0,11548000.0,29684000.0,29684000.0,29684000.0,0.0,0.0,0.14,89170000.0,37388000.0,35296000.0,0.0,3.064,30.244,30.345,335129000.0,0.0,21.09,4.14,4.131,179869000.0,518709000.0,211827000.0,211827000.0,15003000.0,,,,,5063000.0,70118000.0,1.0,155366162.0,155032000.0,157210000.0,1.366,1081266000.0,60737000.0,13879000.0,23599000.0,6.974,576967000.0
54,RMD,MRQ,2007-12-31,2007-12-31,2007-12-31,2021-08-19,145060000.0,1319379000.0,,689798000.0,629581000.0,,6.551,-21927000.0,278503000.0,278503000.0,81348000.0,26861000.0,4.241,0.3,132629000.0,26096000.0,106533000.0,132629000.0,36160000.0,13826000.0,0.0,0.0,0.0,38847000.0,52673000.0,0.26,52673000.0,38847000.0,38847000.0,0.175,0.17,0.175,1014751000.0,,1014751000.0,3925284515.0,43.0,26.962,-3005000.0,-0.019,1.0,121331000.0,0.599,268009000.0,0.0,742843000.0,,166402000.0,10000000.0,10000000.0,0.0,304628000.0,162653000.0,141975000.0,4060683515.0,27189000.0,0.0,147000.0,15000000.0,0.0,16887000.0,-7380000.0,16564000.0,18922000.0,-1240000.0,26861000.0,26861000.0,26861000.0,0.0,0.0,0.133,84498000.0,36833000.0,43866000.0,0.0,4.002,64.156,64.852,337066000.0,0.0,26.265,5.324,5.334,170773000.0,489025000.0,202679000.0,202679000.0,14919000.0,,,,,3533000.0,67644000.0,1.0,154604360.0,154890000.0,157198000.0,1.309,1051370000.0,61437000.0,11986000.0,27436000.0,6.788,527145000.0
55,RMD,MRQ,2007-09-30,2007-09-30,2007-09-30,2021-08-19,146633000.0,1287843000.0,,672702000.0,615141000.0,,6.33,-18367000.0,251314000.0,251314000.0,73963000.0,24125000.0,3.714,0.311,115915000.0,25375000.0,90540000.0,115915000.0,34493000.0,14291000.0,0.0,0.0,0.0,33812000.0,48103000.0,0.259,48103000.0,33812000.0,33812000.0,0.155,0.155,0.155,981985000.0,,981985000.0,3179989536.0,33.0,21.609,9761000.0,0.063,1.0,111777000.0,0.602,263900000.0,0.0,707403000.0,,167072000.0,26450000.0,26450000.0,0.0,305858000.0,181141000.0,124717000.0,3321783536.0,-6478000.0,0.0,-10884000.0,-5108000.0,0.0,-14935000.0,-26777000.0,-6932000.0,28128000.0,7106000.0,24125000.0,24125000.0,24125000.0,0.0,0.0,0.13,80013000.0,31764000.0,48150000.0,0.0,3.383,50.77,51.036,328079000.0,0.0,21.435,4.498,4.503,166416000.0,462165000.0,185740000.0,185740000.0,13013000.0,,,,,3489000.0,62882000.0,1.0,154970074.0,155138000.0,157882000.0,1.197,1023943000.0,58916000.0,9687000.0,28387000.0,6.6,491561000.0
56,RMD,MRQ,2007-06-30,2007-06-30,2007-06-30,2021-08-19,115753000.0,1252042000.0,,668799000.0,583243000.0,,6.004,-17429000.0,257792000.0,257792000.0,74103000.0,27673000.0,3.304,0.345,115998000.0,28350000.0,87648000.0,115998000.0,31337000.0,13102000.0,0.0,0.0,0.0,40442000.0,53544000.0,0.28,53544000.0,40442000.0,40442000.0,0.175,0.18,0.175,931222000.0,,931222000.0,3086126112.0,31.0,21.149,9677000.0,0.062,1.0,117206000.0,0.613,253353000.0,0.0,654492000.0,,157204000.0,19950000.0,19950000.0,0.0,320820000.0,202403000.0,118417000.0,3211661112.0,17686000.0,0.0,3490000.0,-59000.0,0.0,4539000.0,-19314000.0,-559000.0,27106000.0,5355000.0,27673000.0,27673000.0,27673000.0,0.0,0.0,0.145,81158000.0,36048000.0,53039000.0,0.0,3.449,48.44,47.977,310580000.0,0.0,20.63,4.483,4.418,167821000.0,436954000.0,191309000.0,191309000.0,14164000.0,,,,,3427000.0,65211000.0,1.0,155679162.0,155104000.0,156836000.0,1.233,998689000.0,59267000.0,12769000.0,22122000.0,6.439,466396000.0
57,RMD,MRQ,2007-03-31,2007-03-31,2007-03-31,2021-08-19,94020000.0,1191806000.0,,638597000.0,553209000.0,,5.663,-15030000.0,240106000.0,240106000.0,128758000.0,-15365000.0,3.176,0.366,114571000.0,18683000.0,95888000.0,114571000.0,30656000.0,12220000.0,0.0,0.0,0.0,-20953000.0,-8733000.0,-0.048,-8733000.0,-20953000.0,-20953000.0,-0.1,-0.1,-0.1,872504000.0,,872504000.0,3769418147.0,39.0,26.488,5275000.0,0.034,1.0,54232000.0,0.296,251354000.0,0.0,613874000.0,,156915000.0,19950000.0,19950000.0,0.0,319302000.0,201043000.0,118259000.0,3868538147.0,7438000.0,-1332000.0,14821000.0,-20000000.0,0.0,-1259000.0,-15118000.0,1931000.0,20305000.0,3510000.0,-15365000.0,-15365000.0,-15365000.0,0.0,0.0,-0.084,76124000.0,-21892000.0,44109000.0,0.0,4.434,62.677,61.427,292706000.0,0.0,25.185,5.557,5.574,153063000.0,409281000.0,182990000.0,182990000.0,13059000.0,,,,,811000.0,61335000.0,1.0,153604850.0,154070000.0,154070000.0,1.188,940452000.0,52148000.0,-5588000.0,19667000.0,6.104,437554000.0
58,RMD,MRQ,2006-12-31,2006-12-31,2006-12-31,2021-08-19,80656000.0,1132342000.0,,590908000.0,541434000.0,,5.571,-16951000.0,232668000.0,232668000.0,66670000.0,28995000.0,3.61,0.331,133548000.0,38424000.0,95124000.0,133548000.0,29731000.0,12000000.0,0.0,0.0,0.0,42245000.0,54245000.0,0.304,54245000.0,42245000.0,42245000.0,0.19,0.185,0.19,850820000.0,,850820000.0,3661833005.0,24.0,18.325,612000.0,0.004,1.0,111758000.0,0.626,250311000.0,0.0,619240000.0,,141876000.0,21950000.0,21950000.0,0.0,281522000.0,163671000.0,117851000.0,3742679005.0,31513000.0,-257000.0,13503000.0,9589000.0,0.0,28916000.0,-20773000.0,-2313000.0,17563000.0,5807000.0,28995000.0,28995000.0,28995000.0,0.0,0.0,0.163,71066000.0,40692000.0,45485000.0,0.0,4.399,36.179,35.667,282283000.0,0.0,24.61,5.541,5.564,143596000.0,424646000.0,178428000.0,178428000.0,12028000.0,,,,,-1209000.0,57336000.0,1.0,152079602.0,152716000.0,156284000.0,1.168,882031000.0,35492000.0,13250000.0,26395000.0,5.776,427237000.0
59,RMD,MRQ,2006-09-30,2006-09-30,2006-09-30,2021-08-19,54060000.0,1031008000.0,,517949000.0,513059000.0,,5.082,-28146000.0,201155000.0,201155000.0,62309000.0,24999000.0,4.271,0.336,120309000.0,4825000.0,115484000.0,120309000.0,26648000.0,10626000.0,0.0,0.0,0.0,36239000.0,46865000.0,0.286,46865000.0,36239000.0,36239000.0,0.165,0.16,0.165,771460000.0,,771460000.0,2957818434.0,20.0,15.75,-2014000.0,-0.013,1.0,101296000.0,0.619,240914000.0,0.0,587987000.0,,122965000.0,20000000.0,20000000.0,0.0,259548000.0,121261000.0,138287000.0,3056281434.0,-18389000.0,-323000.0,4354000.0,0.0,0.0,5900000.0,-50212000.0,-20631000.0,26132000.0,-209000.0,24999000.0,24999000.0,24999000.0,0.0,0.0,0.153,65980000.0,35316000.0,35180000.0,0.0,3.962,31.584,30.725,265078000.0,0.0,20.125,4.75,4.747,129912000.0,395651000.0,163605000.0,163605000.0,10855000.0,,,,,2078000.0,53444000.0,1.0,151864916.0,151794000.0,156112000.0,1.078,790094000.0,32443000.0,11240000.0,37203000.0,5.205,396688000.0
60,RMD,MRQ,2006-06-30,2006-06-30,2006-06-30,2021-08-19,55134000.0,1012921000.0,,510719000.0,502202000.0,,4.888,-23614000.0,219544000.0,219544000.0,66988000.0,23093000.0,3.946,0.372,121081000.0,4869000.0,116212000.0,121081000.0,26828000.0,11071000.0,0.0,0.0,0.0,38861000.0,49932000.0,0.292,49932000.0,38861000.0,38861000.0,0.155,0.145,0.155,738148000.0,,738148000.0,3470664232.0,26.0,19.905,11696000.0,0.077,1.0,104184000.0,0.609,244509000.0,0.0,540514000.0,,116194000.0,0.0,0.0,0.0,274773000.0,129435000.0,145338000.0,3540351232.0,53383000.0,-158000.0,7660000.0,20820000.0,0.0,36060000.0,-22792000.0,2143000.0,35310000.0,4805000.0,23093000.0,23093000.0,23093000.0,0.0,0.0,0.135,66417000.0,37767000.0,45045000.0,0.0,4.796,40.135,38.484,245376000.0,0.0,23.475,5.833,5.593,138147000.0,370652000.0,171172000.0,171172000.0,11061000.0,,,,,-3655000.0,53690000.0,1.0,150813684.0,151004000.0,155764000.0,1.134,768412000.0,32336000.0,15768000.0,40918000.0,5.089,381284000.0
61,RMD,MRQ,2006-03-31,2006-03-31,2006-03-31,2021-08-19,33078000.0,899120000.0,,432623000.0,466497000.0,,4.647,-15975000.0,166161000.0,166161000.0,61414000.0,26362000.0,3.914,0.333,96474000.0,2191000.0,94283000.0,96474000.0,24622000.0,10663000.0,0.0,0.0,0.0,38118000.0,48781000.0,0.301,48781000.0,38118000.0,38118000.0,0.18,0.17,0.18,674335000.0,,674335000.0,3204008919.0,27.0,20.495,16856000.0,0.116,1.0,100866000.0,0.622,236651000.0,0.0,482255000.0,,108744000.0,2002000.0,2002000.0,0.0,224785000.0,110527000.0,114258000.0,3140709919.0,25879000.0,-1271000.0,8947000.0,5001000.0,0.0,14192000.0,-18921000.0,-441000.0,32831000.0,-2223000.0,26362000.0,26362000.0,26362000.0,0.0,0.0,0.162,64121000.0,36745000.0,35290000.0,0.0,4.657,38.92,39.268,222918000.0,0.0,21.99,5.596,5.685,127179000.0,347559000.0,162280000.0,162280000.0,9143000.0,,,,,3423000.0,52903000.0,1.0,142824462.0,145098000.0,154806000.0,1.118,662469000.0,18861000.0,11756000.0,30060000.0,4.566,322096000.0
62,RMD,MRQ,2005-12-31,2005-12-31,2005-12-31,2021-08-19,37261000.0,860049000.0,,401206000.0,458843000.0,,3.702,-23587000.0,140282000.0,140282000.0,54690000.0,22314000.0,1.565,0.638,203581000.0,145392000.0,58189000.0,203581000.0,24287000.0,9669000.0,0.0,0.0,0.0,32547000.0,42216000.0,0.288,42216000.0,32547000.0,32547000.0,0.155,0.15,0.155,525097000.0,,525097000.0,2761013539.0,26.0,19.509,-8640000.0,-0.061,1.0,91726000.0,0.626,233421000.0,0.0,433575000.0,,107523000.0,2498000.0,2498000.0,0.0,334952000.0,256352000.0,78600000.0,2706241539.0,10553000.0,-6614000.0,8861000.0,18273000.0,0.0,27603000.0,-30160000.0,1025000.0,14947000.0,-1837000.0,22314000.0,22314000.0,22314000.0,0.0,0.0,0.152,59450000.0,32276000.0,37501000.0,0.0,5.154,37.477,37.559,217460000.0,0.0,19.155,5.333,5.355,115367000.0,321197000.0,146416000.0,146416000.0,8588000.0,,,,,3853000.0,48894000.0,1.0,141281208.0,141844000.0,154366000.0,1.032,626628000.0,20998000.0,10233000.0,29222000.0,4.418,144854000.0
63,RMD,MRQ,2005-09-30,2005-09-30,2005-09-30,2021-08-19,51546000.0,816498000.0,,370619000.0,445879000.0,,3.592,-39573000.0,129729000.0,129729000.0,47008000.0,16442000.0,1.609,0.616,184501000.0,125887000.0,58614000.0,184501000.0,23809000.0,9567000.0,0.0,0.0,0.0,23867000.0,33434000.0,0.263,33434000.0,23867000.0,23867000.0,0.115,0.115,0.115,505403000.0,,505403000.0,2834811186.0,28.0,21.466,-23633000.0,-0.168,1.0,80119000.0,0.63,230806000.0,0.0,410162000.0,,100883000.0,4499000.0,4499000.0,0.0,311095000.0,230302000.0,80793000.0,2802627186.0,-12456000.0,-2483000.0,8921000.0,9531000.0,0.0,19912000.0,-48001000.0,-5111000.0,15940000.0,-307000.0,16442000.0,16442000.0,16442000.0,0.0,0.0,0.129,55606000.0,24513000.0,32187000.0,0.0,5.545,41.643,41.057,205759000.0,0.0,19.913,6.028,6.027,102991000.0,298883000.0,127127000.0,127127000.0,8425000.0,,,,,1931000.0,44680000.0,1.0,140747128.0,140704000.0,152554000.0,0.904,585692000.0,19991000.0,7425000.0,33156000.0,4.163,140317000.0
64,RMD,MRQ,2005-06-30,2005-06-30,2005-06-30,2021-08-19,52884000.0,774146000.0,,360210000.0,413936000.0,,3.395,-13538000.0,142185000.0,142185000.0,45649000.0,15578000.0,1.648,0.633,174369000.0,115435000.0,58934000.0,174369000.0,23228000.0,8766000.0,0.0,0.0,0.0,23131000.0,31897000.0,0.254,31897000.0,23131000.0,23131000.0,0.11,0.11,0.11,474065000.0,,474065000.0,2279947711.0,24.0,18.252,7745000.0,0.055,1.0,79776000.0,0.636,230477000.0,0.0,357302000.0,,89107000.0,0.0,0.0,0.0,300081000.0,218551000.0,81530000.0,2303397711.0,5485000.0,-39921000.0,7525000.0,-3264000.0,0.0,4261000.0,-16727000.0,37479000.0,21283000.0,-3332000.0,15578000.0,15578000.0,15578000.0,0.0,0.0,0.124,56019000.0,23757000.0,34416000.0,0.0,4.859,35.554,35.101,174168000.0,0.0,16.497,5.413,5.323,103951000.0,282441000.0,125425000.0,125425000.0,8113000.0,,,,,0.0,41121000.0,1.0,139621016.0,139620000.0,151642000.0,0.898,543669000.0,15230000.0,7553000.0,33654000.0,3.894,141659000.0
65,RMD,MRQ,2005-03-31,2005-03-31,2005-03-31,2021-08-19,67539000.0,674302000.0,,363497000.0,310805000.0,,3.364,-10195000.0,136700000.0,136700000.0,38159000.0,17877000.0,4.218,0.453,113250000.0,0.0,113250000.0,113250000.0,22593000.0,7281000.0,0.0,0.0,0.0,26696000.0,33977000.0,0.313,33977000.0,26696000.0,26696000.0,0.13,0.125,0.13,464003000.0,,464003000.0,1901556628.0,20.0,15.625,671000.0,0.005,1.0,70295000.0,0.648,131190000.0,0.0,433476000.0,,75459000.0,37949000.0,37949000.0,0.0,210299000.0,86186000.0,124113000.0,1931374628.0,-6368000.0,-8676000.0,21723000.0,0.0,0.0,21723000.0,-36652000.0,-16993000.0,10866000.0,-2305000.0,17877000.0,17877000.0,17877000.0,0.0,0.0,0.165,43268000.0,27027000.0,23261000.0,0.0,4.162,29.685,29.253,170013000.0,0.0,14.1,4.915,4.949,89109000.0,266863000.0,108454000.0,108454000.0,7240000.0,,,,,0.0,34449000.0,1.0,136976924.0,137928000.0,150980000.0,0.786,543112000.0,15859000.0,8819000.0,19459000.0,3.938,277311000.0
66,RMD,MRQ,2004-12-31,2004-12-31,2004-12-31,2021-08-19,76631000.0,624491000.0,,323246000.0,301245000.0,,3.142,-8504000.0,143068000.0,143068000.0,35515000.0,17404000.0,4.41,0.461,113250000.0,0.0,113250000.0,113250000.0,21877000.0,6624000.0,0.0,0.0,0.0,26129000.0,32753000.0,0.315,32753000.0,26129000.0,26129000.0,0.13,0.125,0.13,427399000.0,,427399000.0,1701800270.0,18.0,14.857,13808000.0,0.101,1.0,68378000.0,0.658,125335000.0,0.0,396036000.0,,64854000.0,21976000.0,21976000.0,0.0,197092000.0,73302000.0,123790000.0,1730170270.0,1448000.0,-5828000.0,6410000.0,0.0,0.0,6410000.0,-34340000.0,-19432000.0,22312000.0,7066000.0,17404000.0,17404000.0,17404000.0,0.0,0.0,0.168,42769000.0,25609000.0,17820000.0,0.0,4.048,27.81,27.473,166399000.0,0.0,12.775,4.604,4.625,76861000.0,248986000.0,103893000.0,103893000.0,7842000.0,,,,,0.0,33469000.0,1.0,135434072.0,136048000.0,148410000.0,0.764,499156000.0,9238000.0,8725000.0,14895000.0,3.669,249944000.0
67,RMD,MRQ,2004-09-30,2004-09-30,2004-09-30,2021-08-19,51332000.0,565104000.0,,289568000.0,275536000.0,,2.791,-7454000.0,141620000.0,141620000.0,31322000.0,13926000.0,4.504,0.494,113250000.0,0.0,113250000.0,113250000.0,18596000.0,5621000.0,0.0,0.0,0.0,20670000.0,26291000.0,0.3,26291000.0,20670000.0,20670000.0,0.105,0.1,0.105,378286000.0,,378286000.0,1594767390.0,18.0,14.905,9164000.0,0.068,1.0,56411000.0,0.643,112794000.0,0.0,359643000.0,,61142000.0,2744000.0,2744000.0,0.0,186818000.0,64297000.0,122521000.0,1610424390.0,12713000.0,0.0,-7198000.0,0.0,0.0,-7198000.0,941000.0,9103000.0,16618000.0,2352000.0,13926000.0,13926000.0,13926000.0,0.0,0.0,0.159,35451000.0,20960000.0,17945000.0,0.0,4.257,27.313,27.051,154130000.0,0.0,11.902,4.547,4.555,68752000.0,231582000.0,87733000.0,87733000.0,6819000.0,,,,,0.0,26664000.0,1.0,135301356.0,135552000.0,141030000.0,0.647,452310000.0,8536000.0,6744000.0,10382000.0,3.337,225271000.0
68,RMD,MRQ,2004-06-30,2004-06-30,2004-06-30,2021-08-19,41273000.0,549151000.0,,282821000.0,266330000.0,,2.672,-11247000.0,128907000.0,128907000.0,33287000.0,15855000.0,4.668,0.519,113250000.0,0.0,113250000.0,113250000.0,17578000.0,5094000.0,0.0,0.0,0.0,23587000.0,28681000.0,0.309,28681000.0,23587000.0,23587000.0,0.117,0.115,0.117,361499000.0,,361499000.0,1721551745.0,20.0,16.79,12086000.0,0.089,1.0,59604000.0,0.642,110889000.0,0.0,362014000.0,,55797000.0,12021000.0,12021000.0,0.0,187652000.0,60591000.0,127061000.0,1722869745.0,14339000.0,0.0,5407000.0,0.0,0.0,5407000.0,-11151000.0,750000.0,23333000.0,-3250000.0,15855000.0,15855000.0,15855000.0,0.0,0.0,0.171,35081000.0,24523000.0,18574000.0,0.0,4.766,30.076,29.976,147268000.0,0.0,12.74,5.077,5.06,67242000.0,217656000.0,92891000.0,92891000.0,6528000.0,,,,,5105000.0,28553000.0,1.0,135233104.0,135300000.0,141252000.0,0.687,438262000.0,12033000.0,7732000.0,13462000.0,3.239,222230000.0
69,RMD,MRQ,2004-03-31,2004-03-31,2004-03-31,2021-08-19,58467000.0,541442000.0,,267757000.0,273685000.0,,2.618,-18964000.0,114568000.0,114568000.0,33727000.0,15029000.0,4.031,0.537,113250000.0,0.0,113250000.0,113250000.0,17035000.0,4552000.0,0.0,0.0,0.0,22265000.0,26817000.0,0.294,26817000.0,22265000.0,22265000.0,0.113,0.107,0.113,352326000.0,,352326000.0,1524524075.0,19.0,15.651,8247000.0,0.061,1.0,57550000.0,0.63,111752000.0,0.0,361948000.0,,57454000.0,12934000.0,12934000.0,0.0,189116000.0,66424000.0,122692000.0,1518736075.0,7106000.0,0.0,3293000.0,0.0,0.0,3293000.0,-23044000.0,-3700000.0,27211000.0,-354000.0,15029000.0,15029000.0,15029000.0,0.0,0.0,0.165,35059000.0,22491000.0,18705000.0,0.0,4.311,27.637,27.758,150572000.0,0.0,11.297,4.642,4.647,65934000.0,201801000.0,91277000.0,91277000.0,6858000.0,,,,,0.0,28201000.0,1.0,134431164.0,134556000.0,140220000.0,0.678,429690000.0,9354000.0,7236000.0,14636000.0,3.193,201333000.0
70,RMD,MRQ,2003-12-31,2003-12-31,2003-12-31,2021-08-19,57134000.0,506479000.0,,248104000.0,258375000.0,,2.471,-16008000.0,107462000.0,107462000.0,29868000.0,14151000.0,4.893,0.522,113250000.0,0.0,113250000.0,113250000.0,16561000.0,4301000.0,0.0,0.0,0.0,20908000.0,25209000.0,0.306,25209000.0,20908000.0,20908000.0,0.105,0.1,0.105,332671000.0,,332671000.0,1416043451.0,18.0,15.426,-2579000.0,-0.019,1.0,52424000.0,0.637,112981000.0,0.0,348580000.0,,56864000.0,9698000.0,9698000.0,0.0,173808000.0,50706000.0,123102000.0,1407470451.0,2785000.0,0.0,-15985000.0,0.0,0.0,-15985000.0,-771000.0,16281000.0,13429000.0,6112000.0,14151000.0,14151000.0,14151000.0,0.0,0.0,0.172,33031000.0,19393000.0,14479000.0,0.0,4.231,26.976,26.835,134171000.0,0.0,10.385,4.617,4.587,58165000.0,186772000.0,82292000.0,82292000.0,6766000.0,,,,,0.0,25765000.0,1.0,135529172.0,134652000.0,140176000.0,0.611,393498000.0,9172000.0,6757000.0,6333000.0,2.922,197398000.0
71,RMD,MRQ,2003-09-30,2003-09-30,2003-09-30,2021-08-19,33864000.0,486634000.0,,259701000.0,226933000.0,,2.312,-11027000.0,104677000.0,104677000.0,25720000.0,12249000.0,4.948,0.564,113250000.0,0.0,113250000.0,113250000.0,15032000.0,3920000.0,0.0,0.0,0.0,17908000.0,21828000.0,0.3,21828000.0,17908000.0,17908000.0,0.09,0.087,0.09,311235000.0,,311235000.0,1485980743.0,21.0,17.52,1541000.0,0.011,1.0,47158000.0,0.647,106866000.0,0.0,335859000.0,,55973000.0,27102000.0,27102000.0,0.0,175399000.0,52482000.0,122917000.0,1487221743.0,-9814000.0,-184000.0,8599000.0,0.0,0.0,8599000.0,-31871000.0,-20380000.0,12568000.0,890000.0,12249000.0,12249000.0,12249000.0,0.0,0.0,0.168,28204000.0,18954000.0,17411000.0,0.0,4.778,30.723,30.542,113482000.0,0.0,10.995,5.166,5.141,55963000.0,172621000.0,72878000.0,72878000.0,6017000.0,,,,,0.0,22187000.0,1.0,135263460.0,134596000.0,140356000.0,0.541,379768000.0,9354000.0,5659000.0,5698000.0,2.822,207219000.0
72,RMD,MRQ,2003-06-30,2003-06-30,2003-06-30,2021-08-19,29910000.0,459595000.0,,241905000.0,217690000.0,,2.152,-9107000.0,114491000.0,114491000.0,30331000.0,13524000.0,4.782,0.605,113250000.0,0.0,113250000.0,113250000.0,13565000.0,3634000.0,0.0,0.0,0.0,19919000.0,23553000.0,0.292,23553000.0,19919000.0,19919000.0,0.1,0.098,0.1,286433000.0,,286433000.0,1322013526.0,20.0,16.585,13040000.0,0.098,1.0,50364000.0,0.624,105905000.0,0.0,301866000.0,,49386000.0,6533000.0,6533000.0,0.0,173162000.0,50583000.0,122579000.0,1302478526.0,20776000.0,0.0,4468000.0,0.0,0.0,-2271000.0,-5138000.0,4503000.0,22147000.0,6038000.0,13524000.0,13524000.0,13524000.0,0.0,0.0,0.168,31813000.0,18551000.0,19368000.0,0.0,4.547,28.483,28.406,104687000.0,0.0,9.8,4.761,4.736,56694000.0,160372000.0,80695000.0,80695000.0,6235000.0,,,,,4250000.0,25578000.0,1.0,132905972.0,133104000.0,138908000.0,0.606,353690000.0,8301000.0,6395000.0,3408000.0,2.657,191322000.0
73,RMD,MRQ,2003-03-31,2003-03-31,2003-03-31,2021-08-19,10387000.0,420263000.0,,220067000.0,200196000.0,,1.85,-5911000.0,93715000.0,93715000.0,25809000.0,12250000.0,4.159,0.718,113250000.0,0.0,113250000.0,113250000.0,12711000.0,3197000.0,0.0,0.0,0.0,18007000.0,21204000.0,0.307,21204000.0,18007000.0,18007000.0,0.092,0.087,0.092,244668000.0,,244668000.0,1088042175.0,18.0,14.801,11058000.0,0.084,1.0,43187000.0,0.626,101776000.0,0.0,285108000.0,,49305000.0,9586000.0,9586000.0,0.0,175595000.0,52914000.0,122681000.0,1057260175.0,11247000.0,0.0,1209000.0,0.0,0.0,1209000.0,-10255000.0,-4091000.0,16969000.0,3324000.0,12250000.0,12250000.0,12250000.0,0.0,0.0,0.178,26081000.0,17106000.0,16027000.0,0.0,4.321,25.164,25.142,92199000.0,0.0,7.995,4.244,4.245,52636000.0,146848000.0,68996000.0,68996000.0,5068000.0,,,,,0.0,21013000.0,1.0,132240172.0,132260000.0,138256000.0,0.522,318487000.0,9357000.0,5757000.0,6111000.0,2.408,167153000.0
74,RMD,MRQ,2002-12-31,2002-12-31,2002-12-31,2021-08-19,-2004000.0,387138000.0,,196776000.0,190362000.0,,1.658,-5821000.0,82468000.0,82468000.0,23454000.0,10384000.0,4.3,0.769,113250000.0,0.0,113250000.0,113250000.0,11643000.0,3027000.0,0.0,0.0,0.0,15202000.0,18229000.0,0.279,18229000.0,15202000.0,15202000.0,0.077,0.075,0.077,218818000.0,,218818000.0,1051913169.0,18.0,15.037,6297000.0,0.048,1.0,41839000.0,0.641,99093000.0,0.0,273063000.0,,45422000.0,4114000.0,4114000.0,0.0,168320000.0,45764000.0,122556000.0,1007233169.0,8898000.0,0.0,142000.0,-4687000.0,0.0,-10415000.0,4944000.0,11233000.0,12118000.0,2251000.0,10384000.0,10384000.0,10384000.0,0.0,0.0,0.159,25767000.0,16072000.0,12454000.0,0.0,4.603,25.091,25.057,85066000.0,0.0,7.643,4.325,4.331,49243000.0,134598000.0,65293000.0,65293000.0,4836000.0,,,,,0.0,20931000.0,1.0,131793676.0,131976000.0,137384000.0,0.495,288045000.0,9844000.0,4818000.0,4924000.0,2.183,151012000.0
75,RMD,MRQ,2002-09-30,2002-09-30,2002-09-30,2021-08-19,-11324000.0,376615000.0,,194954000.0,181661000.0,,1.513,-4796000.0,73570000.0,73570000.0,20889000.0,9571000.0,4.011,0.893,118250000.0,0.0,118250000.0,118250000.0,9594000.0,2725000.0,0.0,0.0,0.0,13999000.0,16724000.0,0.285,16724000.0,13999000.0,13999000.0,0.072,0.07,0.072,198972000.0,,198972000.0,991690331.0,18.0,14.915,3254000.0,0.025,1.0,37697000.0,0.643,95228000.0,0.0,277458000.0,,45086000.0,15633000.0,15633000.0,0.0,177643000.0,48609000.0,129034000.0,941300331.0,710000.0,-300000.0,-330000.0,-4530000.0,0.0,-4860000.0,-1434000.0,3967000.0,8050000.0,-1046000.0,9571000.0,9571000.0,9571000.0,0.0,0.0,0.163,22186000.0,15511000.0,12022000.0,0.0,4.731,24.425,24.237,80078000.0,0.0,7.15,4.347,4.343,46696000.0,124214000.0,58586000.0,58586000.0,4395000.0,,,,,0.0,17791000.0,1.0,131650396.0,131528000.0,136484000.0,0.445,281387000.0,10215000.0,4428000.0,5786000.0,2.139,146345000.0
76,RMD,MRQ,2002-06-30,2002-06-30,2002-06-30,2021-08-19,-8125000.0,376191000.0,,193713000.0,182478000.0,,1.474,-12366000.0,72860000.0,72860000.0,19439000.0,9810000.0,3.805,0.95,123250000.0,0.0,123250000.0,123250000.0,9038000.0,2965000.0,0.0,0.0,0.0,14389000.0,17354000.0,0.309,17354000.0,14389000.0,14389000.0,0.075,0.073,0.075,192930000.0,,192930000.0,1038618986.0,19.0,16.087,-3911000.0,-0.03,1.0,36808000.0,0.654,95189000.0,0.0,280488000.0,,41173000.0,19979000.0,19979000.0,0.0,183261000.0,50904000.0,132357000.0,948846986.0,16632000.0,-7327000.0,-7397000.0,-21541000.0,0.0,-28938000.0,33771000.0,54209000.0,8455000.0,3344000.0,9810000.0,9810000.0,9810000.0,0.0,0.0,0.174,24853000.0,11955000.0,11605000.0,0.0,4.918,25.299,25.171,79279000.0,0.0,7.35,4.649,4.635,46199000.0,114643000.0,56247000.0,56247000.0,4490000.0,,,,,6919000.0,19014000.0,1.0,129094828.0,130880000.0,136068000.0,0.43,281002000.0,9289000.0,4579000.0,6905000.0,2.147,142809000.0
77,RMD,MRQ,2002-03-31,2002-03-31,2002-03-31,2021-08-19,-25221000.0,341141000.0,,210531000.0,130610000.0,,1.1,-6366000.0,56228000.0,56228000.0,19005000.0,10379000.0,4.414,1.407,146000000.0,0.0,146000000.0,146000000.0,5730000.0,2546000.0,0.0,0.0,0.0,15100000.0,17646000.0,0.334,17646000.0,15100000.0,15100000.0,0.08,0.077,0.08,141718000.0,,141718000.0,1406670924.0,27.0,22.449,5200000.0,0.04,1.0,33771000.0,0.64,57265000.0,0.0,325955000.0,,33680000.0,56823000.0,56823000.0,0.0,199423000.0,47693000.0,151730000.0,1290717924.0,-7819000.0,0.0,1091000.0,-29935000.0,0.0,-28844000.0,8337000.0,15051000.0,11566000.0,1122000.0,10379000.0,10379000.0,10379000.0,0.0,0.0,0.197,21200000.0,12571000.0,12371000.0,0.0,9.108,35.811,35.83,65542000.0,0.0,10.033,6.624,6.635,43966000.0,104833000.0,52776000.0,52776000.0,3792000.0,,,,,0.0,16408000.0,1.0,128653668.0,128868000.0,135696000.0,0.41,283876000.0,4397000.0,4721000.0,8825000.0,2.203,162838000.0
78,RMD,MRQ,2001-12-31,2001-12-31,2001-12-31,2021-08-19,-27405000.0,351424000.0,,225793000.0,125631000.0,,0.999,-6799000.0,64047000.0,64047000.0,17087000.0,8779000.0,6.032,1.744,180000000.0,0.0,180000000.0,180000000.0,5926000.0,2233000.0,0.0,0.0,0.0,12534000.0,14767000.0,0.302,14767000.0,12534000.0,12534000.0,0.068,0.065,0.068,128064000.0,,128064000.0,1840503386.0,58.0,44.754,-2408000.0,-0.019,1.0,31837000.0,0.651,57355000.0,0.0,372588000.0,,33479000.0,72804000.0,72804000.0,0.0,223360000.0,37434000.0,185926000.0,1720947386.0,3603000.0,-6544000.0,2895000.0,0.0,0.0,2895000.0,-4564000.0,9012000.0,4391000.0,881000.0,8779000.0,8779000.0,8779000.0,0.0,0.0,0.179,18391000.0,13446000.0,6768000.0,0.0,13.438,111.251,114.237,60370000.0,0.0,13.48,9.314,9.351,36820000.0,94454000.0,48924000.0,48924000.0,3617000.0,,,,,0.0,14774000.0,1.0,127666720.0,128172000.0,137172000.0,0.382,294069000.0,5222000.0,3755000.0,7965000.0,2.294,188359000.0
79,RMD,MRQ,2001-09-30,2001-09-30,2001-09-30,2021-08-19,-27170000.0,341470000.0,,226297000.0,115173000.0,,0.919,-2654000.0,60444000.0,60444000.0,15296000.0,8538000.0,5.71,1.928,180000000.0,0.0,180000000.0,180000000.0,5211000.0,2228000.0,0.0,0.0,0.0,12569000.0,14797000.0,0.321,14797000.0,12569000.0,12569000.0,0.068,0.062,0.068,116625000.0,,116625000.0,1728863048.0,58.0,44.785,8574000.0,0.068,1.0,30833000.0,0.668,53012000.0,0.0,368380000.0,,32447000.0,83066000.0,83066000.0,0.0,224845000.0,39634000.0,185211000.0,1618999048.0,20308000.0,0.0,5319000.0,28402000.0,0.0,33721000.0,-24008000.0,-20960000.0,11228000.0,-633000.0,8538000.0,8538000.0,8538000.0,0.0,0.0,0.185,17646000.0,13187000.0,6374000.0,0.0,13.882,119.149,120.952,54929000.0,0.0,12.7,9.512,9.468,33503000.0,85675000.0,46129000.0,46129000.0,3361000.0,,,,,0.0,14285000.0,1.0,127480240.0,126888000.0,136372000.0,0.364,288458000.0,4388000.0,4031000.0,9115000.0,2.273,186663000.0
80,RMD,MRQ,2001-06-30,2001-06-30,2001-06-30,2021-08-19,-29572000.0,288090000.0,,177882000.0,110208000.0,,0.798,-3024000.0,40136000.0,40136000.0,15280000.0,8346000.0,5.293,1.87,150000000.0,0.0,150000000.0,150000000.0,4114000.0,2737000.0,0.0,0.0,0.0,12715000.0,15452000.0,0.329,15452000.0,12715000.0,12715000.0,0.065,0.062,0.065,100366000.0,,100366000.0,1593433110.0,58.0,44.56,6863000.0,0.055,1.0,31748000.0,0.675,49260000.0,0.0,315084000.0,,29994000.0,62616000.0,62616000.0,0.0,187724000.0,33610000.0,154114000.0,1582634110.0,15566000.0,-40171000.0,1972000.0,109796000.0,0.0,111768000.0,-106327000.0,-63002000.0,9887000.0,238000.0,8346000.0,8346000.0,8346000.0,0.0,0.0,0.177,18557000.0,13191000.0,7971000.0,0.0,15.769,136.082,137.364,55092000.0,0.0,12.637,10.2,10.142,32248000.0,77137000.0,47028000.0,47028000.0,3235000.0,,,,,3241000.0,15322000.0,1.0,125233164.0,125704000.0,135784000.0,0.374,238830000.0,4152000.0,4369000.0,8888000.0,1.9,144272000.0
81,RMD,MRQ,2001-03-31,2001-03-31,2001-03-31,2021-08-19,-29109000.0,200961000.0,,95303000.0,105658000.0,,0.698,-2100000.0,24570000.0,24570000.0,13757000.0,-10194000.0,0.869,1.303,35369000.0,35369000.0,0.0,35369000.0,3978000.0,1965000.0,0.0,0.0,0.0,-5856000.0,-3891000.0,-0.091,-3891000.0,-5856000.0,-5856000.0,-0.083,-0.075,-0.083,87270000.0,,87270000.0,1246827652.0,52.0,39.126,5498000.0,0.044,1.0,28923000.0,0.678,50949000.0,0.0,51098000.0,,28674000.0,0.0,0.0,0.0,113691000.0,109713000.0,3978000.0,1259184652.0,7713000.0,-14899000.0,1434000.0,16787000.0,0.0,18221000.0,-16308000.0,810000.0,7598000.0,-1798000.0,-10194000.0,-10194000.0,-10194000.0,0.0,0.0,-0.239,34971000.0,-6048000.0,9537000.0,0.0,14.429,132.895,131.201,52962000.0,0.0,10.102,9.014,9.039,33076000.0,68791000.0,42680000.0,42680000.0,20694000.0,,,,,0.0,13727000.0,1.0,124640896.0,124984000.0,134764000.0,0.341,150012000.0,1778000.0,4338000.0,8371000.0,1.2,-14410000.0
82,RMD,MRQ,2000-12-31,2000-12-31,2000-12-31,2021-08-19,-17303000.0,140245000.0,,75679000.0,64566000.0,,0.869,-3107000.0,16857000.0,16857000.0,11345000.0,6898000.0,2.335,0.301,4500000.0,4500000.0,0.0,4500000.0,0.0,1779000.0,0.0,0.0,0.0,10467000.0,12246000.0,0.356,12246000.0,10467000.0,10467000.0,0.055,0.052,0.055,107836000.0,,107836000.0,1228984592.0,32.0,26.331,2638000.0,0.021,1.0,23021000.0,0.67,6580000.0,0.0,88899000.0,,1970000.0,1322000.0,1322000.0,0.0,32409000.0,32409000.0,0.0,1235604592.0,3237000.0,0.0,1983000.0,-2500000.0,0.0,-517000.0,-2462000.0,769000.0,5745000.0,471000.0,6898000.0,6898000.0,6898000.0,0.0,0.0,0.201,13229000.0,9792000.0,8662000.0,0.0,11.458,48.442,48.164,53947000.0,0.0,9.97,9.73,9.747,28965000.0,78985000.0,34366000.0,34366000.0,2505000.0,,,,,0.0,10724000.0,1.0,123932256.0,124148000.0,132888000.0,0.277,133665000.0,240000.0,3569000.0,7014000.0,1.077,43270000.0
83,RMD,MRQ,2000-09-30,2000-09-30,2000-09-30,2021-08-19,-19972000.0,127085000.0,,66937000.0,60148000.0,,0.781,-19228000.0,13620000.0,13620000.0,9995000.0,6580000.0,2.173,0.32,7000000.0,7000000.0,0.0,7000000.0,0.0,1964000.0,0.0,0.0,0.0,9988000.0,11952000.0,0.385,11952000.0,9988000.0,9988000.0,0.052,0.05,0.052,96286000.0,,96286000.0,947945688.0,26.0,21.418,-12938000.0,-0.105,1.0,21087000.0,0.678,6317000.0,0.0,83349000.0,,16258000.0,3300000.0,3300000.0,0.0,30799000.0,30799000.0,0.0,966195688.0,-4630000.0,0.0,2554000.0,7000000.0,0.0,9554000.0,-19453000.0,-82000.0,6290000.0,-1021000.0,6580000.0,6580000.0,6580000.0,0.0,0.0,0.212,11980000.0,9107000.0,6356000.0,0.0,10.035,40.307,39.657,51474000.0,0.0,7.812,8.001,7.973,26283000.0,72087000.0,31082000.0,31082000.0,2389000.0,,,,,0.0,9591000.0,1.0,123673048.0,123240000.0,132312000.0,0.252,120768000.0,2417000.0,3408000.0,7746000.0,0.98,36138000.0
84,RMD,MRQ,2000-06-30,2000-06-30,2000-06-30,2021-08-19,-13152000.0,115594000.0,,69172000.0,46422000.0,,0.766,-7974000.0,18250000.0,18250000.0,10011000.0,6191000.0,3.199,0.23,0.0,0.0,0.0,0.0,0.0,2078000.0,0.0,0.0,0.0,9482000.0,11560000.0,0.366,11560000.0,9482000.0,9482000.0,0.052,0.047,0.052,93972000.0,,93972000.0,800625862.0,23.0,19.478,-836000.0,-0.007,1.0,21553000.0,0.683,6968000.0,0.0,68754000.0,,15802000.0,3713000.0,3713000.0,0.0,21622000.0,21622000.0,0.0,816981862.0,1894000.0,0.0,299000.0,0.0,0.0,299000.0,-5342000.0,2970000.0,7138000.0,-201000.0,6191000.0,6191000.0,6191000.0,0.0,0.0,0.196,12658000.0,8895000.0,5929000.0,0.0,8.694,36.758,36.149,36576000.0,0.0,6.688,7.066,6.977,24688000.0,65507000.0,31564000.0,31564000.0,2535000.0,,,,,1316000.0,10123000.0,1.0,122165512.0,122748000.0,134420000.0,0.257,108626000.0,2361000.0,3291000.0,6469000.0,0.885,47550000.0
85,RMD,MRQ,2000-03-31,2000-03-31,2000-03-31,2021-08-19,-11984000.0,111204000.0,,71534000.0,39670000.0,,0.72,-2586000.0,16356000.0,16356000.0,10152000.0,5838000.0,2.981,0.275,0.0,0.0,0.0,0.0,0.0,1922000.0,0.0,0.0,0.0,8995000.0,10917000.0,0.364,10917000.0,8995000.0,8995000.0,0.048,0.045,0.048,87208000.0,,87208000.0,1060522642.0,33.0,27.95,3548000.0,0.029,1.0,19819000.0,0.661,6919000.0,0.0,63933000.0,,17435000.0,7926000.0,7926000.0,0.0,23996000.0,23996000.0,0.0,1072065642.0,4813000.0,-576000.0,3432000.0,0.0,0.0,3432000.0,-4109000.0,-656000.0,6134000.0,-644000.0,5838000.0,5838000.0,5838000.0,0.0,0.0,0.195,11562000.0,8257000.0,8199000.0,0.0,12.293,51.861,51.575,30853000.0,0.0,8.922,9.818,9.902,23491000.0,59316000.0,29971000.0,29971000.0,2103000.0,,,,,0.0,9459000.0,1.0,120153056.0,121176000.0,130212000.0,0.247,104285000.0,2422000.0,3157000.0,6262000.0,0.861,47538000.0
86,RMD,MRQ,1999-12-31,1999-12-31,1999-12-31,2021-08-19,-6325000.0,103750000.0,,61797000.0,41953000.0,,0.699,-3135000.0,11543000.0,11543000.0,8604000.0,5362000.0,3.066,0.241,0.0,0.0,0.0,0.0,0.0,1569000.0,0.0,0.0,0.0,8262000.0,9831000.0,0.349,9831000.0,8262000.0,8262000.0,0.045,0.043,0.045,83597000.0,,83597000.0,610257163.0,21.0,17.508,71000.0,0.001,1.0,19531000.0,0.694,7048000.0,0.0,65006000.0,,15902000.0,7710000.0,7710000.0,0.0,20153000.0,20153000.0,0.0,621092163.0,708000.0,0.0,2044000.0,0.0,0.0,2044000.0,-4440000.0,-1191000.0,3206000.0,-102000.0,5362000.0,5362000.0,5362000.0,0.0,0.0,0.191,10966000.0,8565000.0,6814000.0,0.0,7.43,32.345,32.017,32066000.0,0.0,5.219,6.09,6.119,20332000.0,53478000.0,28135000.0,28135000.0,1971000.0,,,,,0.0,8995000.0,1.0,119011672.0,119584000.0,126984000.0,0.235,96702000.0,2398000.0,2900000.0,4940000.0,0.809,41644000.0
87,RMD,MRQ,1999-09-30,1999-09-30,1999-09-30,2021-08-19,-6044000.0,96789000.0,,56227000.0,40562000.0,,0.644,-2473000.0,10835000.0,10835000.0,8224000.0,4835000.0,2.767,0.266,0.0,0.0,0.0,0.0,0.0,1369000.0,0.0,0.0,0.0,7427000.0,8796000.0,0.339,8796000.0,7427000.0,7427000.0,0.04,0.037,0.04,76472000.0,,76472000.0,481600322.0,18.0,14.984,1324000.0,0.011,1.0,17721000.0,0.683,7484000.0,0.0,58153000.0,,13988000.0,6710000.0,6710000.0,0.0,20317000.0,20317000.0,0.0,492708322.0,-273000.0,0.0,605000.0,0.0,0.0,605000.0,-4633000.0,-1942000.0,3797000.0,-42000.0,4835000.0,4835000.0,4835000.0,0.0,0.0,0.186,10299000.0,7422000.0,5758000.0,0.0,6.443,27.754,27.417,30176000.0,0.0,4.14,5.169,5.158,20144000.0,48116000.0,25945000.0,25945000.0,1890000.0,,,,,0.0,8409000.0,1.0,119011672.0,118760000.0,125216000.0,0.218,89305000.0,2399000.0,2592000.0,6926000.0,0.752,35910000.0
88,RMD,MRQ,1999-06-30,1999-06-30,1999-06-30,2021-08-19,-5429000.0,89889000.0,,50771000.0,39118000.0,,0.609,-2616000.0,11108000.0,11108000.0,8467000.0,4637000.0,2.783,0.255,0.0,0.0,0.0,0.0,0.0,1278000.0,0.0,0.0,0.0,7122000.0,8400000.0,0.334,8400000.0,7122000.0,7122000.0,0.04,0.038,0.04,71647000.0,,71647000.0,479125932.0,19.0,16.418,1286000.0,0.011,1.0,16676000.0,0.663,7337000.0,0.0,53202000.0,,10725000.0,5626000.0,5626000.0,0.0,18242000.0,18242000.0,0.0,489853932.0,264000.0,-991000.0,412000.0,-121000.0,0.0,291000.0,-4207000.0,-306000.0,3902000.0,278000.0,4637000.0,4637000.0,4637000.0,0.0,0.0,0.184,9486000.0,7190000.0,4772000.0,0.0,6.837,30.422,30.063,29322000.0,0.0,4.149,5.527,5.508,17898000.0,43281000.0,25143000.0,25143000.0,1961000.0,,,,,0.0,7525000.0,1.0,118072656.0,117664000.0,,0.214,82552000.0,2392000.0,2485000.0,5691000.0,0.702,32529000.0
89,RMD,MRQ,1999-03-31,1999-03-31,1999-03-31,2021-08-19,-7069000.0,83042000.0,,47577000.0,35465000.0,,0.548,-7181000.0,10844000.0,10844000.0,7901000.0,4368000.0,2.576,0.286,116000.0,116000.0,0.0,116000.0,0.0,1180000.0,0.0,0.0,0.0,6648000.0,7828000.0,0.344,7828000.0,6648000.0,6648000.0,0.037,0.035,0.037,64570000.0,,64570000.0,402341632.0,18.0,15.365,-2094000.0,-0.018,1.0,14859000.0,0.653,6443000.0,0.0,47399000.0,,10016000.0,5320000.0,5320000.0,0.0,18472000.0,18472000.0,0.0,415824632.0,-2751000.0,0.0,314000.0,1000.0,0.0,315000.0,-8295000.0,-1114000.0,5087000.0,142000.0,4368000.0,4368000.0,4368000.0,0.0,0.0,0.192,8148000.0,6711000.0,5457000.0,0.0,6.44,28.713,28.026,26619000.0,0.0,3.531,5.024,5.024,16013000.0,38644000.0,22760000.0,22760000.0,1512000.0,,,,,0.0,6636000.0,1.0,117755648.0,117755648.0,,0.193,76599000.0,2642000.0,2280000.0,5188000.0,0.65,29105000.0
90,RMD,MRQ,1998-12-31,1998-12-31,1998-12-31,2021-08-19,-7216000.0,75506000.0,,47859000.0,27647000.0,,0.509,-6722000.0,13595000.0,13595000.0,6964000.0,3913000.0,3.036,0.264,112000.0,112000.0,0.0,112000.0,0.0,1141000.0,0.0,0.0,0.0,5976000.0,7117000.0,0.331,7117000.0,5976000.0,5976000.0,0.034,0.031,0.034,59741000.0,,59741000.0,649353513.0,32.0,26.628,-1907000.0,-0.016,1.0,14516000.0,0.676,7152000.0,0.0,39106000.0,,10551000.0,5530000.0,5530000.0,0.0,15765000.0,15765000.0,0.0,665611513.0,-2881000.0,0.0,488000.0,-115000.0,0.0,373000.0,-8473000.0,-1650000.0,4815000.0,404000.0,3913000.0,3913000.0,3913000.0,0.0,0.0,0.182,8534000.0,5982000.0,4340000.0,0.0,11.142,50.197,48.901,20025000.0,0.0,5.673,8.631,8.631,13704000.0,34276000.0,21480000.0,21480000.0,1636000.0,,,,,0.0,6898000.0,1.0,117340064.0,117340064.0,,0.183,68354000.0,2514000.0,2063000.0,4410000.0,0.583,32094000.0
91,RMD,MRQ,1998-09-30,1998-09-30,1998-09-30,2021-08-19,-8223000.0,67338000.0,,45529000.0,21809000.0,,0.463,-3996000.0,16476000.0,16476000.0,6084000.0,3184000.0,3.501,0.239,218000.0,218000.0,0.0,218000.0,0.0,1007000.0,0.0,0.0,0.0,4831000.0,5838000.0,0.303,5838000.0,4831000.0,4831000.0,0.028,0.026,0.028,54333000.0,,54333000.0,365698396.0,21.0,17.035,388000.0,0.003,1.0,13160000.0,0.684,7197000.0,0.0,30878000.0,,9391000.0,3880000.0,3880000.0,0.0,13005000.0,13005000.0,0.0,380997396.0,950000.0,-1033000.0,911000.0,0.0,0.0,911000.0,-3966000.0,1113000.0,4384000.0,-379000.0,3184000.0,3184000.0,3184000.0,0.0,0.0,0.165,7788000.0,5372000.0,3328000.0,0.0,7.012,32.735,31.863,13945000.0,0.0,3.25,5.307,5.307,11814000.0,30363000.0,19244000.0,19244000.0,1433000.0,,,,,0.0,6355000.0,1.0,117229968.0,117229968.0,,0.164,60141000.0,2599000.0,1647000.0,3917000.0,0.513,32524000.0
92,RMD,MRQ,1998-06-30,1998-06-30,1998-06-30,2021-08-19,-7688000.0,64618000.0,,46604000.0,18014000.0,,0.438,-1791000.0,15526000.0,15526000.0,6372000.0,3017000.0,3.366,0.273,227000.0,227000.0,0.0,227000.0,0.0,884000.0,0.0,0.0,0.0,4518000.0,5402000.0,0.28,5402000.0,4518000.0,4518000.0,0.027,0.024,0.027,50773000.0,,50773000.0,319731903.0,20.0,16.126,1993000.0,0.017,1.0,12910000.0,0.67,5904000.0,0.0,29570000.0,,7647000.0,5220000.0,5220000.0,0.0,13845000.0,13845000.0,0.0,331210903.0,3683000.0,0.0,239000.0,-115000.0,0.0,124000.0,248000.0,2147000.0,3784000.0,-473000.0,3017000.0,3017000.0,3017000.0,0.0,0.0,0.156,7304000.0,5606000.0,3759000.0,0.0,6.523,31.214,30.951,11111000.0,0.0,2.848,4.979,4.966,13173000.0,27179000.0,19282000.0,19282000.0,1205000.0,,,,,0.0,6099000.0,1.0,116316384.0,116000000.0,,0.166,58714000.0,2518000.0,1501000.0,3222000.0,0.506,32759000.0
93,RMD,MRQ,1998-03-31,1998-03-31,1998-03-31,2021-08-19,-5653000.0,58761000.0,,41193000.0,17568000.0,,0.422,-2277000.0,11843000.0,11843000.0,6098000.0,3146000.0,4.317,0.2,364000.0,121000.0,243000.0,364000.0,0.0,1228000.0,0.0,0.0,0.0,4801000.0,6029000.0,0.352,6029000.0,4801000.0,4801000.0,0.028,0.026,0.028,48975000.0,,48975000.0,250156260.0,17.0,13.652,-583000.0,-0.005,1.0,11015000.0,0.644,5894000.0,0.0,31845000.0,,7170000.0,7973000.0,7973000.0,0.0,9786000.0,9543000.0,243000.0,257379260.0,4262000.0,-631000.0,250000.0,0.0,0.0,250000.0,2284000.0,5298000.0,1694000.0,34000.0,3146000.0,3146000.0,3146000.0,0.0,0.0,0.184,6590000.0,4425000.0,2115000.0,0.0,5.255,26.699,26.414,10598000.0,0.0,2.219,4.204,4.204,11423000.0,24162000.0,17113000.0,17113000.0,1290000.0,,,,,0.0,5300000.0,1.0,116001920.0,116001920.0,,0.148,52867000.0,1107000.0,1655000.0,1697000.0,0.456,31650000.0
94,RMD,MRQ,1997-12-31,1997-12-31,1997-12-31,2021-08-19,-5867000.0,57044000.0,,40981000.0,16063000.0,,0.391,-4510000.0,7581000.0,7581000.0,5173000.0,2292000.0,3.509,0.257,358000.0,358000.0,0.0,358000.0,0.0,699000.0,0.0,0.0,0.0,3500000.0,4199000.0,0.26,4199000.0,3500000.0,3500000.0,0.02,0.019,0.02,45366000.0,,45366000.0,,,,-4721000.0,-0.041,1.0,10973000.0,0.68,5977000.0,0.0,32166000.0,,7572000.0,13027000.0,13027000.0,0.0,11678000.0,11678000.0,0.0,203873374.0,-5841000.0,-1068000.0,88000.0,-124000.0,0.0,-36000.0,-4775000.0,933000.0,-211000.0,-819000.0,2292000.0,2292000.0,2292000.0,0.0,0.0,0.142,6278000.0,4695000.0,2907000.0,0.0,4.494,24.294,24.075,9098000.0,0.0,1.758,3.604,3.604,9834000.0,21017000.0,16146000.0,16146000.0,1234000.0,,,,,0.0,5044000.0,1.0,116001920.0,116001920.0,,0.139,51067000.0,1101000.0,1208000.0,1403000.0,0.44,29303000.0
95,RMD,MRQ,1997-09-30,1997-09-30,1997-09-30,2021-08-19,,,,,,,,-1532000.0,,,5425000.0,2157000.0,,,,,,,,904000.0,,0.0,0.0,3294000.0,4198000.0,0.3,4198000.0,3294000.0,3294000.0,0.019,0.018,0.019,,,,,,,-16000.0,,1.0,8553000.0,0.612,,0.0,,,,,,,,,,,4345000.0,0.0,443000.0,0.0,0.0,443000.0,2582000.0,4139000.0,1516000.0,-196000.0,2157000.0,2157000.0,2157000.0,0.0,0.0,0.154,5915000.0,2638000.0,,0.0,,,23.897,,0.0,1.625,,,,,13978000.0,13978000.0,1265000.0,,,,,0.0,4650000.0,1.0,,,,,,,1137000.0,,,
96,RMD,MRQ,1997-06-30,1997-06-30,1997-06-30,2021-08-19,-1628000.0,54895000.0,,44391000.0,10504000.0,,,-1368000.0,9077000.0,9077000.0,5602000.0,2045000.0,4.441,0.23,548000.0,274000.0,274000.0,548000.0,0.0,824000.0,0.0,0.0,0.0,3074000.0,3898000.0,0.279,3898000.0,3074000.0,3074000.0,0.018,0.018,0.018,44625000.0,,44625000.0,,,,1426000.0,,1.0,8382000.0,0.599,4806000.0,0.0,31564000.0,,5797000.0,18908000.0,18908000.0,0.0,10270000.0,9996000.0,274000.0,,442000.0,-186000.0,106000.0,-141000.0,0.0,-35000.0,-1983000.0,-402000.0,2794000.0,-334000.0,2045000.0,2045000.0,2045000.0,0.0,0.0,0.146,5699000.0,2683000.0,2641000.0,0.0,,,23.317,4916000.0,0.0,1.516,,,8225000.0,16568000.0,13984000.0,13984000.0,1060000.0,,,,,0.0,4639000.0,1.0,,,,,50089000.0,1156000.0,1029000.0,3544000.0,,34395000.0
97,RMD,MRQ,1997-03-31,1997-03-31,1997-03-31,2021-08-19,,,,,,,,-1168000.0,,,5120000.0,1898000.0,,,,,,,,710000.0,,0.0,0.0,2833000.0,3543000.0,0.284,3543000.0,2833000.0,2833000.0,0.016,0.016,0.016,,,,,,,874000.0,,1.0,7348000.0,0.589,,0.0,,,,,,,,,,,23000.0,0.0,21000.0,0.0,0.0,21000.0,-1845000.0,-653000.0,2042000.0,-195000.0,1898000.0,1898000.0,1898000.0,0.0,0.0,0.152,5129000.0,2219000.0,,0.0,,,,,0.0,1.094,,,,,12468000.0,12468000.0,1065000.0,,,,,0.0,4064000.0,1.0,,,,,,,935000.0,,,
98,RMD,MRQ,1996-12-31,1996-12-31,1996-12-31,2021-08-19,,,,,,,,,,,4715000.0,1682000.0,,,,,,,,,,0.0,0.0,2474000.0,,,,2474000.0,2474000.0,0.014,0.014,0.014,,,,,,,,,1.0,6872000.0,0.593,,0.0,,,,,,,,,,,,,,,,,,,,,1682000.0,1682000.0,1682000.0,0.0,0.0,0.145,5025000.0,1847000.0,,0.0,,,,,0.0,1.375,,,,,11587000.0,11587000.0,891000.0,,,,,,4134000.0,1.0,,,,,,,792000.0,,,
0,RMD,MRT,2021-06-30,2021-06-30,2021-06-30,2021-08-19,-193487000.0,4728125000.0,4626887250.0,1574757000.0,3153368000.0,0.691,19.858,-102712000.0,295278000.0,295278000.0,1357725000.0,474505000.0,1.727,0.638,793715000.0,35585000.0,758130000.0,793715000.0,201107000.0,191518000.0,0.0,0.006,1.56,907651000.0,1099169000.0,0.344,1099169000.0,907651000.0,883662000.0,3.27,3.24,3.27,2885679000.0,2784689250.0,2885679000.0,36511221945.0,40.0,33.217,634006000.0,4.363,1.0,1839100000.0,0.575,2320483000.0,23989000.0,1994313000.0,2213239750.0,457033000.0,0.0,0.0,0.0,1842446000.0,911766000.0,930680000.0,35873055945.0,-167878000.0,-39067000.0,37790000.0,-522000000.0,-226713000.0,-764632000.0,-158462000.0,-2569000.0,736718000.0,18498000.0,474505000.0,474505000.0,474505000.0,0.0,0.0,0.148,935422000.0,903678000.0,138008000.0,0.477,12.431,75.601,75.388,592065000.0,0.0,246.52,11.221,11.206,614292000.0,3079640000.0,3196825000.0,3196825000.0,225284000.0,0.103,0.17,0.41,0.284,63927000.0,670387000.0,1.0,145517832.0,145313000.0,146451000.0,22.0,2407642000.0,152313000.0,409157000.0,382215000.0,16.569,662991000.0
1,RMD,MRT,2021-03-31,2021-03-31,2021-03-31,2021-08-19,-195973000.0,4585724000.0,4591700000.0,1466150000.0,3119574000.0,0.673,18.619,-92775000.0,230635000.0,230635000.0,1293291000.0,457240000.0,1.673,0.693,868801000.0,34489000.0,834312000.0,868801000.0,192240000.0,191347000.0,0.0,0.008,1.56,884386000.0,1075733000.0,0.348,1075733000.0,884386000.0,856545000.0,3.16,3.13,3.16,2709234000.0,2687526250.0,2709234000.0,28941613478.0,33.0,26.904,747683000.0,5.138,1.0,1797775000.0,0.582,2335550000.0,27841000.0,2011799000.0,2335219000.0,484061000.0,0.0,0.0,0.0,1876490000.0,876541000.0,999949000.0,28231672478.0,-122226000.0,-30704000.0,40829000.0,-647000000.0,-226400000.0,-886964000.0,-113797000.0,24048000.0,840458000.0,38077000.0,457240000.0,457240000.0,457240000.0,0.0,0.0,0.148,912490000.0,885285000.0,117222000.0,0.494,10.421,61.744,61.399,583861000.0,0.0,194.02,9.133,9.134,525014000.0,2941336000.0,3091066000.0,3091066000.0,217930000.0,0.1,0.17,0.379,0.286,63170000.0,654290000.0,1.0,145509084.0,145513000.0,145513000.0,21.243,2250174000.0,49936000.0,399305000.0,387467000.0,15.464,589609000.0
2,RMD,MRT,2020-12-31,2020-12-31,2020-12-31,2021-08-19,-163151000.0,4572856000.0,4572904750.0,1451485000.0,3121371000.0,0.676,19.725,-96002000.0,255865000.0,255865000.0,1291575000.0,698858000.0,2.514,0.596,965806000.0,34433000.0,931373000.0,965806000.0,192137000.0,189930000.0,0.0,0.007,1.56,862126000.0,1052056000.0,0.34,1052056000.0,862126000.0,830195000.0,4.83,4.79,4.83,2864984000.0,2574325500.0,2864984000.0,31570685922.0,37.0,30.009,787873000.0,5.424,1.0,1800179000.0,0.582,2323490000.0,31931000.0,2381972000.0,2523175250.0,474821000.0,0.0,0.0,0.0,1707872000.0,577335000.0,1130537000.0,30803164922.0,51770000.0,-24924000.0,42499000.0,-475000000.0,-226056000.0,-710034000.0,-154790000.0,-19760000.0,883875000.0,32719000.0,698858000.0,698858000.0,698858000.0,0.0,0.0,0.226,920820000.0,879359000.0,122166000.0,0.323,10.752,44.076,44.008,590763000.0,0.0,212.56,9.963,9.986,509364000.0,3076569000.0,3091754000.0,3091754000.0,213438000.0,0.153,0.271,0.342,0.279,61691000.0,666285000.0,1.0,144915153.0,145246000.0,146421000.0,21.286,2249366000.0,49628000.0,131337000.0,137950000.0,15.487,874150000.0
3,RMD,MRT,2020-09-30,2020-09-30,2020-09-30,2021-08-19,-240191000.0,4620844000.0,4518175500.0,1542609000.0,3078235000.0,0.67,18.488,-86160000.0,421414000.0,421414000.0,1263074000.0,679898000.0,2.611,0.725,1188935000.0,33317000.0,1155618000.0,1188935000.0,185922000.0,187344000.0,0.0,0.009,1.56,834582000.0,1021926000.0,0.338,1021926000.0,834582000.0,798355000.0,4.7,4.66,4.7,2678860000.0,2422606000.0,2678860000.0,25676426115.0,31.0,25.126,697731000.0,4.815,1.0,1764826000.0,0.583,2332637000.0,36227000.0,2464875000.0,2602002250.0,478006000.0,0.0,0.0,0.0,1941984000.0,590853000.0,1351131000.0,24840319115.0,249260000.0,-27910000.0,43599000.0,-165009000.0,-225552000.0,-392470000.0,-168747000.0,-40901000.0,783891000.0,26586000.0,679898000.0,679898000.0,679898000.0,0.0,0.0,0.225,909374000.0,855452000.0,117589000.0,0.332,9.273,36.535,36.474,549292000.0,0.0,171.43,8.204,8.204,464892000.0,2953709000.0,3027900000.0,3027900000.0,208446000.0,0.15,0.281,0.321,0.276,60374000.0,668237000.0,1.0,144900654.0,144900000.0,146100000.0,20.896,2288207000.0,50788000.0,118457000.0,171111000.0,15.792,951756000.0
4,RMD,MRT,2020-06-30,2020-06-30,2020-06-30,2021-08-19,-283982000.0,4587376000.0,4401604000.0,1523459000.0,3063917000.0,0.672,17.3,-95330000.0,463156000.0,463156000.0,1239227000.0,621674000.0,2.527,0.837,1299263000.0,33250000.0,1266013000.0,1299263000.0,185924000.0,181373000.0,0.0,0.008,1.56,773465000.0,954838000.0,0.323,954838000.0,773465000.0,733088000.0,4.31,4.27,4.31,2497027000.0,2282203750.0,2497027000.0,28930359368.0,37.0,30.299,706925000.0,4.898,1.0,1717786000.0,0.581,2338492000.0,40377000.0,2482230000.0,2581848750.0,416915000.0,0.0,0.0,0.0,2090349000.0,602761000.0,1487588000.0,27776338368.0,316028000.0,-27910000.0,48182000.0,-94012000.0,-225093000.0,-317286000.0,-179861000.0,-46013000.0,802255000.0,10920000.0,621674000.0,621674000.0,621674000.0,0.0,0.0,0.21,908127000.0,809659000.0,135786000.0,0.362,11.124,44.68,44.548,535683000.0,0.0,192.0,9.393,9.372,474643000.0,2832991000.0,2957013000.0,2957013000.0,201946000.0,0.141,0.272,0.3,0.262,57559000.0,676689000.0,1.0,144668429.0,144338000.0,145652000.0,20.487,2248884000.0,134549000.0,111414000.0,190676000.0,15.581,920698000.0
5,RMD,MRT,2020-03-31,2020-03-31,2020-03-31,2021-08-19,-366436000.0,4510543000.0,4281680500.0,1469758000.0,3040785000.0,0.675,15.601,-99563000.0,352861000.0,352861000.0,1220789000.0,512640000.0,2.665,0.999,1506882000.0,34782000.0,1472100000.0,1506882000.0,181725000.0,178457000.0,0.0,0.01,1.54,660487000.0,838944000.0,0.29,838944000.0,660487000.0,616759000.0,3.56,3.52,3.56,2256431000.0,2175995250.0,2256431000.0,22495524124.0,34.0,26.814,514245000.0,3.555,1.0,1670843000.0,0.578,2349421000.0,43728000.0,2763624000.0,2535545500.0,358772000.0,0.0,0.0,0.0,2254112000.0,551519000.0,1702593000.0,21300630124.0,206348000.0,-27728000.0,47493000.0,41637000.0,-221730000.0,-178493000.0,-220342000.0,-83584000.0,613808000.0,-8625000.0,512640000.0,512640000.0,512640000.0,0.0,0.0,0.177,963356000.0,707487000.0,116148000.0,0.433,9.44,41.551,41.374,523486000.0,0.0,147.29,7.366,7.367,554859000.0,2711639000.0,2891632000.0,2891632000.0,200563000.0,0.12,0.236,0.26,0.228,55638000.0,682903000.0,1.0,144616947.0,144638000.0,145680000.0,19.992,2161122000.0,27321000.0,104119000.0,206629000.0,14.942,918239000.0
6,RMD,MRT,2019-12-31,2019-12-31,2019-12-31,2021-08-19,-246118000.0,4353939000.0,4178676250.0,1300485000.0,3053454000.0,0.666,15.658,-85056000.0,204095000.0,204095000.0,1182254000.0,454919000.0,2.601,0.928,1398989000.0,32022000.0,1366967000.0,1398989000.0,179090000.0,173742000.0,0.0,0.01,1.52,609206000.0,782948000.0,0.281,782948000.0,609206000.0,563033000.0,3.17,3.13,3.17,2258106000.0,2117219750.0,2258106000.0,23415969481.0,38.0,29.907,428703000.0,2.973,1.0,1602151000.0,0.575,2351508000.0,46173000.0,2697280000.0,2436927750.0,377784000.0,0.0,0.0,0.0,2095833000.0,500045000.0,1595788000.0,22282535481.0,54627000.0,-215557000.0,48240000.0,99041000.0,-218347000.0,-113702000.0,-346137000.0,-36664000.0,513759000.0,707000.0,454919000.0,454919000.0,454919000.0,0.0,0.0,0.163,955187000.0,646964000.0,114322000.0,0.479,9.868,48.981,48.886,505109000.0,0.0,154.97,8.003,8.026,528039000.0,2604910000.0,2784405000.0,2784405000.0,196724000.0,0.109,0.215,0.25,0.219,54371000.0,674991000.0,1.0,143786123.0,144212000.0,145575000.0,19.308,2002431000.0,32889000.0,108114000.0,183523000.0,13.885,800440000.0
7,RMD,MRT,2019-09-30,2019-09-30,2019-09-30,2021-08-19,-290585000.0,4154558000.0,4055145500.0,1161098000.0,2993460000.0,0.666,14.732,-78387000.0,172154000.0,172154000.0,1149795000.0,419004000.0,2.109,0.962,1305588000.0,31540000.0,1274048000.0,1305588000.0,169622000.0,164288000.0,0.0,0.011,1.5,573994000.0,738282000.0,0.274,738282000.0,573994000.0,530554000.0,2.93,2.89,2.93,2117251000.0,2041704250.0,2117251000.0,20535121241.0,36.0,27.815,494908000.0,3.444,1.0,1549553000.0,0.574,2353274000.0,43440000.0,2384261000.0,2319460750.0,357033000.0,0.0,0.0,0.0,2037307000.0,550457000.0,1486850000.0,19411396241.0,-58034000.0,-824944000.0,38378000.0,541615000.0,-214971000.0,335745000.0,-960741000.0,-49320000.0,573295000.0,-6333000.0,419004000.0,419004000.0,419004000.0,0.0,0.0,0.155,943320000.0,606233000.0,109742000.0,0.512,9.168,46.327,46.113,464620000.0,0.0,135.11,7.191,7.194,493836000.0,2500506000.0,2699348000.0,2699348000.0,189892000.0,0.103,0.205,0.247,0.213,52852000.0,665148000.0,1.0,143671055.0,143719000.0,145099000.0,18.782,1801284000.0,34232000.0,111550000.0,219055000.0,12.533,610641000.0
8,RMD,MRT,2019-06-30,2019-06-30,2019-06-30,2021-08-19,-253009000.0,4107682000.0,3783390500.0,1145366000.0,2962316000.0,0.689,14.48,-68710000.0,147128000.0,147128000.0,1112501000.0,404592000.0,2.06,0.982,1270853000.0,11992000.0,1258861000.0,1270853000.0,169810000.0,150795000.0,0.0,0.012,1.48,555003000.0,705798000.0,0.271,705798000.0,555003000.0,518847000.0,2.83,2.8,2.83,2072193000.0,1987455500.0,2072193000.0,18687384761.0,34.0,26.477,390341000.0,2.728,1.0,1494071000.0,0.573,2378399000.0,36156000.0,2297017000.0,2101303250.0,349641000.0,0.0,0.0,0.0,2035489000.0,555991000.0,1479498000.0,17498202761.0,-41573000.0,-951383000.0,13883000.0,807485000.0,-211712000.0,580643000.0,-1075706000.0,-46981000.0,459051000.0,-5561000.0,404592000.0,404592000.0,404592000.0,0.0,0.0,0.155,914808000.0,579263000.0,115725000.0,0.523,8.444,43.249,43.12,387460000.0,0.0,122.03,6.713,6.7,528484000.0,2436410000.0,2606572000.0,2606572000.0,180651000.0,0.107,0.204,0.264,0.213,52073000.0,645010000.0,1.0,143392631.0,143111000.0,144484000.0,18.214,1729283000.0,45478000.0,114255000.0,210684000.0,12.084,589375000.0
9,RMD,MRT,2019-03-31,2019-03-31,2019-03-31,2021-08-19,-252818000.0,4098526000.0,3522450750.0,1102696000.0,2995830000.0,0.717,14.104,-64127000.0,146513000.0,146513000.0,1091436000.0,445603000.0,2.382,1.028,1335695000.0,12346000.0,1323349000.0,1335695000.0,158991000.0,139907000.0,0.0,0.014,1.46,593091000.0,732998000.0,0.29,732998000.0,593091000.0,564001000.0,3.12,3.08,3.12,2021329000.0,1984152250.0,2021329000.0,15946911936.0,27.0,21.756,382522000.0,2.669,1.0,1433801000.0,0.568,2455586000.0,29090000.0,2369153000.0,1867373750.0,319930000.0,0.0,0.0,0.0,2077197000.0,462969000.0,1614228000.0,14898901936.0,-557768000.0,-951985000.0,-18759000.0,346594000.0,-208562000.0,89550000.0,-1070344000.0,-45543000.0,446649000.0,-23623000.0,445603000.0,445603000.0,445603000.0,0.0,0.0,0.176,828730000.0,605071000.0,124466000.0,0.468,7.371,33.435,33.324,382496000.0,0.0,103.97,5.9,5.901,511403000.0,2420731000.0,2525237000.0,2525237000.0,169169000.0,0.127,0.225,0.318,0.235,50335000.0,630221000.0,1.0,143300009.0,143316000.0,144333000.0,17.62,1642940000.0,32015000.0,118398000.0,266050000.0,11.464,639727000.0
10,RMD,MRT,2018-12-31,2018-12-31,2018-12-31,2021-08-19,-250317000.0,3859816000.0,3381371250.0,1063539000.0,2796277000.0,0.726,13.686,-62006000.0,149468000.0,149468000.0,1057517000.0,450312000.0,2.437,0.973,1197478000.0,11978000.0,1185500000.0,1197478000.0,149458000.0,127468000.0,0.0,0.013,1.44,580611000.0,708079000.0,0.288,708079000.0,580611000.0,556215000.0,3.15,3.11,3.15,1956044000.0,1995561000.0,1956044000.0,16525870419.0,28.0,23.339,394073000.0,2.757,1.0,1397126000.0,0.569,2243971000.0,24396000.0,2227412000.0,1742409500.0,296511000.0,0.0,0.0,0.0,1903772000.0,436443000.0,1467329000.0,16226446419.0,-709431000.0,-740151000.0,-37043000.0,2190000.0,-205511000.0,-270152000.0,-864556000.0,-53504000.0,456079000.0,-30802000.0,450312000.0,450312000.0,450312000.0,0.0,0.0,0.183,812659000.0,584467000.0,110335000.0,0.457,8.296,36.034,36.149,381505000.0,0.0,113.87,6.611,6.63,477191000.0,2368339000.0,2454643000.0,2454643000.0,158993000.0,0.133,0.226,0.333,0.237,49465000.0,613585000.0,1.0,142499749.0,142923000.0,144349000.0,17.175,1615845000.0,32703000.0,105903000.0,254937000.0,11.306,627096000.0
11,RMD,MRT,2018-09-30,2018-09-30,2018-09-30,2021-08-19,-237200000.0,3067538000.0,3307417250.0,1088243000.0,1979295000.0,0.727,13.319,-59545000.0,230188000.0,230188000.0,1032430000.0,335200000.0,2.584,0.614,529612000.0,11975000.0,517637000.0,529612000.0,138632000.0,120813000.0,0.0,0.012,1.42,575986000.0,696799000.0,0.29,696799000.0,575986000.0,551707000.0,2.35,2.32,2.35,1900256000.0,2011432000.0,1900256000.0,16549929482.0,29.0,23.751,399617000.0,2.801,1.0,1372386000.0,0.571,1434223000.0,24279000.0,1511631000.0,1448676500.0,282555000.0,0.0,0.0,0.0,1167282000.0,421108000.0,746174000.0,16457176482.0,-580914000.0,-127341000.0,-37585000.0,-519375000.0,-202592000.0,-775787000.0,-234589000.0,-38458000.0,459162000.0,-29700000.0,335200000.0,335200000.0,335200000.0,0.0,0.0,0.139,798981000.0,573405000.0,98709000.0,0.604,8.661,49.097,49.081,381822000.0,0.0,115.34,6.843,6.843,463743000.0,2296473000.0,2404816000.0,2404816000.0,156525000.0,0.101,0.167,0.398,0.24,48941000.0,603822000.0,1.0,142684034.0,142668000.0,144030000.0,16.856,1633315000.0,46226000.0,216507000.0,230330000.0,11.448,667135000.0
12,RMD,MRT,2018-06-30,2018-06-30,2018-06-30,2021-08-19,-224328000.0,3063923000.0,3412937000.0,1065717000.0,1998206000.0,0.686,14.422,-62581000.0,188701000.0,188701000.0,1005298000.0,315588000.0,2.085,0.488,281454000.0,11466000.0,269988000.0,281454000.0,132424000.0,119960000.0,0.0,0.014,1.4,549667000.0,669627000.0,0.286,669627000.0,549667000.0,521312000.0,2.21,2.19,2.21,2058980000.0,2048750000.0,2058980000.0,14890558225.0,27.0,22.237,442445000.0,3.099,1.0,1334898000.0,0.57,1284128000.0,28355000.0,1361299000.0,1576388250.0,268701000.0,0.0,0.0,0.0,1004943000.0,511249000.0,493694000.0,14784839225.0,-633234000.0,-902000.0,-15084000.0,-796242000.0,-199497000.0,-1026694000.0,-101824000.0,-29465000.0,505026000.0,-9742000.0,315588000.0,315588000.0,315588000.0,0.0,0.0,0.135,793067000.0,541831000.0,92723000.0,0.633,7.181,46.849,46.869,386550000.0,0.0,103.58,6.318,6.319,483681000.0,2432328000.0,2340196000.0,2340196000.0,155149000.0,0.092,0.154,0.349,0.235,48412000.0,600369000.0,1.0,142738359.0,142764000.0,143987000.0,16.392,1779795000.0,53818000.0,205724000.0,311613000.0,12.467,554468000.0
13,RMD,MRT,2018-03-31,2018-03-31,2018-03-31,2021-08-19,-155613000.0,3534208000.0,3514078000.0,1604406000.0,1929802000.0,0.647,14.465,-63323000.0,704281000.0,704281000.0,949784000.0,307389000.0,3.477,0.71,810000000.0,0.0,810000000.0,810000000.0,124835000.0,116424000.0,0.0,0.014,1.38,530794000.0,647218000.0,0.285,647218000.0,530794000.0,502015000.0,2.17,2.14,2.17,2066964000.0,2024071500.0,2066964000.0,14234267196.0,27.0,21.993,452600000.0,3.167,1.0,1323468000.0,0.582,1309171000.0,28779000.0,1869296000.0,1745654250.0,288703000.0,0.0,0.0,0.0,1467244000.0,461460000.0,1005784000.0,14074034196.0,-123029000.0,-4362000.0,19242000.0,-360000000.0,-196327000.0,-559920000.0,-94578000.0,-17873000.0,515923000.0,15546000.0,307389000.0,307389000.0,307389000.0,0.0,0.0,0.135,801160000.0,522308000.0,88157000.0,0.636,6.809,45.786,45.378,397981000.0,0.0,98.47,6.191,6.19,498425000.0,2372487000.0,2273252000.0,2273252000.0,152198000.0,0.087,0.152,0.304,0.233,47595000.0,591498000.0,1.0,142927127.0,142898000.0,143985000.0,15.908,2225037000.0,46282000.0,194626000.0,251046000.0,15.571,1142946000.0
14,RMD,MRT,2017-12-31,2017-12-31,2017-12-31,2021-08-19,-148220000.0,3564000000.0,3486166750.0,1754349000.0,1809651000.0,0.63,14.151,-64972000.0,858899000.0,858899000.0,916935000.0,285087000.0,1.293,0.765,1019132000.0,1019132000.0,0.0,1019132000.0,116573000.0,115598000.0,0.0,0.016,1.36,508258000.0,623856000.0,0.284,623856000.0,508258000.0,479862000.0,2.02,2.0,2.02,2019528000.0,1971069500.0,2019528000.0,12225610969.0,24.0,19.597,369473000.0,2.589,1.0,1278887000.0,0.582,1315342000.0,28396000.0,1052480000.0,1805789750.0,296062000.0,0.0,0.0,0.0,1544472000.0,1356411000.0,188061000.0,12017841969.0,70753000.0,-4090000.0,40403000.0,-150000000.0,-193034000.0,-336325000.0,-92877000.0,-14537000.0,434445000.0,65510000.0,285087000.0,285087000.0,285087000.0,0.0,0.0,0.13,785555000.0,493332000.0,78351000.0,0.673,5.951,42.155,41.926,401537000.0,0.0,84.69,5.473,5.504,482934000.0,2312335000.0,2195822000.0,2195822000.0,149894000.0,0.082,0.145,0.281,0.231,47081000.0,581469000.0,1.0,141903908.0,142715000.0,143855000.0,15.386,2248658000.0,50722000.0,194775000.0,138831000.0,15.756,397938000.0
15,RMD,MRT,2017-09-30,2017-09-30,2017-09-30,2021-08-19,-152670000.0,3489617000.0,3425809250.0,1657946000.0,1831671000.0,0.62,14.408,-63689000.0,811102000.0,811102000.0,886780000.0,352303000.0,4.716,0.703,1018871000.0,0.0,1018871000.0,1018871000.0,108986000.0,113953000.0,0.0,0.017,1.34,461958000.0,575911000.0,0.271,575911000.0,461958000.0,434304000.0,2.49,2.47,2.49,2049528000.0,1893725000.0,2049528000.0,11201089490.0,24.0,19.449,358104000.0,2.517,1.0,1238166000.0,0.583,1323323000.0,27654000.0,2022478000.0,1967371000.0,300472000.0,0.0,0.0,0.0,1440089000.0,351585000.0,1088504000.0,10944413490.0,29444000.0,-4184000.0,35605000.0,-155000000.0,-189666000.0,-328902000.0,-84145000.0,-7244000.0,421793000.0,20698000.0,352303000.0,352303000.0,352303000.0,0.0,0.0,0.166,793955000.0,444211000.0,85082000.0,0.538,5.34,31.065,30.908,400795000.0,0.0,76.96,5.15,5.152,431354000.0,2352664000.0,2124946000.0,2124946000.0,147441000.0,0.103,0.186,0.235,0.217,45824000.0,568960000.0,1.0,142209115.0,142247000.0,143480000.0,14.938,2166294000.0,63847000.0,82001000.0,45547000.0,15.229,1306361000.0
16,RMD,MRT,2017-06-30,2017-06-30,2017-06-30,2021-08-19,-189059000.0,3468487000.0,3383971000.0,1644003000.0,1824484000.0,0.611,13.867,-62219000.0,821935000.0,821935000.0,864992000.0,342284000.0,4.565,0.769,1078611000.0,0.0,1078611000.0,1078611000.0,105153000.0,112157000.0,0.0,0.017,1.32,446979000.0,559136000.0,0.271,559136000.0,446979000.0,418743000.0,2.42,2.4,2.42,1960266000.0,1824485000.0,1960266000.0,11384504452.0,25.0,20.361,351834000.0,2.489,1.0,1201745000.0,0.581,1326674000.0,28236000.0,2038363000.0,1896940500.0,268319000.0,0.0,0.0,0.0,1508221000.0,360126000.0,1148095000.0,11043464452.0,90501000.0,-7274000.0,38320000.0,-95000000.0,-186346000.0,-262867000.0,-81890000.0,-3140000.0,414053000.0,21205000.0,342284000.0,342284000.0,342284000.0,0.0,0.0,0.166,775947000.0,425798000.0,92763000.0,0.545,5.634,32.264,32.178,394241000.0,0.0,77.87,5.343,5.326,450530000.0,2316237000.0,2066737000.0,2066737000.0,144467000.0,0.101,0.188,0.236,0.216,45925000.0,553968000.0,1.0,141819243.0,141360000.0,142453000.0,14.62,2141813000.0,61503000.0,76459000.0,42972000.0,15.151,1283877000.0
17,RMD,MRT,2017-03-31,2017-03-31,2017-03-31,2021-08-19,-213101000.0,3422563000.0,3331025500.0,1605361000.0,1817202000.0,0.609,13.089,-58258000.0,827310000.0,827310000.0,849240000.0,323799000.0,4.774,0.845,1168350000.0,0.0,1168350000.0,1168350000.0,97817000.0,111011000.0,0.0,0.018,1.29,446125000.0,557136000.0,0.275,557136000.0,446125000.0,414554000.0,2.29,2.29,2.29,1854956000.0,1758126250.0,1854956000.0,10575409786.0,24.0,18.982,358442000.0,2.529,1.0,1179458000.0,0.581,1317487000.0,31571000.0,2109838000.0,1812599500.0,259870000.0,0.0,0.0,0.0,1567607000.0,336278000.0,1231329000.0,10195053786.0,108815000.0,-802613000.0,26012000.0,734398000.0,-181650000.0,567078000.0,-868769000.0,1486000.0,416700000.0,-6194000.0,323799000.0,323799000.0,323799000.0,0.0,0.0,0.16,762383000.0,417075000.0,82846000.0,0.563,5.496,31.486,31.428,387412000.0,0.0,71.97,5.025,5.027,413612000.0,2261425000.0,2028698000.0,2028698000.0,142146000.0,0.097,0.184,0.246,0.22,45892000.0,541865000.0,1.0,141656993.0,141714000.0,142724000.0,14.315,2105076000.0,66573000.0,90755000.0,47842000.0,14.854,1269083000.0
18,RMD,MRT,2016-12-31,2016-12-31,2016-12-31,2021-08-19,-299983000.0,3322570000.0,3086537250.0,1520274000.0,1802296000.0,0.638,12.102,-56847000.0,788146000.0,788146000.0,828749000.0,326767000.0,2.228,0.943,1168502000.0,299812000.0,868690000.0,1168502000.0,93071000.0,102433000.0,0.0,0.02,1.26,439795000.0,542228000.0,0.275,542228000.0,439795000.0,415560000.0,2.32,2.31,2.32,1710150000.0,1712740000.0,1710150000.0,9138387275.0,21.0,16.853,417006000.0,2.951,1.0,1139624000.0,0.579,1321726000.0,24235000.0,1698805000.0,1610719000.0,253108000.0,0.0,0.0,0.0,1612420000.0,682395000.0,930025000.0,8746909275.0,129342000.0,-892930000.0,29444000.0,751466000.0,-176941000.0,603861000.0,-934584000.0,24189000.0,473853000.0,-13788000.0,326767000.0,326767000.0,326767000.0,0.0,0.0,0.166,725634000.0,413990000.0,94100000.0,0.543,5.115,26.768,26.746,375928000.0,0.0,62.05,4.444,4.455,383992000.0,2220283000.0,1968373000.0,1968373000.0,135125000.0,0.106,0.191,0.273,0.223,45369000.0,526902000.0,1.0,140965500.0,141310000.0,142097000.0,13.929,2000844000.0,61629000.0,88793000.0,39658000.0,14.159,837879000.0
19,RMD,MRT,2016-09-30,2016-09-30,2016-09-30,2021-08-19,-192935000.0,3322264000.0,2815647500.0,1474852000.0,1847412000.0,0.672,12.591,-56691000.0,781658000.0,781658000.0,795454000.0,345600000.0,2.377,0.874,1173136000.0,299625000.0,873511000.0,1173136000.0,93401000.0,96221000.0,0.0,0.019,1.23,450655000.0,546876000.0,0.289,546876000.0,450655000.0,433048000.0,2.46,2.45,2.46,1772568000.0,1666270250.0,1772568000.0,9559514918.0,21.0,17.48,452877000.0,3.217,1.0,1097062000.0,0.58,1352431000.0,17607000.0,1740756000.0,1498466500.0,253828000.0,0.0,0.0,0.0,1549696000.0,620555000.0,929141000.0,9115948918.0,-40395000.0,-1044954000.0,-14529000.0,656314000.0,-172429000.0,468128000.0,-1076174000.0,34814000.0,509568000.0,58083000.0,345600000.0,345600000.0,345600000.0,0.0,0.0,0.183,671990000.0,425072000.0,80489000.0,0.5,5.143,26.377,26.337,390797000.0,0.0,64.79,4.817,4.82,347137000.0,2190028000.0,1892516000.0,1892516000.0,125905000.0,0.123,0.207,0.301,0.238,46074000.0,505814000.0,1.0,140699937.0,140785000.0,142090000.0,13.443,1969833000.0,62926000.0,87448000.0,47727000.0,13.992,854297000.0
20,RMD,MRT,2016-06-30,2016-06-30,2016-06-30,2021-08-19,-222658000.0,3256705000.0,2548751250.0,1419719000.0,1836986000.0,0.721,12.085,-58534000.0,731434000.0,731434000.0,772216000.0,352409000.0,2.225,0.922,1172770000.0,299438000.0,873332000.0,1172770000.0,90290000.0,86849000.0,0.0,0.019,1.2,450772000.0,537621000.0,0.292,537621000.0,450772000.0,439566000.0,2.51,2.49,2.51,1694831000.0,1588331500.0,1694831000.0,8595226097.0,19.0,15.988,489399000.0,3.49,1.0,1066497000.0,0.58,1359053000.0,11206000.0,1700999000.0,1405899500.0,224456000.0,0.0,0.0,0.0,1561874000.0,637989000.0,923885000.0,8878112097.0,14185000.0,-1041864000.0,-74364000.0,856306000.0,-168130000.0,612584000.0,-1125754000.0,-16061000.0,547933000.0,-20578000.0,352409000.0,352409000.0,352409000.0,0.0,0.0,0.192,637545000.0,428952000.0,92571000.0,0.478,5.238,25.193,25.191,384276000.0,0.0,63.23,4.828,4.823,382086000.0,2160299000.0,1838713000.0,1838713000.0,118651000.0,0.138,0.222,0.321,0.245,46408000.0,488057000.0,1.0,140409807.0,140242000.0,141669000.0,13.111,1897652000.0,55496000.0,87157000.0,48227000.0,13.531,781730000.0
21,RMD,MRT,2016-03-31,2016-03-31,2016-03-31,2021-08-19,-180839000.0,2444610000.0,2280018500.0,1400094000.0,1044516000.0,0.778,11.937,-56369000.0,718495000.0,718495000.0,748692000.0,356746000.0,4.887,0.461,435609000.0,0.0,435609000.0,435609000.0,74990000.0,77573000.0,0.0,0.02,1.18,432029000.0,509602000.0,0.287,509602000.0,432029000.0,426251000.0,2.54,2.51,2.54,1673411000.0,1561450500.0,1673411000.0,7839937763.0,18.0,15.384,448305000.0,3.198,1.0,1024438000.0,0.578,572900000.0,5778000.0,1302316000.0,1277463000.0,232930000.0,0.0,0.0,0.0,771199000.0,286508000.0,484691000.0,8097165763.0,-147830000.0,-245564000.0,-126496000.0,-43101000.0,-165426000.0,-332030000.0,-331071000.0,-19914000.0,504674000.0,10597000.0,356746000.0,356746000.0,356746000.0,0.0,0.0,0.201,614577000.0,409861000.0,77642000.0,0.465,4.839,22.697,22.764,386771000.0,0.0,57.82,4.567,4.571,358171000.0,2109371000.0,1773130000.0,1773130000.0,112794000.0,0.156,0.228,0.338,0.244,43611000.0,481465000.0,1.0,140040916.0,140187000.0,141232000.0,12.648,1871710000.0,44119000.0,69505000.0,28033000.0,13.352,1113586000.0
22,RMD,MRT,2015-12-31,2015-12-31,2015-12-31,2021-08-19,-260937000.0,2239011000.0,2238373250.0,1350841000.0,888170000.0,0.778,10.893,-53761000.0,658804000.0,658804000.0,725759000.0,356938000.0,5.087,0.469,401576000.0,985000.0,400591000.0,401576000.0,65029000.0,75525000.0,0.0,0.022,1.16,437391000.0,512916000.0,0.294,512916000.0,437391000.0,431613000.0,2.54,2.51,2.54,1524271000.0,1527166500.0,1524271000.0,7176335467.0,16.0,13.991,417103000.0,2.981,1.0,1015989000.0,0.583,466418000.0,5778000.0,1249795000.0,1280269500.0,237463000.0,0.0,0.0,0.0,714740000.0,265570000.0,449170000.0,7497801467.0,-221891000.0,-164212000.0,-141362000.0,-50677000.0,-162839000.0,-341928000.0,-266335000.0,-38828000.0,470864000.0,-84492000.0,356938000.0,356938000.0,356938000.0,0.0,0.0,0.205,604572000.0,411417000.0,67580000.0,0.457,4.919,21.006,21.138,375224000.0,0.0,53.69,4.305,4.313,331747000.0,2062885000.0,1741748000.0,1741748000.0,111709000.0,0.159,0.234,0.342,0.251,34542000.0,474900000.0,1.0,139649869.0,139926000.0,141423000.0,12.448,1772593000.0,40885000.0,74675000.0,30661000.0,12.668,1085271000.0
23,RMD,MRT,2015-09-30,2015-09-30,2015-09-30,2021-08-19,-295624000.0,2254679000.0,2260261000.0,1532800000.0,721879000.0,0.757,10.411,-58224000.0,822053000.0,822053000.0,697458000.0,352543000.0,5.957,0.543,500587000.0,0.0,500587000.0,500587000.0,58294000.0,72877000.0,0.0,0.022,1.14,439207000.0,512084000.0,0.299,512084000.0,439207000.0,433429000.0,2.51,2.47,2.51,1460813000.0,1543210750.0,1460813000.0,6744060897.0,15.0,13.17,363028000.0,2.587,1.0,1012702000.0,0.592,305418000.0,5778000.0,1370488000.0,1296559250.0,258609000.0,0.0,0.0,0.0,793866000.0,257307000.0,536559000.0,7160715897.0,-59641000.0,-22557000.0,-133126000.0,123466000.0,-160142000.0,-147418000.0,-164217000.0,-73937000.0,421252000.0,-169258000.0,352543000.0,352543000.0,352543000.0,0.0,0.0,0.206,600116000.0,412586000.0,77482000.0,0.454,4.902,20.312,20.303,368984000.0,0.0,50.96,4.187,4.181,327168000.0,2014344000.0,1710160000.0,1710160000.0,112033000.0,0.156,0.228,0.339,0.257,26487000.0,479201000.0,1.0,140516403.0,140309000.0,142280000.0,12.189,1949261000.0,53484000.0,80886000.0,37048000.0,13.893,1275493000.0
24,RMD,MRT,2015-06-30,2015-06-30,2015-06-30,2021-08-19,-173516000.0,2181774000.0,2273954500.0,1407844000.0,773930000.0,0.738,11.3,-62502000.0,717249000.0,717249000.0,667516000.0,352886000.0,5.283,0.375,300594000.0,0.0,300594000.0,300594000.0,55381000.0,73056000.0,0.0,0.02,1.12,441694000.0,514750000.0,0.307,514750000.0,441694000.0,435916000.0,2.51,2.47,2.51,1587307000.0,1591310250.0,1587307000.0,7538011440.0,17.0,14.644,320678000.0,2.283,1.0,1011396000.0,0.602,311403000.0,5778000.0,1187253000.0,1260291750.0,246859000.0,0.0,0.0,0.0,594467000.0,266463000.0,328004000.0,7943755440.0,-188481000.0,-29407000.0,-121494000.0,-1536000.0,-157262000.0,-255791000.0,-143071000.0,-41720000.0,383180000.0,-172799000.0,352886000.0,352886000.0,352886000.0,0.0,0.0,0.21,602160000.0,409236000.0,81112000.0,0.446,5.005,22.511,22.458,387758000.0,0.0,56.37,4.731,4.716,362568000.0,1976020000.0,1678912000.0,1678912000.0,114865000.0,0.155,0.222,0.35,0.263,22896000.0,478627000.0,1.0,140921686.0,140468000.0,142687000.0,11.952,1870371000.0,46380000.0,83030000.0,24404000.0,13.315,1141381000.0
25,RMD,MRT,2015-03-31,2015-03-31,2015-03-31,2021-08-19,-199503000.0,2278029000.0,2318751500.0,1552770000.0,725259000.0,0.708,10.912,-68778000.0,866325000.0,866325000.0,627835000.0,353162000.0,6.056,0.483,460581000.0,0.0,460581000.0,460581000.0,51479000.0,75133000.0,0.0,0.015,1.09,444563000.0,519696000.0,0.317,519696000.0,444563000.0,438434000.0,2.51,2.47,2.51,1536275000.0,1634045500.0,1536275000.0,9657972092.0,22.0,18.584,330284000.0,2.346,1.0,1013224000.0,0.617,302339000.0,6129000.0,1313542000.0,1251466500.0,225191000.0,0.0,0.0,0.0,741754000.0,256404000.0,485350000.0,10089004092.0,-72238000.0,-27168000.0,-95160000.0,63463000.0,-152993000.0,-159463000.0,-142431000.0,-36633000.0,399062000.0,-169406000.0,353162000.0,353162000.0,353162000.0,0.0,0.0,0.215,605049000.0,408175000.0,70900000.0,0.434,6.567,28.568,28.598,384160000.0,0.0,71.78,6.148,6.158,345485000.0,1927958000.0,1641059000.0,1641059000.0,118138000.0,0.152,0.216,0.355,0.271,19895000.0,471618000.0,1.0,140554529.0,140792000.0,142813000.0,11.656,1975690000.0,50670000.0,85272000.0,27024000.0,14.033,1296366000.0
26,RMD,MRT,2014-12-31,2014-12-31,2014-12-31,2021-08-19,-81500000.0,2326562000.0,2340385750.0,1558491000.0,768071000.0,0.691,11.342,-75971000.0,880695000.0,880695000.0,602739000.0,352148000.0,6.003,0.465,449663000.0,0.0,449663000.0,449663000.0,54355000.0,74455000.0,0.0,0.019,1.06,443117000.0,517572000.0,0.32,517572000.0,443117000.0,436988000.0,2.5,2.46,2.5,1588448000.0,1672703000.0,1588448000.0,7311270828.0,16.0,14.126,333245000.0,2.38,1.0,1013581000.0,0.627,320966000.0,6129000.0,1314954000.0,1232575000.0,218062000.0,0.0,0.0,0.0,738114000.0,259610000.0,478504000.0,7817263828.0,-91980000.0,-17993000.0,-159483000.0,13891000.0,-148870000.0,-277857000.0,-146635000.0,-42770000.0,409216000.0,-76704000.0,352148000.0,352148000.0,352148000.0,0.0,0.0,0.218,606576000.0,407005000.0,80004000.0,0.424,4.921,22.199,22.424,408219000.0,0.0,56.06,4.836,4.857,340427000.0,1876359000.0,1616320000.0,1616320000.0,120644000.0,0.15,0.211,0.36,0.274,27343000.0,470383000.0,1.0,139444592.0,140048000.0,142202000.0,11.541,2005596000.0,48342000.0,84840000.0,20021000.0,14.321,1298881000.0
27,RMD,MRT,2014-09-30,2014-09-30,2014-09-30,2021-08-19,26449000.0,2309453000.0,2345142250.0,1534750000.0,774703000.0,0.673,11.798,-76651000.0,881694000.0,881694000.0,578591000.0,347603000.0,6.035,0.397,375701000.0,0.0,375701000.0,375701000.0,54032000.0,74166000.0,0.0,0.021,1.03,437067000.0,511233000.0,0.324,511233000.0,437067000.0,430938000.0,2.46,2.42,2.46,1653211000.0,1685329000.0,1653211000.0,6301157137.0,14.0,12.325,310728000.0,2.217,1.0,999118000.0,0.633,323746000.0,6129000.0,1225418000.0,1211128250.0,197226000.0,0.0,0.0,0.0,656242000.0,254296000.0,401946000.0,6906099137.0,-94880000.0,-10702000.0,-194336000.0,12798000.0,-145239000.0,-311241000.0,-114998000.0,-18524000.0,387379000.0,-56020000.0,347603000.0,347603000.0,347603000.0,0.0,0.0,0.22,596239000.0,402879000.0,76248000.0,0.419,4.177,19.868,20.028,419786000.0,0.0,49.27,4.377,4.376,328591000.0,1824457000.0,1577709000.0,1577709000.0,120887000.0,0.148,0.206,0.361,0.277,27339000.0,459611000.0,1.0,140168442.0,140127000.0,142683000.0,11.259,1985707000.0,52385000.0,83335000.0,26026000.0,14.171,1280454000.0
28,RMD,MRT,2014-06-30,2014-06-30,2014-06-30,2021-08-19,151557000.0,2360962000.0,2351437750.0,1556209000.0,804753000.0,0.661,12.428,-72722000.0,905730000.0,905730000.0,565187000.0,345273000.0,5.773,0.343,300788000.0,18000.0,300770000.0,300788000.0,58722000.0,73454000.0,0.0,0.02,1.0,437207000.0,510661000.0,0.328,510661000.0,437207000.0,431078000.0,2.44,2.39,2.44,1758248000.0,1695160000.0,1758248000.0,6562197416.0,15.0,12.85,318546000.0,2.252,1.0,989786000.0,0.637,334510000.0,6129000.0,1151952000.0,1098691000.0,165418000.0,0.0,0.0,0.0,602714000.0,269558000.0,333156000.0,7104957416.0,29682000.0,-3852000.0,-168815000.0,-2201000.0,-141518000.0,-297316000.0,-94987000.0,-9979000.0,391268000.0,30717000.0,345273000.0,345273000.0,345273000.0,0.0,0.0,0.222,584699000.0,405087000.0,85405000.0,0.41,4.041,20.578,20.75,434277000.0,0.0,50.63,4.569,4.606,359593000.0,1780396000.0,1554973000.0,1554973000.0,118226000.0,0.147,0.204,0.398,0.281,27122000.0,450414000.0,1.0,140330978.0,141474000.0,144359000.0,10.991,2026452000.0,50663000.0,85805000.0,27143000.0,14.324,1286651000.0
29,RMD,MRT,2014-03-31,2014-03-31,2014-03-31,2021-08-19,129535000.0,2364566000.0,2313877500.0,1563902000.0,800664000.0,0.672,11.996,-70213000.0,938563000.0,938563000.0,565991000.0,330548000.0,6.334,0.398,395803000.0,18000.0,395785000.0,395803000.0,57767000.0,73290000.0,0.0,0.021,0.92,418657000.0,491947000.0,0.316,491947000.0,418657000.0,412270000.0,2.33,2.29,2.33,1690905000.0,1658227000.0,1690905000.0,5793910378.0,14.0,11.778,329394000.0,2.337,1.0,988377000.0,0.636,336938000.0,6387000.0,1237976000.0,994938500.0,164888000.0,0.0,0.0,0.0,673661000.0,246892000.0,426769000.0,6330773378.0,-74135000.0,-3172000.0,-205337000.0,52764000.0,-130652000.0,-273553000.0,-98636000.0,-17210000.0,399607000.0,-101553000.0,330548000.0,330548000.0,330548000.0,0.0,0.0,0.213,595609000.0,392768000.0,55483000.0,0.395,3.744,19.152,19.18,429049000.0,0.0,44.69,4.073,4.053,337572000.0,1727789000.0,1554368000.0,1554368000.0,117819000.0,0.143,0.199,0.421,0.269,26240000.0,443229000.0,1.0,141659731.0,140959000.0,143375000.0,11.027,2027628000.0,66760000.0,81722000.0,22526000.0,14.385,1317010000.0
30,RMD,MRT,2013-12-31,2013-12-31,2013-12-31,2021-08-19,78923000.0,2345588000.0,2316475000.0,1564132000.0,781456000.0,0.665,11.526,-72370000.0,972675000.0,972675000.0,564153000.0,325492000.0,6.442,0.431,435812000.0,18000.0,435794000.0,435812000.0,56841000.0,76783000.0,0.0,0.018,0.84,413737000.0,490520000.0,0.318,490520000.0,413737000.0,407350000.0,2.28,2.24,2.28,1638952000.0,1677540250.0,1638952000.0,6073427913.0,15.0,12.382,333142000.0,2.343,1.0,976038000.0,0.634,336747000.0,6387000.0,1229167000.0,884180250.0,178077000.0,0.0,0.0,0.0,706636000.0,242811000.0,463825000.0,6689193913.0,14395000.0,-3172000.0,-185732000.0,132835000.0,-119641000.0,-159555000.0,-96439000.0,-14152000.0,405512000.0,-135123000.0,325492000.0,325492000.0,325492000.0,0.0,0.0,0.211,591869000.0,384169000.0,56235000.0,0.368,4.081,20.551,20.649,414344000.0,0.0,47.08,4.343,4.347,301627000.0,1673082000.0,1540191000.0,1540191000.0,119478000.0,0.141,0.194,0.468,0.269,22600000.0,437756000.0,1.0,142081434.0,142202000.0,145335000.0,10.831,2008841000.0,59327000.0,81858000.0,15802000.0,14.127,1321321000.0
31,RMD,MRT,2013-09-30,2013-09-30,2013-09-30,2021-08-19,130291000.0,2334635000.0,2312671750.0,1557934000.0,776701000.0,0.663,11.919,-66500000.0,976574000.0,976574000.0,572396000.0,316798000.0,2.549,0.379,360808000.0,360018000.0,790000.0,360808000.0,56033000.0,77500000.0,0.0,0.014,0.76,402676000.0,480176000.0,0.313,480176000.0,402676000.0,396289000.0,2.21,2.17,2.21,1692535000.0,1705680250.0,1692535000.0,6928044911.0,17.0,14.428,348494000.0,2.454,1.0,959991000.0,0.626,332118000.0,6387000.0,775669000.0,847962750.0,175355000.0,0.0,0.0,0.0,642100000.0,611082000.0,31018000.0,7503306911.0,85945000.0,0.0,-146943000.0,94928000.0,-109839000.0,-151657000.0,-84609000.0,-9262000.0,414994000.0,-92783000.0,316798000.0,316798000.0,316798000.0,0.0,0.0,0.207,588772000.0,371219000.0,57125000.0,0.344,4.433,23.685,23.9,416745000.0,0.0,52.82,4.896,4.895,282425000.0,1622093000.0,1532387000.0,1532387000.0,120267000.0,0.137,0.186,0.475,0.263,24264000.0,433823000.0,1.0,142054277.0,142005000.0,145456000.0,10.791,2002517000.0,68930000.0,79491000.0,32287000.0,14.102,946852000.0
32,RMD,MRT,2013-06-30,2013-06-30,2013-06-30,2021-08-19,92088000.0,2210721000.0,2290177750.0,1448849000.0,761872000.0,0.661,11.266,-63579000.0,876048000.0,876048000.0,573800000.0,307133000.0,2.524,0.373,300786000.0,300017000.0,769000.0,300786000.0,56881000.0,78280000.0,0.0,0.015,0.68,391506000.0,469786000.0,0.31,469786000.0,391506000.0,385119000.0,2.15,2.1,2.15,1610516000.0,1707277250.0,1610516000.0,5757602186.0,15.0,12.256,339244000.0,2.373,1.0,940657000.0,0.621,324468000.0,6387000.0,736942000.0,912518250.0,145847000.0,0.0,0.0,0.0,600205000.0,574049000.0,26156000.0,6429482186.0,66507000.0,-5418000.0,-117019000.0,49779000.0,-97204000.0,-153927000.0,-78000000.0,-800000.0,402823000.0,-104389000.0,307133000.0,307133000.0,307133000.0,0.0,0.0,0.203,585833000.0,354824000.0,60688000.0,0.316,3.992,20.934,20.991,411433000.0,0.0,45.13,4.245,4.26,318349000.0,1576641000.0,1514457000.0,1514457000.0,120124000.0,0.134,0.18,0.429,0.259,19850000.0,430802000.0,1.0,142465814.0,142954000.0,146410000.0,10.594,1886253000.0,67515000.0,77986000.0,44176000.0,13.195,874800000.0
33,RMD,MRT,2013-03-31,2013-03-31,2013-03-31,2021-08-19,259115000.0,2374956000.0,2271964750.0,1579875000.0,795081000.0,0.648,12.339,-59644000.0,1012698000.0,1012698000.0,564500000.0,310967000.0,2.722,0.343,340818000.0,340052000.0,766000.0,340818000.0,57035000.0,81047000.0,0.0,0.011,0.51,400588000.0,481635000.0,0.327,481635000.0,400588000.0,395802000.0,2.17,2.13,2.17,1768158000.0,1706555000.0,1768158000.0,5994938541.0,15.0,12.447,316234000.0,2.207,1.0,907278000.0,0.616,327712000.0,4786000.0,794943000.0,982101500.0,166483000.0,0.0,0.0,0.0,606798000.0,580421000.0,26377000.0,6652366541.0,236631000.0,-5418000.0,-132118000.0,104726000.0,-72939000.0,-84344000.0,-59666000.0,12715000.0,375878000.0,4763000.0,310967000.0,310967000.0,310967000.0,0.0,0.0,0.211,548890000.0,358388000.0,49385000.0,0.235,3.762,21.393,21.364,444495000.0,0.0,46.36,4.52,4.514,293489000.0,1527893000.0,1471778000.0,1471778000.0,116646000.0,0.137,0.182,0.408,0.272,18171000.0,421655000.0,1.0,143493670.0,143293000.0,146643000.0,10.271,2047244000.0,48939000.0,84835000.0,31710000.0,14.287,999454000.0
34,RMD,MRT,2012-12-31,2012-12-31,2012-12-31,2021-08-19,267476000.0,2330375000.0,2210436500.0,1529851000.0,800524000.0,0.65,12.23,-49581000.0,958280000.0,958280000.0,558945000.0,290667000.0,6.093,0.33,300852000.0,54000.0,300798000.0,300852000.0,57839000.0,80399000.0,0.0,0.008,0.34,376603000.0,457002000.0,0.318,457002000.0,376603000.0,371817000.0,2.03,1.99,2.03,1751512000.0,1666753750.0,1751512000.0,5322854085.0,14.0,11.647,305323000.0,2.132,1.0,878325000.0,0.611,337582000.0,4786000.0,1084297000.0,1034377250.0,194804000.0,0.0,0.0,0.0,578863000.0,251068000.0,327795000.0,5947645085.0,235047000.0,-6817000.0,-128959000.0,74241000.0,-48688000.0,-89876000.0,-44473000.0,19917000.0,354904000.0,14492000.0,290667000.0,290667000.0,290667000.0,0.0,0.0,0.202,539488000.0,338837000.0,52119000.0,0.167,3.396,20.462,20.478,439575000.0,0.0,41.57,4.138,4.142,281439000.0,1467230000.0,1437270000.0,1437270000.0,113855000.0,0.131,0.174,0.364,0.262,18268000.0,413985000.0,1.0,143075417.0,143214000.0,146689000.0,10.036,1992793000.0,44440000.0,81150000.0,32681000.0,13.915,1278783000.0
35,RMD,MRT,2012-09-30,2012-09-30,2012-09-30,2021-08-19,255313000.0,2244659000.0,2138212250.0,1450217000.0,794442000.0,0.652,11.91,-48088000.0,890629000.0,890629000.0,549143000.0,275597000.0,5.731,0.321,265838000.0,53000.0,265785000.0,265838000.0,57279000.0,84096000.0,0.0,0.004,0.17,361134000.0,445230000.0,0.32,445230000.0,361134000.0,356348000.0,1.92,1.88,1.92,1698923000.0,1619144500.0,1698923000.0,5189455306.0,14.0,11.656,323802000.0,2.27,1.0,844328000.0,0.606,332946000.0,4786000.0,1033891000.0,1011699000.0,193172000.0,0.0,0.0,0.0,545736000.0,253031000.0,292705000.0,5748161306.0,280566000.0,-6817000.0,-204337000.0,131697000.0,-22843000.0,-85472000.0,-44913000.0,16313000.0,371890000.0,39061000.0,275597000.0,275597000.0,275597000.0,0.0,0.0,0.198,530307000.0,314021000.0,52914000.0,0.089,3.383,20.857,21.078,438357000.0,0.0,40.47,4.125,4.143,266537000.0,1413711000.0,1393471000.0,1393471000.0,110747000.0,0.129,0.17,0.357,0.259,19650000.0,406722000.0,1.0,142035120.0,142651000.0,146055000.0,9.768,1911713000.0,45388000.0,80751000.0,37605000.0,13.401,1197186000.0
36,RMD,MRT,2012-06-30,2012-06-30,2012-06-30,2021-08-19,236456000.0,2137869000.0,2060870500.0,1361151000.0,776718000.0,0.664,11.019,-47135000.0,809541000.0,809541000.0,547780000.0,254850000.0,5.383,0.33,250835000.0,52000.0,250783000.0,250835000.0,55947000.0,85856000.0,0.0,0.0,0.0,336731000.0,422587000.0,0.309,422587000.0,336731000.0,331945000.0,1.75,1.71,1.75,1607627000.0,1581668250.0,1607627000.0,3913899174.0,12.0,9.262,336024000.0,2.303,1.0,820735000.0,0.6,311036000.0,4786000.0,1015275000.0,978721750.0,174351000.0,0.0,0.0,0.0,530242000.0,252852000.0,277390000.0,4453984174.0,74274000.0,-53322000.0,-330252000.0,144399000.0,0.0,-177105000.0,-101615000.0,12814000.0,383159000.0,-30165000.0,254850000.0,254850000.0,254850000.0,0.0,0.0,0.186,526328000.0,294407000.0,55006000.0,0.0,2.771,17.477,17.829,434363000.0,0.0,31.2,3.255,3.326,283160000.0,1366712000.0,1368515000.0,1368515000.0,109733000.0,0.124,0.161,0.344,0.246,21838000.0,402621000.0,1.0,142755903.0,145901000.0,149316000.0,9.38,1826833000.0,45372000.0,77095000.0,41073000.0,12.521,1108299000.0
37,RMD,MRT,2012-03-31,2012-03-31,2012-03-31,2021-08-19,264034000.0,2128843000.0,2043633750.0,1325851000.0,802992000.0,0.655,11.171,-52513000.0,776067000.0,776067000.0,545342000.0,236475000.0,5.149,0.323,235982000.0,982000.0,235000000.0,235982000.0,59489000.0,82938000.0,0.0,0.0,0.0,312402000.0,395340000.0,0.295,395340000.0,312402000.0,310644000.0,1.6,1.56,1.6,1608953000.0,1612445750.0,1608953000.0,3959973990.0,13.0,10.017,307997000.0,2.139,1.0,793136000.0,0.593,327233000.0,1758000.0,1004046000.0,960298000.0,183488000.0,0.0,0.0,0.0,519890000.0,257479000.0,262411000.0,4456756990.0,104363000.0,-53322000.0,-305749000.0,149160000.0,0.0,-149768000.0,-108601000.0,11179000.0,360510000.0,2222000.0,236475000.0,236475000.0,236475000.0,0.0,0.0,0.177,521763000.0,271373000.0,54726000.0,0.0,2.77,18.847,19.319,443090000.0,0.0,30.91,3.33,3.326,267930000.0,1289865000.0,1338478000.0,1338478000.0,108797000.0,0.116,0.147,0.325,0.233,23237000.0,400042000.0,1.0,144184956.0,144024000.0,147157000.0,9.293,1801610000.0,37399000.0,74169000.0,46921000.0,12.509,1068372000.0
38,RMD,MRT,2011-12-31,2011-12-31,2011-12-31,2021-08-19,240877000.0,2041478000.0,2001962750.0,1246767000.0,794711000.0,0.651,10.665,-58679000.0,723233000.0,723233000.0,537520000.0,225212000.0,5.46,0.308,226450000.0,1450000.0,225000000.0,226450000.0,57595000.0,81032000.0,0.0,0.0,0.0,299418000.0,380450000.0,0.292,380450000.0,299418000.0,297660000.0,1.5,1.46,1.5,1561075000.0,1626055000.0,1561075000.0,3748018497.0,13.0,9.852,297213000.0,2.031,1.0,765143000.0,0.587,322754000.0,1758000.0,993584000.0,934093500.0,184420000.0,0.0,0.0,0.0,480403000.0,228357000.0,252046000.0,4223986497.0,107032000.0,-53223000.0,-297109000.0,154212000.0,0.0,-135141000.0,-117386000.0,6989000.0,355892000.0,3667000.0,225212000.0,225212000.0,225212000.0,0.0,0.0,0.173,506356000.0,258787000.0,45763000.0,0.0,2.706,18.756,16.933,441000000.0,0.0,25.4,3.243,2.854,238764000.0,1225252000.0,1302663000.0,1302663000.0,103718000.0,0.112,0.139,0.321,0.23,21140000.0,390633000.0,1.0,166298681.0,146369000.0,149515000.0,8.9,1718724000.0,33100000.0,72448000.0,38309000.0,11.742,1018410000.0
39,RMD,MRT,2011-09-30,2011-09-30,2011-09-30,2021-08-19,200211000.0,1935292000.0,1962646000.0,1142799000.0,792493000.0,0.65,10.302,-64154000.0,610063000.0,610063000.0,523484000.0,220796000.0,5.063,0.249,134095000.0,4095000.0,130000000.0,134095000.0,58897000.0,75384000.0,0.0,0.0,0.0,295408000.0,370792000.0,0.291,370792000.0,295408000.0,293650000.0,1.45,1.41,1.45,1549018000.0,1638486750.0,1549018000.0,3727419192.0,13.0,10.053,249416000.0,1.659,1.0,752427000.0,0.59,331628000.0,1758000.0,901982000.0,889679750.0,187950000.0,0.0,0.0,0.0,386274000.0,225714000.0,160560000.0,4362523192.0,70059000.0,-53223000.0,-172154000.0,32383000.0,0.0,-126802000.0,-117288000.0,13742000.0,313570000.0,579000.0,220796000.0,220796000.0,220796000.0,0.0,0.0,0.173,491021000.0,261406000.0,46688000.0,0.0,2.816,19.758,19.855,432687000.0,0.0,28.79,3.419,3.393,251103000.0,1162380000.0,1275911000.0,1275911000.0,98472000.0,0.112,0.135,0.332,0.232,16695000.0,381662000.0,1.0,151529114.0,150366000.0,154051000.0,8.485,1603664000.0,35603000.0,72854000.0,43320000.0,10.665,917085000.0
40,RMD,MRT,2011-06-30,2011-06-30,2011-06-30,2021-08-19,324432000.0,2068922000.0,1926880500.0,1292452000.0,776470000.0,0.645,11.351,-66609000.0,735267000.0,735267000.0,501822000.0,226986000.0,6.189,0.195,100163000.0,163000.0,100000000.0,100163000.0,62362000.0,70616000.0,0.0,0.0,0.0,305465000.0,376081000.0,0.303,376081000.0,305465000.0,303707000.0,1.49,1.44,1.49,1730737000.0,1620443500.0,1730737000.0,4141248300.0,14.0,11.012,216581000.0,1.42,1.0,741326000.0,0.596,283398000.0,1758000.0,941580000.0,861034000.0,200777000.0,0.0,0.0,0.0,338185000.0,208840000.0,129345000.0,4732717300.0,246491000.0,-22450000.0,-68692000.0,-25161000.0,0.0,-79343000.0,-76511000.0,18979000.0,283190000.0,119155000.0,226986000.0,226986000.0,226986000.0,0.0,0.0,0.183,474402000.0,266924000.0,55194000.0,0.0,2.735,20.85,20.772,462107000.0,0.0,30.95,3.807,3.796,274352000.0,1111862000.0,1243148000.0,1243148000.0,92007000.0,0.118,0.14,0.355,0.246,16299000.0,372249000.0,1.0,152914937.0,152471000.0,157195000.0,8.153,1785524000.0,42091000.0,76721000.0,16679000.0,11.711,1083612000.0
41,RMD,MRT,2011-03-31,2011-03-31,2011-03-31,2021-08-19,282585000.0,1962159000.0,1816249250.0,1202658000.0,759501000.0,0.657,10.854,-65485000.0,671704000.0,671704000.0,475855000.0,221680000.0,6.284,0.18,80235000.0,235000.0,80000000.0,80235000.0,58721000.0,66581000.0,0.0,0.0,0.0,301093000.0,367674000.0,0.308,367674000.0,301093000.0,298426000.0,1.45,1.41,1.45,1663390000.0,1509643250.0,1663390000.0,4047525460.0,13.0,11.008,202339000.0,1.32,1.0,716973000.0,0.601,280091000.0,2667000.0,899228000.0,804911000.0,205000000.0,0.0,0.0,0.0,298769000.0,191371000.0,107398000.0,4599368460.0,150768000.0,-22280000.0,-51212000.0,-64824000.0,0.0,-99443000.0,-75673000.0,18392000.0,267824000.0,58060000.0,221680000.0,221680000.0,221680000.0,0.0,0.0,0.186,448125000.0,268848000.0,52370000.0,0.0,2.765,20.748,20.69,447669000.0,0.0,30.0,3.856,3.854,251935000.0,1053390000.0,1192828000.0,1192828000.0,84980000.0,0.122,0.147,0.374,0.252,14487000.0,352795000.0,1.0,153312282.0,153251000.0,157616000.0,7.783,1682068000.0,39525000.0,76746000.0,17090000.0,10.976,1011287000.0
42,RMD,MRT,2010-12-31,2010-12-31,2010-12-31,2021-08-19,253949000.0,1884211000.0,1754083000.0,1145254000.0,738957000.0,0.66,10.568,-61381000.0,616201000.0,616201000.0,457176000.0,217164000.0,4.644,0.17,64358000.0,64358000.0,0.0,64358000.0,52016000.0,64577000.0,0.0,0.0,0.0,297728000.0,362305000.0,0.313,362305000.0,297728000.0,295061000.0,1.42,1.38,1.42,1610802000.0,1426853500.0,1610802000.0,4791074410.0,16.0,13.224,178577000.0,1.172,1.0,701053000.0,0.605,269847000.0,2667000.0,815929000.0,770050250.0,214886000.0,0.0,0.0,0.0,273409000.0,246592000.0,26817000.0,5237278410.0,164770000.0,-20696000.0,3841000.0,-79557000.0,0.0,-59160000.0,-70484000.0,18533000.0,239958000.0,54456000.0,217164000.0,217164000.0,217164000.0,0.0,0.0,0.187,434988000.0,266065000.0,44329000.0,0.0,3.251,24.117,24.394,441049000.0,0.0,34.64,4.522,4.559,235083000.0,1000040000.0,1158229000.0,1158229000.0,79940000.0,0.124,0.152,0.387,0.257,15869000.0,344379000.0,1.0,151191640.0,152420000.0,157593000.0,7.599,1614364000.0,32853000.0,77897000.0,20179000.0,10.592,898662000.0
43,RMD,MRT,2010-09-30,2010-09-30,2010-09-30,2021-08-19,212336000.0,1792230000.0,1688342750.0,1068511000.0,723719000.0,0.668,9.75,-58110000.0,540004000.0,540004000.0,448118000.0,204691000.0,3.732,0.214,93800000.0,93800000.0,0.0,93800000.0,50196000.0,63111000.0,0.0,0.0,0.0,281904000.0,345015000.0,0.306,345015000.0,281904000.0,279237000.0,1.35,1.31,1.35,1476845000.0,1338532750.0,1476845000.0,4599265648.0,16.0,13.331,125105000.0,0.826,1.0,679259000.0,0.603,272312000.0,2667000.0,787399000.0,768504000.0,214208000.0,0.0,0.0,0.0,315385000.0,286315000.0,29070000.0,4966352648.0,62180000.0,-31356000.0,-24663000.0,-68438000.0,0.0,-79604000.0,-75823000.0,18565000.0,183215000.0,34392000.0,204691000.0,204691000.0,204691000.0,0.0,0.0,0.182,425145000.0,254114000.0,43071000.0,0.0,3.363,24.263,24.304,423940000.0,0.0,32.81,4.405,4.408,225836000.0,941584000.0,1127377000.0,1127377000.0,77027000.0,0.121,0.153,0.367,0.25,18064000.0,336892000.0,1.0,151367042.0,151474000.0,156752000.0,7.443,1519918000.0,46860000.0,74546000.0,43548000.0,10.034,782196000.0
44,RMD,MRT,2010-06-30,2010-06-30,2010-06-30,2021-08-19,86375000.0,1626397000.0,1645319250.0,985341000.0,641056000.0,0.664,8.532,-56855000.0,488776000.0,488776000.0,436874000.0,190085000.0,3.151,0.263,121689000.0,121689000.0,0.0,121689000.0,42262000.0,61563000.0,0.0,0.0,0.0,263256000.0,324819000.0,0.297,324819000.0,263256000.0,260589000.0,1.26,1.23,1.26,1287536000.0,1270053000.0,1287536000.0,4233620872.0,16.0,13.034,131358000.0,0.87,1.0,655483000.0,0.6,229550000.0,2667000.0,717088000.0,760851250.0,185642000.0,0.0,0.0,0.0,338861000.0,312672000.0,26189000.0,4610859872.0,73126000.0,-10206000.0,-35860000.0,-38438000.0,0.0,-61129000.0,-58311000.0,13536000.0,188213000.0,4353000.0,190085000.0,190085000.0,190085000.0,0.0,0.0,0.174,415101000.0,240382000.0,57535000.0,0.0,3.581,24.257,24.131,387148000.0,0.0,30.405,4.221,4.2,226911000.0,884876000.0,1092357000.0,1092357000.0,75202000.0,0.116,0.15,0.346,0.241,16565000.0,328858000.0,1.0,151648080.0,150908000.0,155098000.0,7.239,1396847000.0,38471000.0,70504000.0,36492000.0,9.256,672669000.0
45,RMD,MRT,2010-03-31,2010-03-31,2010-03-31,2021-08-19,168218000.0,1713494000.0,1615712000.0,1030358000.0,683136000.0,0.652,8.83,-65679000.0,520936000.0,520936000.0,415070000.0,182289000.0,3.171,0.286,143697000.0,114231000.0,29466000.0,143697000.0,44536000.0,60988000.0,0.0,0.0,0.0,251042000.0,312030000.0,0.296,312030000.0,251042000.0,251042000.0,1.215,1.175,1.215,1332231000.0,1226967000.0,1332231000.0,4477000302.0,18.0,14.348,133802000.0,0.887,1.0,637674000.0,0.606,251490000.0,0.0,759785000.0,765769750.0,197812000.0,3691000.0,3691000.0,0.0,381263000.0,324980000.0,56283000.0,4783307302.0,193864000.0,-11205000.0,-19198000.0,-18438000.0,0.0,-29009000.0,-65674000.0,15891000.0,199481000.0,89066000.0,182289000.0,182289000.0,182289000.0,0.0,0.0,0.173,408011000.0,229663000.0,51856000.0,0.0,3.59,26.24,26.193,405098000.0,0.0,31.825,4.544,4.561,223670000.0,831710000.0,1052744000.0,1052744000.0,72219000.0,0.113,0.149,0.328,0.238,19654000.0,322569000.0,1.0,150300308.0,150876000.0,155660000.0,6.978,1462004000.0,73203000.0,68753000.0,54358000.0,9.69,705378000.0
46,RMD,MRT,2009-12-31,2009-12-31,2009-12-31,2021-08-19,168731000.0,1621250000.0,1518773250.0,927633000.0,693617000.0,0.66,8.37,-74661000.0,451431000.0,451431000.0,391916000.0,172653000.0,3.855,0.289,145124000.0,50525000.0,94599000.0,145124000.0,46450000.0,57918000.0,0.0,0.0,0.0,236978000.0,294896000.0,0.294,294896000.0,236978000.0,236978000.0,1.155,1.12,1.155,1257519000.0,1136988750.0,1257519000.0,3603601366.0,15.0,12.22,115526000.0,0.769,1.0,610034000.0,0.609,264580000.0,0.0,809744000.0,749205750.0,182870000.0,3746000.0,3746000.0,0.0,363731000.0,240619000.0,123112000.0,3918036366.0,130946000.0,-11168000.0,-54783000.0,-9649000.0,0.0,-56839000.0,-78898000.0,12185000.0,190187000.0,76496000.0,172653000.0,172653000.0,172653000.0,0.0,0.0,0.172,389032000.0,221002000.0,46617000.0,0.0,3.116,22.693,22.628,403208000.0,0.0,26.135,3.91,3.919,208947000.0,782876000.0,1001950000.0,1001950000.0,67822000.0,0.114,0.152,0.316,0.237,19312000.0,309302000.0,1.0,149915300.0,150246000.0,154068000.0,6.669,1356670000.0,72038000.0,64325000.0,43992000.0,9.03,687014000.0
47,RMD,MRT,2009-09-30,2009-09-30,2009-09-30,2021-08-19,164889000.0,1620136000.0,1440242750.0,939810000.0,680326000.0,0.659,7.978,-87544000.0,477824000.0,477824000.0,372942000.0,160523000.0,3.215,0.347,163389000.0,68296000.0,95093000.0,163389000.0,46070000.0,53777000.0,0.0,0.0,0.0,220862000.0,274639000.0,0.289,274639000.0,220862000.0,220862000.0,1.07,1.04,1.07,1202926000.0,1063502250.0,1202926000.0,3160705446.0,14.0,11.509,147568000.0,0.979,1.0,576854000.0,0.607,256617000.0,0.0,756788000.0,713802000.0,175108000.0,4278000.0,4278000.0,0.0,417210000.0,292296000.0,124914000.0,3414619446.0,175750000.0,-830000.0,-45866000.0,24472000.0,0.0,-16525000.0,-87758000.0,6406000.0,235112000.0,44921000.0,160523000.0,160523000.0,160523000.0,0.0,0.0,0.169,370444000.0,206410000.0,47287000.0,0.0,2.839,21.272,21.121,397375000.0,0.0,22.6,3.595,3.588,208825000.0,736893000.0,949796000.0,949796000.0,63678000.0,0.111,0.151,0.309,0.233,21589000.0,295294000.0,1.0,151089356.0,150788000.0,153524000.0,6.299,1363519000.0,69321000.0,60339000.0,85167000.0,9.043,647514000.0
48,RMD,MRT,2009-06-30,2009-06-30,2009-06-30,2021-08-19,105777000.0,1507968000.0,1358383000.0,853284000.0,654684000.0,0.678,7.373,-107929000.0,415650000.0,415650000.0,366933000.0,146448000.0,3.171,0.352,161736000.0,67545000.0,94191000.0,161736000.0,44119000.0,53963000.0,0.0,0.0,0.0,201684000.0,255647000.0,0.278,255647000.0,201684000.0,201684000.0,0.97,0.95,0.97,1115192000.0,1006333000.0,1115192000.0,2901915790.0,14.0,11.351,130948000.0,0.866,1.0,553802000.0,0.601,248192000.0,0.0,736762000.0,701404500.0,157431000.0,4254000.0,0.0,4254000.0,392776000.0,269100000.0,123676000.0,3069407790.0,94572000.0,611000.0,-43701000.0,41702000.0,0.0,1871000.0,-109299000.0,4157000.0,238877000.0,-36877000.0,146448000.0,146448000.0,146448000.0,0.0,0.0,0.159,363491000.0,190311000.0,48293000.0,0.0,2.752,20.959,20.995,377613000.0,0.0,20.365,3.334,3.346,212096000.0,694791000.0,920735000.0,920735000.0,63056000.0,0.108,0.146,0.288,0.219,21645000.0,289875000.0,1.0,150719754.0,151258000.0,154226000.0,6.087,1259776000.0,65799000.0,55236000.0,71610000.0,8.329,584184000.0
49,RMD,MRT,2009-03-31,2009-03-31,2009-03-31,2021-08-19,7883000.0,1325739000.0,1332891000.0,728062000.0,597677000.0,0.678,6.412,-100977000.0,327072000.0,327072000.0,372748000.0,130711000.0,3.185,0.363,159580000.0,66565000.0,93015000.0,159580000.0,37479000.0,55738000.0,0.0,0.0,0.0,180935000.0,236673000.0,0.262,236673000.0,180935000.0,180935000.0,0.865,0.845,0.865,972318000.0,997978750.0,972318000.0,2514056533.0,14.0,10.622,124522000.0,0.821,1.0,531179000.0,0.588,236153000.0,0.0,693529000.0,704355250.0,147674000.0,4496000.0,0.0,4496000.0,353421000.0,228565000.0,124856000.0,2681638533.0,19578000.0,3981000.0,-79703000.0,47170000.0,0.0,-28662000.0,-102486000.0,1107000.0,225499000.0,-74773000.0,130711000.0,130711000.0,130711000.0,0.0,0.0,0.145,361781000.0,169398000.0,51235000.0,0.0,2.758,20.516,20.428,334746000.0,0.0,17.67,2.967,2.964,195986000.0,649421000.0,903927000.0,903927000.0,63679000.0,0.098,0.131,0.257,0.2,20542000.0,289732000.0,1.0,151762226.0,151642000.0,154510000.0,5.961,1089586000.0,58604000.0,50224000.0,48001000.0,7.185,499497000.0
50,RMD,MRT,2008-12-31,2008-12-31,2008-12-31,2021-08-19,25594000.0,1307128000.0,1342901750.0,706393000.0,600735000.0,0.661,6.361,-72635000.0,320485000.0,320485000.0,369095000.0,121197000.0,3.159,0.357,152903000.0,67553000.0,85350000.0,152903000.0,36982000.0,57387000.0,0.0,0.0,0.0,170904000.0,228291000.0,0.257,228291000.0,170904000.0,170904000.0,0.795,0.78,0.795,963573000.0,1022223500.0,963573000.0,2679867275.0,16.0,11.739,142550000.0,0.941,1.0,518794000.0,0.584,247815000.0,0.0,668129000.0,721941500.0,143064000.0,4044000.0,0.0,4044000.0,343555000.0,223602000.0,119953000.0,2836814275.0,41982000.0,2805000.0,-80431000.0,30556000.0,0.0,-47419000.0,-68702000.0,7974000.0,215185000.0,-57082000.0,121197000.0,121197000.0,121197000.0,0.0,0.0,0.137,364526000.0,154268000.0,54456000.0,0.0,2.944,23.407,23.572,328110000.0,0.0,18.74,3.195,3.197,185733000.0,610222000.0,887889000.0,887889000.0,64800000.0,0.09,0.119,0.237,0.192,20888000.0,288984000.0,1.0,151377496.0,151484000.0,154716000.0,5.861,1059313000.0,58201000.0,49707000.0,45272000.0,6.993,482791000.0
51,RMD,MRT,2008-09-30,2008-09-30,2008-09-30,2021-08-19,78636000.0,1292697000.0,1345964500.0,686807000.0,605890000.0,0.645,6.442,-67164000.0,302074000.0,302074000.0,358488000.0,114205000.0,3.903,0.327,145127000.0,36647000.0,108480000.0,145127000.0,38863000.0,59474000.0,0.0,0.0,0.0,162770000.0,222244000.0,0.256,222244000.0,162770000.0,162770000.0,0.745,0.73,0.745,974249000.0,1035018000.0,974249000.0,3065836643.0,19.0,13.795,110450000.0,0.73,1.0,509100000.0,0.587,252604000.0,0.0,707198000.0,740620000.0,145595000.0,4460000.0,0.0,4460000.0,318448000.0,175948000.0,142500000.0,3249260643.0,50760000.0,3127000.0,-81959000.0,29698000.0,0.0,-48435000.0,-46013000.0,25094000.0,177614000.0,-32406000.0,114205000.0,114205000.0,114205000.0,0.0,0.0,0.132,361329000.0,147771000.0,48480000.0,0.0,3.335,28.451,28.859,329131000.0,0.0,21.5,3.745,3.748,175831000.0,576369000.0,867588000.0,867588000.0,64804000.0,0.085,0.11,0.22,0.188,17949000.0,286542000.0,1.0,151128402.0,151226000.0,154360000.0,5.737,1040093000.0,64515000.0,48565000.0,34638000.0,6.878,510859000.0
52,RMD,MRT,2008-06-30,2008-06-30,2008-06-30,2021-08-19,207769000.0,1406000000.0,1344751000.0,739240000.0,666760000.0,0.621,6.99,-51068000.0,321078000.0,321078000.0,341647000.0,110303000.0,3.838,0.3,137654000.0,43865000.0,93789000.0,137654000.0,41806000.0,59485000.0,0.0,0.0,0.0,157855000.0,217340000.0,0.26,217340000.0,157855000.0,157855000.0,0.715,0.7,0.715,1081775000.0,1036952000.0,1081775000.0,2586148766.0,16.0,11.899,86768000.0,0.561,1.0,493750000.0,0.591,281418000.0,0.0,748565000.0,740671250.0,158251000.0,4615000.0,0.0,4615000.0,324225000.0,192593000.0,131632000.0,2761433766.0,63286000.0,1686000.0,-74930000.0,7360000.0,0.0,-63757000.0,-37853000.0,18401000.0,137836000.0,27060000.0,110303000.0,110303000.0,110303000.0,0.0,0.0,0.132,350780000.0,142970000.0,56308000.0,0.0,2.553,25.035,24.993,357057000.0,0.0,17.87,3.306,3.31,192200000.0,548343000.0,835397000.0,835397000.0,60524000.0,0.082,0.106,0.213,0.189,16928000.0,278087000.0,1.0,154529030.0,154756000.0,157424000.0,5.398,1124582000.0,64632000.0,47552000.0,27119000.0,7.267,546647000.0
53,RMD,MRT,2008-03-31,2008-03-31,2008-03-31,2021-08-19,184134000.0,1365782000.0,1306261500.0,719074000.0,646708000.0,0.606,6.897,-50303000.0,307494000.0,307494000.0,314683000.0,108343000.0,5.06,0.277,132209000.0,16237000.0,115972000.0,132209000.0,40975000.0,55914000.0,0.0,0.0,0.0,156664000.0,212578000.0,0.269,212578000.0,156664000.0,156664000.0,0.695,0.695,0.695,1069297000.0,999313750.0,1069297000.0,3130798357.0,20.0,14.728,57787000.0,0.373,1.0,476872000.0,0.602,284516000.0,0.0,763874000.0,717153000.0,169488000.0,5000000.0,0.0,5000000.0,296485000.0,142107000.0,154378000.0,3276672357.0,67388000.0,-855000.0,-27421000.0,1833000.0,0.0,-21153000.0,-42318000.0,15376000.0,108090000.0,22769000.0,108343000.0,108343000.0,108343000.0,0.0,0.0,0.137,334839000.0,142033000.0,35296000.0,0.0,3.064,30.244,30.345,335129000.0,0.0,21.09,4.14,4.131,179869000.0,518709000.0,791555000.0,791555000.0,57099000.0,0.083,0.108,0.218,0.198,15512000.0,265855000.0,1.0,155366162.0,155032000.0,157210000.0,5.106,1081266000.0,60737000.0,48321000.0,23599000.0,6.974,576967000.0
54,RMD,MRT,2007-12-31,2007-12-31,2007-12-31,2021-08-19,145060000.0,1319379000.0,1262767500.0,689798000.0,629581000.0,0.604,6.551,-72753000.0,278503000.0,278503000.0,358172000.0,63294000.0,4.241,0.3,132629000.0,26096000.0,106533000.0,132629000.0,36160000.0,53439000.0,0.0,0.0,0.0,92148000.0,145587000.0,0.191,145587000.0,92148000.0,92148000.0,0.405,0.405,0.405,1014751000.0,950115500.0,1014751000.0,3925284515.0,43.0,26.962,21708000.0,0.14,1.0,404546000.0,0.53,268009000.0,0.0,742843000.0,679653000.0,166402000.0,10000000.0,10000000.0,0.0,304628000.0,162653000.0,141975000.0,4060683515.0,45835000.0,-1332000.0,7574000.0,-10167000.0,0.0,5232000.0,-68589000.0,11004000.0,94461000.0,14731000.0,63294000.0,63294000.0,63294000.0,0.0,0.0,0.083,321793000.0,82753000.0,43866000.0,0.0,4.002,64.156,64.852,337066000.0,0.0,26.265,5.324,5.334,170773000.0,489025000.0,762718000.0,762718000.0,55155000.0,0.05,0.067,0.136,0.121,11260000.0,257072000.0,1.0,154604360.0,154890000.0,157198000.0,4.924,1051370000.0,61437000.0,28854000.0,27436000.0,6.788,527145000.0
55,RMD,MRT,2007-09-30,2007-09-30,2007-09-30,2021-08-19,146633000.0,1287843000.0,1216008250.0,672702000.0,615141000.0,0.607,6.33,-67777000.0,251314000.0,251314000.0,343494000.0,65428000.0,3.714,0.311,115915000.0,25375000.0,90540000.0,115915000.0,34493000.0,51613000.0,0.0,0.0,0.0,95546000.0,147159000.0,0.199,147159000.0,95546000.0,95546000.0,0.42,0.42,0.42,981985000.0,909132750.0,981985000.0,3179989536.0,33.0,21.609,25325000.0,0.163,1.0,394973000.0,0.535,263900000.0,0.0,707403000.0,648752250.0,167072000.0,26450000.0,26450000.0,0.0,305858000.0,181141000.0,124717000.0,3321783536.0,50159000.0,-1589000.0,20930000.0,-15578000.0,0.0,17261000.0,-81982000.0,-7873000.0,93102000.0,21778000.0,65428000.0,65428000.0,65428000.0,0.0,0.0,0.089,308361000.0,86612000.0,48150000.0,0.0,3.383,50.77,51.036,328079000.0,0.0,21.435,4.498,4.503,166416000.0,462165000.0,738467000.0,738467000.0,52264000.0,0.054,0.072,0.147,0.129,6518000.0,246764000.0,1.0,154970074.0,155138000.0,157882000.0,4.76,1023943000.0,58916000.0,30118000.0,28387000.0,6.6,491561000.0
56,RMD,MRT,2007-06-30,2007-06-30,2007-06-30,2021-08-19,115753000.0,1252042000.0,1151799500.0,668799000.0,583243000.0,0.622,6.07,-77556000.0,257792000.0,257792000.0,331840000.0,66302000.0,3.304,0.345,115998000.0,28350000.0,87648000.0,115998000.0,31337000.0,47948000.0,0.0,0.0,0.0,97973000.0,145921000.0,0.204,145921000.0,97973000.0,97973000.0,0.43,0.425,0.43,931222000.0,856501500.0,931222000.0,3086126112.0,31.0,21.149,13550000.0,0.088,1.0,384492000.0,0.537,253353000.0,0.0,654492000.0,618898250.0,157204000.0,19950000.0,19950000.0,0.0,320820000.0,202403000.0,118417000.0,3211661112.0,38248000.0,-1912000.0,36168000.0,-10470000.0,0.0,38096000.0,-105417000.0,-21572000.0,91106000.0,14463000.0,66302000.0,66302000.0,66302000.0,0.0,0.0,0.093,294329000.0,90163000.0,53039000.0,0.0,3.449,48.44,47.977,310580000.0,0.0,20.63,4.483,4.418,167821000.0,436954000.0,716332000.0,716332000.0,50106000.0,0.058,0.077,0.158,0.137,5107000.0,237326000.0,1.0,155679162.0,153418000.0,156506000.0,4.669,998689000.0,59267000.0,31671000.0,22122000.0,6.51,466396000.0
57,RMD,MRT,2007-03-31,2007-03-31,2007-03-31,2021-08-19,94020000.0,1191806000.0,1092019250.0,638597000.0,553209000.0,0.638,5.663,-83741000.0,240106000.0,240106000.0,324725000.0,61722000.0,3.176,0.366,114571000.0,18683000.0,95888000.0,114571000.0,30656000.0,45917000.0,0.0,0.0,0.0,96392000.0,142309000.0,0.204,142309000.0,96392000.0,96392000.0,0.41,0.39,0.41,872504000.0,808233000.0,872504000.0,3769418147.0,39.0,26.488,15569000.0,0.101,1.0,371470000.0,0.534,251354000.0,0.0,613874000.0,590403750.0,156915000.0,19950000.0,19950000.0,0.0,319302000.0,201043000.0,118259000.0,3868538147.0,73945000.0,-2070000.0,40338000.0,10409000.0,0.0,69617000.0,-108895000.0,-18870000.0,99310000.0,13913000.0,61722000.0,61722000.0,61722000.0,0.0,0.0,0.089,279587000.0,91883000.0,44109000.0,0.0,4.434,62.677,61.427,292706000.0,0.0,25.185,5.557,5.574,153063000.0,409281000.0,696195000.0,696195000.0,47003000.0,0.057,0.076,0.163,0.138,-1975000.0,225805000.0,1.0,153604850.0,154070000.0,154070000.0,4.519,940452000.0,52148000.0,34670000.0,19667000.0,6.104,437554000.0
58,RMD,MRT,2006-12-31,2006-12-31,2006-12-31,2021-08-19,80656000.0,1132342000.0,1018847750.0,590908000.0,541434000.0,0.663,5.571,-84686000.0,232668000.0,232668000.0,257381000.0,103449000.0,3.61,0.331,133548000.0,38424000.0,95124000.0,133548000.0,29731000.0,44360000.0,0.0,0.0,0.0,155463000.0,199823000.0,0.296,199823000.0,155463000.0,155463000.0,0.69,0.66,0.69,850820000.0,758690750.0,850820000.0,3661833005.0,24.0,18.325,27150000.0,0.178,1.0,418104000.0,0.619,250311000.0,0.0,619240000.0,557499000.0,141876000.0,21950000.0,21950000.0,0.0,281522000.0,163671000.0,117851000.0,3742679005.0,92386000.0,-2009000.0,34464000.0,35410000.0,0.0,85068000.0,-112698000.0,-21242000.0,111836000.0,8180000.0,103449000.0,103449000.0,103449000.0,0.0,0.0,0.153,267584000.0,150520000.0,45485000.0,0.0,4.399,36.179,35.667,282283000.0,0.0,24.61,5.541,5.564,143596000.0,424646000.0,675485000.0,675485000.0,43087000.0,0.102,0.136,0.279,0.23,637000.0,217373000.0,1.0,152079602.0,152716000.0,156284000.0,4.423,882031000.0,35492000.0,52014000.0,26395000.0,5.776,427237000.0
59,RMD,MRT,2006-09-30,2006-09-30,2006-09-30,2021-08-19,54060000.0,1031008000.0,950774500.0,517949000.0,513059000.0,0.677,5.082,-91322000.0,201155000.0,201155000.0,245401000.0,96768000.0,4.271,0.336,120309000.0,4825000.0,115484000.0,120309000.0,26648000.0,42029000.0,0.0,0.0,0.0,145765000.0,187794000.0,0.292,187794000.0,145765000.0,145765000.0,0.655,0.625,0.655,771460000.0,677260000.0,771460000.0,2957818434.0,20.0,15.75,17898000.0,0.118,1.0,398072000.0,0.619,240914000.0,0.0,587987000.0,511082750.0,122965000.0,20000000.0,20000000.0,0.0,259548000.0,121261000.0,138287000.0,3056281434.0,71426000.0,-8366000.0,29822000.0,44094000.0,0.0,83755000.0,-122085000.0,-17904000.0,109220000.0,536000.0,96768000.0,96768000.0,96768000.0,0.0,0.0,0.15,255968000.0,142104000.0,35180000.0,0.0,3.962,31.584,30.725,265078000.0,0.0,20.125,4.75,4.747,129912000.0,395651000.0,643473000.0,643473000.0,39647000.0,0.102,0.143,0.285,0.227,5699000.0,208931000.0,1.0,151864916.0,151794000.0,156112000.0,4.239,790094000.0,32443000.0,48997000.0,37203000.0,5.205,396688000.0
60,RMD,MRT,2006-06-30,2006-06-30,2006-06-30,2021-08-19,55134000.0,1012921000.0,897147000.0,510719000.0,502202000.0,0.677,5.104,-102749000.0,219544000.0,219544000.0,230101000.0,88211000.0,3.946,0.372,121081000.0,4869000.0,116212000.0,121081000.0,26828000.0,40970000.0,0.0,0.0,0.0,133394000.0,174364000.0,0.287,174364000.0,133394000.0,133394000.0,0.61,0.58,0.61,738148000.0,610745750.0,738148000.0,3470664232.0,26.0,19.905,-3721000.0,-0.026,1.0,376895000.0,0.621,244509000.0,0.0,540514000.0,466626500.0,116194000.0,0.0,0.0,0.0,274773000.0,129435000.0,145338000.0,3540351232.0,77359000.0,-10526000.0,34389000.0,53625000.0,0.0,97767000.0,-119874000.0,-2384000.0,99028000.0,438000.0,88211000.0,88211000.0,88211000.0,0.0,0.0,0.145,245595000.0,131300000.0,45045000.0,0.0,4.796,40.135,38.484,245376000.0,0.0,23.475,5.833,5.593,138147000.0,370652000.0,606996000.0,606996000.0,37216000.0,0.098,0.144,0.286,0.22,5552000.0,200168000.0,1.0,150813684.0,144614000.0,154324000.0,4.197,768412000.0,32336000.0,45183000.0,40918000.0,5.314,381284000.0
61,RMD,MRT,2006-03-31,2006-03-31,2006-03-31,2021-08-19,33078000.0,899120000.0,837453250.0,432623000.0,466497000.0,0.67,4.647,-92673000.0,166161000.0,166161000.0,208761000.0,80696000.0,3.914,0.333,96474000.0,2191000.0,94283000.0,96474000.0,24622000.0,38665000.0,0.0,0.0,0.0,117663000.0,156328000.0,0.279,156328000.0,117663000.0,117663000.0,0.56,0.545,0.56,674335000.0,544725000.0,674335000.0,3204008919.0,27.0,20.495,-7672000.0,-0.053,1.0,352487000.0,0.628,236651000.0,0.0,482255000.0,420823500.0,108744000.0,2002000.0,2002000.0,0.0,224785000.0,110527000.0,114258000.0,3140709919.0,29461000.0,-50289000.0,34254000.0,29541000.0,0.0,65968000.0,-113809000.0,32952000.0,85001000.0,-7699000.0,80696000.0,80696000.0,80696000.0,0.0,0.0,0.144,235196000.0,117291000.0,35290000.0,0.0,4.657,38.92,39.268,222918000.0,0.0,21.99,5.596,5.685,127179000.0,347559000.0,561248000.0,561248000.0,34269000.0,0.096,0.148,0.28,0.21,9207000.0,187598000.0,1.0,142824462.0,145098000.0,154806000.0,3.868,662469000.0,18861000.0,36967000.0,30060000.0,4.566,322096000.0
62,RMD,MRT,2005-12-31,2005-12-31,2005-12-31,2021-08-19,37261000.0,860049000.0,781248750.0,401206000.0,458843000.0,0.65,3.702,-86893000.0,140282000.0,140282000.0,185506000.0,72211000.0,1.565,0.638,203581000.0,145392000.0,58189000.0,203581000.0,24287000.0,35283000.0,0.0,0.0,0.0,106241000.0,141524000.0,0.279,141524000.0,106241000.0,106241000.0,0.51,0.5,0.51,525097000.0,492142000.0,525097000.0,2761013539.0,26.0,19.509,-23857000.0,-0.168,1.0,321916000.0,0.634,233421000.0,0.0,433575000.0,408628750.0,107523000.0,2498000.0,2498000.0,0.0,334952000.0,256352000.0,78600000.0,2706241539.0,-2786000.0,-57694000.0,47030000.0,24540000.0,0.0,73499000.0,-131540000.0,16400000.0,63036000.0,-7781000.0,72211000.0,72211000.0,72211000.0,0.0,0.0,0.142,214343000.0,107573000.0,37501000.0,0.0,5.154,37.477,37.559,217460000.0,0.0,19.155,5.333,5.355,115367000.0,321197000.0,507422000.0,507422000.0,32366000.0,0.092,0.147,0.26,0.209,5784000.0,169144000.0,1.0,141281208.0,141844000.0,154366000.0,3.577,626628000.0,20998000.0,34030000.0,29222000.0,4.418,144854000.0
63,RMD,MRT,2005-09-30,2005-09-30,2005-09-30,2021-08-19,51546000.0,816498000.0,722359250.0,370619000.0,445879000.0,0.644,3.592,-71810000.0,129729000.0,129729000.0,166331000.0,67301000.0,1.609,0.616,184501000.0,125887000.0,58614000.0,184501000.0,23809000.0,32238000.0,0.0,0.0,0.0,99823000.0,132061000.0,0.284,132061000.0,99823000.0,99823000.0,0.485,0.475,0.485,505403000.0,467717500.0,505403000.0,2834811186.0,28.0,21.466,-1409000.0,-0.01,1.0,298568000.0,0.642,230806000.0,0.0,410162000.0,399244000.0,100883000.0,4499000.0,4499000.0,0.0,311095000.0,230302000.0,80793000.0,2802627186.0,-11891000.0,-56908000.0,44579000.0,6267000.0,0.0,52306000.0,-135720000.0,-4057000.0,70401000.0,1122000.0,67301000.0,67301000.0,67301000.0,0.0,0.0,0.145,197662000.0,100906000.0,32187000.0,0.0,5.545,41.643,41.057,205759000.0,0.0,19.913,6.028,6.027,102991000.0,298883000.0,464899000.0,464899000.0,31620000.0,0.093,0.144,0.25,0.215,1931000.0,153719000.0,1.0,140747128.0,140704000.0,152554000.0,3.304,585692000.0,19991000.0,32522000.0,33156000.0,4.163,140317000.0
64,RMD,MRT,2005-06-30,2005-06-30,2005-06-30,2021-08-19,52884000.0,774146000.0,659510750.0,360210000.0,413936000.0,0.645,3.453,-39691000.0,142185000.0,142185000.0,150645000.0,64785000.0,1.648,0.633,174369000.0,115435000.0,58934000.0,174369000.0,23228000.0,28292000.0,0.0,0.0,0.0,96626000.0,124918000.0,0.294,124918000.0,96626000.0,96626000.0,0.47,0.455,0.47,474065000.0,435938250.0,474065000.0,2279947711.0,24.0,18.252,31388000.0,0.229,1.0,274860000.0,0.646,230477000.0,0.0,357302000.0,386614250.0,89107000.0,0.0,0.0,0.0,300081000.0,218551000.0,81530000.0,2303397711.0,13278000.0,-54425000.0,28460000.0,-3264000.0,0.0,25196000.0,-86778000.0,10157000.0,71079000.0,3781000.0,64785000.0,64785000.0,64785000.0,0.0,0.0,0.152,177507000.0,97353000.0,34416000.0,0.0,4.859,35.554,35.101,174168000.0,0.0,16.497,5.413,5.323,103951000.0,282441000.0,425505000.0,425505000.0,30014000.0,0.098,0.149,0.25,0.227,0.0,135703000.0,1.0,139621016.0,137286000.0,149884000.0,3.099,543669000.0,15230000.0,31841000.0,33654000.0,3.96,141659000.0
65,RMD,MRT,2005-03-31,2005-03-31,2005-03-31,2021-08-19,67539000.0,674302000.0,603262000.0,363497000.0,310805000.0,0.651,3.364,-37400000.0,136700000.0,136700000.0,138283000.0,65062000.0,4.218,0.453,113250000.0,0.0,113250000.0,113250000.0,22593000.0,24620000.0,0.0,0.0,0.0,97082000.0,121702000.0,0.31,121702000.0,97082000.0,97082000.0,0.482,0.465,0.482,464003000.0,407796750.0,464003000.0,1901556628.0,20.0,15.625,35729000.0,0.259,1.0,254688000.0,0.648,131190000.0,0.0,433476000.0,387792250.0,75459000.0,37949000.0,37949000.0,0.0,210299000.0,86186000.0,124113000.0,1931374628.0,22132000.0,-14504000.0,26342000.0,0.0,0.0,26342000.0,-81202000.0,-26572000.0,73129000.0,3863000.0,65062000.0,65062000.0,65062000.0,0.0,0.0,0.166,156569000.0,98119000.0,23261000.0,0.0,4.162,29.685,29.253,170013000.0,0.0,14.1,4.915,4.949,89109000.0,266863000.0,392971000.0,392971000.0,28429000.0,0.108,0.16,0.25,0.247,5105000.0,123135000.0,1.0,136976924.0,137928000.0,150980000.0,2.849,543112000.0,15859000.0,32020000.0,19459000.0,3.938,277311000.0
66,RMD,MRT,2004-12-31,2004-12-31,2004-12-31,2021-08-19,76631000.0,624491000.0,570047000.0,323246000.0,301245000.0,0.659,3.142,-46169000.0,143068000.0,143068000.0,133851000.0,62214000.0,4.41,0.461,113250000.0,0.0,113250000.0,113250000.0,21877000.0,21891000.0,0.0,0.0,0.0,92651000.0,114542000.0,0.305,114542000.0,92651000.0,92651000.0,0.465,0.447,0.465,427399000.0,379877500.0,427399000.0,1701800270.0,18.0,14.857,43305000.0,0.318,1.0,241943000.0,0.644,125335000.0,0.0,396036000.0,369910250.0,64854000.0,21976000.0,21976000.0,0.0,197092000.0,73302000.0,123790000.0,1730170270.0,35606000.0,-5828000.0,7912000.0,0.0,0.0,7912000.0,-67594000.0,-13279000.0,89474000.0,5814000.0,62214000.0,62214000.0,62214000.0,0.0,0.0,0.166,148360000.0,93583000.0,17820000.0,0.0,4.048,27.81,27.473,166399000.0,0.0,12.775,4.604,4.625,76861000.0,248986000.0,375794000.0,375794000.0,28047000.0,0.109,0.164,0.25,0.247,5105000.0,116887000.0,1.0,135434072.0,136048000.0,148410000.0,2.762,499156000.0,9238000.0,30437000.0,14895000.0,3.669,249944000.0
67,RMD,MRT,2004-09-30,2004-09-30,2004-09-30,2021-08-19,51332000.0,565104000.0,540544000.0,289568000.0,275536000.0,0.655,2.791,-53673000.0,141620000.0,141620000.0,128204000.0,58961000.0,4.504,0.494,113250000.0,0.0,113250000.0,113250000.0,18596000.0,19568000.0,0.0,0.0,0.0,87430000.0,106998000.0,0.302,106998000.0,87430000.0,87430000.0,0.44,0.422,0.44,378286000.0,356195500.0,378286000.0,1594767390.0,18.0,14.905,26918000.0,0.199,1.0,225989000.0,0.638,112794000.0,0.0,359643000.0,358046250.0,61142000.0,2744000.0,2744000.0,0.0,186818000.0,64297000.0,122521000.0,1610424390.0,36943000.0,0.0,-14483000.0,0.0,0.0,-14483000.0,-34025000.0,22434000.0,80591000.0,4860000.0,58961000.0,58961000.0,58961000.0,0.0,0.0,0.166,138622000.0,87367000.0,17945000.0,0.0,4.257,27.313,27.051,154130000.0,0.0,11.902,4.547,4.555,68752000.0,231582000.0,354193000.0,354193000.0,26971000.0,0.109,0.166,0.244,0.247,5105000.0,109183000.0,1.0,135301356.0,135552000.0,141030000.0,2.613,452310000.0,8536000.0,28469000.0,10382000.0,3.337,225271000.0
68,RMD,MRT,2004-06-30,2004-06-30,2004-06-30,2021-08-19,41273000.0,549151000.0,520926500.0,282821000.0,266330000.0,0.651,2.682,-57246000.0,128907000.0,128907000.0,122602000.0,57284000.0,4.668,0.519,113250000.0,0.0,113250000.0,113250000.0,17578000.0,17867000.0,0.0,0.0,0.0,84668000.0,102535000.0,0.302,102535000.0,84668000.0,84668000.0,0.425,0.41,0.425,361499000.0,339432750.0,361499000.0,1721551745.0,20.0,16.79,19295000.0,0.143,1.0,216736000.0,0.639,110889000.0,0.0,362014000.0,352100250.0,55797000.0,12021000.0,12021000.0,0.0,187652000.0,60591000.0,127061000.0,1722869745.0,14416000.0,-184000.0,1314000.0,0.0,0.0,1314000.0,-66837000.0,-7049000.0,76541000.0,3398000.0,57284000.0,57284000.0,57284000.0,0.0,0.0,0.169,131375000.0,85361000.0,18574000.0,0.0,4.766,30.076,29.976,147268000.0,0.0,12.74,5.077,5.06,67242000.0,217656000.0,339338000.0,339338000.0,26169000.0,0.11,0.169,0.24,0.25,5105000.0,104706000.0,1.0,135233104.0,134778000.0,140502000.0,2.518,438262000.0,12033000.0,27384000.0,13462000.0,3.252,222230000.0
69,RMD,MRT,2004-03-31,2004-03-31,2004-03-31,2021-08-19,58467000.0,541442000.0,498537500.0,267757000.0,273685000.0,0.656,2.618,-55106000.0,114568000.0,114568000.0,119646000.0,54953000.0,4.031,0.537,113250000.0,0.0,113250000.0,113250000.0,17035000.0,16407000.0,0.0,0.0,0.0,81000000.0,97407000.0,0.298,97407000.0,81000000.0,81000000.0,0.407,0.393,0.407,352326000.0,320666250.0,352326000.0,1524524075.0,19.0,15.651,20249000.0,0.15,1.0,207496000.0,0.634,111752000.0,0.0,361948000.0,337063250.0,57454000.0,12934000.0,12934000.0,0.0,189116000.0,66424000.0,122692000.0,1518736075.0,20853000.0,-184000.0,375000.0,0.0,0.0,-6364000.0,-60824000.0,-3296000.0,75355000.0,12686000.0,54953000.0,54953000.0,54953000.0,0.0,0.0,0.168,128107000.0,79389000.0,18705000.0,0.0,4.311,27.637,27.758,150572000.0,0.0,11.297,4.642,4.647,65934000.0,201801000.0,327142000.0,327142000.0,25876000.0,0.11,0.171,0.24,0.248,4250000.0,101731000.0,1.0,134431164.0,134556000.0,140220000.0,2.431,429690000.0,9354000.0,26047000.0,14636000.0,3.193,201333000.0
70,RMD,MRT,2003-12-31,2003-12-31,2003-12-31,2021-08-19,57134000.0,506479000.0,468242750.0,248104000.0,258375000.0,0.651,2.471,-42053000.0,107462000.0,107462000.0,111728000.0,52174000.0,4.893,0.522,113250000.0,0.0,113250000.0,113250000.0,16561000.0,15052000.0,0.0,0.0,0.0,76742000.0,91794000.0,0.301,91794000.0,76742000.0,76742000.0,0.387,0.373,0.387,332671000.0,293751750.0,332671000.0,1416043451.0,18.0,15.426,23060000.0,0.171,1.0,193133000.0,0.634,112981000.0,0.0,348580000.0,317853250.0,56864000.0,9698000.0,9698000.0,0.0,173808000.0,50706000.0,123102000.0,1407470451.0,24994000.0,-184000.0,-1709000.0,0.0,0.0,-8448000.0,-48035000.0,-3687000.0,65113000.0,16364000.0,52174000.0,52174000.0,52174000.0,0.0,0.0,0.171,119129000.0,74004000.0,14479000.0,0.0,4.231,26.976,26.835,134171000.0,0.0,10.385,4.617,4.587,58165000.0,186772000.0,304861000.0,304861000.0,24086000.0,0.111,0.178,0.241,0.252,4250000.0,94543000.0,1.0,135529172.0,134652000.0,140176000.0,2.264,393498000.0,9172000.0,24568000.0,6333000.0,2.922,197398000.0
71,RMD,MRT,2003-09-30,2003-09-30,2003-09-30,2021-08-19,33864000.0,486634000.0,438407500.0,259701000.0,226933000.0,0.657,2.312,-31866000.0,104677000.0,104677000.0,105314000.0,48407000.0,4.948,0.564,113250000.0,0.0,113250000.0,113250000.0,15032000.0,13778000.0,0.0,0.0,0.0,71036000.0,84814000.0,0.295,84814000.0,71036000.0,71036000.0,0.36,0.348,0.36,311235000.0,265288500.0,311235000.0,1485980743.0,21.0,17.52,31936000.0,0.237,1.0,182548000.0,0.634,106866000.0,0.0,335859000.0,298974000.0,55973000.0,27102000.0,27102000.0,0.0,175399000.0,52482000.0,122917000.0,1487221743.0,31107000.0,-184000.0,14418000.0,-4687000.0,0.0,-2878000.0,-42320000.0,-8735000.0,63802000.0,12503000.0,48407000.0,48407000.0,48407000.0,0.0,0.0,0.168,111865000.0,70683000.0,17411000.0,0.0,4.778,30.723,30.542,113482000.0,0.0,10.995,5.166,5.141,55963000.0,172621000.0,287862000.0,287862000.0,22156000.0,0.11,0.182,0.238,0.247,4250000.0,89709000.0,1.0,135263460.0,134596000.0,140356000.0,2.139,379768000.0,9354000.0,22629000.0,5698000.0,2.822,207219000.0
72,RMD,MRT,2003-06-30,2003-06-30,2003-06-30,2021-08-19,29910000.0,459595000.0,410902750.0,241905000.0,217690000.0,0.666,2.166,-25635000.0,114491000.0,114491000.0,100483000.0,45729000.0,4.782,0.605,113250000.0,0.0,113250000.0,113250000.0,13565000.0,12583000.0,0.0,0.0,0.0,67127000.0,79710000.0,0.291,79710000.0,67127000.0,67127000.0,0.345,0.333,0.345,286433000.0,237222750.0,286433000.0,1322013526.0,20.0,16.585,33649000.0,0.255,1.0,173087000.0,0.633,105905000.0,0.0,301866000.0,284373750.0,49386000.0,6533000.0,6533000.0,0.0,173162000.0,50583000.0,122579000.0,1302478526.0,41631000.0,-300000.0,5489000.0,-9217000.0,0.0,-16337000.0,-11883000.0,15612000.0,59284000.0,10567000.0,45729000.0,45729000.0,45729000.0,0.0,0.0,0.167,105847000.0,67240000.0,19368000.0,0.0,4.547,28.483,28.406,104687000.0,0.0,9.8,4.761,4.736,56694000.0,160372000.0,273570000.0,273570000.0,20534000.0,0.111,0.193,0.236,0.245,4250000.0,85313000.0,1.0,132905972.0,132216000.0,137756000.0,2.069,353690000.0,8301000.0,21398000.0,3408000.0,2.675,191322000.0
73,RMD,MRT,2003-03-31,2003-03-31,2003-03-31,2021-08-19,10387000.0,420263000.0,390051750.0,220067000.0,200196000.0,0.639,1.85,-28894000.0,93715000.0,93715000.0,89591000.0,42015000.0,4.159,0.718,113250000.0,0.0,113250000.0,113250000.0,12711000.0,11914000.0,0.0,0.0,0.0,61597000.0,73511000.0,0.295,73511000.0,61597000.0,61597000.0,0.318,0.305,0.318,244668000.0,213847000.0,244668000.0,1088042175.0,18.0,14.801,16698000.0,0.126,1.0,159531000.0,0.64,101776000.0,0.0,285108000.0,279029250.0,49305000.0,9586000.0,9586000.0,0.0,175595000.0,52914000.0,122681000.0,1057260175.0,37487000.0,-7627000.0,-6376000.0,-30758000.0,0.0,-43004000.0,27026000.0,65318000.0,45592000.0,7873000.0,42015000.0,42015000.0,42015000.0,0.0,0.0,0.169,98887000.0,60644000.0,16027000.0,0.0,4.321,25.164,25.142,92199000.0,0.0,7.995,4.244,4.245,52636000.0,146848000.0,249122000.0,249122000.0,18789000.0,0.108,0.196,0.221,0.247,6919000.0,78749000.0,1.0,132240172.0,132260000.0,138256000.0,1.884,318487000.0,9357000.0,19582000.0,6111000.0,2.408,167153000.0
74,RMD,MRT,2002-12-31,2002-12-31,2002-12-31,2021-08-19,-2004000.0,387138000.0,370271250.0,196776000.0,190362000.0,0.629,1.658,-29349000.0,82468000.0,82468000.0,82787000.0,40144000.0,4.3,0.769,113250000.0,0.0,113250000.0,113250000.0,11643000.0,11263000.0,0.0,0.0,0.0,58690000.0,69953000.0,0.3,69953000.0,58690000.0,58690000.0,0.305,0.295,0.305,218818000.0,188109500.0,218818000.0,1051913169.0,18.0,15.037,10840000.0,0.082,1.0,150115000.0,0.645,99093000.0,0.0,273063000.0,289241000.0,45422000.0,4114000.0,4114000.0,0.0,168320000.0,45764000.0,122556000.0,1007233169.0,18421000.0,-7627000.0,-6494000.0,-60693000.0,0.0,-73057000.0,45618000.0,84460000.0,40189000.0,5671000.0,40144000.0,40144000.0,40144000.0,0.0,0.0,0.172,94006000.0,56109000.0,12454000.0,0.0,4.603,25.091,25.057,85066000.0,0.0,7.643,4.325,4.331,49243000.0,134598000.0,232902000.0,232902000.0,17513000.0,0.108,0.213,0.203,0.252,6919000.0,74144000.0,1.0,131793676.0,131976000.0,137384000.0,1.765,288045000.0,9844000.0,18546000.0,4924000.0,2.183,151012000.0
75,RMD,MRT,2002-09-30,2002-09-30,2002-09-30,2021-08-19,-11324000.0,376615000.0,361342750.0,194954000.0,181661000.0,0.599,1.513,-30327000.0,73570000.0,73570000.0,76420000.0,38539000.0,4.011,0.893,118250000.0,0.0,118250000.0,118250000.0,9594000.0,10469000.0,0.0,0.0,0.0,56022000.0,66491000.0,0.307,66491000.0,56022000.0,56022000.0,0.295,0.285,0.295,198972000.0,165421000.0,198972000.0,991690331.0,18.0,14.915,2135000.0,0.016,1.0,140113000.0,0.647,95228000.0,0.0,277458000.0,314122250.0,45086000.0,15633000.0,15633000.0,0.0,177643000.0,48609000.0,129034000.0,941300331.0,13126000.0,-14171000.0,-3741000.0,-56006000.0,0.0,-59747000.0,36110000.0,82239000.0,32462000.0,4301000.0,38539000.0,38539000.0,38539000.0,0.0,0.0,0.178,86630000.0,53483000.0,12022000.0,0.0,4.731,24.425,24.237,80078000.0,0.0,7.15,4.347,4.343,46696000.0,124214000.0,216533000.0,216533000.0,16294000.0,0.107,0.233,0.178,0.259,6919000.0,67987000.0,1.0,131650396.0,131528000.0,136484000.0,1.646,281387000.0,10215000.0,17483000.0,5786000.0,2.139,146345000.0
76,RMD,MRT,2002-06-30,2002-06-30,2002-06-30,2021-08-19,-8125000.0,376191000.0,352556500.0,193713000.0,182478000.0,0.579,1.499,-28185000.0,72860000.0,72860000.0,70827000.0,37506000.0,3.805,0.95,123250000.0,0.0,123250000.0,123250000.0,9038000.0,9972000.0,0.0,0.0,0.0,54592000.0,64564000.0,0.316,64564000.0,54592000.0,54592000.0,0.292,0.275,0.292,192930000.0,144834250.0,192930000.0,1038618986.0,19.0,16.087,7455000.0,0.058,1.0,133249000.0,0.653,95189000.0,0.0,280488000.0,336852750.0,41173000.0,19979000.0,19979000.0,0.0,183261000.0,50904000.0,132357000.0,948846986.0,32724000.0,-13871000.0,1908000.0,-23074000.0,0.0,-21166000.0,13536000.0,57312000.0,35640000.0,4714000.0,37506000.0,37506000.0,37506000.0,0.0,0.0,0.184,82090000.0,51159000.0,11605000.0,0.0,4.918,25.299,25.171,79279000.0,0.0,7.35,4.649,4.635,46199000.0,114643000.0,204076000.0,204076000.0,15260000.0,0.106,0.259,0.162,0.268,6919000.0,64481000.0,1.0,129094828.0,128696000.0,136320000.0,1.586,281002000.0,9289000.0,17086000.0,6905000.0,2.183,142809000.0
77,RMD,MRT,2002-03-31,2002-03-31,2002-03-31,2021-08-19,-25221000.0,341141000.0,330531250.0,210531000.0,130610000.0,0.59,1.1,-18843000.0,56228000.0,56228000.0,66668000.0,36042000.0,4.414,1.407,146000000.0,0.0,146000000.0,146000000.0,5730000.0,9744000.0,0.0,0.0,0.0,52918000.0,62662000.0,0.322,62662000.0,52918000.0,52918000.0,0.28,0.268,0.28,141718000.0,121693250.0,141718000.0,1406670924.0,27.0,22.449,18229000.0,0.141,1.0,128189000.0,0.658,57265000.0,0.0,325955000.0,345501750.0,33680000.0,56823000.0,56823000.0,0.0,199423000.0,47693000.0,151730000.0,1290717924.0,31658000.0,-46715000.0,11277000.0,108263000.0,0.0,119540000.0,-126562000.0,-59899000.0,37072000.0,1608000.0,36042000.0,36042000.0,36042000.0,0.0,0.0,0.185,75794000.0,52395000.0,12371000.0,0.0,9.108,35.811,35.83,65542000.0,0.0,10.033,6.624,6.635,43966000.0,104833000.0,194857000.0,194857000.0,14005000.0,0.109,0.296,0.153,0.272,3241000.0,60789000.0,1.0,128653668.0,128868000.0,135696000.0,1.512,283876000.0,4397000.0,16876000.0,8825000.0,2.203,162838000.0
78,RMD,MRT,2001-12-31,2001-12-31,2001-12-31,2021-08-19,-27405000.0,351424000.0,295486250.0,225793000.0,125631000.0,0.625,0.999,-14577000.0,64047000.0,64047000.0,61420000.0,15469000.0,6.032,1.744,180000000.0,0.0,180000000.0,180000000.0,5926000.0,9163000.0,0.0,0.0,0.0,31962000.0,41125000.0,0.223,41125000.0,31962000.0,31962000.0,0.118,0.115,0.118,128064000.0,108081250.0,128064000.0,1840503386.0,58.0,44.754,18527000.0,0.145,1.0,123341000.0,0.668,57355000.0,0.0,372588000.0,276787500.0,33479000.0,72804000.0,72804000.0,0.0,223360000.0,37434000.0,185926000.0,1720947386.0,47190000.0,-61614000.0,11620000.0,154985000.0,0.0,166605000.0,-151207000.0,-74140000.0,33104000.0,-1312000.0,15469000.0,15469000.0,15469000.0,0.0,0.0,0.084,89565000.0,33776000.0,6768000.0,0.0,13.438,111.251,114.237,60370000.0,0.0,13.48,9.314,9.351,36820000.0,94454000.0,184761000.0,184761000.0,30907000.0,0.052,0.143,0.115,0.173,3241000.0,58108000.0,1.0,127666720.0,128172000.0,137172000.0,1.442,294069000.0,5222000.0,16493000.0,7965000.0,2.294,188359000.0
79,RMD,MRT,2001-09-30,2001-09-30,2001-09-30,2021-08-19,-27170000.0,341470000.0,242691500.0,226297000.0,115173000.0,0.701,0.919,-10885000.0,60444000.0,60444000.0,55678000.0,13588000.0,5.71,1.928,180000000.0,0.0,180000000.0,180000000.0,5211000.0,8709000.0,0.0,0.0,0.0,29895000.0,38604000.0,0.227,38604000.0,29895000.0,29895000.0,0.105,0.103,0.105,116625000.0,103024250.0,116625000.0,1728863048.0,58.0,44.785,23573000.0,0.186,1.0,114525000.0,0.673,53012000.0,0.0,368380000.0,205865250.0,32447000.0,83066000.0,83066000.0,0.0,224845000.0,39634000.0,185211000.0,1618999048.0,46824000.0,-55070000.0,10708000.0,152485000.0,0.0,163193000.0,-149105000.0,-82383000.0,34458000.0,-1722000.0,13588000.0,13588000.0,13588000.0,0.0,0.0,0.08,84403000.0,30122000.0,6374000.0,0.0,13.882,119.149,120.952,54929000.0,0.0,12.7,9.512,9.468,33503000.0,85675000.0,170203000.0,170203000.0,29795000.0,0.056,0.132,0.145,0.176,3241000.0,54058000.0,1.0,127480240.0,126888000.0,136372000.0,1.341,288458000.0,4388000.0,16307000.0,9115000.0,2.273,186663000.0
80,RMD,MRT,2001-06-30,2001-06-30,2001-06-30,2021-08-19,-29572000.0,288090000.0,189095250.0,177882000.0,110208000.0,0.821,0.806,-27459000.0,40136000.0,40136000.0,50377000.0,11630000.0,5.293,1.87,150000000.0,0.0,150000000.0,150000000.0,4114000.0,8445000.0,0.0,0.0,0.0,27314000.0,35759000.0,0.23,35759000.0,27314000.0,27314000.0,0.092,0.087,0.092,100366000.0,97939500.0,100366000.0,1593433110.0,58.0,44.56,2061000.0,0.017,1.0,104779000.0,0.675,49260000.0,0.0,315084000.0,134607500.0,29994000.0,62616000.0,62616000.0,0.0,187724000.0,33610000.0,154114000.0,1582634110.0,21886000.0,-55070000.0,7943000.0,131083000.0,0.0,139026000.0,-144550000.0,-61505000.0,29520000.0,-2110000.0,11630000.0,11630000.0,11630000.0,0.0,0.0,0.075,78737000.0,26042000.0,7971000.0,0.0,15.769,136.082,137.364,55092000.0,0.0,12.637,10.2,10.142,32248000.0,77137000.0,155156000.0,155156000.0,28823000.0,0.062,0.119,0.203,0.176,3241000.0,49364000.0,1.0,125233164.0,124516000.0,133936000.0,1.246,238830000.0,4152000.0,15684000.0,8888000.0,1.918,144272000.0
81,RMD,MRT,2001-03-31,2001-03-31,2001-03-31,2021-08-19,-29109000.0,200961000.0,145971250.0,95303000.0,105658000.0,0.957,0.698,-32409000.0,24570000.0,24570000.0,45108000.0,9475000.0,0.869,1.303,35369000.0,35369000.0,0.0,35369000.0,3978000.0,7786000.0,0.0,0.0,0.0,24081000.0,31867000.0,0.228,31867000.0,24081000.0,24081000.0,0.077,0.075,0.077,87270000.0,96341000.0,87270000.0,1246827652.0,52.0,39.126,-5638000.0,-0.045,1.0,94584000.0,0.677,50949000.0,0.0,51098000.0,73025000.0,28674000.0,0.0,0.0,0.0,113691000.0,109713000.0,3978000.0,1259184652.0,8214000.0,-14899000.0,6270000.0,21287000.0,0.0,27557000.0,-43565000.0,4467000.0,26771000.0,-2549000.0,9475000.0,9475000.0,9475000.0,0.0,0.0,0.068,72838000.0,21746000.0,9537000.0,0.0,14.429,132.895,131.201,52962000.0,0.0,10.102,9.014,9.039,33076000.0,68791000.0,139692000.0,139692000.0,28123000.0,0.065,0.098,0.33,0.172,1316000.0,44165000.0,1.0,124640896.0,124984000.0,134764000.0,1.118,150012000.0,1778000.0,14606000.0,8371000.0,1.2,-14410000.0
82,RMD,MRT,2000-12-31,2000-12-31,2000-12-31,2021-08-19,-17303000.0,140245000.0,123532000.0,75679000.0,64566000.0,1.028,0.869,-32895000.0,16857000.0,16857000.0,41503000.0,25507000.0,2.335,0.301,4500000.0,4500000.0,0.0,4500000.0,0.0,7743000.0,0.0,0.0,0.0,38932000.0,46675000.0,0.368,46675000.0,38932000.0,38932000.0,0.207,0.195,0.207,107836000.0,96325500.0,107836000.0,1228984592.0,32.0,26.331,-7588000.0,-0.061,1.0,85480000.0,0.673,6580000.0,0.0,88899000.0,76233750.0,1970000.0,1322000.0,1322000.0,0.0,32409000.0,32409000.0,0.0,1235604592.0,5314000.0,-576000.0,8268000.0,4500000.0,0.0,12768000.0,-31366000.0,3001000.0,25307000.0,-1395000.0,25507000.0,25507000.0,25507000.0,0.0,0.0,0.201,49429000.0,36051000.0,8662000.0,0.0,11.458,48.442,48.164,53947000.0,0.0,9.97,9.73,9.747,28965000.0,78985000.0,126983000.0,126983000.0,9532000.0,0.206,0.265,0.511,0.307,1316000.0,39897000.0,1.0,123932256.0,124148000.0,132888000.0,1.023,133665000.0,240000.0,13425000.0,7014000.0,1.077,43270000.0
83,RMD,MRT,2000-09-30,2000-09-30,2000-09-30,2021-08-19,-19972000.0,127085000.0,114408250.0,66937000.0,60148000.0,1.055,0.781,-32923000.0,13620000.0,13620000.0,38762000.0,23971000.0,2.173,0.32,7000000.0,7000000.0,0.0,7000000.0,0.0,7533000.0,0.0,0.0,0.0,36727000.0,44260000.0,0.367,44260000.0,36727000.0,36727000.0,0.197,0.185,0.197,96286000.0,90265750.0,96286000.0,947945688.0,26.0,21.418,-10155000.0,-0.082,1.0,81990000.0,0.679,6317000.0,0.0,83349000.0,70260500.0,16258000.0,3300000.0,3300000.0,0.0,30799000.0,30799000.0,0.0,966195688.0,2785000.0,-576000.0,8329000.0,7000000.0,0.0,15329000.0,-33344000.0,1041000.0,22768000.0,-1968000.0,23971000.0,23971000.0,23971000.0,0.0,0.0,0.199,47166000.0,34824000.0,6356000.0,0.0,10.035,40.307,39.657,51474000.0,0.0,7.812,8.001,7.973,26283000.0,72087000.0,120752000.0,120752000.0,8998000.0,0.21,0.266,0.523,0.304,1316000.0,38168000.0,1.0,123673048.0,123240000.0,132312000.0,0.98,120768000.0,2417000.0,12756000.0,7746000.0,0.98,36138000.0
84,RMD,MRT,2000-06-30,2000-06-30,2000-06-30,2021-08-19,-13152000.0,115594000.0,106834250.0,69172000.0,46422000.0,1.082,0.779,-16168000.0,18250000.0,18250000.0,36991000.0,22226000.0,3.199,0.23,0.0,0.0,0.0,0.0,0.0,6938000.0,0.0,0.0,0.0,34166000.0,41104000.0,0.356,41104000.0,34166000.0,34166000.0,0.185,0.172,0.185,93972000.0,85312250.0,93972000.0,800625862.0,23.0,19.478,4107000.0,0.034,1.0,78624000.0,0.68,6968000.0,0.0,68754000.0,63961500.0,15802000.0,3713000.0,3713000.0,0.0,21622000.0,21622000.0,0.0,816981862.0,7142000.0,-576000.0,6380000.0,0.0,0.0,6380000.0,-18524000.0,-819000.0,20275000.0,-989000.0,22226000.0,22226000.0,22226000.0,0.0,0.0,0.192,45486000.0,33138000.0,5929000.0,0.0,8.694,36.758,36.149,36576000.0,0.0,6.688,7.066,6.977,24688000.0,65507000.0,115615000.0,115615000.0,8499000.0,0.208,0.261,0.534,0.296,1316000.0,36987000.0,1.0,122165512.0,120612000.0,129212000.0,0.959,108626000.0,2361000.0,11940000.0,6469000.0,0.901,47550000.0
85,RMD,MRT,2000-03-31,2000-03-31,2000-03-31,2021-08-19,-11984000.0,111204000.0,100408000.0,71534000.0,39670000.0,1.088,0.72,-10810000.0,16356000.0,16356000.0,35447000.0,20672000.0,2.981,0.275,0.0,0.0,0.0,0.0,0.0,6138000.0,0.0,0.0,0.0,31806000.0,37944000.0,0.347,37944000.0,31806000.0,31806000.0,0.173,0.163,0.173,87208000.0,79731000.0,87208000.0,1060522642.0,33.0,27.95,6229000.0,0.051,1.0,73747000.0,0.675,6919000.0,0.0,63933000.0,60073500.0,17435000.0,7926000.0,7926000.0,0.0,23996000.0,23996000.0,0.0,1072065642.0,5512000.0,-1567000.0,6493000.0,-121000.0,0.0,6372000.0,-17389000.0,-4095000.0,17039000.0,-510000.0,20672000.0,20672000.0,20672000.0,0.0,0.0,0.189,42313000.0,31434000.0,8199000.0,0.0,12.293,51.861,51.575,30853000.0,0.0,8.922,9.818,9.902,23491000.0,59316000.0,109194000.0,109194000.0,7925000.0,0.206,0.259,0.529,0.291,0.0,34388000.0,1.0,120153056.0,121176000.0,,0.901,104285000.0,2422000.0,11134000.0,6262000.0,0.861,47538000.0
86,RMD,MRT,1999-12-31,1999-12-31,1999-12-31,2021-08-19,-6325000.0,103750000.0,93367500.0,61797000.0,41953000.0,1.092,0.699,-15405000.0,11543000.0,11543000.0,33196000.0,19202000.0,3.066,0.241,0.0,0.0,0.0,0.0,0.0,5396000.0,0.0,0.0,0.0,29459000.0,34855000.0,0.342,34855000.0,29459000.0,29459000.0,0.163,0.153,0.163,83597000.0,74071500.0,83597000.0,610257163.0,21.0,17.508,587000.0,0.005,1.0,68787000.0,0.674,7048000.0,0.0,65006000.0,55940000.0,15902000.0,7710000.0,7710000.0,0.0,20153000.0,20153000.0,0.0,621092163.0,-2052000.0,-991000.0,3375000.0,-120000.0,0.0,3255000.0,-21575000.0,-4553000.0,15992000.0,276000.0,19202000.0,19202000.0,19202000.0,0.0,0.0,0.188,38899000.0,29888000.0,6814000.0,0.0,7.43,32.345,32.017,32066000.0,0.0,5.219,6.09,6.119,20332000.0,53478000.0,101983000.0,101983000.0,7334000.0,0.206,0.259,0.527,0.289,0.0,31565000.0,1.0,119011672.0,119584000.0,,0.853,96702000.0,2398000.0,10257000.0,4940000.0,0.809,41644000.0
87,RMD,MRT,1999-09-30,1999-09-30,1999-09-30,2021-08-19,-6044000.0,96789000.0,86306500.0,56227000.0,40562000.0,1.105,0.644,-18992000.0,10835000.0,10835000.0,31556000.0,17753000.0,2.767,0.266,0.0,0.0,0.0,0.0,0.0,4968000.0,0.0,0.0,0.0,27173000.0,32141000.0,0.337,32141000.0,27173000.0,27173000.0,0.151,0.141,0.151,76472000.0,68107500.0,76472000.0,481600322.0,18.0,14.984,-1391000.0,-0.012,1.0,63772000.0,0.669,7484000.0,0.0,58153000.0,49465000.0,13988000.0,6710000.0,6710000.0,0.0,20317000.0,20317000.0,0.0,492708322.0,-5641000.0,-991000.0,1819000.0,-235000.0,0.0,1584000.0,-25608000.0,-5012000.0,17601000.0,782000.0,17753000.0,17753000.0,17753000.0,0.0,0.0,0.186,36467000.0,27305000.0,5758000.0,0.0,6.443,27.754,27.417,30176000.0,0.0,4.14,5.169,5.158,20144000.0,48116000.0,95328000.0,95328000.0,6999000.0,0.206,0.261,0.549,0.285,0.0,29468000.0,1.0,119011672.0,118760000.0,,0.803,89305000.0,2399000.0,9420000.0,6926000.0,0.752,35910000.0
88,RMD,MRT,1999-06-30,1999-06-30,1999-06-30,2021-08-19,-5429000.0,89889000.0,78943750.0,50771000.0,39118000.0,1.123,0.609,-20515000.0,11108000.0,11108000.0,29416000.0,16102000.0,2.783,0.255,0.0,0.0,0.0,0.0,0.0,4606000.0,0.0,0.0,0.0,24577000.0,29183000.0,0.329,29183000.0,24577000.0,24577000.0,0.138,0.13,0.138,71647000.0,62572750.0,71647000.0,479125932.0,19.0,16.418,-2327000.0,-0.02,1.0,59211000.0,0.668,7337000.0,0.0,53202000.0,42646250.0,10725000.0,5626000.0,5626000.0,0.0,18242000.0,18242000.0,0.0,489853932.0,-4418000.0,-2024000.0,2125000.0,-235000.0,0.0,1890000.0,-24941000.0,-1957000.0,18188000.0,445000.0,16102000.0,16102000.0,16102000.0,0.0,0.0,0.182,33956000.0,25255000.0,4772000.0,0.0,6.837,30.422,30.063,29322000.0,0.0,4.149,5.527,5.508,17898000.0,43281000.0,88627000.0,88627000.0,6542000.0,0.204,0.257,0.576,0.277,0.0,27414000.0,1.0,118072656.0,117664000.0,124272000.0,0.753,82552000.0,2392000.0,8475000.0,5691000.0,0.702,32529000.0
89,RMD,MRT,1999-03-31,1999-03-31,1999-03-31,2021-08-19,-7069000.0,83042000.0,72626000.0,47577000.0,35465000.0,1.14,0.548,-19690000.0,10844000.0,10844000.0,27321000.0,14482000.0,2.576,0.286,116000.0,116000.0,0.0,116000.0,0.0,4212000.0,0.0,0.0,0.0,21973000.0,26185000.0,0.316,26185000.0,21973000.0,21973000.0,0.126,0.116,0.126,64570000.0,57354250.0,64570000.0,402341632.0,18.0,15.365,-1620000.0,-0.014,1.0,55445000.0,0.67,6443000.0,0.0,47399000.0,36738250.0,10016000.0,5320000.0,5320000.0,0.0,18472000.0,18472000.0,0.0,415824632.0,-999000.0,-1033000.0,1952000.0,-229000.0,0.0,1723000.0,-20486000.0,496000.0,18070000.0,-306000.0,14482000.0,14482000.0,14482000.0,0.0,0.0,0.175,31774000.0,23671000.0,5457000.0,0.0,6.44,28.713,28.026,26619000.0,0.0,3.531,5.024,5.024,16013000.0,38644000.0,82766000.0,82766000.0,5786000.0,0.199,0.253,0.598,0.265,0.0,25988000.0,1.0,117755648.0,117755648.0,,0.703,76599000.0,2642000.0,7491000.0,5188000.0,0.65,29105000.0
90,RMD,MRT,1998-12-31,1998-12-31,1998-12-31,2021-08-19,-7216000.0,75506000.0,66555750.0,47859000.0,27647000.0,1.159,0.509,-14786000.0,13595000.0,13595000.0,25518000.0,13260000.0,3.036,0.264,112000.0,112000.0,0.0,112000.0,0.0,4260000.0,0.0,0.0,0.0,20126000.0,24386000.0,0.316,24386000.0,20126000.0,20126000.0,0.116,0.107,0.116,59741000.0,53455500.0,59741000.0,649353513.0,32.0,26.628,-109000.0,-0.001,1.0,51601000.0,0.669,7152000.0,0.0,39106000.0,32849750.0,10551000.0,5530000.0,5530000.0,0.0,15765000.0,15765000.0,0.0,665611513.0,6014000.0,-1664000.0,1888000.0,-230000.0,0.0,1658000.0,-9907000.0,6908000.0,14677000.0,-414000.0,13260000.0,13260000.0,13260000.0,0.0,0.0,0.172,30216000.0,21385000.0,4340000.0,0.0,11.142,50.197,48.901,20025000.0,0.0,5.673,8.631,8.631,13704000.0,34276000.0,77119000.0,77119000.0,5564000.0,0.199,0.248,0.613,0.261,0.0,24652000.0,1.0,117340064.0,117340064.0,,0.657,68354000.0,2514000.0,6866000.0,4410000.0,0.583,32094000.0
91,RMD,MRT,1998-09-30,1998-09-30,1998-09-30,2021-08-19,-8223000.0,67338000.0,61940250.0,45529000.0,21809000.0,1.159,0.463,-12574000.0,16476000.0,16476000.0,23727000.0,11639000.0,3.501,0.239,218000.0,218000.0,0.0,218000.0,0.0,3818000.0,0.0,0.0,0.0,17650000.0,21468000.0,0.299,21468000.0,17650000.0,17650000.0,0.102,0.095,0.102,54333000.0,49861750.0,54333000.0,365698396.0,21.0,17.035,-2923000.0,-0.025,1.0,48058000.0,0.669,7197000.0,0.0,30878000.0,31114750.0,9391000.0,3880000.0,3880000.0,0.0,13005000.0,13005000.0,0.0,380997396.0,3054000.0,-2732000.0,1488000.0,-239000.0,0.0,1249000.0,-6209000.0,9491000.0,9651000.0,-1637000.0,11639000.0,11639000.0,11639000.0,0.0,0.0,0.162,27960000.0,20098000.0,3328000.0,0.0,7.012,32.735,31.863,13945000.0,0.0,3.25,5.307,5.307,11814000.0,30363000.0,71785000.0,71785000.0,5162000.0,0.188,0.233,0.567,0.246,0.0,22798000.0,1.0,117229968.0,117229968.0,,0.612,60141000.0,2599000.0,6011000.0,3917000.0,0.513,32524000.0
92,RMD,MRT,1998-06-30,1998-06-30,1998-06-30,2021-08-19,-7688000.0,64618000.0,59756500.0,46604000.0,18014000.0,1.113,0.438,-10110000.0,15526000.0,15526000.0,23069000.0,10611000.0,3.366,0.273,227000.0,227000.0,0.0,227000.0,0.0,3715000.0,0.0,0.0,0.0,16112000.0,19827000.0,0.298,19827000.0,16112000.0,16112000.0,0.092,0.087,0.092,50773000.0,47699000.0,50773000.0,319731903.0,20.0,16.126,-3327000.0,-0.029,1.0,43450000.0,0.653,5904000.0,0.0,29570000.0,30567000.0,7647000.0,5220000.0,5220000.0,0.0,13845000.0,13845000.0,0.0,331210903.0,6449000.0,-1699000.0,1020000.0,-239000.0,0.0,781000.0,339000.0,12517000.0,6783000.0,-1454000.0,10611000.0,10611000.0,10611000.0,0.0,0.0,0.16,26087000.0,17363000.0,3759000.0,0.0,6.523,31.214,30.951,11111000.0,0.0,2.848,4.979,4.966,13173000.0,27179000.0,66519000.0,66519000.0,4994000.0,0.178,0.222,0.527,0.242,0.0,21093000.0,1.0,116316384.0,116000000.0,120176000.0,0.573,58714000.0,2518000.0,5501000.0,3222000.0,0.506,32759000.0
93,RMD,MRT,1998-03-31,1998-03-31,1998-03-31,2021-08-19,-5653000.0,58761000.0,,41193000.0,17568000.0,,0.422,-9687000.0,11843000.0,11843000.0,22298000.0,9640000.0,4.317,0.2,364000.0,121000.0,243000.0,364000.0,0.0,3655000.0,0.0,0.0,0.0,14669000.0,18324000.0,0.299,18324000.0,14669000.0,14669000.0,0.084,0.081,0.084,48975000.0,,48975000.0,250156260.0,17.0,13.652,-3894000.0,-0.034,1.0,38923000.0,0.636,5894000.0,0.0,31845000.0,,7170000.0,7973000.0,7973000.0,0.0,9786000.0,9543000.0,243000.0,257379260.0,3208000.0,-1885000.0,887000.0,-265000.0,0.0,622000.0,-1892000.0,9968000.0,5793000.0,-1315000.0,9640000.0,9640000.0,9640000.0,0.0,0.0,0.157,24482000.0,14441000.0,2115000.0,0.0,5.255,26.699,26.414,10598000.0,0.0,2.219,4.204,4.204,11423000.0,24162000.0,61221000.0,61221000.0,4849000.0,,,,0.24,0.0,19633000.0,1.0,116001920.0,116001920.0,,0.528,52867000.0,1107000.0,5029000.0,1697000.0,0.456,31650000.0
94,RMD,MRT,1997-12-31,1997-12-31,1997-12-31,2021-08-19,-5867000.0,57044000.0,,40981000.0,16063000.0,,0.391,-8578000.0,7581000.0,7581000.0,21320000.0,8392000.0,3.509,0.257,358000.0,358000.0,0.0,358000.0,0.0,3137000.0,0.0,0.0,0.0,12701000.0,15838000.0,0.28,15838000.0,12701000.0,12701000.0,0.073,0.071,0.073,45366000.0,,45366000.0,,,,-2437000.0,-0.021,1.0,35256000.0,0.623,5977000.0,0.0,32166000.0,,7572000.0,13027000.0,13027000.0,0.0,11678000.0,11678000.0,0.0,203873374.0,-1031000.0,-1254000.0,658000.0,-265000.0,0.0,393000.0,-6021000.0,4017000.0,6141000.0,-1544000.0,8392000.0,8392000.0,8392000.0,0.0,0.0,0.148,23021000.0,12235000.0,2907000.0,0.0,4.494,24.294,24.075,9098000.0,0.0,1.758,3.604,3.604,9834000.0,21017000.0,56576000.0,56576000.0,4624000.0,,,,0.224,0.0,18397000.0,1.0,116001920.0,116001920.0,,0.488,51067000.0,1101000.0,4309000.0,1403000.0,0.44,29303000.0
95,RMD,MRT,1997-09-30,1997-09-30,1997-09-30,2021-08-19,,,,,,,,,,,20862000.0,7782000.0,,,,,,,,,,0.0,0.0,11675000.0,,,,11675000.0,11675000.0,0.068,0.066,0.068,,,,,,,,,1.0,31155000.0,0.599,,0.0,,,,,,,,,,,,,,,,,,,,,7782000.0,7782000.0,7782000.0,0.0,0.0,0.15,21768000.0,9387000.0,,0.0,,,23.897,,0.0,1.625,,,,,52017000.0,52017000.0,4281000.0,,,,0.224,,17487000.0,1.0,,,,,,,3893000.0,,,
96,RMD,MRT,1997-06-30,1997-06-30,1997-06-30,2021-08-19,-1628000.0,54895000.0,,44391000.0,10504000.0,,,-3962000.0,9077000.0,9077000.0,20287000.0,7465000.0,4.441,0.23,548000.0,274000.0,274000.0,548000.0,0.0,2610000.0,0.0,0.0,0.0,11087000.0,13697000.0,0.279,13697000.0,11087000.0,11087000.0,0.065,0.064,0.065,44625000.0,,44625000.0,,,,5513000.0,,1.0,28893000.0,0.587,4806000.0,0.0,31564000.0,,5797000.0,18908000.0,18908000.0,0.0,10270000.0,9996000.0,274000.0,,3567000.0,-1177000.0,249000.0,-287000.0,0.0,-38000.0,-5345000.0,-74000.0,9475000.0,-525000.0,7465000.0,7465000.0,7465000.0,0.0,0.0,0.152,20566000.0,8327000.0,2641000.0,0.0,,,23.317,4916000.0,0.0,1.516,,,8225000.0,16568000.0,49180000.0,49180000.0,3807000.0,,,,0.225,0.0,16759000.0,1.0,,,,,50089000.0,1156000.0,3622000.0,3544000.0,,34395000.0
97,RMD,MRT,1997-03-31,1997-03-31,1997-03-31,2021-08-19,,,,,,,,,,,,,,,,,,,,,,0.0,0.0,,,,,,,,,,,,,,,,,,1.0,,,,,,,,,,,,,,,,,,,,,,,,,,,,,,,,,,,,,,,,1.094,,,,,,,,,,,,,,1.0,,,,,,,,,,
98,RMD,MRT,1996-12-31,1996-12-31,1996-12-31,2021-08-19,,,,,,,,,,,,,,,,,,,,,,0.0,0.0,,,,,,,,,,,,,,,,,,1.0,,,,,,,,,,,,,,,,,,,,,,,,,,,,,,,,,,,,,,,,1.375,,,,,,,,,,,,,,1.0,,,,,,,,,,
99,RMD,MRT,1996-06-30,1996-06-30,1996-06-30,2021-08-19,,,,,,,,-1472000.0,,,16990000.0,4503000.0,,,,,,,,1277000.0,,0.0,0.0,6561000.0,7838000.0,0.227,7838000.0,6561000.0,6561000.0,0.04,0.039,0.04,,,,,,,1981000.0,,1.0,17572000.0,0.508,,0.0,,,,,,,,,,,2254000.0,-6815000.0,5017000.0,0.0,0.0,5017000.0,-6268000.0,2489000.0,3453000.0,52000.0,4503000.0,4503000.0,4503000.0,0.0,0.0,0.13,13977000.0,3595000.0,,0.0,,,24.219,,0.0,0.969,,,,,34562000.0,34562000.0,2841000.0,,,,0.19,0.0,11136000.0,1.0,,,,,,,2058000.0,,,
