None,ticker,dimension,calendardate,datekey,reportperiod,lastupdated,accoci,assets,assetsavg,assetsc,assetsnc,assetturnover,bvps,capex,cashneq,cashnequsd,cor,consolinc,currentratio,de,debt,debtc,debtnc,debtusd,deferredrev,depamor,deposits,divyield,dps,ebit,ebitda,ebitdamargin,ebitdausd,ebitusd,ebt,eps,epsdil,epsusd,equity,equityavg,equityusd,ev,evebit,evebitda,fcf,fcfps,fxusd,gp,grossmargin,intangibles,intexp,invcap,invcapavg,inventory,investments,investmentsc,investmentsnc,liabilities,liabilitiesc,liabilitiesnc,marketcap,ncf,ncfbus,ncfcommon,ncfdebt,ncfdiv,ncff,ncfi,ncfinv,ncfo,ncfx,netinc,netinccmn,netinccmnusd,netincdis,netincnci,netmargin,opex,opinc,payables,payoutratio,pb,pe,pe1,ppnenet,prefdivis,price,ps,ps1,receivables,retearn,revenue,revenueusd,rnd,roa,roe,roic,ros,sbcomp,sgna,sharefactor,sharesbas,shareswa,shareswadil,sps,tangibles,taxassets,taxexp,taxliabilities,tbvps,workingcapital
0,XL1,MRY,2017-12-31,2017-12-31,2017-12-31,2020-12-28,889431000.0,63436236000.0,62658328250.0,,,0.181,37.894,0.0,3593451000.0,3593451000.0,8041109000.0,-490137000.0,,5.278,3220769000.0,,,3220769000.0,8307431000.0,97038000.0,1042677000.0,0.025,0.88,-310969000.0,-213931000.0,-0.019,-213931000.0,-310969000.0,-501328000.0,-2.16,-2.16,-2.16,9848317000.0,10460900000.0,9848317000.0,9021834416.0,-29.0,-42.172,33319000.0,0.128,1.0,3287048000.0,0.29,2225751000.0,190359000.0,60837803000.0,60106919500.0,0.0,37555645000.0,,,51974916000.0,,,9001486416.0,8966000.0,417505000.0,-520980000.0,540402000.0,-228232000.0,-743778000.0,662726000.0,321764000.0,33319000.0,56699000.0,-560398000.0,-560398000.0,-560398000.0,0.0,70261000.0,-0.049,3545199000.0,-258151000.0,4039105000.0,-0.407,0.914,-16.063,-16.278,0.0,0.0,35.16,0.795,0.807,8066111000.0,1198386000.0,11328157000.0,11328157000.0,0.0,-0.009,-0.054,-0.005,-0.027,64199000.0,3545199000.0,1.0,256014972.0,259894000.0,259894000.0,43.588,61210485000.0,332024000.0,59070000.0,0.0,235.521,
1,XL1,MRY,2016-12-31,2016-12-31,2016-12-31,2020-12-28,715546000.0,58434102000.0,60262521000.0,,,0.175,39.212,0.0,3580492000.0,3580492000.0,6101079000.0,570145000.0,,4.157,2647677000.0,,,2647677000.0,7293028000.0,118063000.0,1116233000.0,0.021,0.8,692860000.0,810923000.0,0.077,810923000.0,692860000.0,483097000.0,1.58,1.56,1.58,10938512000.0,11481152500.0,10938512000.0,9128775458.0,13.0,11.257,943906000.0,3.384,1.0,4445007000.0,0.421,2203653000.0,209763000.0,55297634000.0,57287819000.0,0.0,36887912000.0,,,45473423000.0,,,10025170458.0,170752000.0,-354189000.0,-1041196000.0,-8248000.0,-222761000.0,-1453179000.0,737767000.0,892932000.0,943906000.0,-57742000.0,440968000.0,440968000.0,440968000.0,0.0,129177000.0,0.042,3684033000.0,760974000.0,2677726000.0,0.506,0.917,22.734,23.582,0.0,0.0,37.26,0.951,0.986,6228866000.0,2151794000.0,10546086000.0,10546086000.0,0.0,0.007,0.038,0.012,0.066,81001000.0,3684033000.0,1.0,269059862.0,278957000.0,282758000.0,37.805,56230449000.0,310542000.0,42129000.0,0.0,201.574,
2,XL1,MRY,2015-12-31,2015-12-31,2015-12-31,2020-12-28,686616000.0,58682938000.0,56732680750.0,,,0.164,40.801,0.0,3411228000.0,3411228000.0,4882197000.0,1313339000.0,,3.856,2644970000.0,,,2644970000.0,7043358000.0,92313000.0,1168376000.0,0.018,0.72,1393206000.0,1485519000.0,0.16,1485519000.0,1393206000.0,1187991000.0,4.22,4.15,4.22,11677079000.0,11526665750.0,11677079000.0,10905248999.0,8.0,7.341,644481000.0,2.252,1.0,4426729000.0,0.476,2210266000.0,205215000.0,55706414000.0,54378702250.0,0.0,38191883000.0,,,45028475000.0,,,11666211999.0,734422000.0,-552296000.0,-458995000.0,893153000.0,-208516000.0,17886000.0,136432000.0,998739000.0,644481000.0,-64377000.0,1207152000.0,1207152000.0,1207152000.0,0.0,106187000.0,0.13,3284387000.0,1142342000.0,2247787000.0,0.171,0.999,9.664,9.284,0.0,0.0,39.18,1.253,1.205,5362317000.0,2077349000.0,9308926000.0,9308926000.0,0.0,0.021,0.105,0.026,0.15,74431000.0,3284387000.0,1.0,297759367.0,286194000.0,290999000.0,32.527,56472672000.0,282311000.0,-19161000.0,0.0,197.323,
3,XL1,MRY,2014-12-31,2014-12-31,2014-12-31,2020-12-28,1484458000.0,45046819000.0,46391094250.0,,,0.142,37.565,0.0,2521814000.0,2521814000.0,3501356000.0,268838000.0,,3.35,1662580000.0,,,1662580000.0,3973132000.0,56118000.0,1245367000.0,0.019,0.64,419343000.0,475461000.0,0.072,475461000.0,419343000.0,285237000.0,0.71,0.69,0.71,10033751000.0,10038514000.0,10033751000.0,8177777016.0,20.0,17.2,963184000.0,3.606,1.0,3100911000.0,0.47,447952000.0,134106000.0,43739633000.0,45295646250.0,0.0,33371283000.0,,,33611053000.0,,,8869305016.0,720982000.0,439559000.0,-795586000.0,-600000000.0,-169620000.0,-1863708000.0,1711621000.0,1465553000.0,963184000.0,-90115000.0,188340000.0,188340000.0,188340000.0,0.0,80498000.0,0.029,2079433000.0,1021478000.0,535521000.0,0.901,0.884,47.092,48.408,0.0,0.0,34.37,1.343,1.39,2698017000.0,1187639000.0,6602267000.0,6602267000.0,0.0,0.004,0.019,0.009,0.064,81287000.0,2079433000.0,1.0,258053681.0,267103000.0,271527000.0,24.718,44598867000.0,204491000.0,96897000.0,0.0,166.973,
4,XL1,MRY,2013-12-31,2013-12-31,2013-12-31,2020-12-28,736657000.0,45652887000.0,45476667500.0,,,0.166,34.738,0.0,1800832000.0,1800832000.0,4197166000.0,1136647000.0,,3.431,2263203000.0,,,2263203000.0,3846526000.0,56229000.0,1509243000.0,0.018,0.56,1292883000.0,1349112000.0,0.179,1349112000.0,1292883000.0,1137421000.0,3.68,3.63,3.68,9997633000.0,10071361250.0,9997633000.0,8544855607.0,7.0,6.334,779977000.0,2.71,1.0,3344068000.0,0.443,411611000.0,155462000.0,45703647000.0,44680752500.0,0.0,34390929000.0,,,34303589000.0,,,9004686607.0,-817546000.0,-162724000.0,-662994000.0,592615000.0,-160155000.0,-394843000.0,-1197862000.0,-1083029000.0,779977000.0,-4818000.0,1059916000.0,1059916000.0,1059916000.0,0.0,76731000.0,0.141,2122501000.0,1221567000.0,362561000.0,0.152,0.901,8.496,8.652,0.0,0.0,31.84,1.194,1.215,2876252000.0,1264093000.0,7541234000.0,7541234000.0,0.0,0.023,0.105,0.029,0.171,46489000.0,2122501000.0,1.0,282810509.0,287801000.0,292069000.0,26.203,45241276000.0,237884000.0,77505000.0,0.0,157.196,
5,XL1,MRY,2012-12-31,2012-12-31,2012-12-31,2020-12-28,1520020000.0,45386895000.0,45351597250.0,,,0.159,34.193,0.0,2618378000.0,2618378000.0,4251677000.0,730383000.0,,3.19,1672778000.0,,,1672778000.0,3755086000.0,57280000.0,1551398000.0,0.018,0.44,857360000.0,914640000.0,0.126,914640000.0,857360000.0,685156000.0,2.12,2.1,2.12,10510077000.0,10124736250.0,10510077000.0,6009213141.0,7.0,6.57,1056106000.0,3.436,1.0,2980720000.0,0.412,408527000.0,172204000.0,44032768000.0,43709450500.0,0.0,33980183000.0,,,33530493000.0,,,7533168141.0,-1206747000.0,-4652000.0,-397517000.0,-600000000.0,-134799000.0,-1344753000.0,-942593000.0,-858840000.0,1056106000.0,24493000.0,651128000.0,651128000.0,651128000.0,0.0,79255000.0,0.09,2087447000.0,893273000.0,245225000.0,0.208,0.717,11.569,11.821,0.0,0.0,25.06,1.042,1.065,2643292000.0,402318000.0,7232397000.0,7232397000.0,0.0,0.014,0.064,0.02,0.119,47472000.0,2087447000.0,1.0,300605273.0,307372000.0,310282000.0,23.53,44978368000.0,166143000.0,34028000.0,0.0,146.332,
6,XL1,MRY,2011-12-31,2011-12-31,2011-12-31,2020-12-28,583064000.0,44665265000.0,45948526000.0,,,0.146,30.079,0.0,3825125000.0,3825125000.0,4613465000.0,-403883000.0,,3.603,2275327000.0,,,2275327000.0,3555310000.0,49800000.0,1608108000.0,0.022,0.44,-209461000.0,-159661000.0,-0.024,-159661000.0,-209461000.0,-415053000.0,-1.52,-1.52,-1.52,9411658000.0,9561252000.0,9411658000.0,5441682837.0,-26.0,-34.083,327202000.0,1.046,1.0,2083338000.0,0.311,407321000.0,205592000.0,42708146000.0,44274320000.0,0.0,31724254000.0,,,33909135000.0,,,6336630837.0,802257000.0,136281000.0,-90689000.0,-179141000.0,-138050000.0,-358716000.0,832103000.0,731902000.0,327202000.0,1668000.0,-474760000.0,-474760000.0,-474760000.0,0.0,70877000.0,-0.071,2339348000.0,-256010000.0,149046000.0,-0.289,0.673,-13.347,-13.007,0.0,0.0,19.77,0.946,0.924,2691355000.0,-113241000.0,6696803000.0,6696803000.0,0.0,-0.01,-0.05,-0.005,-0.031,41225000.0,1910328000.0,1.0,320517493.0,312896000.0,312896000.0,21.403,44257944000.0,115601000.0,59707000.0,0.0,141.446,
7,XL1,MRY,2010-12-31,2010-12-31,2010-12-31,2020-12-28,100795000.0,45015944000.0,45602768500.0,,,0.14,28.579,0.0,3022868000.0,3022868000.0,3725633000.0,643381000.0,,3.572,2457003000.0,,,2457003000.0,3484830000.0,40423000.0,1684606000.0,0.018,0.4,979930000.0,1020353000.0,0.159,1020353000.0,979930000.0,766287000.0,1.74,1.73,1.74,9610753000.0,10256733750.0,9610753000.0,5561053610.0,6.0,5.45,594756000.0,1.769,1.0,2672949000.0,0.418,839508000.0,213643000.0,43610571000.0,43686992000.0,0.0,32426639000.0,,,34330995000.0,,,7052781610.0,-620829000.0,319108000.0,-520842000.0,0.0,-133748000.0,-1473343000.0,261481000.0,-57627000.0,594756000.0,-3723000.0,603550000.0,585472000.0,585472000.0,0.0,39831000.0,0.092,1761221000.0,911728000.0,156565000.0,0.23,0.734,12.046,12.54,0.0,18078000.0,21.82,1.102,1.147,2607955000.0,513777000.0,6398582000.0,6398582000.0,0.0,0.013,0.057,0.022,0.153,44057000.0,1761221000.0,1.0,323225555.0,336283000.0,337709000.0,19.027,44176436000.0,143525000.0,162737000.0,0.0,131.367,
8,XL1,MRY,2009-12-31,2009-12-31,2009-12-31,2020-12-28,-1142467000.0,45663894000.0,45567297250.0,,,0.136,27.686,0.0,3643697000.0,3643697000.0,3846399000.0,74887000.0,,3.823,2451417000.0,,,2451417000.0,3651310000.0,56078000.0,2208699000.0,0.022,0.4,411802000.0,467880000.0,0.076,467880000.0,411802000.0,195298000.0,0.61,0.61,0.61,9430112000.0,8054531500.0,9430112000.0,4817318169.0,12.0,10.296,-42760000.0,-0.126,1.0,2347248000.0,0.379,845129000.0,216504000.0,43626485000.0,43017059250.0,0.0,31822031000.0,,,36048804000.0,,,6271222169.0,-710129000.0,812329000.0,744374000.0,-745000000.0,-136757000.0,-962589000.0,214643000.0,-597686000.0,-42760000.0,80577000.0,74991000.0,206607000.0,206607000.0,0.0,-104000.0,0.033,1911217000.0,436031000.0,453528000.0,0.656,0.665,30.353,30.049,0.0,-131616000.0,18.33,1.013,1.008,3094725000.0,94460000.0,6193647000.0,6193647000.0,0.0,0.005,0.026,0.01,0.066,32231000.0,1909381000.0,1.0,342128869.0,340612000.0,340966000.0,18.184,44818765000.0,240425000.0,120307000.0,0.0,131.583,
9,XL1,MRY,2008-12-31,2008-12-31,2008-12-31,2020-12-28,-3364927000.0,45648814000.0,50827631250.0,,,0.141,25.417,0.0,4353826000.0,4353826000.0,4731902000.0,-2553813000.0,,6.381,3189734000.0,,,3189734000.0,4217931000.0,41236000.0,2710987000.0,0.308,1.14,-1979435000.0,-1938199000.0,-0.271,-1938199000.0,-1979435000.0,-2331235000.0,-10.94,-10.94,-10.94,6116831000.0,8200479500.0,6116831000.0,-1196606566.0,1.0,0.617,-427260000.0,-1.775,1.0,2416217000.0,0.338,853550000.0,351800000.0,43631172000.0,47875191500.0,0.0,29476780000.0,,,39031983000.0,,,1223914435.0,473796000.0,384130000.0,2226034000.0,302750000.0,-261373000.0,-2829297000.0,3809233000.0,3425103000.0,-427260000.0,-78880000.0,-2553813000.0,-2632458000.0,-2632458000.0,0.0,0.0,-0.368,3099333000.0,-683116000.0,753272000.0,-0.104,0.2,-0.465,-0.338,0.0,78645000.0,3.7,0.171,0.125,3825670000.0,-315529000.0,7148119000.0,7148119000.0,0.0,-0.052,-0.321,-0.041,-0.277,57617000.0,2106394000.0,1.0,330787685.0,240657000.0,240657000.0,29.703,44795264000.0,331348000.0,222578000.0,0.0,186.137,
10,XL1,MRY,2007-12-31,2007-12-31,2007-12-31,2020-12-28,9159000.0,57762264000.0,60228090250.0,,,0.152,55.159,0.0,3880030000.0,3880030000.0,4729661000.0,299817000.0,,4.806,2868731000.0,,,2868731000.0,4681989000.0,0.0,7920085000.0,0.03,1.52,1131716000.0,1131716000.0,0.124,1131716000.0,1131716000.0,509811000.0,1.14,1.14,1.14,9948142000.0,11195646000.0,9948142000.0,8654113014.0,8.0,7.647,2240866000.0,12.425,1.0,4406061000.0,0.482,1841591000.0,621905000.0,54909374000.0,58107849250.0,0.0,39585428000.0,,,47811703000.0,,,8972953014.0,1656282000.0,-66261000.0,-257511000.0,-502164000.0,-274037000.0,-754863000.0,118358000.0,184619000.0,2240866000.0,51921000.0,275889000.0,206375000.0,206375000.0,0.0,23928000.0,0.023,2210303000.0,2195758000.0,1034983000.0,1.333,0.902,43.479,44.132,0.0,69514000.0,50.31,0.982,0.993,5427899000.0,2578393000.0,9135722000.0,9135722000.0,0.0,0.003,0.018,0.019,0.124,49666000.0,2208623000.0,1.0,178353270.0,180353000.0,181209000.0,50.655,55920673000.0,370419000.0,233922000.0,0.0,310.062,
11,XL1,MRY,2006-12-31,2006-12-31,2006-12-31,2020-12-28,411405000.0,59308870000.0,59093010250.0,,,0.166,56.664,0.0,2223748000.0,2223748000.0,5008449000.0,1762767000.0,,4.799,3368376000.0,,,3368376000.0,5652897000.0,0.0,7857827000.0,0.021,1.52,2534687000.0,2534687000.0,0.258,2534687000.0,2534687000.0,1982412000.0,9.63,9.6,9.63,10131166000.0,9173251250.0,10131166000.0,14244788039.0,6.0,5.62,2438655000.0,13.64,1.0,4824746000.0,0.491,1818096000.0,552275000.0,58635402000.0,58350817000.0,0.0,42136653000.0,,,48615583000.0,,,13004877039.0,-1469727000.0,247408000.0,26346000.0,-45291000.0,-277682000.0,-968188000.0,-2972325000.0,-3223820000.0,2438655000.0,32131000.0,1762767000.0,1722445000.0,1722445000.0,0.0,0.0,0.175,2287340000.0,2537406000.0,1007580000.0,0.158,1.284,7.55,7.479,0.0,40322000.0,72.02,1.323,1.31,5876405000.0,3266175000.0,9833195000.0,9833195000.0,0.0,0.029,0.188,0.043,0.258,56163000.0,2284985000.0,1.0,180573133.0,178793000.0,179450000.0,54.998,57490774000.0,346122000.0,219645000.0,0.0,321.549,
12,XL1,MRY,2005-12-31,2005-12-31,2005-12-31,2020-12-28,268243000.0,58454901000.0,54376728000.0,,,0.208,59.911,0.0,3693475000.0,3693475000.0,9944365000.0,-1251976000.0,,5.894,3412698000.0,,,3412698000.0,5388996000.0,0.0,8240987000.0,0.03,2.0,-798843000.0,-798843000.0,-0.071,-798843000.0,-798843000.0,-1202692000.0,-9.14,-9.14,-9.14,8471811000.0,7924464000.0,8471811000.0,10041579135.0,-13.0,-12.57,5037350000.0,35.623,1.0,1341050000.0,0.119,1814544000.0,403849000.0,56359580000.0,52802472250.0,0.0,38170577000.0,,,49928701000.0,,,9470026135.0,1489749000.0,108174000.0,2472534000.0,690291000.0,-276655000.0,5163555000.0,-8670016000.0,-8778190000.0,5037350000.0,-41140000.0,-1251976000.0,-1292298000.0,-1292298000.0,0.0,0.0,-0.115,2188155000.0,-847105000.0,2053786000.0,-0.219,1.118,-7.328,-7.372,0.0,40322000.0,67.38,0.839,0.844,5909610000.0,1824191000.0,11285415000.0,11285415000.0,0.0,-0.024,-0.163,-0.015,-0.071,33004000.0,2177403000.0,1.0,140546544.0,141406000.0,141406000.0,79.809,56640357000.0,318399000.0,49284000.0,0.0,400.551,
13,XL1,MRY,2004-12-31,2004-12-31,2004-12-31,2020-12-28,268243000.0,58454901000.0,48727051500.0,,,0.207,61.433,0.0,3693475000.0,3693475000.0,6392023000.0,1166613000.0,,5.9,3412698000.0,,,3412698000.0,5388996000.0,0.0,8240987000.0,0.025,1.96,1550190000.0,1550190000.0,0.154,1550190000.0,1550190000.0,1257956000.0,8.17,8.13,8.17,8471811000.0,7570707250.0,8471811000.0,11230405241.0,7.0,7.245,3908032000.0,28.339,1.0,3704368000.0,0.367,1814544000.0,292234000.0,56359580000.0,46961406500.0,0.0,38170577000.0,,,49983090000.0,,,10766613241.0,-518679000.0,95576000.0,36878000.0,767933000.0,-270452000.0,1638724000.0,-6062343000.0,-6157919000.0,3908032000.0,-3092000.0,1166613000.0,1126292000.0,1126292000.0,0.0,0.0,0.112,2333826000.0,1370542000.0,2053786000.0,0.24,1.271,9.559,9.504,0.0,40321000.0,77.65,1.066,1.061,5909610000.0,1824191000.0,10096391000.0,10096391000.0,0.0,0.023,0.149,0.033,0.154,28393000.0,2317999000.0,1.0,138655676.0,137903000.0,138582000.0,73.214,56640357000.0,318399000.0,91343000.0,0.0,410.726,
14,XL1,MRY,2003-12-31,2003-12-31,2003-12-31,2020-12-28,490195000.0,41190721000.0,39351681250.0,,,0.206,50.669,41969000.0,2829627000.0,2829627000.0,5487881000.0,411979000.0,,4.938,1905483000.0,,,1905483000.0,4729989000.0,0.0,4050334000.0,0.025,1.92,677363000.0,677363000.0,0.084,677363000.0,677363000.0,443434000.0,2.71,2.69,2.71,6936915000.0,7178922500.0,6936915000.0,10484602749.0,15.0,15.479,2843882000.0,20.773,1.0,2608734000.0,0.322,1845507000.0,233929000.0,38421070000.0,36776362250.0,0.0,22821164000.0,,,34253806000.0,,,10645252749.0,-873377000.0,-147474000.0,40539000.0,0.0,-263176000.0,1627462000.0,-5279304000.0,-5173799000.0,2801913000.0,-23448000.0,411979000.0,371658000.0,371658000.0,0.0,0.0,0.046,1969649000.0,639085000.0,2048816000.0,0.708,1.535,28.643,28.616,0.0,40321000.0,77.55,1.315,1.311,5824403000.0,2541843000.0,8096615000.0,8096615000.0,0.0,0.009,0.052,0.018,0.084,17915000.0,1965012000.0,1.0,137269539.0,136906000.0,138187000.0,59.14,39345214000.0,310077000.0,31455000.0,0.0,287.389,
15,XL1,MRY,2002-12-31,2002-12-31,2002-12-31,2020-12-28,184814000.0,35647369000.0,32911311500.0,,,0.2,48.435,-4509000.0,3557815000.0,3557815000.0,4396771000.0,405571000.0,,4.426,1877957000.0,,,1877957000.0,4028299000.0,0.0,2373047000.0,0.024,1.88,596304000.0,596304000.0,0.091,596304000.0,596304000.0,428218000.0,2.92,2.88,2.92,6569589000.0,5835965000.0,6569589000.0,9626488894.0,16.0,16.144,3031936000.0,22.353,1.0,2170759000.0,0.331,1653700000.0,168086000.0,32313811000.0,30462091750.0,0.0,17955799000.0,,,29077780000.0,,,10493723894.0,1431041000.0,-760666000.0,76863000.0,246814000.0,-257054000.0,1453954000.0,-3059646000.0,-2294471000.0,3036445000.0,288000.0,405571000.0,395951000.0,395951000.0,0.0,0.0,0.06,1635921000.0,534838000.0,3470426000.0,0.644,1.597,26.503,26.455,0.0,9620000.0,77.25,1.598,1.595,5789719000.0,2434511000.0,6567530000.0,6567530000.0,0.0,0.012,0.068,0.02,0.091,14311000.0,1629734000.0,1.0,135841086.0,135636000.0,137388000.0,48.42,33993669000.0,320624000.0,22647000.0,0.0,250.624,
16,XL1,MRY,2001-12-31,2001-12-31,2001-12-31,2020-12-28,-213013000.0,27963016000.0,22493645250.0,,,0.182,42.922,-21898000.0,1863861000.0,1863861000.0,3603906000.0,-576135000.0,,4.143,1604877000.0,,,1604877000.0,2636428000.0,0.0,1213202000.0,0.02,1.84,-652777000.0,-652777000.0,-0.16,-652777000.0,-652777000.0,-766049000.0,-4.55,-4.55,-4.55,5437184000.0,5391276000.0,5437184000.0,10821191358.0,-17.0,-16.577,1415704000.0,11.176,1.0,487108000.0,0.119,1616943000.0,113272000.0,26087089000.0,20479608000.0,0.0,13740717000.0,,,22525832000.0,,,11389496358.0,933392000.0,-447107000.0,775778000.0,1122533000.0,-237628000.0,1967323000.0,-2471085000.0,-2002080000.0,1437602000.0,-448000.0,-576135000.0,-576135000.0,-576135000.0,0.0,0.0,-0.141,1120288000.0,-633180000.0,2919149000.0,-0.404,2.095,-19.769,-20.079,0.0,0.0,91.36,2.784,2.829,4674735000.0,2297478000.0,4091014000.0,4091014000.0,0.0,-0.026,-0.107,-0.032,-0.16,10352000.0,1061719000.0,1.0,124666116.0,126676000.0,126676000.0,32.295,26346073000.0,419222000.0,-189914000.0,0.0,207.98,
17,XL1,MRY,2000-12-31,2000-12-31,2000-12-31,2020-12-28,-104712000.0,16941952000.0,16414804250.0,,,0.168,44.767,-31176000.0,930469000.0,930469000.0,1432559000.0,506352000.0,,2.04,450032000.0,,,450032000.0,1741393000.0,0.0,1209926000.0,0.021,1.8,520589000.0,520589000.0,0.189,520589000.0,520589000.0,449996000.0,4.07,4.03,4.07,5573668000.0,5547251500.0,5573668000.0,10385529991.0,20.0,19.95,231275000.0,1.858,1.0,1319023000.0,0.479,1591108000.0,70593000.0,14870407000.0,14358457500.0,0.0,10471922000.0,,,11368284000.0,,,10867001991.0,372720000.0,-183912000.0,-173889000.0,39300000.0,-225572000.0,22764000.0,88054000.0,303142000.0,262451000.0,-549000.0,506352000.0,506352000.0,506352000.0,0.0,0.0,0.184,861285000.0,457738000.0,1814376000.0,0.442,1.95,21.461,21.469,0.0,0.0,87.38,3.949,3.954,1707514000.0,3197441000.0,2751582000.0,2751582000.0,0.0,0.031,0.091,0.036,0.189,8861000.0,802688000.0,1.0,124364866.0,124503000.0,125697000.0,22.101,15350844000.0,152168000.0,-56356000.0,0.0,123.297,
18,XL1,MRY,1999-12-31,1999-12-31,1999-12-31,2020-12-28,19311000.0,15090912000.0,14336026000.0,,,0.175,43.707,-35642000.0,557749000.0,557749000.0,1304304000.0,470509000.0,,1.706,410726000.0,,,410726000.0,1497376000.0,0.0,837893000.0,0.034,1.76,468317000.0,468317000.0,0.186,468317000.0,468317000.0,430939000.0,3.69,3.62,3.69,5577078000.0,5594840500.0,5577078000.0,6533101940.0,14.0,13.95,453592000.0,3.555,1.0,1209641000.0,0.481,1626946000.0,37378000.0,13316943000.0,12764127000.0,0.0,9768115000.0,,,9513834000.0,,,6620022940.0,76875000.0,-515348000.0,-85261000.0,-212772000.0,-212659000.0,322301000.0,-734821000.0,-183831000.0,489234000.0,161000.0,470509000.0,470509000.0,470509000.0,0.0,0.0,0.187,738204000.0,471437000.0,1010176000.0,0.477,1.187,14.07,14.06,0.0,0.0,51.88,2.633,2.633,1493591000.0,3065150000.0,2513945000.0,2513945000.0,0.0,0.033,0.084,0.037,0.186,7657000.0,689063000.0,1.0,127602601.0,127601000.0,130304000.0,19.702,13463966000.0,97928000.0,-39570000.0,0.0,105.516,
19,XL1,MRY,1998-12-31,1998-12-31,1998-12-31,2020-12-28,235185000.0,13581140000.0,11325585500.0,,,0.179,50.097,0.0,480874000.0,480874000.0,841517000.0,656330000.0,,1.42,613873000.0,,,613873000.0,1337277000.0,0.0,0.0,0.022,1.64,719657000.0,719657000.0,0.355,719657000.0,719657000.0,686213000.0,5.86,5.68,5.86,5612603000.0,4404176000.0,5612603000.0,8072405125.0,11.0,11.217,534617000.0,4.772,1.0,1183885000.0,0.585,1502828000.0,33444000.0,12211311000.0,10541033500.0,0.0,9256645000.0,,,7968537000.0,,,8251165125.0,97280000.0,65676000.0,-250795000.0,160000000.0,-156481000.0,-227288000.0,-209533000.0,-276476000.0,534617000.0,-516000.0,656330000.0,656330000.0,656330000.0,0.0,0.0,0.324,465132000.0,718753000.0,816841000.0,0.28,1.47,12.572,12.799,0.0,0.0,75.0,4.074,4.149,1244440000.0,2891023000.0,2025402000.0,2025402000.0,0.0,0.058,0.149,0.068,0.355,5815000.0,438251000.0,1.0,110015535.0,112034000.0,116206000.0,18.078,12078312000.0,37481000.0,29883000.0,0.0,107.809,
20,XL1,MRY,1997-12-31,1997-12-31,1997-12-31,2020-12-28,251471000.0,9070031000.0,,,,,31.421,0.0,383594000.0,383594000.0,738849000.0,809029000.0,,1.838,453866000.0,,,453866000.0,824369000.0,0.0,0.0,0.021,1.36,870823000.0,870823000.0,0.45,870823000.0,870823000.0,841201000.0,7.95,7.74,7.95,3195749000.0,,3195749000.0,,,,733944000.0,7.216,1.0,1196641000.0,0.618,269547000.0,29622000.0,8870756000.0,,0.0,7122622000.0,,,5874282000.0,,,,62454000.0,-703321000.0,-142049000.0,130000000.0,-120607000.0,-106430000.0,-564438000.0,184989000.0,733944000.0,-622000.0,809029000.0,809029000.0,809029000.0,0.0,0.0,0.418,325510000.0,871131000.0,428679000.0,0.171,,,7.972,0.0,0.0,63.38,,3.331,596478000.0,2455076000.0,1935490000.0,1935490000.0,0.0,,,,0.45,5237000.0,318107000.0,1.0,,101708000.0,105005000.0,19.03,8800484000.0,42646000.0,32172000.0,0.0,86.527,
21,XL1,MRY,1996-12-31,1996-12-31,1996-12-31,2020-12-28,,,,,,,,0.0,,,739058000.0,516471000.0,,,,,,,,0.0,,0.025,0.95,559916000.0,559916000.0,0.355,559916000.0,559916000.0,537594000.0,4.81,4.73,4.81,,,,,,,567825000.0,5.29,1.0,838085000.0,0.531,,22322000.0,,,,,,,,,,,-466619000.0,-19131000.0,-308144000.0,6162000.0,-90898000.0,-392880000.0,-641432000.0,-594027000.0,567825000.0,-132000.0,516471000.0,516471000.0,516471000.0,0.0,0.0,0.327,278169000.0,559916000.0,,0.198,,,7.875,,0.0,37.88,,2.578,,,1577143000.0,1577143000.0,0.0,,,,0.355,2422000.0,277801000.0,1.0,,107339000.0,109908000.0,14.693,,,21123000.0,,,
22,XL1,MRY,1995-12-31,1995-11-30,1995-11-30,2020-12-28,,,,,,,,0.0,,,440922000.0,332798000.0,,,,,,,,0.0,,0.022,0.695,334518000.0,334518000.0,0.389,334518000.0,334518000.0,334518000.0,3.22,3.22,3.22,,,,,,,523165000.0,5.058,1.0,418120000.0,0.487,,0.0,,,,,,,,,,,217257000.0,-59549000.0,-340193000.0,0.0,-71253000.0,-411446000.0,105538000.0,123249000.0,523165000.0,0.0,332798000.0,332798000.0,332798000.0,0.0,0.0,0.387,83602000.0,334518000.0,,0.216,,,9.686,,0.0,31.19,,3.756,,,859042000.0,859042000.0,0.0,,,,0.389,980000.0,83602000.0,1.0,,103438000.0,103438000.0,8.305,,,1720000.0,,,
0,XL1,MRQ,2018-06-30,2018-06-30,2018-06-30,2020-12-28,51264000.0,63585889000.0,,,,,37.388,0.0,3030567000.0,3030567000.0,1731426000.0,336800000.0,,5.417,3217123000.0,,,3217123000.0,9539454000.0,22435000.0,940557000.0,0.016,0.22,394718000.0,417153000.0,0.138,417153000.0,394718000.0,346032000.0,1.23,1.21,1.23,9660011000.0,,9660011000.0,14051839756.0,-50.0,-80.73,-373493000.0,-1.446,1.0,1291194000.0,0.427,2201085000.0,48686000.0,61571360000.0,,0.0,36112823000.0,,,52328883000.0,,,14451164756.0,-609219000.0,30651000.0,13957000.0,0.0,-113726000.0,-175421000.0,-42684000.0,-70132000.0,-373493000.0,-17621000.0,318996000.0,318996000.0,318996000.0,0.0,17804000.0,0.106,941999000.0,349195000.0,4289302000.0,0.179,1.496,-26.603,-26.145,0.0,0.0,55.95,1.243,1.244,9561332000.0,1764855000.0,3022620000.0,3022620000.0,0.0,,,,,16462000.0,941999000.0,1.0,258287127.0,258375000.0,263822000.0,11.699,61384804000.0,372520000.0,27036000.0,0.0,237.58,
1,XL1,MRQ,2018-03-31,2018-03-31,2018-03-31,2020-12-28,312255000.0,65337963000.0,,,,,37.476,0.0,3639786000.0,3639786000.0,1632313000.0,161233000.0,,5.619,3240461000.0,,,3240461000.0,9687293000.0,22481000.0,982963000.0,0.016,0.22,238095000.0,260576000.0,0.093,260576000.0,238095000.0,184550000.0,0.59,0.58,0.59,9628529000.0,,9628529000.0,13824443331.0,-48.0,-72.979,-238124000.0,-0.927,1.0,1182629000.0,0.42,2230506000.0,53545000.0,62708132000.0,,0.0,36973434000.0,,,54102741000.0,,,14197125331.0,46335000.0,168326000.0,44841000.0,0.0,0.0,-63486000.0,340442000.0,198898000.0,-238124000.0,7503000.0,152648000.0,152648000.0,152648000.0,0.0,8585000.0,0.054,936390000.0,246239000.0,4749670000.0,0.373,1.474,-25.325,-25.005,0.0,0.0,55.26,1.247,1.247,9457173000.0,1503797000.0,2814942000.0,2814942000.0,0.0,,,,,15448000.0,936390000.0,1.0,256915044.0,256922000.0,261176000.0,10.956,63107457000.0,356667000.0,31902000.0,0.0,245.629,
2,XL1,MRQ,2017-12-31,2017-12-31,2017-12-31,2020-12-28,889431000.0,63436236000.0,,,,,38.475,0.0,3593451000.0,3593451000.0,1836369000.0,59857000.0,,5.278,3220769000.0,,,3220769000.0,8307431000.0,42929000.0,1042677000.0,0.025,0.22,157643000.0,200572000.0,0.069,200572000.0,157643000.0,105932000.0,0.1,0.1,0.1,9848317000.0,,9848317000.0,9021834416.0,-29.0,-42.172,-150495000.0,-0.588,1.0,1064683000.0,0.367,2225751000.0,51711000.0,60837803000.0,,0.0,37555645000.0,,,51974916000.0,,,9001486416.0,405866000.0,161712000.0,966000.0,0.0,-56327000.0,-60535000.0,615521000.0,487082000.0,-150495000.0,1375000.0,28828000.0,28828000.0,28828000.0,0.0,31029000.0,0.01,879889000.0,184794000.0,4039105000.0,2.2,0.914,-16.063,-16.278,0.0,0.0,35.16,0.795,0.807,8066111000.0,1198386000.0,2901052000.0,2901052000.0,0.0,,,,,14654000.0,879889000.0,1.0,256014972.0,255967000.0,243778000.0,11.334,61210485000.0,332024000.0,77104000.0,0.0,239.134,
3,XL1,MRQ,2017-09-30,2017-09-30,2017-09-30,2020-12-28,968928000.0,63790208000.0,,,,,38.673,0.0,3189715000.0,3189715000.0,3077315000.0,-1073886000.0,,5.258,3210063000.0,,,3210063000.0,8344536000.0,17542000.0,1030290000.0,0.022,0.22,-1069902000.0,-1052360000.0,-0.365,-1052360000.0,-1069902000.0,-1103821000.0,-4.06,-4.06,-4.06,9939847000.0,,9939847000.0,10068179970.0,-90.0,-389.349,313060000.0,1.218,1.0,-193331000.0,-0.067,2227014000.0,33919000.0,61583542000.0,,0.0,38145297000.0,,,52261698000.0,,,10175892970.0,-103734000.0,70823000.0,-113947000.0,-17909000.0,-56316000.0,-609176000.0,180481000.0,130329000.0,313060000.0,11901000.0,-1043689000.0,-1043689000.0,-1043689000.0,0.0,-30197000.0,-0.362,855041000.0,-1048372000.0,3979569000.0,-0.054,1.024,-35.764,-32.336,0.0,0.0,39.45,0.899,0.896,8354358000.0,1226814000.0,2883984000.0,2883984000.0,0.0,,,,,19586000.0,855041000.0,1.0,257944055.0,257022000.0,261298000.0,11.221,61563194000.0,301322000.0,-60132000.0,0.0,239.525,
4,XL1,MRQ,2017-06-30,2017-06-30,2017-06-30,2020-12-28,921165000.0,62382250000.0,,,,,42.456,0.0,3315052000.0,3315052000.0,1536678000.0,310043000.0,,4.447,3207339000.0,,,3207339000.0,8848374000.0,17138000.0,1123628000.0,0.019,0.22,384644000.0,401782000.0,0.144,401782000.0,384644000.0,330626000.0,1.16,1.14,1.16,11080552000.0,,11080552000.0,10586324759.0,10.0,8.884,-74445000.0,-0.285,1.0,1251082000.0,0.449,2219390000.0,54018000.0,60055147000.0,,0.0,37629851000.0,,,49279843000.0,,,11451145759.0,-198122000.0,52659000.0,-230807000.0,558311000.0,-57197000.0,210229000.0,-347056000.0,-381413000.0,-74445000.0,13150000.0,301620000.0,301620000.0,301620000.0,0.0,8423000.0,0.108,906362000.0,344720000.0,3697073000.0,0.19,1.033,13.8,14.129,0.0,0.0,43.8,1.039,1.037,8171056000.0,2365888000.0,2787760000.0,2787760000.0,0.0,,,,,17265000.0,906362000.0,1.0,261441684.0,260990000.0,264943000.0,10.681,60162860000.0,293219000.0,29006000.0,0.0,230.518,
5,XL1,MRQ,2017-03-31,2017-03-31,2017-03-31,2020-12-28,844974000.0,61024619000.0,,,,,41.307,0.0,3513174000.0,3513174000.0,1590747000.0,213849000.0,,4.376,2648353000.0,,,2648353000.0,8581973000.0,19429000.0,1121194000.0,0.021,0.22,216646000.0,236075000.0,0.086,236075000.0,216646000.0,165935000.0,0.58,0.57,0.58,10974884000.0,,10974884000.0,9628966568.0,12.0,10.377,-47497000.0,-0.179,1.0,1164614000.0,0.423,2208612000.0,50711000.0,57951186000.0,,0.0,37030417000.0,,,48023993000.0,,,10561781568.0,-67318000.0,132311000.0,-177192000.0,0.0,-58392000.0,-291600000.0,241506000.0,85766000.0,-47497000.0,30273000.0,152843000.0,152843000.0,152843000.0,0.0,61006000.0,0.055,903907000.0,260707000.0,3537628000.0,0.379,0.962,18.467,18.981,0.0,0.0,39.86,0.97,0.973,7483180000.0,2193112000.0,2755361000.0,2755361000.0,0.0,,,,,12694000.0,903907000.0,1.0,264971941.0,265690000.0,269767000.0,10.371,58816007000.0,302301000.0,13092000.0,0.0,221.371,
6,XL1,MRQ,2016-12-31,2016-12-31,2016-12-31,2020-12-28,715546000.0,58434102000.0,,,,,40.739,0.0,3580492000.0,3580492000.0,1578111000.0,309614000.0,,4.157,2647677000.0,,,2647677000.0,7293028000.0,32049000.0,1116233000.0,0.021,0.2,356595000.0,388644000.0,0.134,388644000.0,356595000.0,304318000.0,1.1,1.08,1.1,10938512000.0,,10938512000.0,9128775458.0,13.0,11.257,266124000.0,0.991,1.0,1315206000.0,0.455,2203653000.0,52277000.0,55297634000.0,,0.0,36887912000.0,,,45473423000.0,,,10025170458.0,33711000.0,-48942000.0,-140794000.0,0.0,-53415000.0,-196448000.0,10148000.0,58332000.0,266124000.0,-46113000.0,304700000.0,304700000.0,304700000.0,0.0,4914000.0,0.105,909998000.0,405208000.0,2677726000.0,0.182,0.917,22.734,23.582,0.0,0.0,37.26,0.951,0.986,6228866000.0,2151794000.0,2893317000.0,2893317000.0,0.0,,,,,20487000.0,909998000.0,1.0,269059862.0,268502000.0,272657000.0,10.776,56230449000.0,310542000.0,-382000.0,0.0,209.423,
7,XL1,MRQ,2016-09-30,2016-09-30,2016-09-30,2020-12-28,1519805000.0,60772050000.0,,,,,42.433,0.0,3543395000.0,3543395000.0,1497678000.0,128677000.0,,4.063,2647000000.0,,,2647000000.0,7724957000.0,27371000.0,1138789000.0,0.024,0.2,137795000.0,165166000.0,0.064,165166000.0,137795000.0,88350000.0,0.26,0.25,0.26,11612166000.0,,11612166000.0,8395040763.0,15.0,11.902,482581000.0,1.763,1.0,1090442000.0,0.421,2234071000.0,49445000.0,57641584000.0,,0.0,38637550000.0,,,47179170000.0,,,9247323763.0,76528000.0,19456000.0,-217743000.0,0.0,-55615000.0,-344787000.0,-70587000.0,-207080000.0,482581000.0,9321000.0,70601000.0,70601000.0,70601000.0,0.0,58076000.0,0.027,912346000.0,178096000.0,3068641000.0,0.769,0.796,25.348,26.904,0.0,0.0,33.63,0.899,0.895,6556093000.0,1924516000.0,2588120000.0,2588120000.0,0.0,,,,,17288000.0,912346000.0,1.0,274972458.0,273660000.0,277094000.0,9.457,58537979000.0,219905000.0,17749000.0,0.0,213.908,
8,XL1,MRQ,2016-06-30,2016-06-30,2016-06-30,2020-12-28,1408587000.0,61198240000.0,,,,,41.467,0.0,3498607000.0,3498607000.0,1637868000.0,48826000.0,,4.068,2646324000.0,,,2646324000.0,8274300000.0,36051000.0,1178113000.0,0.024,0.2,101987000.0,138038000.0,0.052,138038000.0,101987000.0,46249000.0,0.16,0.15,0.16,11685188000.0,,11685188000.0,9154336167.0,19.0,15.164,339240000.0,1.204,1.0,1009554000.0,0.381,2217973000.0,55738000.0,58127984000.0,,0.0,38106229000.0,,,47534308000.0,,,9482357167.0,495852000.0,-49447000.0,-327249000.0,-8248000.0,-55870000.0,-436079000.0,594245000.0,638577000.0,339240000.0,-1554000.0,43782000.0,43782000.0,43782000.0,0.0,5044000.0,0.017,943041000.0,66513000.0,3087127000.0,1.25,0.811,29.494,30.843,0.0,0.0,33.31,0.924,0.914,7255602000.0,1931951000.0,2647422000.0,2647422000.0,0.0,,,,,22519000.0,943041000.0,1.0,284669984.0,281793000.0,285082000.0,9.395,58980267000.0,224786000.0,2467000.0,0.0,209.304,
9,XL1,MRQ,2016-03-31,2016-03-31,2016-03-31,2020-12-28,1094557000.0,60645692000.0,,,,,40.034,0.0,2981916000.0,2981916000.0,1387422000.0,83028000.0,,4.019,2653895000.0,,,2653895000.0,8217539000.0,22592000.0,1170595000.0,0.021,0.2,96483000.0,119075000.0,0.049,119075000.0,96483000.0,44180000.0,0.07,0.07,0.07,11688744000.0,,11688744000.0,9971789205.0,7.0,6.73,-144039000.0,-0.493,1.0,1029805000.0,0.426,2233597000.0,52303000.0,58084074000.0,,0.0,38687427000.0,,,46977974000.0,,,10738047205.0,-435339000.0,-275256000.0,-355410000.0,0.0,-57861000.0,-475865000.0,203961000.0,403103000.0,-144039000.0,-19396000.0,21885000.0,21885000.0,21885000.0,0.0,61143000.0,0.009,918648000.0,111157000.0,2658438000.0,2.857,0.919,9.003,9.02,0.0,0.0,36.8,1.042,1.043,6575480000.0,1982598000.0,2417227000.0,2417227000.0,0.0,,,,,20707000.0,918648000.0,1.0,291794761.0,291969000.0,296666000.0,8.279,58412095000.0,245927000.0,22295000.0,0.0,200.063,
10,XL1,MRQ,2015-12-31,2015-12-31,2015-12-31,2020-12-28,686616000.0,58682938000.0,,,,,39.283,0.0,3411228000.0,3411228000.0,1432843000.0,234579000.0,,3.856,2644970000.0,,,2644970000.0,7043358000.0,41651000.0,1168376000.0,0.018,0.2,241435000.0,283086000.0,0.108,283086000.0,241435000.0,189254000.0,0.76,0.75,0.76,11677079000.0,,11677079000.0,10905248999.0,8.0,7.341,134981000.0,0.454,1.0,1198470000.0,0.455,2210266000.0,52181000.0,55706414000.0,,0.0,38191883000.0,,,45028475000.0,,,11666211999.0,-83834000.0,-161918000.0,-174630000.0,-87447000.0,-59486000.0,-379026000.0,169828000.0,355779000.0,134981000.0,-9617000.0,228550000.0,228550000.0,228550000.0,0.0,6029000.0,0.087,976749000.0,221721000.0,2247787000.0,0.263,0.999,9.664,9.284,0.0,0.0,39.18,1.253,1.205,5362317000.0,2077349000.0,2631313000.0,2631313000.0,0.0,,,,,16736000.0,976749000.0,1.0,297759367.0,297258000.0,301577000.0,8.852,56472672000.0,282311000.0,-39296000.0,0.0,189.979,
11,XL1,MRQ,2015-09-30,2015-09-30,2015-09-30,2020-12-28,955082000.0,60416523000.0,,,,,39.548,0.0,3487880000.0,3487880000.0,1486864000.0,85171000.0,,3.896,2726917000.0,,,2726917000.0,7840331000.0,21313000.0,1194815000.0,0.019,0.2,42169000.0,63482000.0,0.025,63482000.0,42169000.0,-9760000.0,0.09,0.09,0.09,11938229000.0,,11938229000.0,10730034027.0,8.0,7.52,488996000.0,1.62,1.0,1082838000.0,0.421,2213688000.0,51929000.0,57441872000.0,,0.0,39046252000.0,,,46516015000.0,,,10980058027.0,499229000.0,16227000.0,-176807000.0,0.0,-59977000.0,-288891000.0,315979000.0,362576000.0,488996000.0,-16855000.0,27282000.0,27282000.0,27282000.0,0.0,57889000.0,0.011,979315000.0,103523000.0,2450232000.0,2.222,0.92,9.82,9.265,0.0,0.0,36.32,1.351,1.349,5778680000.0,1943747000.0,2569702000.0,2569702000.0,0.0,,,,,18054000.0,979315000.0,1.0,302314373.0,301867000.0,306954000.0,8.513,58202835000.0,252492000.0,-37042000.0,0.0,192.81,
12,XL1,MRQ,2015-06-30,2015-06-30,2015-06-30,2020-12-28,1076174000.0,61750706000.0,,,,,42.317,0.0,2976479000.0,2976479000.0,1173276000.0,919918000.0,,3.882,2726455000.0,,,2726455000.0,8548841000.0,18442000.0,1212206000.0,0.017,0.16,997665000.0,1016107000.0,0.378,1016107000.0,997665000.0,947998000.0,3.16,3.11,3.16,12247298000.0,,12247298000.0,10840472882.0,7.0,7.117,-14474000.0,-0.05,1.0,1512020000.0,0.563,2205911000.0,49667000.0,59294771000.0,,0.0,39847542000.0,,,47545601000.0,,,11406845882.0,-369093000.0,-455484000.0,-107364000.0,0.0,-48131000.0,-210290000.0,-153821000.0,492676000.0,-14474000.0,9492000.0,915039000.0,915039000.0,915039000.0,0.0,4879000.0,0.341,848971000.0,663049000.0,2643450000.0,0.051,0.931,9.806,9.073,0.0,0.0,37.2,1.607,1.517,6423590000.0,2014217000.0,2685296000.0,2685296000.0,0.0,,,,,21346000.0,848971000.0,1.0,306635642.0,289420000.0,293983000.0,9.278,59544795000.0,204155000.0,32959000.0,0.0,205.738,
13,XL1,MRQ,2015-03-31,2015-03-31,2015-03-31,2020-12-28,1705170000.0,46080556000.0,,,,,40.059,0.0,3209934000.0,3209934000.0,789214000.0,73671000.0,,3.361,2643561000.0,,,2643561000.0,4532022000.0,10907000.0,1211203000.0,0.017,0.16,111937000.0,122844000.0,0.086,122844000.0,111937000.0,60499000.0,0.14,0.14,0.14,10244057000.0,,10244057000.0,8533580410.0,43.0,34.085,34978000.0,0.137,1.0,633401000.0,0.445,442431000.0,51438000.0,45071752000.0,,0.0,33186439000.0,,,34434133000.0,,,9392814410.0,688120000.0,48879000.0,-194000.0,980600000.0,-40922000.0,896093000.0,-195554000.0,-212292000.0,34978000.0,-47397000.0,36281000.0,36281000.0,36281000.0,0.0,37390000.0,0.026,479352000.0,154049000.0,634097000.0,1.143,0.917,-302.059,-408.889,0.0,0.0,36.8,1.506,1.509,3036750000.0,1175182000.0,1422615000.0,1422615000.0,0.0,,,,,18295000.0,479352000.0,1.0,255239522.0,255724000.0,260704000.0,5.563,45638125000.0,192286000.0,24218000.0,0.0,178.466,
14,XL1,MRQ,2014-12-31,2014-12-31,2014-12-31,2020-12-28,1484458000.0,45046819000.0,,,,,39.052,0.0,2521814000.0,2521814000.0,763396000.0,142973000.0,,3.35,1662580000.0,,,1662580000.0,3973132000.0,12607000.0,1245367000.0,0.019,0.16,211901000.0,224508000.0,0.155,224508000.0,211901000.0,177672000.0,0.53,0.51,0.53,10033751000.0,,10033751000.0,8177777016.0,20.0,17.2,235159000.0,0.915,1.0,684209000.0,0.473,447952000.0,34229000.0,43739633000.0,,0.0,33371283000.0,,,33611053000.0,,,8869305016.0,168080000.0,-68369000.0,-174223000.0,0.0,-40130000.0,-229689000.0,205831000.0,309441000.0,235159000.0,-43221000.0,139499000.0,139499000.0,139499000.0,0.0,3474000.0,0.096,527810000.0,156399000.0,535521000.0,0.302,0.884,47.092,48.408,0.0,0.0,34.37,1.343,1.39,2698017000.0,1187639000.0,1447605000.0,1447605000.0,0.0,,,,,15983000.0,527810000.0,1.0,258053681.0,256930000.0,261372000.0,5.634,44598867000.0,204491000.0,38173000.0,0.0,173.584,
15,XL1,MRQ,2014-09-30,2014-09-30,2014-09-30,2020-12-28,1231929000.0,45909756000.0,,,,,37.227,0.0,2353734000.0,2353734000.0,879689000.0,109967000.0,,3.525,1662206000.0,,,1662206000.0,4301271000.0,14404000.0,1242696000.0,0.019,0.16,145292000.0,159696000.0,0.103,159696000.0,145292000.0,102441000.0,0.27,0.27,0.27,9841054000.0,,9841054000.0,7997918777.0,14.0,13.139,374396000.0,1.416,1.0,663643000.0,0.43,450411000.0,42851000.0,44767817000.0,,0.0,33925427000.0,,,34688982000.0,,,8806605777.0,-717405000.0,-22066000.0,-272766000.0,-600000000.0,-42434000.0,-967489000.0,-63619000.0,20475000.0,374396000.0,-60693000.0,72384000.0,72384000.0,72384000.0,0.0,37583000.0,0.047,524137000.0,139506000.0,693500000.0,0.593,0.895,25.189,26.967,0.0,0.0,33.17,1.246,1.241,2994809000.0,1115648000.0,1543332000.0,1543332000.0,0.0,,,,,24741000.0,524137000.0,1.0,265499119.0,264353000.0,269140000.0,5.838,45459345000.0,209334000.0,30057000.0,0.0,171.965,
16,XL1,MRQ,2014-06-30,2014-06-30,2014-06-30,2020-12-28,1207034000.0,47848915000.0,,,,,37.037,0.0,3071139000.0,3071139000.0,913179000.0,-275578000.0,,3.632,2262452000.0,,,2262452000.0,4704993000.0,14146000.0,1288376000.0,0.018,0.16,-270829000.0,-256683000.0,-0.141,-256683000.0,-270829000.0,-284914000.0,-1.03,-1.03,-1.03,10034289000.0,,10034289000.0,8672944376.0,15.0,13.469,153561000.0,0.567,1.0,910327000.0,0.499,455057000.0,14085000.0,46585171000.0,,0.0,34484417000.0,,,36440338000.0,,,8886167376.0,595092000.0,471025000.0,-173411000.0,0.0,-43209000.0,-434220000.0,869129000.0,388251000.0,153561000.0,6622000.0,-279260000.0,-279260000.0,-279260000.0,0.0,3682000.0,-0.153,517648000.0,392679000.0,949136000.0,-0.155,0.886,21.522,22.729,0.0,0.0,32.73,1.201,1.198,3618760000.0,1124195000.0,1823506000.0,1823506000.0,0.0,,,,,24589000.0,517648000.0,1.0,271499156.0,270924000.0,270924000.0,6.731,47393858000.0,216312000.0,-5654000.0,0.0,174.934,
17,XL1,MRQ,2014-03-31,2014-03-31,2014-03-31,2020-12-28,946661000.0,46758887000.0,,,,,37.074,0.0,2476047000.0,2476047000.0,945092000.0,291476000.0,,3.431,2262824000.0,,,2262824000.0,4473478000.0,14961000.0,1497599000.0,0.019,0.16,332979000.0,347940000.0,0.195,347940000.0,332979000.0,290038000.0,0.93,0.91,0.93,10244962000.0,,10244962000.0,9089149438.0,8.0,7.266,200068000.0,0.724,1.0,842732000.0,0.471,455700000.0,42941000.0,46089964000.0,,0.0,34051771000.0,,,35154913000.0,,,8626778438.0,675215000.0,58969000.0,-175186000.0,0.0,-43847000.0,-232310000.0,700280000.0,747386000.0,200068000.0,7177000.0,255717000.0,255717000.0,255717000.0,0.0,35759000.0,0.143,509838000.0,332894000.0,712130000.0,0.172,0.842,8.941,9.164,0.0,0.0,31.25,1.155,1.157,3508809000.0,1466897000.0,1787824000.0,1787824000.0,0.0,,,,,15974000.0,509838000.0,1.0,276056910.0,276337000.0,280458000.0,6.47,46303187000.0,215286000.0,34321000.0,0.0,167.561,
18,XL1,MRQ,2013-12-31,2013-12-31,2013-12-31,2020-12-28,736657000.0,45652887000.0,,,,,35.537,0.0,1800832000.0,1800832000.0,1065687000.0,303567000.0,,3.431,2263203000.0,,,2263203000.0,3846526000.0,12082000.0,1509243000.0,0.018,0.14,345669000.0,357751000.0,0.187,357751000.0,345669000.0,305037000.0,1.06,1.06,1.06,9997633000.0,,9997633000.0,8544855607.0,7.0,6.334,-72912000.0,-0.259,1.0,846816000.0,0.443,411611000.0,40632000.0,45703647000.0,,0.0,34390929000.0,,,34303589000.0,,,9004686607.0,-330061000.0,-67964000.0,-147192000.0,592615000.0,-39024000.0,371404000.0,-627994000.0,-524346000.0,-72912000.0,-559000.0,300780000.0,300780000.0,300780000.0,0.0,2787000.0,0.157,533531000.0,313285000.0,362561000.0,0.132,0.901,8.496,8.652,0.0,0.0,31.84,1.194,1.215,2876252000.0,1264093000.0,1912503000.0,1912503000.0,0.0,,,,,1042000.0,533531000.0,1.0,282810509.0,281333000.0,283792000.0,6.798,45241276000.0,237884000.0,4257000.0,0.0,160.81,
19,XL1,MRQ,2013-09-30,2013-09-30,2013-09-30,2020-12-28,762316000.0,45626383000.0,,,,,34.717,0.0,2130893000.0,2130893000.0,1123069000.0,170670000.0,,3.469,1671062000.0,,,1671062000.0,4254939000.0,20454000.0,1505180000.0,0.017,0.14,174471000.0,194925000.0,0.104,194925000.0,174471000.0,136545000.0,0.48,0.47,0.48,9907896000.0,,9907896000.0,8071909832.0,8.0,7.284,493236000.0,1.728,1.0,755040000.0,0.402,410933000.0,37926000.0,44755619000.0,,0.0,33819520000.0,,,34373869000.0,,,8820357832.0,-289189000.0,68882000.0,-148764000.0,0.0,-79156000.0,-274097000.0,-527430000.0,-569754000.0,493236000.0,19102000.0,135648000.0,135648000.0,135648000.0,0.0,35022000.0,0.072,549834000.0,205206000.0,627324000.0,0.292,0.89,10.493,10.664,0.0,0.0,30.82,1.169,1.166,3052241000.0,1012829000.0,1878109000.0,1878109000.0,0.0,,,,,17047000.0,549834000.0,1.0,286189417.0,285393000.0,290490000.0,6.581,45215450000.0,222638000.0,897000.0,0.0,158.432,
20,XL1,MRQ,2013-06-30,2013-06-30,2013-06-30,2020-12-28,710760000.0,45105137000.0,,,,,34.17,0.0,2420082000.0,2420082000.0,1054373000.0,275878000.0,,3.424,1671634000.0,,,1671634000.0,4472108000.0,10584000.0,1534896000.0,0.016,0.14,339774000.0,350358000.0,0.186,350358000.0,339774000.0,301570000.0,0.94,0.93,0.94,9892570000.0,,9892570000.0,7982710473.0,7.0,7.016,214009000.0,0.739,1.0,833843000.0,0.442,407379000.0,38204000.0,43949310000.0,,0.0,32795932000.0,,,33868067000.0,,,8783791473.0,-53205000.0,-101255000.0,-145866000.0,0.0,-41170000.0,-228212000.0,-39945000.0,72948000.0,214009000.0,943000.0,272698000.0,272698000.0,272698000.0,0.0,3180000.0,0.144,535045000.0,298798000.0,736580000.0,0.149,0.888,10.018,10.174,0.0,0.0,30.32,1.174,1.173,3522746000.0,928372000.0,1888216000.0,1888216000.0,0.0,,,,,13314000.0,535045000.0,1.0,289702885.0,289513000.0,294333000.0,6.522,44697758000.0,246731000.0,28872000.0,0.0,154.389,
21,XL1,MRQ,2013-03-31,2013-03-31,2013-03-31,2020-12-28,1405110000.0,45522263000.0,,,,,35.55,0.0,2473287000.0,2473287000.0,954037000.0,386532000.0,,3.212,1672206000.0,,,1672206000.0,4342664000.0,13109000.0,1527323000.0,0.016,0.14,432969000.0,446078000.0,0.24,446078000.0,432969000.0,394269000.0,1.19,1.17,1.19,10487346000.0,,10487346000.0,7991629824.0,8.0,7.204,145644000.0,0.494,1.0,908369000.0,0.488,406748000.0,38700000.0,44314434000.0,,0.0,33488273000.0,,,33690417000.0,,,8937229824.0,-145091000.0,-62387000.0,-221172000.0,0.0,-805000.0,-263938000.0,-2493000.0,-61877000.0,145644000.0,-24304000.0,350790000.0,350790000.0,350790000.0,0.0,35742000.0,0.188,504091000.0,404278000.0,413326000.0,0.118,0.852,10.829,11.018,0.0,0.0,30.3,1.217,1.217,3295133000.0,707791000.0,1862406000.0,1862406000.0,0.0,,,,,15086000.0,504091000.0,1.0,294958080.0,295000000.0,299469000.0,6.313,45115515000.0,172446000.0,43479000.0,0.0,152.934,
22,XL1,MRQ,2012-12-31,2012-12-31,2012-12-31,2020-12-28,1520020000.0,45386895000.0,,,,,34.98,0.0,2618378000.0,2618378000.0,1305287000.0,84843000.0,,3.19,1672778000.0,,,1672778000.0,3755086000.0,15545000.0,1551398000.0,0.018,0.11,101299000.0,116844000.0,0.061,116844000.0,101299000.0,63659000.0,0.28,0.28,0.28,10510077000.0,,10510077000.0,6009213141.0,7.0,6.57,161926000.0,0.539,1.0,608200000.0,0.318,408527000.0,37640000.0,44032768000.0,,0.0,33980183000.0,,,33530493000.0,,,7533168141.0,-578927000.0,-63067000.0,-51010000.0,0.0,-33046000.0,-140334000.0,-604802000.0,-576172000.0,161926000.0,4283000.0,81444000.0,81444000.0,81444000.0,0.0,3399000.0,0.043,520803000.0,87397000.0,245225000.0,0.393,0.717,11.569,11.821,0.0,0.0,25.06,1.042,1.065,2643292000.0,402318000.0,1913487000.0,1913487000.0,0.0,,,,,5645000.0,520803000.0,1.0,300605273.0,300463000.0,303322000.0,6.368,44978368000.0,166143000.0,-17785000.0,0.0,149.697,
23,XL1,MRQ,2012-09-30,2012-09-30,2012-09-30,2020-12-28,1423448000.0,45980328000.0,,,,,34.224,0.0,3197305000.0,3197305000.0,1013515000.0,207746000.0,,3.287,1673350000.0,,,1673350000.0,4081557000.0,14256000.0,1561076000.0,0.018,0.11,210260000.0,224516000.0,0.124,224516000.0,210260000.0,172353000.0,0.57,0.56,0.57,10411037000.0,,10411037000.0,5708883620.0,17.0,14.793,410584000.0,1.35,1.0,804123000.0,0.442,407221000.0,37907000.0,44049152000.0,,0.0,33364399000.0,,,34222909000.0,,,7346108620.0,-113841000.0,19978000.0,-121743000.0,0.0,-33438000.0,-216000000.0,-332268000.0,-238708000.0,410584000.0,23843000.0,171902000.0,171902000.0,171902000.0,0.0,35844000.0,0.095,542092000.0,262031000.0,789807000.0,0.193,0.706,135.67,126.474,0.0,0.0,24.03,1.042,1.037,3062386000.0,354206000.0,1817638000.0,1817638000.0,0.0,,,,,14032000.0,542092000.0,1.0,305705727.0,304199000.0,307764000.0,5.975,45573107000.0,132931000.0,451000.0,0.0,149.813,
24,XL1,MRQ,2012-06-30,2012-06-30,2012-06-30,2020-12-28,910760000.0,44940156000.0,,,,,31.856,0.0,3311146000.0,3311146000.0,957503000.0,224609000.0,,3.418,1673921000.0,,,1673921000.0,4231975000.0,13620000.0,1600595000.0,0.021,0.11,308325000.0,321945000.0,0.184,321945000.0,308325000.0,250966000.0,0.71,0.71,0.71,9867809000.0,,9867809000.0,5726658107.0,24.0,19.766,330226000.0,1.066,1.0,791337000.0,0.452,405516000.0,57359000.0,42897415000.0,,0.0,31948168000.0,,,33726354000.0,,,6558323107.0,804828000.0,4079000.0,-125216000.0,0.0,-67097000.0,-253231000.0,756587000.0,752508000.0,330226000.0,-28754000.0,221154000.0,221154000.0,221154000.0,0.0,3455000.0,0.126,517990000.0,273347000.0,568569000.0,0.155,0.665,-87.03,-87.667,0.0,0.0,21.04,0.952,0.946,3388667000.0,215788000.0,1748840000.0,1748840000.0,0.0,,,,,16623000.0,517990000.0,1.0,311707372.0,309765000.0,312435000.0,5.646,44534640000.0,132508000.0,29812000.0,0.0,143.769,
25,XL1,MRQ,2012-03-31,2012-03-31,2012-03-31,2020-12-28,831516000.0,45099010000.0,,,,,30.814,0.0,2506318000.0,2506318000.0,975372000.0,213185000.0,,3.506,1674653000.0,,,1674653000.0,4250821000.0,13859000.0,1590188000.0,0.02,0.11,237476000.0,251335000.0,0.143,251335000.0,237476000.0,198178000.0,0.56,0.56,0.56,9710022000.0,,9710022000.0,5297018015.0,23.0,18.544,153370000.0,0.487,1.0,777060000.0,0.443,408878000.0,39298000.0,43858467000.0,,0.0,33066343000.0,,,34044521000.0,,,6846816015.0,-1318807000.0,34358000.0,-99548000.0,-600000000.0,-1218000.0,-735188000.0,-762110000.0,-796468000.0,153370000.0,25121000.0,176628000.0,176628000.0,176628000.0,0.0,36557000.0,0.101,506562000.0,270498000.0,390760000.0,0.196,0.705,-96.641,-98.591,0.0,0.0,21.69,1.002,1.0,3298574000.0,28557000.0,1752432000.0,1752432000.0,0.0,,,,,11172000.0,506562000.0,1.0,315666944.0,315120000.0,317639000.0,5.561,44690132000.0,107651000.0,21550000.0,0.0,141.819,
26,XL1,MRQ,2011-12-31,2011-12-31,2011-12-31,2020-12-28,583064000.0,44665265000.0,,,,,29.485,0.0,3825125000.0,3825125000.0,1182761000.0,-514091000.0,,3.603,2275327000.0,,,2275327000.0,3555310000.0,13256000.0,1608108000.0,0.022,0.11,-425142000.0,-411886000.0,-0.238,-411886000.0,-425142000.0,-472577000.0,-1.65,-1.65,-1.65,9411658000.0,,9411658000.0,5441682837.0,-26.0,-34.083,-38315000.0,-0.12,1.0,545983000.0,0.316,407321000.0,47435000.0,42708146000.0,,0.0,31724254000.0,,,33909135000.0,,,6336630837.0,648842000.0,-30669000.0,475055000.0,-575541000.0,-34719000.0,141277000.0,563401000.0,630150000.0,-38315000.0,-17521000.0,-515537000.0,-515537000.0,-515537000.0,0.0,1446000.0,-0.298,953257000.0,-407274000.0,149046000.0,-0.067,0.673,-13.347,-13.007,0.0,0.0,19.77,0.946,0.924,2691355000.0,-113241000.0,1728744000.0,1728744000.0,0.0,,,,,9182000.0,524237000.0,1.0,320517493.0,319205000.0,307058000.0,5.416,44257944000.0,115601000.0,42960000.0,0.0,138.651,
27,XL1,MRQ,2011-09-30,2011-09-30,2011-09-30,2020-12-28,456203000.0,46625186000.0,,,,,31.889,0.0,3176283000.0,3176283000.0,1127608000.0,76391000.0,,3.59,2281335000.0,,,2281335000.0,4103846000.0,12296000.0,1636602000.0,0.023,0.11,116027000.0,128323000.0,0.077,128323000.0,116027000.0,67116000.0,0.14,0.14,0.14,9940202000.0,,9940202000.0,5201809174.0,10.0,9.148,258190000.0,0.828,1.0,530411000.0,0.32,838725000.0,48911000.0,44891513000.0,,0.0,32552467000.0,,,35683200000.0,,,5599725174.0,316941000.0,155266000.0,-307930000.0,396400000.0,-35258000.0,-85942000.0,184338000.0,29072000.0,258190000.0,-39645000.0,42398000.0,42398000.0,42398000.0,0.0,33993000.0,0.026,455368000.0,75043000.0,1127548000.0,0.786,0.563,24.464,26.479,0.0,0.0,18.8,0.854,0.894,3553886000.0,450534000.0,1658019000.0,1658019000.0,0.0,,,,,9171000.0,455368000.0,1.0,297857722.0,311714000.0,313848000.0,5.319,45786461000.0,140670000.0,24718000.0,0.0,146.886,
28,XL1,MRQ,2011-06-30,2011-06-30,2011-06-30,2020-12-28,422971000.0,46621512000.0,,,,,31.133,0.0,2859342000.0,2859342000.0,961000000.0,227765000.0,,3.732,2461426000.0,,,2461426000.0,4205084000.0,12279000.0,1666275000.0,0.019,0.11,305588000.0,317867000.0,0.188,317867000.0,305588000.0,250489000.0,0.73,0.69,0.73,9625950000.0,,9625950000.0,5878058338.0,10.0,9.527,43992000.0,0.142,1.0,734182000.0,0.433,843174000.0,55099000.0,45380422000.0,,0.0,33254616000.0,,,35922631000.0,,,6800946338.0,-526463000.0,-39486000.0,-91312000.0,0.0,-34052000.0,-184593000.0,-415729000.0,-376243000.0,43992000.0,29867000.0,225663000.0,225663000.0,225663000.0,0.0,2102000.0,0.133,481241000.0,252941000.0,581625000.0,0.151,0.707,25.757,27.475,0.0,0.0,21.98,1.043,1.042,3354220000.0,443627000.0,1695182000.0,1695182000.0,0.0,,,,,10716000.0,481241000.0,1.0,309415211.0,309184000.0,341989000.0,5.483,45778338000.0,146837000.0,24826000.0,0.0,148.062,
29,XL1,MRQ,2011-03-31,2011-03-31,2011-03-31,2020-12-28,175098000.0,45882141000.0,,,,,29.752,0.0,3385805000.0,3385805000.0,1342096000.0,-193948000.0,,3.835,2462917000.0,,,2462917000.0,4074090000.0,11969000.0,1670609000.0,0.017,0.11,-205934000.0,-193965000.0,-0.12,-193965000.0,-205934000.0,-260081000.0,-0.73,-0.73,-0.73,9267198000.0,,9267198000.0,7092344655.0,13.0,11.949,63335000.0,0.203,1.0,272762000.0,0.169,842054000.0,54147000.0,44117199000.0,,0.0,32352452000.0,,,35541995000.0,,,7650802655.0,362937000.0,51170000.0,-166502000.0,0.0,-34021000.0,-229458000.0,500093000.0,448923000.0,63335000.0,28967000.0,-227284000.0,-227284000.0,-227284000.0,0.0,33336000.0,-0.141,449482000.0,-176720000.0,384950000.0,-0.151,0.826,33.237,39.048,0.0,0.0,24.6,1.2,1.202,3121365000.0,252242000.0,1614858000.0,1614858000.0,0.0,,,,,12156000.0,449482000.0,1.0,311008238.0,311478000.0,311478000.0,5.185,45040087000.0,162513000.0,-32797000.0,0.0,144.601,
30,XL1,MRQ,2010-12-31,2010-12-31,2010-12-31,2020-12-28,100795000.0,45015944000.0,,,,,29.815,0.0,3022868000.0,3022868000.0,882812000.0,195528000.0,,3.572,2457003000.0,,,2457003000.0,3484830000.0,11324000.0,1684606000.0,0.018,0.1,305052000.0,316376000.0,0.199,316376000.0,305052000.0,248237000.0,0.57,0.57,0.57,9610753000.0,,9610753000.0,5561053610.0,6.0,5.45,-234520000.0,-0.728,1.0,706187000.0,0.444,839508000.0,56815000.0,43610571000.0,,0.0,32426639000.0,,,34330995000.0,,,7052781610.0,-934761000.0,88805000.0,-250817000.0,0.0,-31982000.0,-343616000.0,-362176000.0,-450981000.0,-234520000.0,5551000.0,188122000.0,188122000.0,188122000.0,0.0,7406000.0,0.118,469789000.0,236398000.0,156565000.0,0.175,0.734,12.046,12.54,0.0,0.0,21.82,1.102,1.147,2607955000.0,513777000.0,1588999000.0,1588999000.0,0.0,,,,,20885000.0,471183000.0,1.0,323225555.0,322351000.0,325544000.0,4.929,44176436000.0,143525000.0,60115000.0,0.0,137.045,
31,XL1,MRQ,2010-09-30,2010-09-30,2010-09-30,2020-12-28,274187000.0,46296041000.0,,,,,32.083,0.0,3957629000.0,3957629000.0,956338000.0,110049000.0,,3.253,2465901000.0,,,2465901000.0,3824260000.0,10764000.0,1771489000.0,0.018,0.1,165962000.0,176726000.0,0.109,176726000.0,165962000.0,107353000.0,0.23,0.23,0.23,10867387000.0,,10867387000.0,6074154506.0,8.0,7.34,458249000.0,1.353,1.0,663804000.0,0.41,840972000.0,58609000.0,43963341000.0,,0.0,32527506000.0,,,35354531000.0,,,7407956506.0,156435000.0,56124000.0,-268185000.0,0.0,-33368000.0,-863139000.0,487124000.0,431000000.0,458249000.0,74201000.0,77543000.0,77543000.0,77543000.0,0.0,32506000.0,0.048,434831000.0,228973000.0,445718000.0,0.435,0.682,20.749,20.827,0.0,0.0,21.66,1.184,1.173,2754962000.0,357774000.0,1620142000.0,1620142000.0,0.0,,,,,7586000.0,434366000.0,1.0,342010919.0,338724000.0,339819000.0,4.783,45455069000.0,116124000.0,29810000.0,0.0,134.195,
32,XL1,MRQ,2010-06-30,2010-06-30,2010-06-30,2020-12-28,-338733000.0,45322419000.0,,,,,30.718,0.0,3801194000.0,3801194000.0,870540000.0,193925000.0,,3.307,2467392000.0,,,2467392000.0,3842364000.0,8277000.0,2252124000.0,0.025,0.1,286130000.0,294407000.0,0.19,294407000.0,286130000.0,236981000.0,0.56,0.56,0.56,10507232000.0,,10507232000.0,4562636932.0,7.0,6.259,164206000.0,0.48,1.0,682152000.0,0.439,835865000.0,49149000.0,43152752000.0,,0.0,31662059000.0,,,34743287000.0,,,5476758932.0,425675000.0,87351000.0,0.0,0.0,-34204000.0,-82825000.0,390305000.0,302954000.0,164206000.0,-46011000.0,194005000.0,191811000.0,191811000.0,0.0,-80000.0,0.124,425891000.0,256261000.0,329586000.0,0.179,0.521,20.429,20.526,0.0,2194000.0,16.01,0.894,0.894,2992402000.0,345631000.0,1552692000.0,1552692000.0,0.0,,,,,9306000.0,425427000.0,1.0,342083631.0,342056000.0,342878000.0,4.539,44486554000.0,169590000.0,42976000.0,0.0,130.056,
33,XL1,MRQ,2010-03-31,2010-03-31,2010-03-31,2020-12-28,-634546000.0,45776670000.0,,,,,29.349,0.0,3375519000.0,3375519000.0,1015943000.0,143879000.0,,3.552,2461397000.0,,,2461397000.0,3938736000.0,10058000.0,2187375000.0,0.021,0.1,222786000.0,232844000.0,0.142,232844000.0,222786000.0,173716000.0,0.37,0.37,0.37,10041563000.0,,10041563000.0,5274211719.0,10.0,8.934,206821000.0,0.604,1.0,620806000.0,0.379,841244000.0,49070000.0,44021304000.0,,0.0,32253299000.0,,,35663207000.0,,,6466491719.0,-268178000.0,86828000.0,-1840000.0,0.0,-34194000.0,-183763000.0,-253772000.0,-340600000.0,206821000.0,-37464000.0,143880000.0,127996000.0,127996000.0,0.0,-1000.0,0.078,430710000.0,190096000.0,504991000.0,0.27,0.644,41.392,42.0,0.0,15884000.0,18.9,1.027,1.027,3252413000.0,188144000.0,1636749000.0,1636749000.0,0.0,,,,,6280000.0,430245000.0,1.0,342142419.0,342148000.0,342760000.0,4.784,44935426000.0,135678000.0,29836000.0,0.0,131.333,
34,XL1,MRQ,2009-12-31,2009-12-31,2009-12-31,2020-12-28,-1142467000.0,45663894000.0,,,,,27.321,0.0,3643697000.0,3643697000.0,940636000.0,-34802000.0,,3.823,2451417000.0,,,2451417000.0,3651310000.0,56078000.0,2208699000.0,0.022,0.1,67444000.0,123522000.0,0.085,123522000.0,67444000.0,19948000.0,-0.12,-0.12,-0.12,9430112000.0,,9430112000.0,4817318169.0,12.0,10.296,-67843000.0,-0.197,1.0,507088000.0,0.35,845129000.0,47496000.0,43626485000.0,,0.0,31822031000.0,,,36048804000.0,,,6271222169.0,-262580000.0,87529000.0,-50000.0,0.0,-34192000.0,-257964000.0,71117000.0,-16412000.0,-67843000.0,-7890000.0,-34745000.0,-40319000.0,-40319000.0,0.0,-57000.0,-0.028,488756000.0,18332000.0,453528000.0,-0.833,0.665,30.353,30.049,0.0,5574000.0,18.33,1.013,1.008,3094725000.0,94460000.0,1447724000.0,1447724000.0,0.0,,,,,6855000.0,488314000.0,1.0,342128869.0,345163000.0,345817000.0,4.194,44818765000.0,240425000.0,54693000.0,0.0,129.848,
35,XL1,MRQ,2009-09-30,2009-09-30,2009-09-30,2020-12-28,-1464523000.0,47221241000.0,,,,,26.814,0.0,3906277000.0,3906277000.0,1003305000.0,21091000.0,,4.128,2452373000.0,,,2452373000.0,4185151000.0,0.0,2442800000.0,0.028,0.1,78183000.0,78183000.0,0.053,78183000.0,78183000.0,24714000.0,-0.03,-0.03,-0.03,9173517000.0,,9173517000.0,4430204516.0,-5.0,-5.17,546051000.0,1.596,1.0,485713000.0,0.326,850110000.0,53469000.0,44917227000.0,,0.0,32027415000.0,,,37865051000.0,,,5974346516.0,-83095000.0,126948000.0,-35000.0,0.0,-34193000.0,-99178000.0,-557376000.0,-684324000.0,546051000.0,27408000.0,21098000.0,-11402000.0,-11402000.0,0.0,-7000.0,-0.008,447407000.0,38306000.0,926854000.0,-3.333,0.651,-5.036,-3.871,0.0,32500000.0,17.46,1.021,1.021,3450435000.0,168980000.0,1489018000.0,1489018000.0,0.0,,,,,5663000.0,446942000.0,1.0,342173340.0,342118000.0,342620000.0,4.352,46371131000.0,288005000.0,3616000.0,0.0,135.541,
36,XL1,MRQ,2009-06-30,2009-06-30,2009-06-30,2020-12-28,-3202164000.0,45412217000.0,,,,,21.842,0.0,3989372000.0,3989372000.0,954216000.0,85501000.0,,5.052,2445230000.0,,,2445230000.0,4266872000.0,0.0,2436809000.0,0.051,0.1,155784000.0,155784000.0,0.09,155784000.0,155784000.0,101586000.0,0.23,0.23,0.23,7473219000.0,,7473219000.0,1299237206.0,-1.0,-0.536,-402780000.0,-1.177,1.0,771281000.0,0.447,848268000.0,54198000.0,43019807000.0,,0.0,29651637000.0,,,37756325000.0,,,3920443206.0,-1076815000.0,144062000.0,-24000.0,0.0,-34190000.0,-242005000.0,-532889000.0,-676951000.0,-402780000.0,100859000.0,85541000.0,79949000.0,79949000.0,0.0,-40000.0,0.046,487983000.0,283298000.0,491212000.0,0.435,0.525,-1.388,-1.089,0.0,5592000.0,11.46,0.642,0.642,3759188000.0,214595000.0,1725497000.0,1725497000.0,0.0,,,,,9202000.0,487519000.0,1.0,342098011.0,342154000.0,342468000.0,5.043,44563949000.0,314938000.0,16045000.0,0.0,130.245,
37,XL1,MRQ,2009-03-31,2009-03-31,2009-03-31,2020-12-28,-4241330000.0,43971837000.0,,,,,18.266,0.0,5066187000.0,5066187000.0,948242000.0,3097000.0,,6.13,2444981000.0,,,2444981000.0,4328689000.0,0.0,2577281000.0,0.158,0.1,110391000.0,110391000.0,0.072,110391000.0,110391000.0,49050000.0,0.53,0.53,0.53,6141278000.0,,6141278000.0,704375523.0,0.0,-0.316,-118188000.0,-0.352,1.0,583166000.0,0.381,845913000.0,61341000.0,40504718000.0,,0.0,27324001000.0,,,37647886000.0,,,1868467523.0,712361000.0,453790000.0,744483000.0,-745000000.0,-34182000.0,-363442000.0,1233791000.0,780001000.0,-118188000.0,-39800000.0,3097000.0,178379000.0,178379000.0,0.0,0.0,0.116,487071000.0,96095000.0,1103820000.0,0.189,0.304,-0.701,-0.58,0.0,-175282000.0,5.46,0.287,0.282,3908589000.0,-100616000.0,1531408000.0,1531408000.0,0.0,,,,,10511000.0,486606000.0,1.0,342210169.0,336217000.0,336218000.0,4.555,43125924000.0,324552000.0,45953000.0,0.0,128.268,
38,XL1,MRQ,2008-12-31,2008-12-31,2008-12-31,2020-12-28,-3364927000.0,45648814000.0,,,,,25.417,0.0,4353826000.0,4353826000.0,976974000.0,-1419513000.0,,6.381,3189734000.0,,,3189734000.0,4217931000.0,41236000.0,2710987000.0,0.308,0.19,-1242438000.0,-1201202000.0,-1.086,-1201202000.0,-1242438000.0,-1326685000.0,-5.24,-5.24,-5.24,6116831000.0,,6116831000.0,-1196606566.0,1.0,0.617,236671000.0,0.983,1.0,128633000.0,0.116,853550000.0,84247000.0,43631172000.0,,0.0,29476780000.0,,,39031983000.0,,,1223914435.0,-1256177000.0,81459000.0,-500131000.0,0.0,-62987000.0,-509210000.0,-923691000.0,-1005150000.0,236671000.0,-59947000.0,-1419513000.0,-1433158000.0,-1433158000.0,0.0,0.0,-1.296,1486140000.0,-1357507000.0,753272000.0,-0.036,0.2,-0.465,-0.338,0.0,13645000.0,3.7,0.171,0.125,3825670000.0,-315529000.0,1105607000.0,1105607000.0,0.0,,,,,11026000.0,495427000.0,1.0,330787685.0,240657000.0,240657000.0,4.594,44795264000.0,331348000.0,92828000.0,0.0,186.137,
39,XL1,MRQ,2008-09-30,2008-09-30,2008-09-30,2020-12-28,-2799939000.0,50780674000.0,,,,,31.714,0.0,5610003000.0,5610003000.0,1409426000.0,-1616524000.0,,4.863,3189482000.0,,,3189482000.0,4998530000.0,0.0,2769682000.0,0.074,0.19,-1490681000.0,-1490681000.0,-0.855,-1490681000.0,-1490681000.0,-1568681000.0,-6.04,-6.04,-6.04,8660543000.0,,8660543000.0,2377402741.0,-1.0,-1.362,-1311232000.0,-4.802,1.0,334375000.0,0.192,1816885000.0,78000000.0,46543268000.0,,0.0,31519006000.0,,,42118534000.0,,,3212421741.0,1905754000.0,100922000.0,2730412000.0,302750000.0,-63005000.0,2721923000.0,599186000.0,498264000.0,-1311232000.0,-104123000.0,-1616524000.0,-1649024000.0,-1649024000.0,0.0,0.0,-0.946,537697000.0,-203322000.0,1700519000.0,-0.031,0.371,-1.33,-1.737,0.0,32500000.0,17.94,0.404,0.617,5504504000.0,1180432000.0,1743801000.0,1743801000.0,0.0,,,,,19618000.0,536311000.0,1.0,179064757.0,273084000.0,273084000.0,6.386,48963789000.0,343748000.0,47843000.0,0.0,179.299,
40,XL1,MRQ,2008-06-30,2008-06-30,2008-06-30,2020-12-28,-1516825000.0,52079962000.0,,,,,48.975,0.0,3704249000.0,3704249000.0,1148310000.0,237851000.0,,4.939,2869230000.0,,,2869230000.0,5355644000.0,0.0,2956423000.0,0.074,0.38,354497000.0,354497000.0,0.167,354497000.0,354497000.0,289056000.0,1.33,1.33,1.33,8769193000.0,,8769193000.0,2645053948.0,8.0,8.095,174288000.0,0.973,1.0,976289000.0,0.46,1841548000.0,65441000.0,49403395000.0,,0.0,34076534000.0,,,43309182000.0,,,3681039948.0,-200717000.0,140759000.0,-367000.0,0.0,-68368000.0,-1030360000.0,665017000.0,524258000.0,174288000.0,-9662000.0,237851000.0,237851000.0,237851000.0,0.0,0.0,0.112,544955000.0,431334000.0,1126003000.0,0.286,0.42,-8.401,-8.358,0.0,0.0,20.56,0.441,0.441,5965876000.0,2892251000.0,2124599000.0,2124599000.0,0.0,,,,,16389000.0,544535000.0,1.0,179038908.0,179054000.0,179054000.0,11.866,50238414000.0,386797000.0,51205000.0,0.0,280.577,
41,XL1,MRQ,2008-03-31,2008-03-31,2008-03-31,2020-12-28,-837579000.0,54801075000.0,,,,,51.892,0.0,3904966000.0,3904966000.0,1197192000.0,244373000.0,,4.921,2868980000.0,,,2868980000.0,5531248000.0,0.0,3888731000.0,0.051,0.38,399187000.0,399187000.0,0.184,399187000.0,399187000.0,275075000.0,1.19,1.19,1.19,9255351000.0,,9255351000.0,4245829210.0,6.0,5.64,473013000.0,2.652,1.0,976920000.0,0.449,1842158000.0,124112000.0,51922931000.0,,0.0,35416523000.0,,,45544140000.0,,,5257128210.0,24936000.0,60990000.0,-3880000.0,0.0,-67013000.0,-4011650000.0,3468721000.0,3407731000.0,473013000.0,94852000.0,244373000.0,211873000.0,211873000.0,0.0,0.0,0.097,530541000.0,446379000.0,1572894000.0,0.319,0.568,-39.987,-39.932,0.0,32500000.0,29.55,0.596,0.597,6537015000.0,2722334000.0,2174112000.0,2174112000.0,0.0,,,,,10584000.0,530121000.0,1.0,177906200.0,178357000.0,178357000.0,12.19,52958917000.0,421131000.0,30702000.0,0.0,296.926,
42,XL1,MRQ,2007-12-31,2007-12-31,2007-12-31,2020-12-28,9159000.0,57762264000.0,,,,,53.845,0.0,3880030000.0,3880030000.0,1209479000.0,-1188941000.0,,4.806,2868731000.0,,,2868731000.0,4681989000.0,0.0,7920085000.0,0.03,0.38,-1008304000.0,-1008304000.0,-0.53,-1008304000.0,-1008304000.0,-1171705000.0,-6.81,-6.75,-6.81,9948142000.0,,9948142000.0,8654113014.0,8.0,7.647,241628000.0,1.308,1.0,692818000.0,0.364,1841591000.0,163401000.0,54909374000.0,,0.0,39585428000.0,,,47811703000.0,,,8972953014.0,694791000.0,44332000.0,-123510000.0,0.0,-45135000.0,-1589404000.0,2033778000.0,1989446000.0,241628000.0,8789000.0,-1212869000.0,-1215853000.0,-1215853000.0,0.0,23928000.0,-0.639,540399000.0,152419000.0,1034983000.0,-0.056,0.902,43.479,44.132,0.0,2984000.0,50.31,0.982,0.993,5427899000.0,2578393000.0,1902297000.0,1902297000.0,0.0,,,,,11517000.0,539979000.0,1.0,178353270.0,184754000.0,183816000.0,10.296,55920673000.0,370419000.0,41164000.0,0.0,302.676,
43,XL1,MRQ,2007-09-30,2007-09-30,2007-09-30,2020-12-28,0.0,60888314000.0,,,,,63.954,0.0,3185239000.0,3185239000.0,1116004000.0,371636000.0,,4.325,2866399000.0,,,2866399000.0,5371645000.0,0.0,8682988000.0,0.019,0.38,581369000.0,581369000.0,0.27,581369000.0,581369000.0,430351000.0,1.83,1.82,1.83,11434276000.0,,11434276000.0,14518031906.0,5.0,5.179,755475000.0,4.226,1.0,1037283000.0,0.482,1806636000.0,151018000.0,58762838000.0,,0.0,42750538000.0,,,49454038000.0,,,14394157906.0,440887000.0,-111020000.0,-170211000.0,0.0,-67727000.0,-241937000.0,-106471000.0,4549000.0,755475000.0,33820000.0,371636000.0,327975000.0,327975000.0,0.0,0.0,0.152,524037000.0,513246000.0,1274851000.0,0.208,1.259,7.603,7.486,0.0,43661000.0,79.2,1.479,1.455,5987440000.0,,2153287000.0,2153287000.0,0.0,,,,,10016000.0,523617000.0,1.0,181744418.0,178788000.0,179781000.0,12.044,59081678000.0,336528000.0,58715000.0,0.0,330.457,
44,XL1,MRQ,2007-06-30,2007-06-30,2007-06-30,2020-12-28,0.0,60196683000.0,,,,,64.607,0.0,2744352000.0,2744352000.0,1221048000.0,554615000.0,,4.223,2868226000.0,,,2868226000.0,5659415000.0,0.0,8496507000.0,0.018,0.38,780598000.0,780598000.0,0.301,780598000.0,780598000.0,615903000.0,3.05,3.0,3.05,11524537000.0,,11524537000.0,14760865175.0,5.0,5.194,696367000.0,3.904,1.0,1375648000.0,0.53,1806450000.0,164695000.0,58514107000.0,,0.0,42250030000.0,,,48672146000.0,,,14763049175.0,-626447000.0,75962000.0,263558000.0,-502164000.0,-92794000.0,241567000.0,-1571205000.0,-1647167000.0,696367000.0,6824000.0,554615000.0,544535000.0,544535000.0,0.0,0.0,0.21,604993000.0,770655000.0,1047223000.0,0.125,1.281,7.452,7.607,0.0,10080000.0,84.29,1.485,1.513,6359103000.0,,2596696000.0,2596696000.0,0.0,,,,,16116000.0,604573000.0,1.0,175145915.0,178378000.0,181613000.0,14.557,58390233000.0,364021000.0,61288000.0,0.0,327.34,
45,XL1,MRQ,2007-03-31,2007-03-31,2007-03-31,2020-12-28,0.0,62065100000.0,,,,,66.429,0.0,3370799000.0,3370799000.0,1183130000.0,562507000.0,,4.226,3368615000.0,,,3368615000.0,6650972000.0,0.0,8029059000.0,0.022,0.38,778053000.0,778053000.0,0.313,778053000.0,778053000.0,635262000.0,3.07,3.06,3.07,11875629000.0,,11875629000.0,13810923988.0,5.0,5.212,547396000.0,3.062,1.0,1300312000.0,0.524,1817838000.0,142791000.0,60245078000.0,,0.0,42934267000.0,,,50189471000.0,,,12666295988.0,1147051000.0,-75535000.0,-227348000.0,0.0,-68381000.0,834911000.0,-237744000.0,-162209000.0,547396000.0,2488000.0,562507000.0,549718000.0,549718000.0,0.0,0.0,0.221,540874000.0,759438000.0,1544043000.0,0.124,1.067,6.984,6.899,0.0,12789000.0,69.96,1.287,1.271,6700768000.0,,2483442000.0,2483442000.0,0.0,,,,,12017000.0,540454000.0,1.0,181050543.0,178772000.0,179601000.0,13.892,60247262000.0,356517000.0,72755000.0,0.0,337.006,
46,XL1,MRQ,2006-12-31,2006-12-31,2006-12-31,2020-12-28,411405000.0,59308870000.0,,,,,56.54,0.0,2223748000.0,2223748000.0,1220236000.0,481145000.0,,4.799,3368376000.0,,,3368376000.0,5652897000.0,0.0,7857827000.0,0.021,0.38,663448000.0,663448000.0,0.266,663448000.0,663448000.0,524062000.0,2.63,2.62,2.63,10131166000.0,,10131166000.0,14244788039.0,6.0,5.62,926520000.0,5.171,1.0,1276208000.0,0.511,1818096000.0,139386000.0,58635402000.0,,0.0,42136653000.0,,,48615583000.0,,,13004877039.0,95527000.0,-22337000.0,18669000.0,0.0,-44971000.0,-305876000.0,-535560000.0,-513223000.0,926520000.0,10443000.0,481145000.0,471064000.0,471064000.0,0.0,0.0,0.189,644479000.0,631729000.0,1007580000.0,0.144,1.284,7.55,7.479,0.0,10081000.0,72.02,1.323,1.31,5876405000.0,3266175000.0,2496444000.0,2496444000.0,0.0,,,,,10240000.0,644059000.0,1.0,180573133.0,179186000.0,179906000.0,13.932,57490774000.0,346122000.0,42917000.0,0.0,320.844,
47,XL1,MRQ,2006-09-30,2006-09-30,2006-09-30,2020-12-28,240556000.0,59779999000.0,,,,,53.261,0.0,2128221000.0,2128221000.0,1196195000.0,425870000.0,,5.219,3368132000.0,,,3368132000.0,6088306000.0,0.0,8103553000.0,0.024,0.38,619913000.0,619913000.0,0.262,619913000.0,619913000.0,469525000.0,2.33,2.32,2.33,9523975000.0,,9523975000.0,13195220460.0,11.0,11.094,749996000.0,4.194,1.0,1167969000.0,0.494,1817229000.0,150388000.0,59202681000.0,,0.0,41324759000.0,,,49706697000.0,,,12394101460.0,-438547000.0,95376000.0,4187000.0,0.0,-77666000.0,402544000.0,-1589037000.0,-1684403000.0,749996000.0,-2050000.0,425870000.0,415789000.0,415789000.0,0.0,0.0,0.176,537722000.0,630247000.0,1519527000.0,0.163,1.301,28.861,54.524,0.0,10081000.0,68.7,1.263,1.251,6677484000.0,2870317000.0,2364164000.0,2364164000.0,0.0,,,,,15919000.0,537302000.0,1.0,180409046.0,178818000.0,179439000.0,13.221,57962770000.0,296985000.0,43655000.0,0.0,324.144,
48,XL1,MRQ,2006-06-30,2006-06-30,2006-06-30,2020-12-28,-403842000.0,58527353000.0,,,,,47.823,0.0,2566768000.0,2566768000.0,1352014000.0,387169000.0,,5.847,3367887000.0,,,3367887000.0,6372442000.0,0.0,7559896000.0,0.029,0.38,588238000.0,588238000.0,0.235,588238000.0,588238000.0,453606000.0,2.11,2.1,2.11,8547284000.0,,8547284000.0,12156832247.0,-28.0,-28.456,271936000.0,1.522,1.0,1147311000.0,0.459,1817503000.0,134632000.0,57510969000.0,,0.0,38867377000.0,,,49980069000.0,,,11052010247.0,303944000.0,-68496000.0,4460000.0,0.0,-77547000.0,-648500000.0,661647000.0,730143000.0,271936000.0,18861000.0,387169000.0,377089000.0,377089000.0,0.0,0.0,0.151,575396000.0,571915000.0,1488570000.0,0.18,1.293,-10.673,-7.128,0.0,10080000.0,61.3,1.134,1.124,6720000000.0,2522647000.0,2499325000.0,2499325000.0,0.0,,,,,11029000.0,574976000.0,1.0,180293805.0,178728000.0,179198000.0,13.984,56709850000.0,344527000.0,66437000.0,0.0,317.297,
49,XL1,MRQ,2006-03-31,2006-03-31,2006-03-31,2020-12-28,-122113000.0,58755819000.0,,,,,47.587,0.0,2262824000.0,2262824000.0,1240004000.0,468583000.0,,5.92,3367646000.0,,,3367646000.0,6392319000.0,0.0,7987272000.0,0.029,0.38,663088000.0,663088000.0,0.268,663088000.0,663088000.0,535219000.0,2.57,2.56,2.57,8490580000.0,,8490580000.0,11230777673.0,-15.0,-15.386,490203000.0,2.747,1.0,1233258000.0,0.499,1806425000.0,127869000.0,58054216000.0,,0.0,39111484000.0,,,50265239000.0,,,11511554673.0,-1430651000.0,242865000.0,-970000.0,-45291000.0,-77498000.0,-416356000.0,-1509375000.0,-1756337000.0,490203000.0,4877000.0,468583000.0,458503000.0,458503000.0,0.0,0.0,0.185,529743000.0,703515000.0,1540655000.0,0.148,1.356,-9.016,-6.589,0.0,10080000.0,64.11,1.014,1.007,6892851000.0,2213475000.0,2473262000.0,2473262000.0,0.0,,,,,18975000.0,528648000.0,1.0,179559424.0,178424000.0,179158000.0,13.862,56949394000.0,297181000.0,66636000.0,0.0,319.18,
50,XL1,MRQ,2005-12-31,2005-12-31,2005-12-31,2020-12-28,268243000.0,58454901000.0,,,,,56.799,0.0,3693475000.0,3693475000.0,2659380000.0,-811855000.0,,5.894,3412698000.0,,,3412698000.0,5388996000.0,0.0,8240987000.0,0.03,0.5,-681834000.0,-681834000.0,-0.275,-681834000.0,-681834000.0,-809883000.0,-5.75,-5.75,-5.75,8471811000.0,,8471811000.0,10041579135.0,-13.0,-12.57,1085286000.0,7.276,1.0,-179894000.0,-0.073,1814544000.0,128049000.0,56359580000.0,,0.0,38170577000.0,,,49928701000.0,,,9470026135.0,1636886000.0,94220000.0,2437027000.0,690291000.0,-39071000.0,3873248000.0,-3315942000.0,-3410162000.0,1085286000.0,-5706000.0,-811855000.0,-821937000.0,-821937000.0,0.0,0.0,-0.331,519830000.0,-699724000.0,2053786000.0,-0.087,1.118,-7.328,-7.372,0.0,10082000.0,67.38,0.839,0.844,5909610000.0,1824191000.0,2479486000.0,2479486000.0,0.0,,,,,5011000.0,517582000.0,1.0,140546544.0,149155000.0,149155000.0,16.624,56640357000.0,318399000.0,1972000.0,0.0,379.742,
51,XL1,MRQ,2005-09-30,2005-09-30,2005-09-30,2020-12-28,358673000.0,54860110000.0,,,,,50.546,0.0,2150609000.0,2150609000.0,2733926000.0,-1039121000.0,,6.793,2722162000.0,,,2722162000.0,5869857000.0,0.0,7685764000.0,0.029,0.5,-996711000.0,-996711000.0,-0.434,-996711000.0,-996711000.0,-1086459000.0,-7.53,-7.53,-7.53,7039300000.0,,7039300000.0,9805525788.0,34.0,33.794,745299000.0,5.352,1.0,-437619000.0,-0.191,1817210000.0,89748000.0,53614453000.0,,0.0,34818978000.0,,,47820810000.0,,,9551384788.0,-318751000.0,11702000.0,-543000.0,0.0,-79236000.0,224330000.0,-1285900000.0,-1297602000.0,745299000.0,-2480000.0,-1039121000.0,-1049201000.0,-1049201000.0,0.0,0.0,-0.457,561001000.0,-998620000.0,1663123000.0,-0.066,1.357,-52.39,-54.424,0.0,10080000.0,68.03,0.852,0.845,6166889000.0,2715921000.0,2296307000.0,2296307000.0,0.0,,,,,7516000.0,558333000.0,1.0,140399600.0,139266000.0,139266000.0,16.489,53042900000.0,295796000.0,-47338000.0,0.0,380.875,
52,XL1,MRQ,2005-06-30,2005-06-30,2005-06-30,2020-12-28,589601000.0,53324898000.0,,,,,60.25,0.0,2467775000.0,2467775000.0,3282371000.0,145975000.0,,5.37,2721916000.0,,,2721916000.0,6064286000.0,0.0,7336323000.0,0.027,0.5,285517000.0,285517000.0,0.069,285517000.0,285517000.0,187751000.0,0.98,0.97,0.98,8371676000.0,,8371676000.0,10861548748.0,8.0,7.668,2661329000.0,19.153,1.0,826090000.0,0.201,1820148000.0,97766000.0,51758891000.0,,0.0,33755280000.0,,,44953222000.0,,,10427438748.0,188964000.0,-15868000.0,23645000.0,0.0,-79211000.0,821207000.0,-3274751000.0,-3258883000.0,2661329000.0,-18821000.0,145975000.0,135895000.0,135895000.0,0.0,0.0,0.033,562981000.0,263109000.0,1611684000.0,0.51,1.246,11.725,11.556,0.0,10080000.0,74.42,0.925,0.917,6503883000.0,3834528000.0,4108461000.0,4108461000.0,0.0,,,,,11346000.0,559938000.0,1.0,140116081.0,138948000.0,140404000.0,29.568,51504750000.0,201700000.0,41776000.0,0.0,370.676,
53,XL1,MRQ,2005-03-31,2005-03-31,2005-03-31,2020-12-28,137441000.0,50867003000.0,,,,,56.617,0.0,2287562000.0,2287562000.0,1268688000.0,453025000.0,,5.509,2721672000.0,,,2721672000.0,6331537000.0,0.0,6400602000.0,0.027,0.5,594185000.0,594185000.0,0.247,594185000.0,594185000.0,505899000.0,3.21,3.18,3.21,7815069000.0,,7815069000.0,10478826148.0,7.0,6.566,545436000.0,3.951,1.0,1132473000.0,0.472,1824148000.0,88286000.0,49476965000.0,,0.0,30521014000.0,,,43051934000.0,,,10061698148.0,-17350000.0,18120000.0,12405000.0,0.0,-79137000.0,244770000.0,-793423000.0,-811543000.0,545436000.0,-14133000.0,453025000.0,442945000.0,442945000.0,0.0,0.0,0.184,544343000.0,588130000.0,1907854000.0,0.156,1.287,9.007,8.935,0.0,10080000.0,72.37,0.974,0.967,7230037000.0,3770527000.0,2401161000.0,2401161000.0,0.0,,,,,9131000.0,541550000.0,1.0,139031341.0,138035000.0,139147000.0,17.395,49042855000.0,277088000.0,52874000.0,0.0,355.293,
54,XL1,MRQ,2004-12-31,2004-12-31,2004-12-31,2020-12-28,268243000.0,58454901000.0,,,,,61.296,0.0,3693475000.0,3693475000.0,1424576000.0,298129000.0,,5.9,3412698000.0,,,3412698000.0,5388996000.0,0.0,8240987000.0,0.025,0.49,407162000.0,407162000.0,0.17,407162000.0,407162000.0,307346000.0,2.09,2.08,2.09,8471811000.0,,8471811000.0,11230405241.0,7.0,7.245,820249000.0,5.935,1.0,976639000.0,0.407,1814544000.0,99816000.0,56359580000.0,,0.0,38170577000.0,,,49983090000.0,,,10766613241.0,-249817000.0,71852000.0,16411000.0,-12451000.0,-37583000.0,245031000.0,-1311273000.0,-1383125000.0,820249000.0,-3824000.0,298129000.0,288048000.0,288048000.0,0.0,0.0,0.12,593499000.0,383140000.0,2053786000.0,0.234,1.271,9.559,9.504,0.0,10081000.0,77.65,1.066,1.061,5909610000.0,1824191000.0,2401215000.0,2401215000.0,0.0,,,,,8633000.0,587442000.0,1.0,138655676.0,138212000.0,138795000.0,17.373,56640357000.0,318399000.0,9217000.0,0.0,409.808,
55,XL1,MRQ,2004-09-30,2004-09-30,2004-09-30,2020-12-28,343423000.0,46822950000.0,,,,,53.402,0.0,2267198000.0,2267198000.0,1757942000.0,32552000.0,,5.352,2730990000.0,,,2730990000.0,5644257000.0,0.0,5112045000.0,0.026,0.49,129575000.0,129575000.0,0.055,129575000.0,129575000.0,46527000.0,0.16,0.16,0.16,7371719000.0,,7371719000.0,10237356644.0,11.0,11.181,1116362000.0,8.087,1.0,605562000.0,0.256,1832643000.0,83048000.0,45454099000.0,,0.0,27931658000.0,,,39451231000.0,,,10238866644.0,-610619000.0,25046000.0,6392000.0,109024000.0,-77431000.0,63501000.0,-1671104000.0,-1696150000.0,1116362000.0,-854000.0,32552000.0,22471000.0,22471000.0,0.0,0.0,0.01,616118000.0,-10556000.0,1888804000.0,3.063,1.389,19.562,19.574,0.0,10081000.0,73.99,1.01,1.007,6522150000.0,3176414000.0,2363504000.0,2363504000.0,0.0,,,,,7542000.0,612862000.0,1.0,138381763.0,138043000.0,138932000.0,17.122,44990307000.0,268887000.0,13975000.0,0.0,325.915,
56,XL1,MRQ,2004-06-30,2004-06-30,2004-06-30,2020-12-28,29019000.0,45460035000.0,,,,,51.408,0.0,2744878000.0,2744878000.0,2106971000.0,373684000.0,,5.424,2743368000.0,,,2743368000.0,5963401000.0,0.0,4769276000.0,0.026,0.49,465070000.0,465070000.0,0.147,465070000.0,465070000.0,405950000.0,2.64,2.62,2.64,7076572000.0,,7076572000.0,10512861000.0,11.0,10.955,1445287000.0,10.499,1.0,1059328000.0,0.335,1841997000.0,59120000.0,43616528000.0,,0.0,25749873000.0,,,38383463000.0,,,10422851000.0,284291000.0,50332000.0,9351000.0,-128835000.0,-77823000.0,563571000.0,-1841869000.0,-1892201000.0,1445287000.0,-1222000.0,373684000.0,363604000.0,363604000.0,0.0,0.0,0.115,598381000.0,460947000.0,1940905000.0,0.186,1.473,17.374,17.387,0.0,10080000.0,75.46,1.07,1.066,6961573000.0,3221292000.0,3166299000.0,3166299000.0,0.0,,,,,7432000.0,595124000.0,1.0,138124185.0,137655000.0,138741000.0,23.002,43618038000.0,307574000.0,32266000.0,0.0,316.865,
57,XL1,MRQ,2004-03-31,2004-03-31,2004-03-31,2020-12-28,631982000.0,44170320000.0,,,,,53.499,0.0,2646857000.0,2646857000.0,1102534000.0,462249000.0,,4.999,2736867000.0,,,2736867000.0,6103939000.0,0.0,4378401000.0,0.025,0.49,548384000.0,548384000.0,0.253,548384000.0,548384000.0,498134000.0,3.29,3.25,3.29,7362727000.0,,7362727000.0,9997977434.0,11.0,10.992,526134000.0,3.823,1.0,1062839000.0,0.491,1844911000.0,50250000.0,42415419000.0,,0.0,24328902000.0,,,36807593000.0,,,10495615434.0,57466000.0,-51654000.0,4724000.0,800195000.0,-77615000.0,766621000.0,-1238097000.0,-1186443000.0,526134000.0,2808000.0,462249000.0,452169000.0,452169000.0,0.0,0.0,0.209,525827000.0,537012000.0,1821166000.0,0.149,1.426,17.973,17.934,0.0,10080000.0,76.04,1.239,1.236,7363622000.0,2926477000.0,2165373000.0,2165373000.0,0.0,,,,,4786000.0,522570000.0,1.0,138027557.0,137624000.0,139044000.0,15.734,42325409000.0,256945000.0,35885000.0,0.0,307.544,
58,XL1,MRQ,2003-12-31,2003-12-31,2003-12-31,2020-12-28,490195000.0,41190721000.0,,,,,50.49,-3338000.0,2829627000.0,2829627000.0,2188757000.0,-304749000.0,,4.938,1905483000.0,,,1905483000.0,4729989000.0,0.0,4050334000.0,0.025,0.48,-227387000.0,-227387000.0,-0.093,-227387000.0,-227387000.0,-319223000.0,-2.31,-2.28,-2.31,6936915000.0,,6936915000.0,10484602749.0,15.0,15.479,566638000.0,4.124,1.0,254198000.0,0.104,1845507000.0,91836000.0,38421070000.0,,0.0,22821164000.0,,,34253806000.0,,,10645252749.0,624829000.0,44037000.0,6848000.0,0.0,-35640000.0,753774000.0,-674890000.0,-715589000.0,569976000.0,-24031000.0,-304749000.0,-314829000.0,-314829000.0,0.0,0.0,-0.129,508011000.0,-253813000.0,2048816000.0,-0.208,1.535,28.643,28.616,0.0,10080000.0,77.55,1.315,1.311,5824403000.0,2541843000.0,2442955000.0,2442955000.0,0.0,,,,,5614000.0,504499000.0,1.0,137269539.0,137392000.0,138238000.0,17.781,39345214000.0,310077000.0,-14474000.0,0.0,286.372,
59,XL1,MRQ,2003-09-30,2003-09-30,2003-09-30,2020-12-28,587496000.0,39586850000.0,,,,,54.092,45307000.0,2059609000.0,2059609000.0,1273512000.0,109051000.0,,4.349,1898959000.0,,,1898959000.0,5161493000.0,0.0,3539431000.0,0.025,0.48,173612000.0,173612000.0,0.088,173612000.0,173612000.0,123941000.0,0.72,0.71,0.72,7401210000.0,,7401210000.0,9504469171.0,8.0,8.47,751341000.0,5.491,1.0,695820000.0,0.353,1677726000.0,49671000.0,37748474000.0,,0.0,21429945000.0,,,32185640000.0,,,10621198171.0,-947518000.0,-169650000.0,4352000.0,0.0,-75977000.0,323275000.0,-1977966000.0,-1853623000.0,706034000.0,1139000.0,109051000.0,98971000.0,98971000.0,0.0,0.0,0.05,537599000.0,158221000.0,2086144000.0,0.667,1.435,11.793,11.733,0.0,10080000.0,77.44,1.4,1.397,7065893000.0,2923462000.0,1969332000.0,1969332000.0,0.0,,,,,4072000.0,537224000.0,1.0,137153902.0,136826000.0,138423000.0,14.393,37909124000.0,302932000.0,14890000.0,0.0,277.061,
60,XL1,MRQ,2003-06-30,2003-06-30,2003-06-30,2020-12-28,684834000.0,39167529000.0,,,,,55.306,0.0,3007127000.0,3007127000.0,1020800000.0,357672000.0,,4.177,1890398000.0,,,1890398000.0,5199263000.0,0.0,3125060000.0,0.023,0.48,414963000.0,414963000.0,0.219,414963000.0,414963000.0,368681000.0,2.54,2.51,2.54,7565320000.0,,7565320000.0,10069259156.0,8.0,8.314,946664000.0,6.921,1.0,871088000.0,0.46,1655352000.0,46282000.0,36395448000.0,,0.0,20262764000.0,,,31602209000.0,,,11337429156.0,-145201000.0,-27527000.0,26403000.0,0.0,-76031000.0,562829000.0,-1655077000.0,-1627550000.0,946664000.0,383000.0,357672000.0,347659000.0,347659000.0,0.0,0.0,0.184,492833000.0,378255000.0,2387869000.0,0.189,1.499,11.502,11.464,0.0,10013000.0,83.0,1.427,1.429,6891523000.0,2890388000.0,1891888000.0,1891888000.0,0.0,,,,,4705000.0,492458000.0,1.0,136595532.0,136791000.0,138634000.0,13.831,37512177000.0,295431000.0,11009000.0,0.0,274.23,
61,XL1,MRQ,2003-03-31,2003-03-31,2003-03-31,2020-12-28,245861000.0,37461625000.0,,,,,50.011,0.0,3152328000.0,3152328000.0,1004812000.0,250005000.0,,4.499,1884158000.0,,,1884158000.0,5171414000.0,0.0,2448275000.0,0.027,0.48,316175000.0,316175000.0,0.176,316175000.0,316175000.0,270035000.0,1.76,1.74,1.76,6812245000.0,,6812245000.0,7953958466.0,10.0,10.365,579239000.0,4.252,1.0,787628000.0,0.439,1652998000.0,46140000.0,34540457000.0,,0.0,19103805000.0,,,30649380000.0,,,9633816466.0,-405487000.0,5666000.0,2936000.0,0.0,-75528000.0,-12416000.0,-971371000.0,-977037000.0,579239000.0,-939000.0,250005000.0,239857000.0,239857000.0,0.0,0.0,0.134,431206000.0,356422000.0,3547095000.0,0.273,1.414,17.634,17.607,0.0,10148000.0,70.78,1.338,1.339,7033584000.0,2608854000.0,1792440000.0,1792440000.0,0.0,,,,,3524000.0,430831000.0,1.0,136109303.0,136216000.0,137631000.0,13.159,35808627000.0,314490000.0,20030000.0,0.0,262.881,
62,XL1,MRQ,2002-12-31,2002-12-31,2002-12-31,2020-12-28,184814000.0,35647369000.0,,,,,48.345,-952000.0,3557815000.0,3557815000.0,1227851000.0,221390000.0,,4.426,1877957000.0,,,1877957000.0,4028299000.0,0.0,2373047000.0,0.024,0.47,217407000.0,217407000.0,0.113,217407000.0,217407000.0,182897000.0,1.58,1.56,1.58,6569589000.0,,6569589000.0,9626488894.0,16.0,16.144,906548000.0,6.671,1.0,703861000.0,0.364,1653700000.0,34510000.0,32313811000.0,,0.0,17955799000.0,,,29077780000.0,,,10493723894.0,557457000.0,-40395000.0,32039000.0,0.0,-59704000.0,474185000.0,-824543000.0,-783196000.0,907500000.0,315000.0,221390000.0,214139000.0,214139000.0,0.0,0.0,0.111,507449000.0,196412000.0,3470426000.0,0.297,1.597,26.503,26.455,0.0,7251000.0,77.25,1.598,1.595,5789719000.0,2434511000.0,1931712000.0,1931712000.0,0.0,,,,,3661000.0,502762000.0,1.0,135841086.0,135891000.0,137679000.0,14.215,33993669000.0,320624000.0,-38493000.0,0.0,250.154,
63,XL1,MRQ,2002-09-30,2002-09-30,2002-09-30,2020-12-28,35937000.0,34090827000.0,,,,,43.808,-2305000.0,2737445000.0,2737445000.0,1637946000.0,186436000.0,,4.731,1870210000.0,,,1870210000.0,4269803000.0,0.0,3946471000.0,0.025,0.47,262537000.0,262537000.0,0.113,262537000.0,262537000.0,210722000.0,1.36,1.34,1.36,5948676000.0,,5948676000.0,9564940143.0,48.0,47.811,1562004000.0,11.503,1.0,691854000.0,0.297,1646333000.0,51815000.0,31577259000.0,,0.0,17082438000.0,,,28142151000.0,,,9979878143.0,458691000.0,-403759000.0,3290000.0,0.0,-69095000.0,494799000.0,-1599946000.0,-1193882000.0,1564309000.0,-471000.0,186436000.0,184067000.0,184067000.0,0.0,0.0,0.079,441804000.0,250050000.0,4181248000.0,0.346,1.678,101.655,102.083,0.0,2369000.0,73.5,1.587,1.587,5829563000.0,2280366000.0,2329800000.0,2329800000.0,0.0,,,,,3775000.0,440929000.0,1.0,135780655.0,135790000.0,137349000.0,17.157,32444494000.0,287448000.0,24286000.0,0.0,238.931,
64,XL1,MRQ,2002-06-30,2002-06-30,2002-06-30,2020-12-28,-193051000.0,31189265000.0,,,,,39.624,-82000.0,2278754000.0,2278754000.0,840913000.0,-91748000.0,,4.802,1863816000.0,,,1863816000.0,4145201000.0,0.0,2828755000.0,0.022,0.47,-28709000.0,-28709000.0,-0.025,-28709000.0,-28709000.0,-68848000.0,-0.68,-0.68,-0.68,5375531000.0,,5375531000.0,11265199503.0,-12.0,-11.958,607874000.0,4.481,1.0,304625000.0,0.266,1648475000.0,40139000.0,29125852000.0,,0.0,14923553000.0,,,25813734000.0,,,11473942503.0,212341000.0,-51224000.0,11347000.0,0.0,-64288000.0,275909000.0,-671996000.0,-620690000.0,607956000.0,472000.0,-91748000.0,-91748000.0,-91748000.0,0.0,0.0,-0.08,355177000.0,-50552000.0,3481237000.0,-0.691,2.134,-12.392,-11.54,0.0,0.0,84.7,2.376,2.38,5869248000.0,2165394000.0,1145538000.0,1145538000.0,0.0,,,,,3513000.0,355166000.0,1.0,135465673.0,135662000.0,135662000.0,8.444,29540790000.0,389675000.0,22900000.0,0.0,217.753,
65,XL1,MRQ,2002-03-31,2002-03-31,2002-03-31,2020-12-28,-260250000.0,30717785000.0,,,,,40.335,-1170000.0,2066413000.0,2066413000.0,690061000.0,89493000.0,,4.636,1857670000.0,,,1857670000.0,4091367000.0,0.0,2409481000.0,0.02,0.47,145069000.0,145069000.0,0.125,145069000.0,145069000.0,103447000.0,0.66,0.65,0.66,5450064000.0,,5450064000.0,12389634159.0,-17.0,-16.631,-44490000.0,-0.329,1.0,470419000.0,0.405,1677597000.0,41622000.0,28831445000.0,,0.0,14246710000.0,,,25267721000.0,,,12648618159.0,202552000.0,-265288000.0,30187000.0,246814000.0,-63967000.0,209061000.0,36839000.0,303297000.0,-43320000.0,-28000.0,89493000.0,89493000.0,89493000.0,0.0,0.0,0.077,331491000.0,138928000.0,3369534000.0,0.712,2.321,-17.927,-16.581,0.0,0.0,93.35,2.824,2.816,5884167000.0,2323004000.0,1160480000.0,1160480000.0,0.0,,,,,3362000.0,330877000.0,1.0,135496713.0,135119000.0,137843000.0,8.589,29040188000.0,340875000.0,13954000.0,0.0,214.923,
66,XL1,MRQ,2001-12-31,2001-12-31,2001-12-31,2020-12-28,-213013000.0,27963016000.0,,,,,41.623,-4326000.0,1863861000.0,1863861000.0,1483706000.0,-83638000.0,,4.143,1604877000.0,,,1604877000.0,2636428000.0,0.0,1213202000.0,0.02,0.46,-178840000.0,-178840000.0,-0.108,-178840000.0,-178840000.0,-216348000.0,-0.62,-0.62,-0.62,5437184000.0,,5437184000.0,10821191358.0,-17.0,-16.577,894691000.0,6.849,1.0,170789000.0,0.103,1616943000.0,37508000.0,26087089000.0,,0.0,13740717000.0,,,22525832000.0,,,11389496358.0,-265651000.0,-201691000.0,857342000.0,36657000.0,-62315000.0,1090959000.0,-2255669000.0,-2049652000.0,899017000.0,42000.0,-83638000.0,-83638000.0,-83638000.0,0.0,0.0,-0.051,342971000.0,-172182000.0,2919149000.0,-0.742,2.095,-19.769,-20.079,0.0,0.0,91.36,2.784,2.829,4674735000.0,2297478000.0,1654495000.0,1654495000.0,0.0,,,,,2887000.0,328618000.0,1.0,124666116.0,130630000.0,130630000.0,12.666,26346073000.0,419222000.0,-132710000.0,0.0,201.685,
67,XL1,MRQ,2001-09-30,2001-09-30,2001-09-30,2020-12-28,-151060000.0,25665428000.0,,,,,38.163,-2973000.0,2129512000.0,2129512000.0,1403045000.0,-840032000.0,,4.362,1561207000.0,,,1561207000.0,2724416000.0,0.0,1471182000.0,0.023,0.46,-879591000.0,-879591000.0,-1.013,-879591000.0,-879591000.0,-907930000.0,-6.7,-6.7,-6.7,4786800000.0,,4786800000.0,9547377222.0,-20.0,-20.249,101050000.0,0.806,1.0,-535159000.0,-0.617,1629615000.0,28339000.0,23467508000.0,,0.0,11669863000.0,,,20878628000.0,,,9929685222.0,452531000.0,-157856000.0,-94141000.0,244376000.0,-58369000.0,122532000.0,226011000.0,386840000.0,104023000.0,-35000.0,-840032000.0,-840032000.0,-840032000.0,0.0,0.0,-0.968,324116000.0,-859275000.0,3691336000.0,-0.069,2.074,-20.188,-20.256,0.0,0.0,79.0,3.198,3.191,4048216000.0,2443431000.0,867886000.0,867886000.0,0.0,,,,,2690000.0,309071000.0,1.0,125692218.0,125431000.0,125431000.0,6.919,24035813000.0,203180000.0,-67898000.0,0.0,191.626,
68,XL1,MRQ,2001-06-30,2001-06-30,2001-06-30,2020-12-28,-247900000.0,18715683000.0,,,,,45.291,-8850000.0,1676981000.0,1676981000.0,386951000.0,128606000.0,,2.295,1294673000.0,,,1294673000.0,2188254000.0,0.0,1234317000.0,0.022,0.46,168377000.0,168377000.0,0.212,168377000.0,168377000.0,142209000.0,1.03,1.01,1.03,5679314000.0,,5679314000.0,9839430282.0,18.0,17.747,225153000.0,1.796,1.0,408818000.0,0.514,1575275000.0,26168000.0,16758100000.0,,0.0,10562372000.0,,,13036369000.0,,,10276682282.0,739695000.0,-18327000.0,11603000.0,791500000.0,-58854000.0,740948000.0,-235935000.0,-208758000.0,234003000.0,679000.0,128606000.0,128606000.0,128606000.0,0.0,0.0,0.162,239803000.0,169015000.0,1615965000.0,0.447,1.809,21.074,20.944,0.0,0.0,82.1,3.505,3.511,2241200000.0,3416578000.0,795769000.0,795769000.0,0.0,,,,,2777000.0,225100000.0,1.0,125172744.0,125396000.0,127765000.0,6.346,17140408000.0,162739000.0,13603000.0,0.0,136.69,
69,XL1,MRQ,2001-03-31,2001-03-31,2001-03-31,2020-12-28,-181241000.0,17630454000.0,,,,,45.49,-5749000.0,937286000.0,937286000.0,330204000.0,218929000.0,,2.114,500034000.0,,,500034000.0,2055679000.0,0.0,1226551000.0,0.024,0.46,237277000.0,237277000.0,0.307,237277000.0,237277000.0,216020000.0,1.76,1.73,1.76,5661806000.0,,5661806000.0,9053998340.0,17.0,16.963,194810000.0,1.565,1.0,442660000.0,0.573,1587467000.0,21257000.0,15605735000.0,,0.0,10537030000.0,,,11968648000.0,,,9534435340.0,6817000.0,-69233000.0,974000.0,50000000.0,-58090000.0,12884000.0,-205492000.0,-130510000.0,200559000.0,-1134000.0,218929000.0,218929000.0,218929000.0,0.0,0.0,0.283,213398000.0,229262000.0,1756332000.0,0.261,1.684,19.011,18.829,0.0,0.0,76.07,3.393,3.369,2047339000.0,3348554000.0,772864000.0,772864000.0,0.0,,,,,1998000.0,198930000.0,1.0,125337654.0,124464000.0,126782000.0,6.21,16042987000.0,158008000.0,-2909000.0,0.0,128.897,
70,XL1,MRQ,2000-12-31,2000-12-31,2000-12-31,2020-12-28,-104712000.0,16941952000.0,,,,,44.832,-1669000.0,930469000.0,930469000.0,463185000.0,648000.0,,2.04,450032000.0,,,450032000.0,1741393000.0,0.0,1209926000.0,0.021,0.45,2432000.0,2432000.0,0.004,2432000.0,2432000.0,-44442000.0,0.01,0.01,0.01,5573668000.0,,5573668000.0,10385529991.0,20.0,19.95,216121000.0,1.738,1.0,205662000.0,0.307,1591108000.0,46874000.0,14870407000.0,,0.0,10471922000.0,,,11368284000.0,,,10867001991.0,-1033000.0,-45411000.0,24124000.0,-4000.0,-56259000.0,-35532000.0,-181385000.0,-134305000.0,217790000.0,-1906000.0,648000.0,648000.0,648000.0,0.0,0.0,0.001,266609000.0,-60947000.0,1814376000.0,45.0,1.95,21.461,21.469,0.0,0.0,87.38,3.949,3.954,1707514000.0,3197441000.0,668847000.0,668847000.0,0.0,,,,,8861000.0,249421000.0,1.0,124364866.0,124323000.0,125751000.0,5.38,15350844000.0,152168000.0,-45090000.0,0.0,123.475,
71,XL1,MRQ,2000-09-30,2000-09-30,2000-09-30,2020-12-28,-138400000.0,16368953000.0,,,,,44.889,-10982000.0,931502000.0,931502000.0,338000000.0,139461000.0,,1.941,450030000.0,,,450030000.0,1776193000.0,0.0,1169487000.0,0.018,0.45,146338000.0,146338000.0,0.211,146338000.0,146338000.0,138516000.0,1.12,1.1,1.12,5566567000.0,,5566567000.0,8756249232.0,15.0,15.292,165177000.0,1.332,1.0,356581000.0,0.513,1595132000.0,7822000.0,14292349000.0,,0.0,10069037000.0,,,10802386000.0,,,9169367232.0,57355000.0,-4402000.0,13767000.0,-10996000.0,-55955000.0,79761000.0,-198467000.0,-184830000.0,176159000.0,-98000.0,139461000.0,139461000.0,139461000.0,0.0,0.0,0.201,210442000.0,146139000.0,1657288000.0,0.402,1.647,16.192,16.336,0.0,0.0,74.0,3.308,3.311,1746145000.0,3264905000.0,694581000.0,694581000.0,0.0,,,,,-4898000.0,196841000.0,1.0,123910368.0,124008000.0,126286000.0,5.601,14773821000.0,103533000.0,-945000.0,0.0,119.136,
72,XL1,MRQ,2000-06-30,2000-06-30,2000-06-30,2020-12-28,-129664000.0,16139372000.0,,,,,43.985,-9417000.0,874147000.0,874147000.0,328540000.0,142484000.0,,1.949,461029000.0,,,461029000.0,1758014000.0,0.0,1048170000.0,0.033,0.45,147712000.0,147712000.0,0.219,147712000.0,147712000.0,140310000.0,1.15,1.13,1.15,5473145000.0,,5473145000.0,6305022764.0,11.0,10.931,-139546000.0,-1.121,1.0,345446000.0,0.513,1609037000.0,7402000.0,14117217000.0,,0.0,9766691000.0,,,10666227000.0,,,6738592764.0,29851000.0,-35645000.0,-51078000.0,50300000.0,-56294000.0,-40743000.0,201534000.0,248343000.0,-130129000.0,-811000.0,142484000.0,142484000.0,142484000.0,0.0,0.0,0.211,197212000.0,148234000.0,1747948000.0,0.391,1.231,11.943,12.056,0.0,0.0,54.13,2.474,2.473,1937347000.0,3181398000.0,673986000.0,673986000.0,0.0,,,,,2002000.0,183456000.0,1.0,124489059.0,124431000.0,125680000.0,5.417,14530335000.0,103533000.0,-2174000.0,0.0,116.774,
73,XL1,MRQ,2000-03-31,2000-03-31,2000-03-31,2020-12-28,9931000.0,16208940000.0,,,,,44.367,-9108000.0,844296000.0,844296000.0,302834000.0,223759000.0,,1.907,410726000.0,,,410726000.0,1762022000.0,0.0,1076566000.0,0.032,0.45,224107000.0,224107000.0,0.314,224107000.0,224107000.0,215612000.0,1.78,1.77,1.78,5575626000.0,,5575626000.0,6745931992.0,14.0,14.452,-10477000.0,-0.083,1.0,411334000.0,0.576,1621513000.0,8495000.0,14153857000.0,,0.0,9982551000.0,,,10633314000.0,,,6892954992.0,286547000.0,-98454000.0,-160702000.0,0.0,-57064000.0,19278000.0,266372000.0,373934000.0,-1369000.0,2266000.0,223759000.0,223759000.0,223759000.0,0.0,0.0,0.313,187022000.0,224312000.0,1657151000.0,0.253,1.236,14.228,14.46,0.0,0.0,55.38,2.616,2.641,1818013000.0,3138948000.0,714168000.0,714168000.0,0.0,,,,,2896000.0,172970000.0,1.0,124466504.0,125671000.0,126764000.0,5.683,14587427000.0,103533000.0,-8147000.0,0.0,116.076,
74,XL1,MRQ,1999-12-31,1999-12-31,1999-12-31,2020-12-28,19311000.0,15090912000.0,,,,,43.686,-35642000.0,557749000.0,557749000.0,428669000.0,60588000.0,,1.706,410726000.0,,,410726000.0,1497376000.0,0.0,837893000.0,0.034,0.0,54450000.0,54450000.0,0.079,54450000.0,54450000.0,48292000.0,0.48,0.48,0.48,5577078000.0,,5577078000.0,6533101940.0,14.0,13.95,-101834000.0,-0.798,1.0,260258000.0,0.378,1626946000.0,6158000.0,13316943000.0,,0.0,9768115000.0,,,9513834000.0,,,6620022940.0,60173000.0,-139886000.0,5306000.0,-7811000.0,-881000.0,834947000.0,-709295000.0,-595162000.0,-66192000.0,713000.0,60588000.0,60588000.0,60588000.0,0.0,0.0,0.088,202468000.0,57790000.0,1010176000.0,0.0,1.187,14.07,14.06,0.0,0.0,51.88,2.633,2.633,1493591000.0,3065150000.0,688927000.0,688927000.0,0.0,,,,,1298000.0,190376000.0,1.0,127602601.0,127664000.0,129035000.0,5.396,13463966000.0,97928000.0,-12296000.0,0.0,105.464,
75,XL1,MRQ,1999-09-30,1999-09-30,1999-09-30,2020-12-28,-68175000.0,14097842000.0,,,,,42.058,0.0,497576000.0,497576000.0,310013000.0,137402000.0,,1.628,410655000.0,,,410655000.0,2076234000.0,0.0,0.0,0.039,0.88,150521000.0,150521000.0,0.233,150521000.0,150521000.0,139107000.0,1.08,1.06,1.08,5364254000.0,,5364254000.0,5560903210.0,9.0,9.31,304850000.0,2.39,1.0,336777000.0,0.521,1630752000.0,11414000.0,12380169000.0,,0.0,9020258000.0,,,8733588000.0,,,5735940210.0,-103005000.0,-16671000.0,2270000.0,-237303000.0,-112200000.0,-347673000.0,-58350000.0,5567000.0,304850000.0,-1832000.0,137402000.0,137402000.0,137402000.0,0.0,0.0,0.212,185936000.0,150841000.0,1196966000.0,0.815,1.069,9.988,10.135,0.0,0.0,45.0,2.386,2.387,1556696000.0,3005442000.0,646790000.0,646790000.0,0.0,,,,,2633000.0,172072000.0,1.0,127465338.0,127544000.0,129032000.0,5.071,12467090000.0,74888000.0,1705000.0,0.0,97.747,
76,XL1,MRQ,1999-06-30,1999-06-30,1999-06-30,2020-12-28,,,,,,,,0.0,,,351172000.0,62708000.0,,,,,,,,0.0,,0.03,0.44,37693000.0,37693000.0,0.064,37693000.0,37693000.0,28912000.0,0.49,0.48,0.49,,,,6051078174.0,10.0,,138719000.0,1.094,1.0,233903000.0,0.4,,8781000.0,,,,,,,,,,6274631174.0,227375000.0,-276291000.0,-56929000.0,32342000.0,-50172000.0,-74759000.0,162159000.0,443898000.0,138719000.0,1256000.0,62708000.0,62708000.0,62708000.0,0.0,0.0,0.107,196236000.0,37667000.0,,0.898,,10.872,12.39,,0.0,56.5,2.72,3.105,,,585075000.0,585075000.0,0.0,,,,,1812000.0,183458000.0,1.0,111055419.0,126785000.0,129876000.0,4.615,,,-33796000.0,,,
77,XL1,MRQ,1999-03-31,1999-03-31,1999-03-31,2020-12-28,,,,,,,,0.0,,,214450000.0,209812000.0,,,,,,,,0.0,,0.028,0.44,225654000.0,225654000.0,0.38,225654000.0,225654000.0,214629000.0,1.63,1.58,1.63,,,,6633364550.0,,,111857000.0,0.871,1.0,378703000.0,0.638,,11025000.0,,,,,,,,,,6776018550.0,-107668000.0,-82500000.0,-35908000.0,0.0,-49406000.0,-90214000.0,-129335000.0,-38134000.0,111857000.0,24000.0,209812000.0,209812000.0,209812000.0,0.0,0.0,0.354,153564000.0,225139000.0,,0.27,,,,,0.0,60.75,,,,,593153000.0,593153000.0,0.0,,,,,1914000.0,143157000.0,1.0,111539400.0,128414000.0,132404000.0,4.619,,,4817000.0,,,
78,XL1,MRQ,1998-12-31,1998-12-31,1998-12-31,2020-12-28,235185000.0,13581140000.0,,,,,43.545,0.0,480874000.0,480874000.0,252382000.0,164337000.0,,1.42,613873000.0,,,613873000.0,1337277000.0,0.0,0.0,0.022,0.0,183464000.0,183464000.0,0.317,183464000.0,183464000.0,173353000.0,1.24,1.21,1.24,5612603000.0,,5612603000.0,8072405125.0,11.0,11.217,141521000.0,1.098,1.0,326667000.0,0.564,1502828000.0,10111000.0,12211311000.0,,0.0,9256645000.0,,,7968537000.0,,,8251165125.0,45367000.0,-53029000.0,103316000.0,-60000000.0,-52911000.0,10227000.0,-106837000.0,-89575000.0,141521000.0,456000.0,164337000.0,164337000.0,164337000.0,0.0,0.0,0.284,145275000.0,181392000.0,816841000.0,0.0,1.47,12.572,12.799,0.0,0.0,75.0,4.074,4.149,1244440000.0,2891023000.0,579049000.0,579049000.0,0.0,,,,,880000.0,131079000.0,1.0,110015535.0,128891000.0,132856000.0,4.493,12078312000.0,37481000.0,9016000.0,0.0,93.71,
79,XL1,MRQ,1998-09-30,1998-09-30,1998-09-30,2020-12-28,,,,,,,,,,,252496000.0,140271000.0,,,,,,,,,,0.026,0.84,157724000.0,,,,157724000.0,149004000.0,1.2,1.17,1.2,,,,4792589999.0,,,,,1.0,297454000.0,0.541,,8720000.0,,,,,,,,,,5311899999.0,,,,,,,,,,,140271000.0,140271000.0,140271000.0,0.0,0.0,0.255,139852000.0,157602000.0,,0.7,,,,,0.0,63.0,,,,,549950000.0,549950000.0,0.0,,,,,,133724000.0,1.0,84315873.0,116935000.0,121076000.0,4.703,,,8733000.0,,,
80,XL1,MRQ,1998-06-30,1998-05-31,1998-05-31,2020-12-28,265525000.0,6677561000.0,,,,,33.162,0.0,645310000.0,645310000.0,83471000.0,170562000.0,,1.379,126000000.0,,,126000000.0,641303000.0,0.0,0.0,0.02,0.4,173371000.0,173371000.0,0.584,173371000.0,173371000.0,171509000.0,2.02,1.98,2.02,2806829000.0,,2806829000.0,6064194113.0,9.0,8.693,62325000.0,0.736,1.0,213182000.0,0.719,260843000.0,1862000.0,5897408000.0,,0.0,5003036000.0,,,3870732000.0,,,6370729113.0,237775000.0,12092000.0,-13600000.0,25000000.0,-33911000.0,-22511000.0,197961000.0,195408000.0,62325000.0,0.0,170562000.0,170562000.0,170562000.0,0.0,0.0,0.575,39488000.0,173694000.0,623848000.0,0.198,2.27,9.324,9.302,0.0,0.0,75.25,5.362,5.361,634996000.0,2255346000.0,296653000.0,296653000.0,0.0,,,,,1144000.0,36149000.0,1.0,84660852.0,84640000.0,86326000.0,3.505,6416718000.0,0.0,947000.0,0.0,75.812,
81,XL1,MRQ,1998-03-31,1998-02-28,1998-02-28,2020-12-28,244949000.0,6389654000.0,,,,,31.487,0.0,407535000.0,407535000.0,81772000.0,155410000.0,,1.4,101000000.0,,,101000000.0,688986000.0,0.0,0.0,0.022,0.4,157898000.0,157898000.0,0.573,157898000.0,157898000.0,156110000.0,1.84,1.81,1.84,2662056000.0,,2662056000.0,5350102794.0,7.0,7.269,98270000.0,1.162,1.0,193796000.0,0.703,265731000.0,1788000.0,5817388000.0,,0.0,4968378000.0,,,3727598000.0,,,5603701794.0,12936000.0,-12517000.0,3823000.0,-40000000.0,-33829000.0,-70006000.0,-15328000.0,1859000.0,98270000.0,0.0,155410000.0,155410000.0,155410000.0,0.0,0.0,0.564,34817000.0,158979000.0,501388000.0,0.217,2.105,7.737,7.732,0.0,0.0,66.19,4.603,4.597,626751000.0,2132700000.0,275568000.0,275568000.0,0.0,,,,,1017000.0,31479000.0,1.0,84660852.0,84544000.0,86004000.0,3.259,6123923000.0,0.0,700000.0,0.0,72.435,
82,XL1,MRQ,1997-12-31,1997-12-31,1997-12-31,2020-12-28,251471000.0,9070031000.0,,,,,31.421,,383594000.0,383594000.0,,,,1.838,453866000.0,,,453866000.0,824369000.0,,0.0,0.021,0.0,,,,,,,,,,3195749000.0,,3195749000.0,,,,,,1.0,,,269547000.0,,8870756000.0,,0.0,7122622000.0,,,5874282000.0,,,,,,,,,,,,,,,,,,,,,,428679000.0,,,,7.972,0.0,,63.38,,3.331,596478000.0,2455076000.0,,,,,,,,,,1.0,,101708000.0,,,8800484000.0,42646000.0,,0.0,86.527,
83,XL1,MRQ,1997-09-30,1997-08-31,1997-08-31,2020-12-28,,,,,,,,0.0,,,85022000.0,206560000.0,,,,,,,,0.0,,0.022,0.32,211852000.0,211852000.0,0.648,211852000.0,211852000.0,207438000.0,2.45,2.41,2.45,,,,,,,148299000.0,1.758,1.0,241740000.0,0.74,,4414000.0,,,,,,,,,,,,0.0,,,,,-5853370000.0,-5177421000.0,148299000.0,,206560000.0,206560000.0,206560000.0,0.0,0.0,0.632,29888000.0,211852000.0,,0.131,,,,,0.0,54.88,,,,,326762000.0,326762000.0,0.0,,,,,796000.0,27214000.0,1.0,,84378000.0,85583000.0,3.873,,,878000.0,,,
84,XL1,MRQ,1997-06-30,1997-05-31,1997-05-31,2020-12-28,,,,,,,,0.0,,,91317000.0,211580000.0,,,,,,,,0.0,,0.026,0.32,211842000.0,211842000.0,0.65,211842000.0,211842000.0,211842000.0,2.49,2.47,2.49,,,,,,,70911000.0,0.835,1.0,234712000.0,0.72,,0.0,,,,,,,,,,,,0.0,,,,,5677039000.0,5674408000.0,70911000.0,,211580000.0,211580000.0,211580000.0,0.0,0.0,0.649,22870000.0,211842000.0,,0.129,,,,,0.0,44.25,,,,,326029000.0,326029000.0,0.0,,,,,799000.0,22870000.0,1.0,,84883000.0,85779000.0,3.841,,,262000.0,,,
85,XL1,MRQ,1997-03-31,1997-02-28,1997-02-28,2020-12-28,,,,,,,,0.0,,,84960000.0,108118000.0,,,,,,,,0.0,,0.024,0.32,110711000.0,110711000.0,0.51,110711000.0,110711000.0,110711000.0,1.24,1.23,1.24,,,,,,,129288000.0,1.488,1.0,132202000.0,0.609,,0.0,,,,,,,,,,,183889000.0,0.0,-46687000.0,0.0,-27612000.0,-74299000.0,128900000.0,131531000.0,129288000.0,0.0,108118000.0,108118000.0,108118000.0,0.0,0.0,0.498,21491000.0,110711000.0,,0.258,,,,,0.0,44.13,,,,,217162000.0,217162000.0,0.0,,,,,797000.0,21491000.0,1.0,,86858000.0,87820000.0,2.5,,,2593000.0,,,
86,XL1,MRQ,1996-12-31,1996-11-30,1996-11-30,2020-12-28,256430000.0,5031538000.0,,,,,,,252734000.0,252734000.0,,,,1.378,11000000.0,,,11000000.0,703791000.0,,0.0,,0.25,,,,,,,,,,2116038000.0,,2116038000.0,,,,,,1.0,,,0.0,,4789804000.0,,0.0,4211620000.0,,,2915500000.0,,,,,,,,,,,,,,,,,,,,,,101613000.0,,,,,0.0,,37.88,,,454993000.0,1579925000.0,,,,,,,,,,1.0,,,,,5031538000.0,0.0,,0.0,,
0,XL1,MRT,2018-06-30,2018-06-30,2018-06-30,2020-12-28,51264000.0,63585889000.0,64037574000.0,,,0.181,37.388,0.0,3030567000.0,3030567000.0,8277423000.0,-515996000.0,,5.417,3217123000.0,,,3217123000.0,9539454000.0,105387000.0,940557000.0,0.016,0.88,-279446000.0,-174059000.0,-0.015,-174059000.0,-279446000.0,-467307000.0,-2.14,-2.17,-2.14,9660011000.0,9769176000.0,9660011000.0,14051839756.0,-50.0,-80.73,-449052000.0,-1.738,1.0,3345175000.0,0.288,2201085000.0,187861000.0,61571360000.0,61675209250.0,0.0,36112823000.0,,,52328883000.0,,,14451164756.0,-260752000.0,431512000.0,-54183000.0,-17909000.0,-226369000.0,-908618000.0,1093760000.0,746177000.0,-449052000.0,3158000.0,-543217000.0,-543217000.0,-543217000.0,0.0,27221000.0,-0.047,3613319000.0,-268144000.0,4289302000.0,-0.411,1.496,-26.603,-26.145,0.0,0.0,55.95,1.243,1.244,9561332000.0,1764855000.0,11622598000.0,11622598000.0,0.0,-0.008,-0.056,-0.005,-0.024,66150000.0,3613319000.0,1.0,258287127.0,258375000.0,263822000.0,44.983,61384804000.0,372520000.0,75910000.0,0.0,237.58,
1,XL1,MRT,2018-03-31,2018-03-31,2018-03-31,2020-12-28,312255000.0,65337963000.0,63736664250.0,,,0.179,37.476,0.0,3639786000.0,3639786000.0,8082675000.0,-542753000.0,,5.619,3240461000.0,,,3240461000.0,9687293000.0,100090000.0,982963000.0,0.016,0.88,-289520000.0,-189430000.0,-0.017,-189430000.0,-289520000.0,-482713000.0,-2.21,-2.24,-2.21,9628529000.0,10124311250.0,9628529000.0,13824443331.0,-48.0,-72.979,-150004000.0,-0.584,1.0,3305063000.0,0.29,2230506000.0,193193000.0,62708132000.0,61296156000.0,0.0,36973434000.0,,,54102741000.0,,,14197125331.0,150345000.0,453520000.0,-298947000.0,540402000.0,-169840000.0,-522968000.0,789388000.0,434896000.0,-150004000.0,33929000.0,-560593000.0,-560593000.0,-560593000.0,0.0,17840000.0,-0.049,3577682000.0,-272619000.0,4749670000.0,-0.398,1.474,-25.325,-25.005,0.0,0.0,55.26,1.247,1.247,9457173000.0,1503797000.0,11387738000.0,11387738000.0,0.0,-0.009,-0.055,-0.005,-0.025,66953000.0,3577682000.0,1.0,256915044.0,256922000.0,261176000.0,44.324,63107457000.0,356667000.0,77880000.0,0.0,245.629,
2,XL1,MRT,2017-12-31,2017-12-31,2017-12-31,2020-12-28,889431000.0,63436236000.0,62658328250.0,,,0.181,37.894,0.0,3593451000.0,3593451000.0,8041109000.0,-490137000.0,,5.278,3220769000.0,,,3220769000.0,8307431000.0,97038000.0,1042677000.0,0.025,0.88,-310969000.0,-213931000.0,-0.019,-213931000.0,-310969000.0,-501328000.0,-2.16,-2.16,-2.16,9848317000.0,10460900000.0,9848317000.0,9021834416.0,-29.0,-42.172,33319000.0,0.128,1.0,3287048000.0,0.29,2225751000.0,190359000.0,60837803000.0,60106919500.0,0.0,37555645000.0,,,51974916000.0,,,9001486416.0,8966000.0,417505000.0,-520980000.0,540402000.0,-228232000.0,-743778000.0,662726000.0,321764000.0,33319000.0,56699000.0,-560398000.0,-560398000.0,-560398000.0,0.0,70261000.0,-0.049,3545199000.0,-258151000.0,4039105000.0,-0.407,0.914,-16.063,-16.278,0.0,0.0,35.16,0.795,0.807,8066111000.0,1198386000.0,11328157000.0,11328157000.0,0.0,-0.009,-0.054,-0.005,-0.027,64199000.0,3545199000.0,1.0,256014972.0,259894000.0,259894000.0,43.588,61210485000.0,332024000.0,59070000.0,0.0,235.521,
3,XL1,MRT,2017-09-30,2017-09-30,2017-09-30,2020-12-28,968928000.0,63790208000.0,61407794750.0,,,0.184,38.673,0.0,3189715000.0,3189715000.0,7782851000.0,-240380000.0,,5.258,3210063000.0,,,3210063000.0,8344536000.0,86158000.0,1030290000.0,0.022,0.86,-112017000.0,-25859000.0,-0.002,-25859000.0,-112017000.0,-302942000.0,-1.22,-1.27,-1.22,9939847000.0,10733448750.0,9939847000.0,10068179970.0,-90.0,-389.349,457242000.0,1.779,1.0,3537571000.0,0.312,2227014000.0,190925000.0,61583542000.0,58721877250.0,0.0,38145297000.0,,,52261698000.0,,,10175892970.0,-335463000.0,206851000.0,-662740000.0,540402000.0,-225320000.0,-886995000.0,85079000.0,-106986000.0,457242000.0,9211000.0,-284526000.0,-284526000.0,-284526000.0,0.0,44146000.0,-0.025,3575308000.0,-37737000.0,3979569000.0,-0.705,1.024,-35.764,-32.336,0.0,0.0,39.45,0.899,0.896,8354358000.0,1226814000.0,11320422000.0,11320422000.0,0.0,-0.005,-0.027,-0.002,-0.01,70032000.0,3575308000.0,1.0,257944055.0,257022000.0,261298000.0,44.045,61563194000.0,301322000.0,-18416000.0,0.0,239.525,
4,XL1,MRT,2017-06-30,2017-06-30,2017-06-30,2020-12-28,921165000.0,62382250000.0,60653255250.0,,,0.182,42.456,0.0,3315052000.0,3315052000.0,6203214000.0,962183000.0,,4.447,3207339000.0,,,3207339000.0,8848374000.0,95987000.0,1123628000.0,0.019,0.84,1095680000.0,1191667000.0,0.108,1191667000.0,1095680000.0,889229000.0,3.1,3.04,3.1,11080552000.0,11151528500.0,11080552000.0,10586324759.0,10.0,8.884,626763000.0,2.401,1.0,4821344000.0,0.437,2219390000.0,206451000.0,60055147000.0,57736387750.0,0.0,37629851000.0,,,49279843000.0,,,11451145759.0,-155201000.0,155484000.0,-766536000.0,558311000.0,-224619000.0,-622606000.0,-165989000.0,-444395000.0,626763000.0,6631000.0,829764000.0,829764000.0,829764000.0,0.0,132419000.0,0.075,3632613000.0,1188731000.0,3697073000.0,0.271,1.033,13.8,14.129,0.0,0.0,43.8,1.039,1.037,8171056000.0,2365888000.0,11024558000.0,11024558000.0,0.0,0.014,0.074,0.019,0.099,67734000.0,3632613000.0,1.0,261441684.0,260990000.0,264943000.0,42.241,60162860000.0,293219000.0,59465000.0,0.0,230.518,
5,XL1,MRT,2017-03-31,2017-03-31,2017-03-31,2020-12-28,844974000.0,61024619000.0,60357252750.0,,,0.18,41.307,0.0,3513174000.0,3513174000.0,6304404000.0,700966000.0,,4.376,2648353000.0,,,2648353000.0,8581973000.0,114900000.0,1121194000.0,0.021,0.82,813023000.0,927923000.0,0.085,927923000.0,813023000.0,604852000.0,2.1,2.05,2.1,10974884000.0,11302687500.0,10974884000.0,9628966568.0,12.0,10.377,1040448000.0,3.916,1.0,4579816000.0,0.421,2208612000.0,208171000.0,57951186000.0,57254597000.0,0.0,37030417000.0,,,48023993000.0,,,10561781568.0,538773000.0,53378000.0,-862978000.0,-8248000.0,-223292000.0,-1268914000.0,775312000.0,575595000.0,1040448000.0,-8073000.0,571926000.0,571926000.0,571926000.0,0.0,129040000.0,0.053,3669292000.0,910524000.0,3537628000.0,0.39,0.962,18.467,18.981,0.0,0.0,39.86,0.97,0.973,7483180000.0,2193112000.0,10884220000.0,10884220000.0,0.0,0.009,0.051,0.014,0.075,72988000.0,3669292000.0,1.0,264971941.0,265690000.0,269767000.0,40.966,58816007000.0,302301000.0,32926000.0,0.0,221.371,
6,XL1,MRT,2016-12-31,2016-12-31,2016-12-31,2020-12-28,715546000.0,58434102000.0,60262521000.0,,,0.175,39.212,0.0,3580492000.0,3580492000.0,6101079000.0,570145000.0,,4.157,2647677000.0,,,2647677000.0,7293028000.0,118063000.0,1116233000.0,0.021,0.8,692860000.0,810923000.0,0.077,810923000.0,692860000.0,483097000.0,1.58,1.56,1.58,10938512000.0,11481152500.0,10938512000.0,9128775458.0,13.0,11.257,943906000.0,3.384,1.0,4445007000.0,0.421,2203653000.0,209763000.0,55297634000.0,57287819000.0,0.0,36887912000.0,,,45473423000.0,,,10025170458.0,170752000.0,-354189000.0,-1041196000.0,-8248000.0,-222761000.0,-1453179000.0,737767000.0,892932000.0,943906000.0,-57742000.0,440968000.0,440968000.0,440968000.0,0.0,129177000.0,0.042,3684033000.0,760974000.0,2677726000.0,0.506,0.917,22.734,23.582,0.0,0.0,37.26,0.951,0.986,6228866000.0,2151794000.0,10546086000.0,10546086000.0,0.0,0.007,0.038,0.012,0.066,81001000.0,3684033000.0,1.0,269059862.0,278957000.0,282758000.0,37.805,56230449000.0,310542000.0,42129000.0,0.0,201.574,
7,XL1,MRT,2016-09-30,2016-09-30,2016-09-30,2020-12-28,1519805000.0,60772050000.0,60324730000.0,,,0.17,42.433,0.0,3543395000.0,3543395000.0,5955811000.0,495110000.0,,4.063,2647000000.0,,,2647000000.0,7724957000.0,127665000.0,1138789000.0,0.024,0.8,577700000.0,705365000.0,0.069,705365000.0,577700000.0,368033000.0,1.25,1.22,1.25,11612166000.0,11665794250.0,11612166000.0,8395040763.0,15.0,11.902,812763000.0,2.97,1.0,4328271000.0,0.421,2234071000.0,209667000.0,57641584000.0,57390014000.0,0.0,38637550000.0,,,47179170000.0,,,9247323763.0,53207000.0,-467165000.0,-1075032000.0,-95695000.0,-228832000.0,-1635757000.0,897447000.0,1190379000.0,812763000.0,-21246000.0,364818000.0,364818000.0,364818000.0,0.0,130292000.0,0.035,3750784000.0,577487000.0,3068641000.0,0.64,0.796,25.348,26.904,0.0,0.0,33.63,0.899,0.895,6556093000.0,1924516000.0,10284082000.0,10284082000.0,0.0,0.006,0.031,0.01,0.056,77250000.0,3750784000.0,1.0,274972458.0,273660000.0,277094000.0,37.58,58537979000.0,219905000.0,3215000.0,0.0,213.908,
8,XL1,MRT,2016-06-30,2016-06-30,2016-06-30,2020-12-28,1408587000.0,61198240000.0,60235848250.0,,,0.17,41.467,0.0,3498607000.0,3498607000.0,5944997000.0,451604000.0,,4.068,2646324000.0,,,2646324000.0,8274300000.0,121607000.0,1178113000.0,0.024,0.8,482074000.0,603681000.0,0.059,603681000.0,482074000.0,269923000.0,1.08,1.06,1.08,11685188000.0,11747310000.0,11685188000.0,9154336167.0,19.0,15.164,819178000.0,2.907,1.0,4320667000.0,0.421,2217973000.0,212151000.0,58127984000.0,57340086000.0,0.0,38106229000.0,,,47534308000.0,,,9482357167.0,475908000.0,-470394000.0,-1034096000.0,-95695000.0,-233194000.0,-1579861000.0,1284013000.0,1760035000.0,819178000.0,-47422000.0,321499000.0,321499000.0,321499000.0,0.0,130105000.0,0.031,3817753000.0,502914000.0,3087127000.0,0.741,0.811,29.494,30.843,0.0,0.0,33.31,0.924,0.914,7255602000.0,1931951000.0,10265664000.0,10265664000.0,0.0,0.005,0.027,0.008,0.047,78016000.0,3817753000.0,1.0,284669984.0,281793000.0,285082000.0,36.43,58980267000.0,224786000.0,-51576000.0,0.0,209.304,
9,XL1,MRT,2016-03-31,2016-03-31,2016-03-31,2020-12-28,1094557000.0,60645692000.0,60373964750.0,,,0.171,40.034,0.0,2981916000.0,2981916000.0,5480405000.0,1322696000.0,,4.019,2653895000.0,,,2653895000.0,8217539000.0,103998000.0,1170595000.0,0.021,0.76,1377752000.0,1481750000.0,0.144,1481750000.0,1377752000.0,1171672000.0,4.08,4.02,4.08,11688744000.0,11887837500.0,11688744000.0,9971789205.0,7.0,6.73,465464000.0,1.594,1.0,4823133000.0,0.468,2233597000.0,206080000.0,58084074000.0,57631782750.0,0.0,38687427000.0,,,46977974000.0,,,10738047205.0,-389037000.0,-876431000.0,-814211000.0,-87447000.0,-225455000.0,-1354072000.0,535947000.0,1614134000.0,465464000.0,-36376000.0,1192756000.0,1192756000.0,1192756000.0,0.0,129940000.0,0.116,3723683000.0,1099450000.0,2658438000.0,0.186,0.919,9.003,9.02,0.0,0.0,36.8,1.042,1.043,6575480000.0,1982598000.0,10303538000.0,10303538000.0,0.0,0.02,0.1,0.024,0.134,76843000.0,3723683000.0,1.0,291794761.0,291969000.0,296666000.0,35.29,58412095000.0,245927000.0,-21084000.0,0.0,200.063,
10,XL1,MRT,2015-12-31,2015-12-31,2015-12-31,2020-12-28,686616000.0,58682938000.0,56732680750.0,,,0.164,40.801,0.0,3411228000.0,3411228000.0,4882197000.0,1313339000.0,,3.856,2644970000.0,,,2644970000.0,7043358000.0,92313000.0,1168376000.0,0.018,0.72,1393206000.0,1485519000.0,0.16,1485519000.0,1393206000.0,1187991000.0,4.22,4.15,4.22,11677079000.0,11526665750.0,11677079000.0,10905248999.0,8.0,7.341,644481000.0,2.252,1.0,4426729000.0,0.476,2210266000.0,205215000.0,55706414000.0,54378702250.0,0.0,38191883000.0,,,45028475000.0,,,11666211999.0,734422000.0,-552296000.0,-458995000.0,893153000.0,-208516000.0,17886000.0,136432000.0,998739000.0,644481000.0,-64377000.0,1207152000.0,1207152000.0,1207152000.0,0.0,106187000.0,0.13,3284387000.0,1142342000.0,2247787000.0,0.171,0.999,9.664,9.284,0.0,0.0,39.18,1.253,1.205,5362317000.0,2077349000.0,9308926000.0,9308926000.0,0.0,0.021,0.105,0.026,0.15,74431000.0,3284387000.0,1.0,297759367.0,286194000.0,290999000.0,32.527,56472672000.0,282311000.0,-19161000.0,0.0,197.323,
11,XL1,MRT,2015-09-30,2015-09-30,2015-09-30,2020-12-28,955082000.0,60416523000.0,53323651000.0,,,0.152,39.548,0.0,3487880000.0,3487880000.0,4212750000.0,1221733000.0,,3.896,2726917000.0,,,2726917000.0,7840331000.0,63269000.0,1194815000.0,0.019,0.68,1363672000.0,1426941000.0,0.176,1426941000.0,1363672000.0,1176409000.0,3.92,3.85,3.92,11938229000.0,11115833750.0,11938229000.0,10730034027.0,8.0,7.52,744659000.0,2.467,1.0,3912468000.0,0.482,2213688000.0,187263000.0,57441872000.0,51387007000.0,0.0,39046252000.0,,,46516015000.0,,,10980058027.0,986336000.0,-458747000.0,-458588000.0,980600000.0,-189160000.0,167223000.0,172435000.0,952401000.0,744659000.0,-97981000.0,1118101000.0,1118101000.0,1118101000.0,0.0,103632000.0,0.138,2835448000.0,1077020000.0,2450232000.0,0.173,0.92,9.82,9.265,0.0,0.0,36.32,1.351,1.349,5778680000.0,1943747000.0,8125218000.0,8125218000.0,0.0,0.021,0.101,0.027,0.168,73678000.0,2835448000.0,1.0,302314373.0,301867000.0,306954000.0,26.917,58202835000.0,252492000.0,58308000.0,0.0,192.81,
12,XL1,MRT,2015-06-30,2015-06-30,2015-06-30,2020-12-28,1076174000.0,61750706000.0,49696959250.0,,,0.143,42.317,0.0,2976479000.0,2976479000.0,3605575000.0,1246529000.0,,3.882,2726455000.0,,,2726455000.0,8548841000.0,56360000.0,1212206000.0,0.017,0.64,1466795000.0,1523155000.0,0.215,1523155000.0,1466795000.0,1288610000.0,4.1,4.03,4.1,12247298000.0,10591540000.0,12247298000.0,10840472882.0,7.0,7.117,630059000.0,2.177,1.0,3493273000.0,0.492,2205911000.0,178185000.0,59294771000.0,48218493250.0,0.0,39847542000.0,,,47545601000.0,,,11406845882.0,-230298000.0,-497040000.0,-554547000.0,380600000.0,-171617000.0,-511375000.0,-207163000.0,610300000.0,630059000.0,-141819000.0,1163203000.0,1163203000.0,1163203000.0,0.0,83326000.0,0.164,2380270000.0,1113003000.0,2643450000.0,0.156,0.931,9.806,9.073,0.0,0.0,37.2,1.607,1.517,6423590000.0,2014217000.0,7098848000.0,7098848000.0,0.0,0.023,0.11,0.03,0.207,80365000.0,2380270000.0,1.0,306635642.0,289420000.0,293983000.0,24.528,59544795000.0,204155000.0,125407000.0,0.0,205.738,
13,XL1,MRT,2015-03-31,2015-03-31,2015-03-31,2020-12-28,1705170000.0,46080556000.0,46221511500.0,,,0.135,40.059,0.0,3209934000.0,3209934000.0,3345478000.0,51033000.0,,3.361,2643561000.0,,,2643561000.0,4532022000.0,52064000.0,1211203000.0,0.017,0.64,198301000.0,250365000.0,0.04,250365000.0,198301000.0,55698000.0,-0.09,-0.11,-0.09,10244057000.0,10038287750.0,10244057000.0,8533580410.0,43.0,34.085,798094000.0,3.121,1.0,2891580000.0,0.464,442431000.0,142603000.0,45071752000.0,45041093250.0,0.0,33186439000.0,,,34434133000.0,,,9392814410.0,733887000.0,429469000.0,-620594000.0,380600000.0,-166695000.0,-735305000.0,815787000.0,505875000.0,798094000.0,-144689000.0,-31096000.0,-31096000.0,-31096000.0,0.0,82129000.0,-0.005,2048947000.0,842633000.0,634097000.0,-7.111,0.917,-302.059,-408.889,0.0,0.0,36.8,1.506,1.509,3036750000.0,1175182000.0,6237058000.0,6237058000.0,0.0,-0.001,-0.003,0.004,0.032,83608000.0,2048947000.0,1.0,255239522.0,255724000.0,260704000.0,24.39,45638125000.0,192286000.0,86794000.0,0.0,178.466,
14,XL1,MRT,2014-12-31,2014-12-31,2014-12-31,2020-12-28,1484458000.0,45046819000.0,46391094250.0,,,0.142,37.565,0.0,2521814000.0,2521814000.0,3501356000.0,268838000.0,,3.35,1662580000.0,,,1662580000.0,3973132000.0,56118000.0,1245367000.0,0.019,0.64,419343000.0,475461000.0,0.072,475461000.0,419343000.0,285237000.0,0.71,0.69,0.71,10033751000.0,10038514000.0,10033751000.0,8177777016.0,20.0,17.2,963184000.0,3.606,1.0,3100911000.0,0.47,447952000.0,134106000.0,43739633000.0,45295646250.0,0.0,33371283000.0,,,33611053000.0,,,8869305016.0,720982000.0,439559000.0,-795586000.0,-600000000.0,-169620000.0,-1863708000.0,1711621000.0,1465553000.0,963184000.0,-90115000.0,188340000.0,188340000.0,188340000.0,0.0,80498000.0,0.029,2079433000.0,1021478000.0,535521000.0,0.901,0.884,47.092,48.408,0.0,0.0,34.37,1.343,1.39,2698017000.0,1187639000.0,6602267000.0,6602267000.0,0.0,0.004,0.019,0.009,0.064,81287000.0,2079433000.0,1.0,258053681.0,267103000.0,271527000.0,24.718,44598867000.0,204491000.0,96897000.0,0.0,166.973,
15,XL1,MRT,2014-09-30,2014-09-30,2014-09-30,2020-12-28,1231929000.0,45909756000.0,46542611250.0,,,0.152,37.227,0.0,2353734000.0,2353734000.0,3803647000.0,429432000.0,,3.525,1662206000.0,,,1662206000.0,4301271000.0,55593000.0,1242696000.0,0.019,0.62,553111000.0,608704000.0,0.086,608704000.0,553111000.0,412602000.0,1.23,1.21,1.23,9841054000.0,10029484500.0,9841054000.0,7997918777.0,14.0,13.139,655113000.0,2.478,1.0,3263518000.0,0.462,450411000.0,140509000.0,44767817000.0,45786649750.0,0.0,33925427000.0,,,34688982000.0,,,8806605777.0,222841000.0,439964000.0,-768555000.0,-7385000.0,-168514000.0,-1262615000.0,877796000.0,631766000.0,655113000.0,-47453000.0,349621000.0,349621000.0,349621000.0,0.0,79811000.0,0.049,2085154000.0,1178364000.0,693500000.0,0.504,0.895,25.189,26.967,0.0,0.0,33.17,1.246,1.241,2994809000.0,1115648000.0,7067165000.0,7067165000.0,0.0,0.008,0.035,0.012,0.078,66346000.0,2085154000.0,1.0,265499119.0,264353000.0,269140000.0,26.734,45459345000.0,209334000.0,62981000.0,0.0,171.965,
16,XL1,MRT,2014-06-30,2014-06-30,2014-06-30,2020-12-28,1207034000.0,47848915000.0,46471768000.0,,,0.159,37.037,0.0,3071139000.0,3071139000.0,4047027000.0,490135000.0,,3.632,2262452000.0,,,2262452000.0,4704993000.0,61643000.0,1288376000.0,0.018,0.6,582290000.0,643933000.0,0.087,643933000.0,582290000.0,446706000.0,1.44,1.41,1.44,10034289000.0,10046195000.0,10034289000.0,8672944376.0,15.0,13.469,773953000.0,2.857,1.0,3354915000.0,0.453,455057000.0,135584000.0,46585171000.0,45783600250.0,0.0,34484417000.0,,,36440338000.0,,,8886167376.0,651057000.0,530912000.0,-644553000.0,592615000.0,-205236000.0,-569223000.0,413985000.0,41537000.0,773953000.0,32342000.0,412885000.0,412885000.0,412885000.0,0.0,77250000.0,0.056,2110851000.0,1244064000.0,949136000.0,0.417,0.886,21.522,22.729,0.0,0.0,32.73,1.201,1.198,3618760000.0,1124195000.0,7401942000.0,7401942000.0,0.0,0.009,0.041,0.013,0.079,58652000.0,2110851000.0,1.0,271499156.0,270924000.0,270924000.0,27.321,47393858000.0,216312000.0,33821000.0,0.0,174.934,
17,XL1,MRT,2014-03-31,2014-03-31,2014-03-31,2020-12-28,946661000.0,46758887000.0,45785823500.0,,,0.163,37.074,0.0,2476047000.0,2476047000.0,4188221000.0,1041591000.0,,3.431,2262824000.0,,,2262824000.0,4473478000.0,58081000.0,1497599000.0,0.019,0.58,1192893000.0,1250974000.0,0.168,1250974000.0,1192893000.0,1033190000.0,3.41,3.37,3.41,10244962000.0,10010765250.0,10244962000.0,9089149438.0,8.0,7.266,834401000.0,3.02,1.0,3278431000.0,0.439,455700000.0,159703000.0,46089964000.0,45124635000.0,0.0,34051771000.0,,,35154913000.0,,,8626778438.0,2760000.0,-41368000.0,-617008000.0,592615000.0,-203197000.0,-363215000.0,-495089000.0,-273766000.0,834401000.0,26663000.0,964843000.0,964843000.0,964843000.0,0.0,76748000.0,0.129,2128248000.0,1150183000.0,712130000.0,0.17,0.842,8.941,9.164,0.0,0.0,31.25,1.155,1.157,3508809000.0,1466897000.0,7466652000.0,7466652000.0,0.0,0.021,0.096,0.026,0.16,47377000.0,2128248000.0,1.0,276056910.0,276337000.0,280458000.0,27.02,46303187000.0,215286000.0,68347000.0,0.0,167.561,
18,XL1,MRT,2013-12-31,2013-12-31,2013-12-31,2020-12-28,736657000.0,45652887000.0,45476667500.0,,,0.166,34.738,0.0,1800832000.0,1800832000.0,4197166000.0,1136647000.0,,3.431,2263203000.0,,,2263203000.0,3846526000.0,56229000.0,1509243000.0,0.018,0.56,1292883000.0,1349112000.0,0.179,1349112000.0,1292883000.0,1137421000.0,3.68,3.63,3.68,9997633000.0,10071361250.0,9997633000.0,8544855607.0,7.0,6.334,779977000.0,2.71,1.0,3344068000.0,0.443,411611000.0,155462000.0,45703647000.0,44680752500.0,0.0,34390929000.0,,,34303589000.0,,,9004686607.0,-817546000.0,-162724000.0,-662994000.0,592615000.0,-160155000.0,-394843000.0,-1197862000.0,-1083029000.0,779977000.0,-4818000.0,1059916000.0,1059916000.0,1059916000.0,0.0,76731000.0,0.141,2122501000.0,1221567000.0,362561000.0,0.152,0.901,8.496,8.652,0.0,0.0,31.84,1.194,1.215,2876252000.0,1264093000.0,7541234000.0,7541234000.0,0.0,0.023,0.105,0.029,0.171,46489000.0,2122501000.0,1.0,282810509.0,287801000.0,292069000.0,26.203,45241276000.0,237884000.0,77505000.0,0.0,157.196,
19,XL1,MRT,2013-09-30,2013-09-30,2013-09-30,2020-12-28,762316000.0,45626383000.0,45410169500.0,,,0.166,34.717,0.0,2130893000.0,2130893000.0,4436766000.0,917923000.0,,3.469,1671062000.0,,,1671062000.0,4254939000.0,59692000.0,1505180000.0,0.017,0.53,1048513000.0,1108205000.0,0.147,1108205000.0,1048513000.0,896043000.0,2.89,2.85,2.89,9907896000.0,10199472250.0,9907896000.0,8071909832.0,8.0,7.284,1014815000.0,3.556,1.0,3105452000.0,0.412,410933000.0,152470000.0,44755619000.0,44263032750.0,0.0,33819520000.0,,,34373869000.0,,,8820357832.0,-1066412000.0,-157827000.0,-566812000.0,0.0,-154177000.0,-906581000.0,-1174670000.0,-1134855000.0,1014815000.0,24000.0,840580000.0,840580000.0,840580000.0,0.0,77343000.0,0.111,2109773000.0,995679000.0,627324000.0,0.183,0.89,10.493,10.664,0.0,0.0,30.82,1.169,1.166,3052241000.0,1012829000.0,7542218000.0,7542218000.0,0.0,0.019,0.082,0.024,0.139,51092000.0,2109773000.0,1.0,286189417.0,285393000.0,290490000.0,26.427,45215450000.0,222638000.0,55463000.0,0.0,158.432,
20,XL1,MRT,2013-06-30,2013-06-30,2013-06-30,2020-12-28,710760000.0,45105137000.0,45498655750.0,,,0.164,34.17,0.0,2420082000.0,2420082000.0,4327212000.0,954999000.0,,3.424,1671634000.0,,,1671634000.0,4472108000.0,53494000.0,1534896000.0,0.016,0.5,1084302000.0,1137796000.0,0.152,1137796000.0,1084302000.0,931851000.0,2.98,2.94,2.98,9892570000.0,10325257500.0,9892570000.0,7982710473.0,7.0,7.016,932163000.0,3.22,1.0,3154535000.0,0.422,407379000.0,152451000.0,43949310000.0,44086416000.0,0.0,32795932000.0,,,33868067000.0,,,8783791473.0,-891064000.0,-206731000.0,-539791000.0,0.0,-108459000.0,-848484000.0,-979508000.0,-803809000.0,932163000.0,4765000.0,876834000.0,876834000.0,876834000.0,0.0,78165000.0,0.117,2102031000.0,1052504000.0,736580000.0,0.168,0.888,10.018,10.174,0.0,0.0,30.32,1.174,1.173,3522746000.0,928372000.0,7481747000.0,7481747000.0,0.0,0.019,0.085,0.025,0.145,48077000.0,2102031000.0,1.0,289702885.0,289513000.0,294333000.0,25.843,44697758000.0,246731000.0,55017000.0,0.0,154.389,
21,XL1,MRT,2013-03-31,2013-03-31,2013-03-31,2020-12-28,1405110000.0,45522263000.0,45457410500.0,,,0.162,35.55,0.0,2473287000.0,2473287000.0,4230342000.0,903730000.0,,3.212,1672206000.0,,,1672206000.0,4342664000.0,56530000.0,1527323000.0,0.016,0.47,1052853000.0,1109383000.0,0.151,1109383000.0,1052853000.0,881247000.0,2.75,2.72,2.75,10487346000.0,10319067250.0,10487346000.0,7991629824.0,8.0,7.204,1048380000.0,3.554,1.0,3112029000.0,0.424,406748000.0,171606000.0,44314434000.0,43823442250.0,0.0,33488273000.0,,,33690417000.0,,,8937229824.0,-33031000.0,-101397000.0,-519141000.0,0.0,-134386000.0,-873503000.0,-182976000.0,-124249000.0,1048380000.0,-24932000.0,825290000.0,825290000.0,825290000.0,0.0,78440000.0,0.112,2084976000.0,1027053000.0,413326000.0,0.171,0.852,10.829,11.018,0.0,0.0,30.3,1.217,1.217,3295133000.0,707791000.0,7342371000.0,7342371000.0,0.0,0.018,0.08,0.024,0.143,51386000.0,2084976000.0,1.0,294958080.0,295000000.0,299469000.0,24.889,45115515000.0,172446000.0,55957000.0,0.0,152.934,
22,XL1,MRT,2012-12-31,2012-12-31,2012-12-31,2020-12-28,1520020000.0,45386895000.0,45351597250.0,,,0.159,34.193,0.0,2618378000.0,2618378000.0,4251677000.0,730383000.0,,3.19,1672778000.0,,,1672778000.0,3755086000.0,57280000.0,1551398000.0,0.018,0.44,857360000.0,914640000.0,0.126,914640000.0,857360000.0,685156000.0,2.12,2.1,2.12,10510077000.0,10124736250.0,10510077000.0,6009213141.0,7.0,6.57,1056106000.0,3.436,1.0,2980720000.0,0.412,408527000.0,172204000.0,44032768000.0,43709450500.0,0.0,33980183000.0,,,33530493000.0,,,7533168141.0,-1206747000.0,-4652000.0,-397517000.0,-600000000.0,-134799000.0,-1344753000.0,-942593000.0,-858840000.0,1056106000.0,24493000.0,651128000.0,651128000.0,651128000.0,0.0,79255000.0,0.09,2087447000.0,893273000.0,245225000.0,0.208,0.717,11.569,11.821,0.0,0.0,25.06,1.042,1.065,2643292000.0,402318000.0,7232397000.0,7232397000.0,0.0,0.014,0.064,0.02,0.119,47472000.0,2087447000.0,1.0,300605273.0,307372000.0,310282000.0,23.53,44978368000.0,166143000.0,34028000.0,0.0,146.332,
23,XL1,MRT,2012-09-30,2012-09-30,2012-09-30,2020-12-28,1423448000.0,45980328000.0,45171189750.0,,,0.156,34.224,0.0,3197305000.0,3197305000.0,4129151000.0,131449000.0,,3.287,1673350000.0,,,1673350000.0,4081557000.0,54991000.0,1561076000.0,0.018,0.44,330919000.0,385910000.0,0.055,385910000.0,330919000.0,148920000.0,0.19,0.18,0.19,10411037000.0,9850131500.0,10411037000.0,5708883620.0,17.0,14.793,855865000.0,2.814,1.0,2918503000.0,0.414,407221000.0,181999000.0,44049152000.0,43378295000.0,0.0,33364399000.0,,,34222909000.0,,,7346108620.0,21022000.0,27746000.0,128548000.0,-1175541000.0,-136472000.0,-1063142000.0,225610000.0,347482000.0,855865000.0,2689000.0,54147000.0,54147000.0,54147000.0,0.0,77302000.0,0.008,2519901000.0,398602000.0,789807000.0,2.316,0.706,135.67,126.474,0.0,0.0,24.03,1.042,1.037,3062386000.0,354206000.0,7047654000.0,7047654000.0,0.0,0.001,0.005,0.008,0.047,51009000.0,2090881000.0,1.0,305705727.0,304199000.0,307764000.0,23.168,45573107000.0,132931000.0,94773000.0,0.0,149.813,
24,XL1,MRT,2012-06-30,2012-06-30,2012-06-30,2020-12-28,910760000.0,44940156000.0,45332404250.0,,,0.152,31.856,0.0,3311146000.0,3311146000.0,4243244000.0,94000.0,,3.418,1673921000.0,,,1673921000.0,4231975000.0,53031000.0,1600595000.0,0.021,0.44,236686000.0,289717000.0,0.042,289717000.0,236686000.0,43683000.0,-0.24,-0.24,-0.24,9867809000.0,9732422750.0,9867809000.0,5726658107.0,24.0,19.766,703471000.0,2.271,1.0,2644791000.0,0.384,405516000.0,193003000.0,42897415000.0,43588885250.0,0.0,31948168000.0,,,33726354000.0,,,6558323107.0,451804000.0,163034000.0,-57639000.0,-779141000.0,-138292000.0,-933084000.0,742216000.0,615262000.0,703471000.0,-60799000.0,-75357000.0,-75357000.0,-75357000.0,0.0,75451000.0,-0.011,2433177000.0,211614000.0,568569000.0,-1.833,0.665,-87.03,-87.667,0.0,0.0,21.04,0.952,0.946,3388667000.0,215788000.0,6888035000.0,6888035000.0,0.0,-0.002,-0.008,0.005,0.034,46148000.0,2004157000.0,1.0,311707372.0,309765000.0,312435000.0,22.236,44534640000.0,132508000.0,119040000.0,0.0,143.769,
25,XL1,MRT,2012-03-31,2012-03-31,2012-03-31,2020-12-28,831516000.0,45099010000.0,45752743250.0,,,0.149,30.814,0.0,2506318000.0,2506318000.0,4246741000.0,3250000.0,,3.506,1674653000.0,,,1674653000.0,4250821000.0,51690000.0,1590188000.0,0.02,0.44,233949000.0,285639000.0,0.042,285639000.0,233949000.0,43206000.0,-0.22,-0.26,-0.22,9710022000.0,9671958000.0,9710022000.0,5297018015.0,23.0,18.544,417237000.0,1.324,1.0,2587636000.0,0.379,408878000.0,190743000.0,43858467000.0,44209637000.0,0.0,33066343000.0,,,34044521000.0,,,6846816015.0,-879487000.0,119469000.0,-23735000.0,-779141000.0,-105247000.0,-864446000.0,-430100000.0,-513489000.0,417237000.0,-2178000.0,-70848000.0,-70848000.0,-70848000.0,0.0,74098000.0,-0.01,2396428000.0,191208000.0,390760000.0,-2.0,0.705,-96.641,-98.591,0.0,0.0,21.69,1.002,1.0,3298574000.0,28557000.0,6834377000.0,6834377000.0,0.0,-0.002,-0.007,0.005,0.034,40241000.0,1967408000.0,1.0,315666944.0,315120000.0,317639000.0,21.688,44690132000.0,107651000.0,114054000.0,0.0,141.819,
26,XL1,MRT,2011-12-31,2011-12-31,2011-12-31,2020-12-28,583064000.0,44665265000.0,45948526000.0,,,0.146,30.079,0.0,3825125000.0,3825125000.0,4613465000.0,-403883000.0,,3.603,2275327000.0,,,2275327000.0,3555310000.0,49800000.0,1608108000.0,0.022,0.44,-209461000.0,-159661000.0,-0.024,-159661000.0,-209461000.0,-415053000.0,-1.52,-1.52,-1.52,9411658000.0,9561252000.0,9411658000.0,5441682837.0,-26.0,-34.083,327202000.0,1.046,1.0,2083338000.0,0.311,407321000.0,205592000.0,42708146000.0,44274320000.0,0.0,31724254000.0,,,33909135000.0,,,6336630837.0,802257000.0,136281000.0,-90689000.0,-179141000.0,-138050000.0,-358716000.0,832103000.0,731902000.0,327202000.0,1668000.0,-474760000.0,-474760000.0,-474760000.0,0.0,70877000.0,-0.071,2339348000.0,-256010000.0,149046000.0,-0.289,0.673,-13.347,-13.007,0.0,0.0,19.77,0.946,0.924,2691355000.0,-113241000.0,6696803000.0,6696803000.0,0.0,-0.01,-0.05,-0.005,-0.031,41225000.0,1910328000.0,1.0,320517493.0,312896000.0,312896000.0,21.403,44257944000.0,115601000.0,59707000.0,0.0,141.446,
27,XL1,MRT,2011-09-30,2011-09-30,2011-09-30,2020-12-28,456203000.0,46625186000.0,46036195750.0,,,0.142,31.889,0.0,3176283000.0,3176283000.0,4313516000.0,305736000.0,,3.59,2281335000.0,,,2281335000.0,4103846000.0,47868000.0,1636602000.0,0.023,0.43,520733000.0,568601000.0,0.087,568601000.0,520733000.0,305761000.0,0.71,0.67,0.71,9940202000.0,9611025750.0,9940202000.0,5201809174.0,10.0,9.148,130997000.0,0.42,1.0,2243542000.0,0.342,838725000.0,214972000.0,44891513000.0,44499926250.0,0.0,32552467000.0,,,35683200000.0,,,5599725174.0,-781346000.0,255755000.0,-816561000.0,396400000.0,-135313000.0,-843609000.0,-93474000.0,-349229000.0,130997000.0,24740000.0,228899000.0,228899000.0,228899000.0,0.0,76837000.0,0.035,1855880000.0,387662000.0,1127548000.0,0.606,0.563,24.464,26.479,0.0,0.0,18.8,0.854,0.894,3553886000.0,450534000.0,6557058000.0,6557058000.0,0.0,0.005,0.024,0.012,0.079,52928000.0,1857274000.0,1.0,297857722.0,311714000.0,313848000.0,21.035,45786461000.0,140670000.0,76862000.0,0.0,146.886,
28,XL1,MRT,2011-06-30,2011-06-30,2011-06-30,2020-12-28,422971000.0,46621512000.0,45953909500.0,,,0.142,31.133,0.0,2859342000.0,2859342000.0,4142246000.0,339394000.0,,3.732,2461426000.0,,,2461426000.0,4205084000.0,46336000.0,1666275000.0,0.019,0.42,570668000.0,617004000.0,0.095,617004000.0,570668000.0,345998000.0,0.8,0.76,0.8,9625950000.0,9842822000.0,9625950000.0,5878058338.0,10.0,9.527,331056000.0,1.071,1.0,2376935000.0,0.365,843174000.0,224670000.0,45380422000.0,44267883250.0,0.0,33254616000.0,,,35922631000.0,,,6800946338.0,-941852000.0,156613000.0,-776816000.0,0.0,-133423000.0,-1620806000.0,209312000.0,52699000.0,331056000.0,138586000.0,264044000.0,264044000.0,264044000.0,0.0,75350000.0,0.041,1835343000.0,541592000.0,581625000.0,0.525,0.707,25.757,27.475,0.0,0.0,21.98,1.043,1.042,3354220000.0,443627000.0,6519181000.0,6519181000.0,0.0,0.006,0.027,0.013,0.088,51343000.0,1836272000.0,1.0,309415211.0,309184000.0,341989000.0,21.085,45778338000.0,146837000.0,81954000.0,0.0,148.062,
29,XL1,MRT,2011-03-31,2011-03-31,2011-03-31,2020-12-28,175098000.0,45882141000.0,45629136250.0,,,0.14,29.752,0.0,3385805000.0,3385805000.0,4051786000.0,305554000.0,,3.835,2462917000.0,,,2462917000.0,4074090000.0,42334000.0,1670609000.0,0.017,0.41,551210000.0,593544000.0,0.093,593544000.0,551210000.0,332490000.0,0.63,0.63,0.63,9267198000.0,10063142500.0,9267198000.0,7092344655.0,13.0,11.949,451270000.0,1.449,1.0,2324905000.0,0.365,842054000.0,218720000.0,44117199000.0,43710965750.0,0.0,32352452000.0,,,35541995000.0,,,7650802655.0,10286000.0,283450000.0,-685504000.0,0.0,-133575000.0,-1519038000.0,1015346000.0,731896000.0,451270000.0,62708000.0,232386000.0,230192000.0,230192000.0,0.0,73168000.0,0.036,1779993000.0,544912000.0,384950000.0,0.651,0.826,33.237,39.048,0.0,2194000.0,24.6,1.2,1.202,3121365000.0,252242000.0,6376691000.0,6376691000.0,0.0,0.005,0.023,0.013,0.086,49933000.0,1780458000.0,1.0,311008238.0,311478000.0,311478000.0,20.472,45040087000.0,162513000.0,100104000.0,0.0,144.601,
30,XL1,MRT,2010-12-31,2010-12-31,2010-12-31,2020-12-28,100795000.0,45015944000.0,45602768500.0,,,0.14,28.579,0.0,3022868000.0,3022868000.0,3725633000.0,643381000.0,,3.572,2457003000.0,,,2457003000.0,3484830000.0,40423000.0,1684606000.0,0.018,0.4,979930000.0,1020353000.0,0.159,1020353000.0,979930000.0,766287000.0,1.74,1.73,1.74,9610753000.0,10256733750.0,9610753000.0,5561053610.0,6.0,5.45,594756000.0,1.769,1.0,2672949000.0,0.418,839508000.0,213643000.0,43610571000.0,43686992000.0,0.0,32426639000.0,,,34330995000.0,,,7052781610.0,-620829000.0,319108000.0,-520842000.0,0.0,-133748000.0,-1473343000.0,261481000.0,-57627000.0,594756000.0,-3723000.0,603550000.0,585472000.0,585472000.0,0.0,39831000.0,0.092,1761221000.0,911728000.0,156565000.0,0.23,0.734,12.046,12.54,0.0,18078000.0,21.82,1.102,1.147,2607955000.0,513777000.0,6398582000.0,6398582000.0,0.0,0.013,0.057,0.022,0.153,44057000.0,1761221000.0,1.0,323225555.0,336283000.0,337709000.0,19.027,44176436000.0,143525000.0,162737000.0,0.0,131.367,
31,XL1,MRT,2010-09-30,2010-09-30,2010-09-30,2020-12-28,274187000.0,46296041000.0,45764756000.0,,,0.137,32.083,0.0,3957629000.0,3957629000.0,3783457000.0,413051000.0,,3.253,2465901000.0,,,2465901000.0,3824260000.0,85177000.0,1771489000.0,0.018,0.4,742322000.0,827499000.0,0.132,827499000.0,742322000.0,537998000.0,1.04,1.04,1.04,10867387000.0,10211573500.0,10867387000.0,6074154506.0,8.0,7.34,761433000.0,2.248,1.0,2473850000.0,0.395,840972000.0,204324000.0,43963341000.0,43690970500.0,0.0,32527506000.0,,,35354531000.0,,,7407956506.0,51352000.0,317832000.0,-270075000.0,0.0,-135958000.0,-1387691000.0,694774000.0,376942000.0,761433000.0,-17164000.0,380683000.0,357031000.0,357031000.0,0.0,32368000.0,0.057,1780188000.0,693662000.0,445718000.0,0.385,0.682,20.749,20.827,0.0,23652000.0,21.66,1.184,1.173,2754962000.0,357774000.0,6257307000.0,6257307000.0,0.0,0.008,0.035,0.017,0.119,30027000.0,1778352000.0,1.0,342010919.0,338724000.0,339819000.0,18.473,45455069000.0,116124000.0,157315000.0,0.0,134.195,
32,XL1,MRT,2010-06-30,2010-06-30,2010-06-30,2020-12-28,-338733000.0,45322419000.0,45996056000.0,,,0.133,30.718,0.0,3801194000.0,3801194000.0,3830424000.0,324093000.0,,3.307,2467392000.0,,,2467392000.0,3842364000.0,74413000.0,2252124000.0,0.025,0.4,654543000.0,728956000.0,0.119,728956000.0,654543000.0,455359000.0,0.78,0.78,0.78,10507232000.0,9788106000.0,10507232000.0,4562636932.0,7.0,6.259,849235000.0,2.483,1.0,2295759000.0,0.375,835865000.0,199184000.0,43152752000.0,43929442000.0,0.0,31662059000.0,,,34743287000.0,,,5476758932.0,-188178000.0,388656000.0,-1925000.0,0.0,-136783000.0,-623730000.0,-349726000.0,-738382000.0,849235000.0,-63957000.0,324238000.0,268086000.0,268086000.0,0.0,-145000.0,0.044,1792764000.0,502995000.0,329586000.0,0.513,0.521,20.429,20.526,0.0,56152000.0,16.01,0.894,0.894,2992402000.0,345631000.0,6126183000.0,6126183000.0,0.0,0.006,0.027,0.015,0.107,28104000.0,1790928000.0,1.0,342083631.0,342056000.0,342878000.0,17.91,44486554000.0,169590000.0,131121000.0,0.0,130.056,
33,XL1,MRT,2010-03-31,2010-03-31,2010-03-31,2020-12-28,-634546000.0,45776670000.0,46018505500.0,,,0.137,29.349,0.0,3375519000.0,3375519000.0,3914100000.0,215669000.0,,3.552,2461397000.0,,,2461397000.0,3938736000.0,66136000.0,2187375000.0,0.021,0.4,524197000.0,590333000.0,0.094,590333000.0,524197000.0,319964000.0,0.45,0.45,0.45,10041563000.0,9029602750.0,10041563000.0,5274211719.0,10.0,8.934,282249000.0,0.825,1.0,2384888000.0,0.379,841244000.0,204233000.0,44021304000.0,43896205750.0,0.0,32253299000.0,,,35663207000.0,,,6466491719.0,-1690668000.0,445367000.0,-1949000.0,0.0,-136769000.0,-782910000.0,-1272920000.0,-1718287000.0,282249000.0,82913000.0,215774000.0,156224000.0,156224000.0,0.0,-105000.0,0.025,1854856000.0,530032000.0,504991000.0,0.889,0.644,41.392,42.0,0.0,59550000.0,18.9,1.027,1.027,3252413000.0,188144000.0,6298988000.0,6298988000.0,0.0,0.003,0.017,0.012,0.083,28000000.0,1853020000.0,1.0,342142419.0,342148000.0,342760000.0,18.41,44935426000.0,135678000.0,104190000.0,0.0,131.333,
34,XL1,MRT,2009-12-31,2009-12-31,2009-12-31,2020-12-28,-1142467000.0,45663894000.0,45567297250.0,,,0.136,27.686,0.0,3643697000.0,3643697000.0,3846399000.0,74887000.0,,3.823,2451417000.0,,,2451417000.0,3651310000.0,56078000.0,2208699000.0,0.022,0.4,411802000.0,467880000.0,0.076,467880000.0,411802000.0,195298000.0,0.61,0.61,0.61,9430112000.0,8054531500.0,9430112000.0,4817318169.0,12.0,10.296,-42760000.0,-0.126,1.0,2347248000.0,0.379,845129000.0,216504000.0,43626485000.0,43017059250.0,0.0,31822031000.0,,,36048804000.0,,,6271222169.0,-710129000.0,812329000.0,744374000.0,-745000000.0,-136757000.0,-962589000.0,214643000.0,-597686000.0,-42760000.0,80577000.0,74991000.0,206607000.0,206607000.0,0.0,-104000.0,0.033,1911217000.0,436031000.0,453528000.0,0.656,0.665,30.353,30.049,0.0,-131616000.0,18.33,1.013,1.008,3094725000.0,94460000.0,6193647000.0,6193647000.0,0.0,0.005,0.026,0.01,0.066,32231000.0,1909381000.0,1.0,342128869.0,340612000.0,340966000.0,18.184,44818765000.0,240425000.0,120307000.0,0.0,131.583,
35,XL1,MRT,2009-09-30,2009-09-30,2009-09-30,2020-12-28,-1464523000.0,47221241000.0,45563527250.0,,,0.128,26.814,0.0,3906277000.0,3906277000.0,3882737000.0,-1309824000.0,,4.128,2452373000.0,,,2452373000.0,4185151000.0,41236000.0,2442800000.0,0.028,0.49,-898080000.0,-856844000.0,-0.146,-856844000.0,-898080000.0,-1151335000.0,-4.51,-4.51,-4.51,9173517000.0,7226211250.0,9173517000.0,4430204516.0,-5.0,-5.17,261754000.0,0.765,1.0,1968793000.0,0.336,850110000.0,253255000.0,44917227000.0,43018231000.0,0.0,32027415000.0,,,37865051000.0,,,5974346516.0,-1703726000.0,806259000.0,244293000.0,-745000000.0,-165552000.0,-1213835000.0,-780165000.0,-1586424000.0,261754000.0,28520000.0,-1309777000.0,-1186232000.0,-1186232000.0,0.0,-47000.0,-0.203,2908601000.0,-939808000.0,926854000.0,-0.109,0.651,-5.036,-3.871,0.0,-123545000.0,17.46,1.021,1.021,3450435000.0,168980000.0,5851530000.0,5851530000.0,0.0,-0.026,-0.164,-0.021,-0.153,36402000.0,1916494000.0,1.0,342173340.0,342118000.0,342620000.0,17.104,46371131000.0,288005000.0,158442000.0,0.0,135.541,
36,XL1,MRT,2009-06-30,2009-06-30,2009-06-30,2020-12-28,-3202164000.0,45412217000.0,46453385500.0,,,0.131,21.842,0.0,3989372000.0,3989372000.0,4288858000.0,-2947439000.0,,5.052,2445230000.0,,,2445230000.0,4266872000.0,41236000.0,2436809000.0,0.051,0.58,-2466944000.0,-2425708000.0,-0.397,-2425708000.0,-2466944000.0,-2744730000.0,-10.52,-10.52,-10.52,7473219000.0,7097967750.0,7473219000.0,1299237206.0,-1.0,-0.536,-1595529000.0,-4.663,1.0,1817455000.0,0.298,848268000.0,277786000.0,43019807000.0,43424741250.0,0.0,29651637000.0,,,37756325000.0,,,3920443206.0,285123000.0,780233000.0,2974740000.0,-442250000.0,-194364000.0,1607266000.0,376397000.0,-403836000.0,-1595529000.0,-103011000.0,-2947399000.0,-2823854000.0,-2823854000.0,0.0,-40000.0,-0.462,2998891000.0,-1181436000.0,491212000.0,-0.055,0.525,-1.388,-1.089,0.0,-123545000.0,11.46,0.642,0.642,3759188000.0,214595000.0,6106313000.0,6106313000.0,0.0,-0.061,-0.398,-0.057,-0.404,50357000.0,2005863000.0,1.0,342098011.0,342154000.0,342468000.0,17.847,44563949000.0,314938000.0,202669000.0,0.0,130.245,
37,XL1,MRT,2009-03-31,2009-03-31,2009-03-31,2020-12-28,-4241330000.0,43971837000.0,48120321750.0,,,0.135,18.266,0.0,5066187000.0,5066187000.0,4482952000.0,-2795089000.0,,6.13,2444981000.0,,,2444981000.0,4328689000.0,41236000.0,2577281000.0,0.158,0.86,-2268231000.0,-2226995000.0,-0.342,-2226995000.0,-2268231000.0,-2557260000.0,-9.42,-9.42,-9.42,6141278000.0,7421961250.0,6141278000.0,704375523.0,0.0,-0.316,-1018461000.0,-3.029,1.0,2022463000.0,0.311,845913000.0,289029000.0,40504718000.0,45020638250.0,0.0,27324001000.0,,,37647886000.0,,,1868467523.0,1161221000.0,776930000.0,2974397000.0,-442250000.0,-228542000.0,818911000.0,1574303000.0,797373000.0,-1018461000.0,-213532000.0,-2795089000.0,-2665952000.0,-2665952000.0,0.0,0.0,-0.41,3055863000.0,-1033400000.0,1103820000.0,-0.091,0.304,-0.701,-0.58,0.0,-129137000.0,5.46,0.287,0.282,3908589000.0,-100616000.0,6505415000.0,6505415000.0,0.0,-0.055,-0.359,-0.05,-0.349,57544000.0,2062879000.0,1.0,342210169.0,336217000.0,336218000.0,19.349,43125924000.0,324552000.0,237829000.0,0.0,128.268,
38,XL1,MRT,2008-12-31,2008-12-31,2008-12-31,2020-12-28,-3364927000.0,45648814000.0,50827631250.0,,,0.141,25.417,0.0,4353826000.0,4353826000.0,4731902000.0,-2553813000.0,,6.381,3189734000.0,,,3189734000.0,4217931000.0,41236000.0,2710987000.0,0.308,1.14,-1979435000.0,-1938199000.0,-0.271,-1938199000.0,-1979435000.0,-2331235000.0,-10.94,-10.94,-10.94,6116831000.0,8200479500.0,6116831000.0,-1196606566.0,1.0,0.617,-427260000.0,-1.775,1.0,2416217000.0,0.338,853550000.0,351800000.0,43631172000.0,47875191500.0,0.0,29476780000.0,,,39031983000.0,,,1223914435.0,473796000.0,384130000.0,2226034000.0,302750000.0,-261373000.0,-2829297000.0,3809233000.0,3425103000.0,-427260000.0,-78880000.0,-2553813000.0,-2632458000.0,-2632458000.0,0.0,0.0,-0.368,3099333000.0,-683116000.0,753272000.0,-0.104,0.2,-0.465,-0.338,0.0,78645000.0,3.7,0.171,0.125,3825670000.0,-315529000.0,7148119000.0,7148119000.0,0.0,-0.052,-0.321,-0.041,-0.277,57617000.0,2106394000.0,1.0,330787685.0,240657000.0,240657000.0,29.703,44795264000.0,331348000.0,222578000.0,0.0,186.137,
39,XL1,MRT,2008-09-30,2008-09-30,2008-09-30,2020-12-28,-2799939000.0,50780674000.0,53855993750.0,,,0.148,31.714,0.0,5610003000.0,5610003000.0,4964407000.0,-2323241000.0,,4.863,3189482000.0,,,3189482000.0,4998530000.0,0.0,2769682000.0,0.074,1.33,-1745301000.0,-1745301000.0,-0.22,-1745301000.0,-1745301000.0,-2176255000.0,-10.33,-10.27,-10.33,8660543000.0,9158307250.0,8660543000.0,2377402741.0,-1.0,-1.362,-422303000.0,-1.546,1.0,2980402000.0,0.375,1816885000.0,430954000.0,46543268000.0,50694742000.0,0.0,31519006000.0,,,42118534000.0,,,3212421741.0,2424764000.0,347003000.0,2602655000.0,302750000.0,-243521000.0,-3909491000.0,6766702000.0,6419699000.0,-422303000.0,-10144000.0,-2347169000.0,-2415153000.0,-2415153000.0,0.0,23928000.0,-0.304,2153592000.0,826810000.0,1700519000.0,-0.129,0.371,-1.33,-1.737,0.0,67984000.0,17.94,0.404,0.617,5504504000.0,1180432000.0,7944809000.0,7944809000.0,0.0,-0.045,-0.264,-0.034,-0.22,58108000.0,2150946000.0,1.0,179064757.0,273084000.0,273084000.0,29.093,48963789000.0,343748000.0,170914000.0,0.0,179.299,
40,XL1,MRT,2008-06-30,2008-06-30,2008-06-30,2020-12-28,-1516825000.0,52079962000.0,56382903750.0,,,0.148,48.975,0.0,3704249000.0,3704249000.0,4670985000.0,-335081000.0,,4.939,2869230000.0,,,2869230000.0,5355644000.0,0.0,2956423000.0,0.074,1.52,326749000.0,326749000.0,0.039,326749000.0,326749000.0,-177223000.0,-2.46,-2.41,-2.46,8769193000.0,9851740500.0,8769193000.0,2645053948.0,8.0,8.095,1644404000.0,9.184,1.0,3683310000.0,0.441,1841548000.0,503972000.0,49403395000.0,53749634500.0,0.0,34076534000.0,,,43309182000.0,,,3681039948.0,959897000.0,135061000.0,-297968000.0,0.0,-248243000.0,-6873351000.0,6061045000.0,5925984000.0,1644404000.0,127799000.0,-359009000.0,-438154000.0,-438154000.0,0.0,23928000.0,-0.052,2139932000.0,1543378000.0,1126003000.0,-0.618,0.42,-8.401,-8.358,0.0,79145000.0,20.56,0.441,0.441,5965876000.0,2892251000.0,8354295000.0,8354295000.0,0.0,-0.008,-0.044,0.006,0.039,48506000.0,2138252000.0,1.0,179038908.0,179054000.0,179054000.0,46.658,50238414000.0,386797000.0,181786000.0,0.0,280.577,
41,XL1,MRT,2008-03-31,2008-03-31,2008-03-31,2020-12-28,-837579000.0,54801075000.0,58412084000.0,,,0.151,51.892,0.0,3904966000.0,3904966000.0,4743723000.0,-18317000.0,,4.921,2868980000.0,,,2868980000.0,5531248000.0,0.0,3888731000.0,0.051,1.52,752850000.0,752850000.0,0.085,752850000.0,752850000.0,149624000.0,-0.74,-0.74,-0.74,9255351000.0,10540576500.0,9255351000.0,4245829210.0,6.0,5.64,2166483000.0,12.147,1.0,4082669000.0,0.463,1842158000.0,603226000.0,51922931000.0,56027312500.0,0.0,35416523000.0,,,45544140000.0,,,5257128210.0,534167000.0,70264000.0,-34043000.0,-502164000.0,-272669000.0,-5601424000.0,3824823000.0,3754559000.0,2166483000.0,144285000.0,-42245000.0,-131470000.0,-131470000.0,0.0,23928000.0,-0.015,2199970000.0,1882699000.0,1572894000.0,-2.054,0.568,-39.987,-39.932,0.0,89225000.0,29.55,0.596,0.597,6537015000.0,2722334000.0,8826392000.0,8826392000.0,0.0,-0.002,-0.012,0.013,0.085,48233000.0,2198290000.0,1.0,177906200.0,178357000.0,178357000.0,49.487,52958917000.0,421131000.0,191869000.0,0.0,296.926,
42,XL1,MRT,2007-12-31,2007-12-31,2007-12-31,2020-12-28,9159000.0,57762264000.0,60228090250.0,,,0.152,55.159,0.0,3880030000.0,3880030000.0,4729661000.0,299817000.0,,4.806,2868731000.0,,,2868731000.0,4681989000.0,0.0,7920085000.0,0.03,1.52,1131716000.0,1131716000.0,0.124,1131716000.0,1131716000.0,509811000.0,1.14,1.14,1.14,9948142000.0,11195646000.0,9948142000.0,8654113014.0,8.0,7.647,2240866000.0,12.425,1.0,4406061000.0,0.482,1841591000.0,621905000.0,54909374000.0,58107849250.0,0.0,39585428000.0,,,47811703000.0,,,8972953014.0,1656282000.0,-66261000.0,-257511000.0,-502164000.0,-274037000.0,-754863000.0,118358000.0,184619000.0,2240866000.0,51921000.0,275889000.0,206375000.0,206375000.0,0.0,23928000.0,0.023,2210303000.0,2195758000.0,1034983000.0,1.333,0.902,43.479,44.132,0.0,69514000.0,50.31,0.982,0.993,5427899000.0,2578393000.0,9135722000.0,9135722000.0,0.0,0.003,0.018,0.019,0.124,49666000.0,2208623000.0,1.0,178353270.0,180353000.0,181209000.0,50.655,55920673000.0,370419000.0,233922000.0,0.0,310.062,
43,XL1,MRT,2007-09-30,2007-09-30,2007-09-30,2020-12-28,0.0,60888314000.0,60614741750.0,,,0.161,63.954,0.0,3185239000.0,3185239000.0,4740418000.0,1969903000.0,,4.325,2866399000.0,,,2866399000.0,5371645000.0,0.0,8682988000.0,0.019,1.52,2803468000.0,2803468000.0,0.288,2803468000.0,2803468000.0,2205578000.0,10.58,10.5,10.58,11434276000.0,11241402000.0,11434276000.0,14518031906.0,5.0,5.179,2925758000.0,16.364,1.0,4989451000.0,0.513,1806636000.0,597890000.0,58762838000.0,59039356250.0,0.0,42750538000.0,,,49454038000.0,,,14394157906.0,1057018000.0,-132930000.0,-115332000.0,-502164000.0,-273873000.0,528665000.0,-2450980000.0,-2318050000.0,2925758000.0,53575000.0,1969903000.0,1893292000.0,1893292000.0,0.0,0.0,0.195,2314383000.0,2675068000.0,1274851000.0,0.144,1.259,7.603,7.486,0.0,76611000.0,79.2,1.479,1.455,5987440000.0,,9729869000.0,9729869000.0,0.0,0.031,0.168,0.047,0.288,48389000.0,2312703000.0,1.0,181744418.0,178788000.0,179781000.0,54.421,59081678000.0,336528000.0,235675000.0,0.0,330.457,
44,XL1,MRT,2007-06-30,2007-06-30,2007-06-30,2020-12-28,0.0,60196683000.0,60337663000.0,,,0.165,64.607,0.0,2744352000.0,2744352000.0,4820609000.0,2024137000.0,,4.223,2868226000.0,,,2868226000.0,5659415000.0,0.0,8496507000.0,0.018,1.52,2842012000.0,2842012000.0,0.286,2842012000.0,2842012000.0,2244752000.0,11.08,11.0,11.08,11524537000.0,10763826750.0,11524537000.0,14760865175.0,5.0,5.194,2920279000.0,16.371,1.0,5120137000.0,0.515,1806450000.0,597260000.0,58514107000.0,59149317000.0,0.0,42250030000.0,,,48672146000.0,,,14763049175.0,177584000.0,73466000.0,59066000.0,-502164000.0,-283812000.0,1173146000.0,-3933546000.0,-4007002000.0,2920279000.0,17705000.0,2024137000.0,1981106000.0,1981106000.0,0.0,0.0,0.199,2328068000.0,2792069000.0,1047223000.0,0.137,1.281,7.452,7.607,0.0,43031000.0,84.29,1.485,1.513,6359103000.0,,9940746000.0,9940746000.0,0.0,0.033,0.184,0.048,0.286,54292000.0,2326388000.0,1.0,175145915.0,178378000.0,181613000.0,55.729,58390233000.0,364021000.0,220615000.0,0.0,327.34,
45,XL1,MRT,2007-03-31,2007-03-31,2007-03-31,2020-12-28,0.0,62065100000.0,59920330500.0,,,0.164,66.429,0.0,3370799000.0,3370799000.0,4951575000.0,1856691000.0,,4.226,3368615000.0,,,3368615000.0,6650972000.0,0.0,8029059000.0,0.022,1.52,2649652000.0,2649652000.0,0.269,2649652000.0,2649652000.0,2082455000.0,10.14,10.1,10.14,11875629000.0,10019513500.0,11875629000.0,13810923988.0,5.0,5.212,2495848000.0,13.961,1.0,4891800000.0,0.497,1817838000.0,567197000.0,60245078000.0,58898532500.0,0.0,42934267000.0,,,50189471000.0,,,12666295988.0,1107975000.0,-70992000.0,-200032000.0,0.0,-268565000.0,283079000.0,-1700694000.0,-1629692000.0,2495848000.0,29742000.0,1856691000.0,1813660000.0,1813660000.0,0.0,0.0,0.184,2298471000.0,2593329000.0,1544043000.0,0.15,1.067,6.984,6.899,0.0,43031000.0,69.96,1.287,1.271,6700768000.0,,9843375000.0,9843375000.0,0.0,0.03,0.181,0.045,0.269,49205000.0,2296791000.0,1.0,181050543.0,178772000.0,179601000.0,55.061,60247262000.0,356517000.0,225764000.0,0.0,337.006,
46,XL1,MRT,2006-12-31,2006-12-31,2006-12-31,2020-12-28,411405000.0,59308870000.0,59093010250.0,,,0.166,56.664,0.0,2223748000.0,2223748000.0,5008449000.0,1762767000.0,,4.799,3368376000.0,,,3368376000.0,5652897000.0,0.0,7857827000.0,0.021,1.52,2534687000.0,2534687000.0,0.258,2534687000.0,2534687000.0,1982412000.0,9.63,9.6,9.63,10131166000.0,9173251250.0,10131166000.0,14244788039.0,6.0,5.62,2438655000.0,13.64,1.0,4824746000.0,0.491,1818096000.0,552275000.0,58635402000.0,58350817000.0,0.0,42136653000.0,,,48615583000.0,,,13004877039.0,-1469727000.0,247408000.0,26346000.0,-45291000.0,-277682000.0,-968188000.0,-2972325000.0,-3223820000.0,2438655000.0,32131000.0,1762767000.0,1722445000.0,1722445000.0,0.0,0.0,0.175,2287340000.0,2537406000.0,1007580000.0,0.158,1.284,7.55,7.479,0.0,40322000.0,72.02,1.323,1.31,5876405000.0,3266175000.0,9833195000.0,9833195000.0,0.0,0.029,0.188,0.043,0.258,56163000.0,2284985000.0,1.0,180573133.0,178793000.0,179450000.0,54.998,57490774000.0,346122000.0,219645000.0,0.0,321.549,
47,XL1,MRT,2006-09-30,2006-09-30,2006-09-30,2020-12-28,240556000.0,59779999000.0,58879518000.0,,,0.167,53.261,0.0,2128221000.0,2128221000.0,6447593000.0,469767000.0,,5.219,3368132000.0,,,3368132000.0,6088306000.0,0.0,8103553000.0,0.024,1.64,1189405000.0,1189405000.0,0.121,1189405000.0,1189405000.0,648467000.0,1.26,1.23,1.26,9523975000.0,8758412500.0,9523975000.0,13195220460.0,11.0,11.094,2597421000.0,14.526,1.0,3368644000.0,0.343,1817229000.0,540938000.0,59202681000.0,57781861500.0,0.0,41324759000.0,,,49706697000.0,,,12394101460.0,71632000.0,363965000.0,2444704000.0,645000000.0,-271782000.0,3210936000.0,-5752707000.0,-6120759000.0,2597421000.0,15982000.0,469767000.0,429444000.0,429444000.0,0.0,0.0,0.044,2162691000.0,1205953000.0,1519527000.0,1.302,1.301,28.861,54.524,0.0,40323000.0,68.7,1.263,1.251,6677484000.0,2870317000.0,9816237000.0,9816237000.0,0.0,0.007,0.049,0.021,0.121,50934000.0,2158508000.0,1.0,180409046.0,178818000.0,179439000.0,54.895,57962770000.0,296985000.0,178700000.0,0.0,324.144,
48,XL1,MRT,2006-06-30,2006-06-30,2006-06-30,2020-12-28,-403842000.0,58527353000.0,57649545750.0,,,0.169,47.823,0.0,2566768000.0,2566768000.0,7985324000.0,-995224000.0,,5.847,3367887000.0,,,3367887000.0,6372442000.0,0.0,7559896000.0,0.029,1.76,-427219000.0,-427219000.0,-0.044,-427219000.0,-427219000.0,-907517000.0,-8.6,-8.62,-8.6,8547284000.0,8137243750.0,8547284000.0,12156832247.0,-28.0,-28.456,2592724000.0,14.507,1.0,1763056000.0,0.181,1817503000.0,480298000.0,57510969000.0,56384804500.0,0.0,38867377000.0,,,49980069000.0,,,11052010247.0,191428000.0,280291000.0,2439974000.0,645000000.0,-273352000.0,3032722000.0,-5449570000.0,-5733958000.0,2592724000.0,15552000.0,-995224000.0,-1035546000.0,-1035546000.0,0.0,0.0,-0.106,2185970000.0,-422914000.0,1488570000.0,-0.205,1.293,-10.673,-7.128,0.0,40322000.0,61.3,1.134,1.124,6720000000.0,2522647000.0,9748380000.0,9748380000.0,0.0,-0.018,-0.127,-0.008,-0.044,42531000.0,2179539000.0,1.0,180293805.0,178728000.0,179198000.0,54.543,56709850000.0,344527000.0,87707000.0,0.0,317.297,
49,XL1,MRT,2006-03-31,2006-03-31,2006-03-31,2020-12-28,-122113000.0,58755819000.0,56348932000.0,,,0.202,47.587,0.0,2262824000.0,2262824000.0,9915681000.0,-1236418000.0,,5.92,3367646000.0,,,3367646000.0,6392319000.0,0.0,7987272000.0,0.029,1.88,-729940000.0,-729940000.0,-0.064,-729940000.0,-729940000.0,-1173372000.0,-9.73,-9.75,-9.73,8490580000.0,8093341750.0,8490580000.0,11230777673.0,-15.0,-15.386,4982117000.0,27.923,1.0,1441835000.0,0.127,1806425000.0,443432000.0,58054216000.0,54946785000.0,0.0,39111484000.0,,,50265239000.0,,,11511554673.0,76448000.0,332919000.0,2459159000.0,645000000.0,-275016000.0,4502429000.0,-9385968000.0,-9722984000.0,4982117000.0,-22130000.0,-1236418000.0,-1276740000.0,-1276740000.0,0.0,0.0,-0.112,2173555000.0,-731720000.0,1540655000.0,-0.193,1.356,-9.016,-6.589,0.0,40322000.0,64.11,1.014,1.007,6892851000.0,2213475000.0,11357516000.0,11357516000.0,0.0,-0.023,-0.158,-0.013,-0.064,42848000.0,2164501000.0,1.0,179559424.0,178424000.0,179158000.0,63.655,56949394000.0,297181000.0,63046000.0,0.0,319.18,
50,XL1,MRT,2005-12-31,2005-12-31,2005-12-31,2020-12-28,268243000.0,58454901000.0,54376728000.0,,,0.208,59.911,0.0,3693475000.0,3693475000.0,9944365000.0,-1251976000.0,,5.894,3412698000.0,,,3412698000.0,5388996000.0,0.0,8240987000.0,0.03,2.0,-798843000.0,-798843000.0,-0.071,-798843000.0,-798843000.0,-1202692000.0,-9.14,-9.14,-9.14,8471811000.0,7924464000.0,8471811000.0,10041579135.0,-13.0,-12.57,5037350000.0,35.623,1.0,1341050000.0,0.119,1814544000.0,403849000.0,56359580000.0,52802472250.0,0.0,38170577000.0,,,49928701000.0,,,9470026135.0,1489749000.0,108174000.0,2472534000.0,690291000.0,-276655000.0,5163555000.0,-8670016000.0,-8778190000.0,5037350000.0,-41140000.0,-1251976000.0,-1292298000.0,-1292298000.0,0.0,0.0,-0.115,2188155000.0,-847105000.0,2053786000.0,-0.219,1.118,-7.328,-7.372,0.0,40322000.0,67.38,0.839,0.844,5909610000.0,1824191000.0,11285415000.0,11285415000.0,0.0,-0.024,-0.163,-0.015,-0.071,33004000.0,2177403000.0,1.0,140546544.0,141406000.0,141406000.0,79.809,56640357000.0,318399000.0,49284000.0,0.0,400.551,
51,XL1,MRT,2005-09-30,2005-09-30,2005-09-30,2020-12-28,358673000.0,54860110000.0,54376728000.0,,,0.206,50.546,0.0,2150609000.0,2150609000.0,8709561000.0,-141992000.0,,6.793,2722162000.0,,,2722162000.0,5869857000.0,0.0,7685764000.0,0.029,1.99,290153000.0,290153000.0,0.026,290153000.0,290153000.0,-85463000.0,-1.25,-1.3,-1.25,7039300000.0,7924464000.0,7039300000.0,9805525788.0,34.0,33.794,4772313000.0,34.268,1.0,2497583000.0,0.223,1817210000.0,375616000.0,53614453000.0,52802472250.0,0.0,34818978000.0,,,47820810000.0,,,9551384788.0,-396954000.0,85806000.0,51918000.0,-12451000.0,-275167000.0,1535338000.0,-6665347000.0,-6751153000.0,4772313000.0,-39258000.0,-141992000.0,-182313000.0,-182313000.0,0.0,0.0,-0.016,2261824000.0,235759000.0,1663123000.0,-1.592,1.357,-52.39,-54.424,0.0,40321000.0,68.03,0.852,0.845,6166889000.0,2715921000.0,11207144000.0,11207144000.0,0.0,-0.003,-0.023,0.005,0.026,36626000.0,2247263000.0,1.0,140399600.0,139266000.0,139266000.0,80.473,53042900000.0,295796000.0,56529000.0,0.0,380.875,
52,XL1,MRT,2005-06-30,2005-06-30,2005-06-30,2020-12-28,589601000.0,53324898000.0,52367438000.0,,,0.215,60.25,0.0,2467775000.0,2467775000.0,7733577000.0,929681000.0,,5.37,2721916000.0,,,2721916000.0,6064286000.0,0.0,7336323000.0,0.027,1.98,1416439000.0,1416439000.0,0.126,1416439000.0,1416439000.0,1047523000.0,6.44,6.39,6.44,8371676000.0,8007568750.0,8371676000.0,10861548748.0,8.0,7.668,5143376000.0,37.017,1.0,3540764000.0,0.314,1820148000.0,368916000.0,51758891000.0,50762383750.0,0.0,33755280000.0,,,44953222000.0,,,10427438748.0,-688822000.0,99150000.0,58853000.0,96573000.0,-273362000.0,1374509000.0,-7050551000.0,-7149701000.0,5143376000.0,-37632000.0,929681000.0,889359000.0,889359000.0,0.0,0.0,0.079,2316941000.0,1223823000.0,1611684000.0,0.307,1.246,11.725,11.556,0.0,40322000.0,74.42,0.925,0.917,6503883000.0,3834528000.0,11274341000.0,11274341000.0,0.0,0.017,0.111,0.028,0.126,36652000.0,2301792000.0,1.0,140116081.0,138948000.0,140404000.0,81.141,51504750000.0,201700000.0,117842000.0,0.0,370.676,
53,XL1,MRT,2005-03-31,2005-03-31,2005-03-31,2020-12-28,137441000.0,50867003000.0,50401222250.0,,,0.205,56.617,0.0,2287562000.0,2287562000.0,6558177000.0,1157390000.0,,5.509,2721672000.0,,,2721672000.0,6331537000.0,0.0,6400602000.0,0.027,1.97,1595992000.0,1595992000.0,0.154,1595992000.0,1595992000.0,1265722000.0,8.1,8.04,8.1,7815069000.0,7683792750.0,7815069000.0,10478826148.0,7.0,6.566,3927334000.0,28.452,1.0,3774002000.0,0.365,1824148000.0,330270000.0,49476965000.0,48726793000.0,0.0,30521014000.0,,,43051934000.0,,,10061698148.0,-593495000.0,165350000.0,44559000.0,-32262000.0,-271974000.0,1116873000.0,-5617669000.0,-5783019000.0,3927334000.0,-20033000.0,1157390000.0,1117068000.0,1117068000.0,0.0,0.0,0.108,2352341000.0,1421661000.0,1907854000.0,0.243,1.287,9.007,8.935,0.0,40322000.0,72.37,0.974,0.967,7230037000.0,3770527000.0,10332179000.0,10332179000.0,0.0,0.022,0.145,0.033,0.154,32738000.0,2336978000.0,1.0,139031341.0,138035000.0,139147000.0,74.852,49042855000.0,277088000.0,108332000.0,0.0,355.293,
54,XL1,MRT,2004-12-31,2004-12-31,2004-12-31,2020-12-28,268243000.0,58454901000.0,48727051500.0,,,0.207,61.433,0.0,3693475000.0,3693475000.0,6392023000.0,1166613000.0,,5.9,3412698000.0,,,3412698000.0,5388996000.0,0.0,8240987000.0,0.025,1.96,1550190000.0,1550190000.0,0.154,1550190000.0,1550190000.0,1257956000.0,8.17,8.13,8.17,8471811000.0,7570707250.0,8471811000.0,11230405241.0,7.0,7.245,3908032000.0,28.339,1.0,3704368000.0,0.367,1814544000.0,292234000.0,56359580000.0,46961406500.0,0.0,38170577000.0,,,49983090000.0,,,10766613241.0,-518679000.0,95576000.0,36878000.0,767933000.0,-270452000.0,1638724000.0,-6062343000.0,-6157919000.0,3908032000.0,-3092000.0,1166613000.0,1126292000.0,1126292000.0,0.0,0.0,0.112,2333826000.0,1370542000.0,2053786000.0,0.24,1.271,9.559,9.504,0.0,40321000.0,77.65,1.066,1.061,5909610000.0,1824191000.0,10096391000.0,10096391000.0,0.0,0.023,0.149,0.033,0.154,28393000.0,2317999000.0,1.0,138655676.0,137903000.0,138582000.0,73.214,56640357000.0,318399000.0,91343000.0,0.0,410.726,
55,XL1,MRT,2004-09-30,2004-09-30,2004-09-30,2020-12-28,343423000.0,46822950000.0,44411006500.0,,,0.228,53.402,-3338000.0,2267198000.0,2267198000.0,7156204000.0,563736000.0,,5.352,2730990000.0,,,2730990000.0,5644257000.0,0.0,5112045000.0,0.026,1.95,915642000.0,915642000.0,0.09,915642000.0,915642000.0,631388000.0,3.78,3.75,3.78,7371719000.0,7186983250.0,7371719000.0,10237356644.0,11.0,11.181,3654421000.0,26.473,1.0,2981927000.0,0.294,1832643000.0,284254000.0,45454099000.0,42476779000.0,0.0,27931658000.0,,,39451231000.0,,,10238866644.0,355967000.0,67761000.0,27315000.0,780384000.0,-268509000.0,2147467000.0,-5425960000.0,-5490383000.0,3657759000.0,-23299000.0,563736000.0,523415000.0,523415000.0,0.0,0.0,0.052,2248337000.0,733590000.0,1888804000.0,0.516,1.389,19.562,19.574,0.0,40321000.0,73.99,1.01,1.007,6522150000.0,3176414000.0,10138131000.0,10138131000.0,0.0,0.012,0.073,0.022,0.09,25374000.0,2235055000.0,1.0,138381763.0,138043000.0,138932000.0,73.442,44990307000.0,268887000.0,67652000.0,0.0,325.915,
56,XL1,MRT,2004-06-30,2004-06-30,2004-06-30,2020-12-28,29019000.0,45460035000.0,42601981500.0,,,0.229,51.408,41969000.0,2744878000.0,2744878000.0,6671774000.0,640235000.0,,5.424,2743368000.0,,,2743368000.0,5963401000.0,0.0,4769276000.0,0.026,1.94,959679000.0,959679000.0,0.098,959679000.0,959679000.0,708802000.0,4.34,4.3,4.34,7076572000.0,7194356000.0,7076572000.0,10512861000.0,11.0,10.955,3289400000.0,23.896,1.0,3072185000.0,0.315,1841997000.0,250877000.0,43616528000.0,40550372750.0,0.0,25749873000.0,,,38383463000.0,,,10422851000.0,19068000.0,-126935000.0,25275000.0,671360000.0,-267055000.0,2407241000.0,-5732822000.0,-5647856000.0,3247431000.0,-21306000.0,640235000.0,599915000.0,599915000.0,0.0,0.0,0.062,2169818000.0,902367000.0,1940905000.0,0.447,1.473,17.374,17.387,0.0,40320000.0,75.46,1.07,1.066,6961573000.0,3221292000.0,9743959000.0,9743959000.0,0.0,0.014,0.083,0.024,0.098,21904000.0,2159417000.0,1.0,138124185.0,137655000.0,138741000.0,70.785,43618038000.0,307574000.0,68567000.0,0.0,316.865,
57,XL1,MRT,2004-03-31,2004-03-31,2004-03-31,2020-12-28,631982000.0,44170320000.0,41028855000.0,,,0.206,53.499,41969000.0,2646857000.0,2646857000.0,5585603000.0,624223000.0,,4.999,2736867000.0,,,2736867000.0,6103939000.0,0.0,4378401000.0,0.025,1.93,909572000.0,909572000.0,0.107,909572000.0,909572000.0,671533000.0,4.24,4.19,4.24,7362727000.0,7316543000.0,7362727000.0,9997977434.0,11.0,10.992,2790777000.0,20.278,1.0,2883945000.0,0.341,1844911000.0,238039000.0,42415419000.0,38745102750.0,0.0,24328902000.0,,,36807593000.0,,,10495615434.0,-410424000.0,-204794000.0,42327000.0,800195000.0,-265263000.0,2406499000.0,-5546030000.0,-5383205000.0,2748808000.0,-19701000.0,624223000.0,583970000.0,583970000.0,0.0,0.0,0.069,2064270000.0,819675000.0,1821166000.0,0.455,1.426,17.973,17.934,0.0,40253000.0,76.04,1.239,1.236,7363622000.0,2926477000.0,8469548000.0,8469548000.0,0.0,0.014,0.08,0.023,0.107,19177000.0,2056751000.0,1.0,138027557.0,137624000.0,139044000.0,61.541,42325409000.0,256945000.0,47310000.0,0.0,307.544,
58,XL1,MRT,2003-12-31,2003-12-31,2003-12-31,2020-12-28,490195000.0,41190721000.0,39351681250.0,,,0.206,50.669,41969000.0,2829627000.0,2829627000.0,5487881000.0,411979000.0,,4.938,1905483000.0,,,1905483000.0,4729989000.0,0.0,4050334000.0,0.025,1.92,677363000.0,677363000.0,0.084,677363000.0,677363000.0,443434000.0,2.71,2.69,2.71,6936915000.0,7178922500.0,6936915000.0,10484602749.0,15.0,15.479,2843882000.0,20.773,1.0,2608734000.0,0.322,1845507000.0,233929000.0,38421070000.0,36776362250.0,0.0,22821164000.0,,,34253806000.0,,,10645252749.0,-873377000.0,-147474000.0,40539000.0,0.0,-263176000.0,1627462000.0,-5279304000.0,-5173799000.0,2801913000.0,-23448000.0,411979000.0,371658000.0,371658000.0,0.0,0.0,0.046,1969649000.0,639085000.0,2048816000.0,0.708,1.535,28.643,28.616,0.0,40321000.0,77.55,1.315,1.311,5824403000.0,2541843000.0,8096615000.0,8096615000.0,0.0,0.009,0.052,0.018,0.084,17915000.0,1965012000.0,1.0,137269539.0,136906000.0,138187000.0,59.14,39345214000.0,310077000.0,31455000.0,0.0,287.389,
59,XL1,MRT,2003-09-30,2003-09-30,2003-09-30,2020-12-28,587496000.0,39586850000.0,37965843250.0,,,0.2,54.092,44355000.0,2059609000.0,2059609000.0,4526975000.0,938118000.0,,4.349,1898959000.0,,,1898959000.0,5161493000.0,0.0,3539431000.0,0.025,1.91,1122157000.0,1122157000.0,0.148,1122157000.0,1122157000.0,945554000.0,6.6,6.52,6.6,7401210000.0,7087091000.0,7401210000.0,9504469171.0,8.0,8.47,3183792000.0,23.269,1.0,3058397000.0,0.403,1677726000.0,176603000.0,37748474000.0,35249547500.0,0.0,21429945000.0,,,32185640000.0,,,10621198171.0,-940749000.0,-231906000.0,65730000.0,0.0,-287240000.0,1347873000.0,-5428957000.0,-5241406000.0,3139437000.0,898000.0,938118000.0,900626000.0,900626000.0,0.0,0.0,0.119,1969087000.0,1089310000.0,2086144000.0,0.289,1.435,11.793,11.733,0.0,37492000.0,77.44,1.4,1.397,7065893000.0,2923462000.0,7585372000.0,7585372000.0,0.0,0.024,0.127,0.032,0.148,15962000.0,1963275000.0,1.0,137153902.0,136826000.0,138423000.0,55.438,37909124000.0,302932000.0,7436000.0,0.0,277.061,
60,XL1,MRT,2003-06-30,2003-06-30,2003-06-30,2020-12-28,684834000.0,39167529000.0,36591837500.0,,,0.217,55.306,-3257000.0,3007127000.0,3007127000.0,4891409000.0,1015503000.0,,4.177,1890398000.0,,,1890398000.0,5199263000.0,0.0,3125060000.0,0.023,1.9,1211082000.0,1211082000.0,0.152,1211082000.0,1211082000.0,1032335000.0,7.24,7.15,7.24,7565320000.0,6723957500.0,7565320000.0,10069259156.0,8.0,8.314,3994455000.0,29.201,1.0,3054431000.0,0.384,1655352000.0,178747000.0,36395448000.0,33706743750.0,0.0,20262764000.0,,,31602209000.0,,,11337429156.0,465460000.0,-466015000.0,64668000.0,0.0,-280358000.0,1519397000.0,-5050937000.0,-4581665000.0,3997712000.0,-712000.0,1015503000.0,985722000.0,985722000.0,0.0,0.0,0.124,1873292000.0,1181139000.0,2387869000.0,0.262,1.499,11.502,11.464,0.0,29781000.0,83.0,1.427,1.429,6891523000.0,2890388000.0,7945840000.0,7945840000.0,0.0,0.027,0.147,0.036,0.152,15665000.0,1866980000.0,1.0,136595532.0,136791000.0,138634000.0,58.087,37512177000.0,295431000.0,16832000.0,0.0,274.23,
61,XL1,MRT,2003-03-31,2003-03-31,2003-03-31,2020-12-28,245861000.0,37461625000.0,34597271500.0,,,0.208,50.011,-3339000.0,3152328000.0,3152328000.0,4711522000.0,566083000.0,,4.499,1884158000.0,,,1884158000.0,5171414000.0,0.0,2448275000.0,0.027,1.89,767410000.0,767410000.0,0.107,767410000.0,767410000.0,594806000.0,4.02,3.96,4.02,6812245000.0,6176510250.0,6812245000.0,7953958466.0,10.0,10.365,3655665000.0,26.837,1.0,2487968000.0,0.346,1652998000.0,172604000.0,34540457000.0,31889344750.0,0.0,19103805000.0,,,30649380000.0,,,9633816466.0,823002000.0,-489712000.0,49612000.0,0.0,-268615000.0,1232477000.0,-4067856000.0,-3574805000.0,3659004000.0,-623000.0,566083000.0,546315000.0,546315000.0,0.0,0.0,0.076,1735636000.0,752332000.0,3547095000.0,0.47,1.414,17.634,17.607,0.0,19768000.0,70.78,1.338,1.339,7033584000.0,2608854000.0,7199490000.0,7199490000.0,0.0,0.016,0.088,0.024,0.107,14473000.0,1729688000.0,1.0,136109303.0,136216000.0,137631000.0,52.853,35808627000.0,314490000.0,28723000.0,0.0,262.881,
62,XL1,MRT,2002-12-31,2002-12-31,2002-12-31,2020-12-28,184814000.0,35647369000.0,32911311500.0,,,0.2,48.435,-4509000.0,3557815000.0,3557815000.0,4396771000.0,405571000.0,,4.426,1877957000.0,,,1877957000.0,4028299000.0,0.0,2373047000.0,0.024,1.88,596304000.0,596304000.0,0.091,596304000.0,596304000.0,428218000.0,2.92,2.88,2.92,6569589000.0,5835965000.0,6569589000.0,9626488894.0,16.0,16.144,3031936000.0,22.353,1.0,2170759000.0,0.331,1653700000.0,168086000.0,32313811000.0,30462091750.0,0.0,17955799000.0,,,29077780000.0,,,10493723894.0,1431041000.0,-760666000.0,76863000.0,246814000.0,-257054000.0,1453954000.0,-3059646000.0,-2294471000.0,3036445000.0,288000.0,405571000.0,395951000.0,395951000.0,0.0,0.0,0.06,1635921000.0,534838000.0,3470426000.0,0.644,1.597,26.503,26.455,0.0,9620000.0,77.25,1.598,1.595,5789719000.0,2434511000.0,6567530000.0,6567530000.0,0.0,0.012,0.068,0.02,0.091,14311000.0,1629734000.0,1.0,135841086.0,135636000.0,137388000.0,48.42,33993669000.0,320624000.0,22647000.0,0.0,250.624,
63,XL1,MRT,2002-09-30,2002-09-30,2002-09-30,2020-12-28,35937000.0,34090827000.0,30990223250.0,,,0.203,43.808,-7883000.0,2737445000.0,2737445000.0,4652626000.0,100543000.0,,4.731,1870210000.0,,,1870210000.0,4269803000.0,0.0,3946471000.0,0.025,1.87,200057000.0,200057000.0,0.032,200057000.0,200057000.0,28973000.0,0.72,0.69,0.72,5948676000.0,5552863750.0,5948676000.0,9564940143.0,48.0,47.811,3020079000.0,22.241,1.0,1637687000.0,0.26,1646333000.0,171084000.0,31577259000.0,28905411250.0,0.0,17082438000.0,,,28142151000.0,,,9979878143.0,607933000.0,-921962000.0,902166000.0,283471000.0,-259665000.0,2070728000.0,-4490772000.0,-3560927000.0,3027962000.0,15000.0,100543000.0,98174000.0,98174000.0,0.0,0.0,0.016,1471443000.0,166244000.0,4181248000.0,2.597,1.678,101.655,102.083,0.0,2369000.0,73.5,1.587,1.587,5829563000.0,2280366000.0,6290313000.0,6290313000.0,0.0,0.003,0.018,0.007,0.032,13537000.0,1455590000.0,1.0,135780655.0,135790000.0,137349000.0,46.324,32444494000.0,287448000.0,-71570000.0,0.0,238.931,
64,XL1,MRT,2002-06-30,2002-06-30,2002-06-30,2020-12-28,-193051000.0,31189265000.0,28883873500.0,,,0.167,39.624,-8551000.0,2278754000.0,2278754000.0,4417725000.0,-925925000.0,,4.802,1863816000.0,,,1863816000.0,4145201000.0,0.0,2828755000.0,0.022,1.86,-942071000.0,-942071000.0,-0.195,-942071000.0,-942071000.0,-1089679000.0,-7.34,-7.35,-7.34,5375531000.0,5262394750.0,5375531000.0,11265199503.0,-12.0,-11.958,1559125000.0,11.493,1.0,410674000.0,0.085,1648475000.0,147608000.0,29125852000.0,26877973500.0,0.0,14923553000.0,,,25813734000.0,,,11473942503.0,601773000.0,-676059000.0,804735000.0,527847000.0,-248939000.0,1698461000.0,-2664815000.0,-1980205000.0,1567676000.0,451000.0,-925925000.0,-925925000.0,-925925000.0,0.0,0.0,-0.192,1353755000.0,-943081000.0,3481237000.0,-0.253,2.134,-12.392,-11.54,0.0,0.0,84.7,2.376,2.38,5869248000.0,2165394000.0,4828399000.0,4828399000.0,0.0,-0.032,-0.176,-0.035,-0.195,12452000.0,1323732000.0,1.0,135465673.0,135662000.0,135662000.0,35.591,29540790000.0,389675000.0,-163754000.0,0.0,217.753,
65,XL1,MRT,2002-03-31,2002-03-31,2002-03-31,2020-12-28,-260250000.0,30717785000.0,25765478000.0,,,0.174,40.335,-17319000.0,2066413000.0,2066413000.0,3963763000.0,-705571000.0,,4.636,1857670000.0,,,1857670000.0,4091367000.0,0.0,2409481000.0,0.02,1.85,-744985000.0,-744985000.0,-0.166,-744985000.0,-744985000.0,-878622000.0,-5.63,-5.66,-5.63,5450064000.0,5338340500.0,5450064000.0,12389634159.0,-17.0,-16.631,1176404000.0,8.706,1.0,514867000.0,0.115,1677597000.0,133637000.0,28831445000.0,23786035500.0,0.0,14246710000.0,,,25267721000.0,,,12648618159.0,1129127000.0,-643162000.0,804991000.0,1319347000.0,-243505000.0,2163500000.0,-2228754000.0,-1568273000.0,1193723000.0,658000.0,-705571000.0,-705571000.0,-705571000.0,0.0,0.0,-0.158,1238381000.0,-723514000.0,3369534000.0,-0.329,2.321,-17.927,-16.581,0.0,0.0,93.35,2.824,2.816,5884167000.0,2323004000.0,4478630000.0,4478630000.0,0.0,-0.027,-0.132,-0.031,-0.166,11716000.0,1193666000.0,1.0,135496713.0,135119000.0,137843000.0,33.146,29040188000.0,340875000.0,-173051000.0,0.0,214.923,
66,XL1,MRT,2001-12-31,2001-12-31,2001-12-31,2020-12-28,-213013000.0,27963016000.0,22493645250.0,,,0.182,42.922,-21898000.0,1863861000.0,1863861000.0,3603906000.0,-576135000.0,,4.143,1604877000.0,,,1604877000.0,2636428000.0,0.0,1213202000.0,0.02,1.84,-652777000.0,-652777000.0,-0.16,-652777000.0,-652777000.0,-766049000.0,-4.55,-4.55,-4.55,5437184000.0,5391276000.0,5437184000.0,10821191358.0,-17.0,-16.577,1415704000.0,11.176,1.0,487108000.0,0.119,1616943000.0,113272000.0,26087089000.0,20479608000.0,0.0,13740717000.0,,,22525832000.0,,,11389496358.0,933392000.0,-447107000.0,775778000.0,1122533000.0,-237628000.0,1967323000.0,-2471085000.0,-2002080000.0,1437602000.0,-448000.0,-576135000.0,-576135000.0,-576135000.0,0.0,0.0,-0.141,1120288000.0,-633180000.0,2919149000.0,-0.404,2.095,-19.769,-20.079,0.0,0.0,91.36,2.784,2.829,4674735000.0,2297478000.0,4091014000.0,4091014000.0,0.0,-0.026,-0.107,-0.032,-0.16,10352000.0,1061719000.0,1.0,124666116.0,126676000.0,126676000.0,32.295,26346073000.0,419222000.0,-189914000.0,0.0,207.98,
67,XL1,MRT,2001-09-30,2001-09-30,2001-09-30,2020-12-28,-151060000.0,25665428000.0,19738379250.0,,,0.157,38.163,-19241000.0,2129512000.0,2129512000.0,2583385000.0,-491849000.0,,4.362,1561207000.0,,,1561207000.0,2724416000.0,0.0,1471182000.0,0.023,1.83,-471505000.0,-471505000.0,-0.152,-471505000.0,-471505000.0,-594143000.0,-3.9,-3.95,-3.9,4786800000.0,5425397000.0,4786800000.0,9547377222.0,-20.0,-20.249,737134000.0,5.877,1.0,521981000.0,0.168,1629615000.0,122638000.0,23467508000.0,17675437500.0,0.0,11669863000.0,,,20878628000.0,,,9929685222.0,1198010000.0,-290827000.0,-57440000.0,1085872000.0,-231572000.0,840832000.0,-396801000.0,-86733000.0,756375000.0,-2396000.0,-491849000.0,-491849000.0,-491849000.0,0.0,0.0,-0.158,1043926000.0,-521945000.0,3691336000.0,-0.469,2.074,-20.188,-20.256,0.0,0.0,79.0,3.198,3.191,4048216000.0,2443431000.0,3105366000.0,3105366000.0,0.0,-0.025,-0.091,-0.027,-0.152,16326000.0,982522000.0,1.0,125692218.0,125431000.0,125431000.0,24.758,24035813000.0,203180000.0,-102294000.0,0.0,191.626,
68,XL1,MRT,2001-06-30,2001-06-30,2001-06-30,2020-12-28,-247900000.0,18715683000.0,17414260500.0,,,0.168,45.291,-27250000.0,1676981000.0,1676981000.0,1518340000.0,487644000.0,,2.295,1294673000.0,,,1294673000.0,2188254000.0,0.0,1234317000.0,0.022,1.82,554424000.0,554424000.0,0.189,554424000.0,554424000.0,452303000.0,3.92,3.85,3.92,5679314000.0,5620338750.0,5679314000.0,9839430282.0,18.0,17.747,801261000.0,6.39,1.0,1413721000.0,0.482,1575275000.0,102121000.0,16758100000.0,15381647750.0,0.0,10562372000.0,,,13036369000.0,,,10276682282.0,802834000.0,-137373000.0,50468000.0,830500000.0,-229158000.0,798061000.0,-821279000.0,-658403000.0,828511000.0,-2459000.0,487644000.0,487644000.0,487644000.0,0.0,0.0,0.166,930252000.0,483469000.0,1615965000.0,0.464,1.809,21.074,20.944,0.0,0.0,82.1,3.505,3.511,2241200000.0,3416578000.0,2932061000.0,2932061000.0,0.0,0.028,0.087,0.036,0.189,8738000.0,870292000.0,1.0,125172744.0,125396000.0,127765000.0,23.382,17140408000.0,162739000.0,-35341000.0,0.0,136.69,
69,XL1,MRT,2001-03-31,2001-03-31,2001-03-31,2020-12-28,-181241000.0,17630454000.0,16770182750.0,,,0.168,45.49,-27817000.0,937286000.0,937286000.0,1459929000.0,501522000.0,,2.114,500034000.0,,,500034000.0,2055679000.0,0.0,1226551000.0,0.024,1.81,533759000.0,533759000.0,0.19,533759000.0,533759000.0,450404000.0,4.04,3.97,4.04,5661806000.0,5568796500.0,5661806000.0,9053998340.0,17.0,16.963,436562000.0,3.508,1.0,1350349000.0,0.481,1587467000.0,83355000.0,15605735000.0,14721427000.0,0.0,10537030000.0,,,11968648000.0,,,9534435340.0,92990000.0,-154691000.0,-12213000.0,89300000.0,-226598000.0,16370000.0,-383810000.0,-201302000.0,464379000.0,-3949000.0,501522000.0,501522000.0,501522000.0,0.0,0.0,0.178,887661000.0,462688000.0,1756332000.0,0.448,1.684,19.011,18.829,0.0,0.0,76.07,3.393,3.369,2047339000.0,3348554000.0,2810278000.0,2810278000.0,0.0,0.03,0.09,0.036,0.19,7963000.0,828648000.0,1.0,125337654.0,124464000.0,126782000.0,22.579,16042987000.0,158008000.0,-51118000.0,0.0,128.897,
70,XL1,MRT,2000-12-31,2000-12-31,2000-12-31,2020-12-28,-104712000.0,16941952000.0,16414804250.0,,,0.168,44.767,-31176000.0,930469000.0,930469000.0,1432559000.0,506352000.0,,2.04,450032000.0,,,450032000.0,1741393000.0,0.0,1209926000.0,0.021,1.8,520589000.0,520589000.0,0.189,520589000.0,520589000.0,449996000.0,4.07,4.03,4.07,5573668000.0,5547251500.0,5573668000.0,10385529991.0,20.0,19.95,231275000.0,1.858,1.0,1319023000.0,0.479,1591108000.0,70593000.0,14870407000.0,14358457500.0,0.0,10471922000.0,,,11368284000.0,,,10867001991.0,372720000.0,-183912000.0,-173889000.0,39300000.0,-225572000.0,22764000.0,88054000.0,303142000.0,262451000.0,-549000.0,506352000.0,506352000.0,506352000.0,0.0,0.0,0.184,861285000.0,457738000.0,1814376000.0,0.442,1.95,21.461,21.469,0.0,0.0,87.38,3.949,3.954,1707514000.0,3197441000.0,2751582000.0,2751582000.0,0.0,0.031,0.091,0.036,0.189,8861000.0,802688000.0,1.0,124364866.0,124503000.0,125697000.0,22.101,15350844000.0,152168000.0,-56356000.0,0.0,123.297,
71,XL1,MRT,2000-09-30,2000-09-30,2000-09-30,2020-12-28,-138400000.0,16368953000.0,15952044250.0,,,0.174,44.889,-65149000.0,931502000.0,931502000.0,1398043000.0,566292000.0,,1.941,450030000.0,,,450030000.0,1776193000.0,0.0,1169487000.0,0.018,1.35,572607000.0,572607000.0,0.207,572607000.0,572607000.0,542730000.0,4.53,4.48,4.53,5566567000.0,5548104000.0,5566567000.0,8756249232.0,15.0,15.292,-86680000.0,-0.699,1.0,1373619000.0,0.496,1595132000.0,29877000.0,14292349000.0,13970091500.0,0.0,10069037000.0,,,10802386000.0,,,9169367232.0,433926000.0,-278387000.0,-192707000.0,31493000.0,-170194000.0,893243000.0,-439856000.0,-157715000.0,-21531000.0,2070000.0,566292000.0,566292000.0,566292000.0,0.0,0.0,0.204,797144000.0,576475000.0,1657288000.0,0.298,1.647,16.192,16.336,0.0,0.0,74.0,3.308,3.311,1746145000.0,3264905000.0,2771662000.0,2771662000.0,0.0,0.035,0.102,0.041,0.207,1298000.0,743643000.0,1.0,123910368.0,124008000.0,126286000.0,22.351,14773821000.0,103533000.0,-23562000.0,0.0,119.136,
72,XL1,MRT,2000-06-30,2000-06-30,2000-06-30,2020-12-28,-129664000.0,16139372000.0,15384266500.0,,,0.177,43.985,-54167000.0,874147000.0,874147000.0,1370056000.0,564233000.0,,1.949,461029000.0,,,461029000.0,1758014000.0,0.0,1048170000.0,0.033,1.78,576790000.0,576790000.0,0.212,576790000.0,576790000.0,543321000.0,4.49,4.44,4.49,5473145000.0,5497525750.0,5473145000.0,6305022764.0,11.0,10.931,52993000.0,0.426,1.0,1353815000.0,0.497,1609037000.0,33469000.0,14117217000.0,13492046500.0,0.0,9766691000.0,,,10666227000.0,,,6738592764.0,273566000.0,-290656000.0,-204204000.0,-194814000.0,-226439000.0,465809000.0,-299739000.0,32682000.0,107160000.0,336000.0,564233000.0,564233000.0,564233000.0,0.0,0.0,0.207,772638000.0,581177000.0,1747948000.0,0.396,1.231,11.943,12.056,0.0,0.0,54.13,2.474,2.473,1937347000.0,3181398000.0,2723871000.0,2723871000.0,0.0,0.037,0.103,0.043,0.212,8829000.0,718874000.0,1.0,124489059.0,124431000.0,125680000.0,21.891,14530335000.0,103533000.0,-20912000.0,0.0,116.774,
73,XL1,MRT,2000-03-31,2000-03-31,2000-03-31,2020-12-28,9931000.0,16208940000.0,,,,,44.367,-44750000.0,844296000.0,844296000.0,1392688000.0,484457000.0,,1.907,410726000.0,,,410726000.0,1762022000.0,0.0,1076566000.0,0.032,1.77,466771000.0,466771000.0,0.177,466771000.0,466771000.0,431923000.0,3.83,3.79,3.83,5575626000.0,,5575626000.0,6745931992.0,14.0,14.452,331258000.0,2.636,1.0,1242272000.0,0.471,1621513000.0,34848000.0,14153857000.0,,0.0,9982551000.0,,,10633314000.0,,,6892954992.0,471090000.0,-531302000.0,-210055000.0,-212772000.0,-220317000.0,431793000.0,-339114000.0,228237000.0,376008000.0,2403000.0,484457000.0,484457000.0,484457000.0,0.0,0.0,0.184,771662000.0,470610000.0,1657151000.0,0.462,1.236,14.228,14.46,0.0,0.0,55.38,2.616,2.641,1818013000.0,3138948000.0,2634960000.0,2634960000.0,0.0,,,,0.177,8639000.0,718876000.0,1.0,124466504.0,125671000.0,126764000.0,20.967,14587427000.0,103533000.0,-52534000.0,0.0,116.076,
74,XL1,MRT,1999-12-31,1999-12-31,1999-12-31,2020-12-28,19311000.0,15090912000.0,14336026000.0,,,0.175,43.707,-35642000.0,557749000.0,557749000.0,1304304000.0,470509000.0,,1.706,410726000.0,,,410726000.0,1497376000.0,0.0,837893000.0,0.034,1.76,468317000.0,468317000.0,0.186,468317000.0,468317000.0,430939000.0,3.69,3.62,3.69,5577078000.0,5594840500.0,5577078000.0,6533101940.0,14.0,13.95,453592000.0,3.555,1.0,1209641000.0,0.481,1626946000.0,37378000.0,13316943000.0,12764127000.0,0.0,9768115000.0,,,9513834000.0,,,6620022940.0,76875000.0,-515348000.0,-85261000.0,-212772000.0,-212659000.0,322301000.0,-734821000.0,-183831000.0,489234000.0,161000.0,470509000.0,470509000.0,470509000.0,0.0,0.0,0.187,738204000.0,471437000.0,1010176000.0,0.477,1.187,14.07,14.06,0.0,0.0,51.88,2.633,2.633,1493591000.0,3065150000.0,2513945000.0,2513945000.0,0.0,0.033,0.084,0.037,0.186,7657000.0,689063000.0,1.0,127602601.0,127601000.0,130304000.0,19.702,13463966000.0,97928000.0,-39570000.0,0.0,105.516,
75,XL1,MRT,1999-09-30,1999-09-30,1999-09-30,2020-12-28,-68175000.0,14097842000.0,,,,,42.058,0.0,497576000.0,497576000.0,1128017000.0,574259000.0,,1.628,410655000.0,,,410655000.0,2076234000.0,0.0,0.0,0.039,1.76,597332000.0,597332000.0,0.248,597332000.0,597332000.0,556001000.0,4.44,4.33,4.44,5364254000.0,,5364254000.0,5560903210.0,9.0,9.31,696947000.0,5.464,1.0,1276050000.0,0.531,1630752000.0,41331000.0,12380169000.0,,0.0,9020258000.0,,,8733588000.0,,,5735940210.0,62069000.0,-428491000.0,12749000.0,-264961000.0,-264689000.0,-502419000.0,-132363000.0,321756000.0,696947000.0,-96000.0,574259000.0,574259000.0,574259000.0,0.0,0.0,0.239,681011000.0,595039000.0,1196966000.0,0.396,1.069,9.988,10.135,0.0,0.0,45.0,2.386,2.387,1556696000.0,3005442000.0,2404067000.0,2404067000.0,0.0,,,,0.248,7239000.0,629766000.0,1.0,127465338.0,127544000.0,129032000.0,18.849,12467090000.0,74888000.0,-18258000.0,0.0,97.747,
76,XL1,MRT,1999-06-30,1999-06-30,1999-06-30,2020-12-28,,,,,,,,,,,1070500000.0,577128000.0,,,,,,,,,,0.03,1.72,604535000.0,,,,604535000.0,565898000.0,4.56,4.44,4.56,,,,6051078174.0,10.0,,,,1.0,1236727000.0,0.536,,38637000.0,,,,,,,,,,6274631174.0,,,,,,,,,,,577128000.0,577128000.0,577128000.0,0.0,0.0,0.25,634927000.0,601800000.0,,0.377,,10.872,12.39,,0.0,56.5,2.72,3.105,,,2307227000.0,2307227000.0,0.0,,,,0.262,,591418000.0,1.0,111055419.0,126785000.0,129876000.0,18.198,,,-11230000.0,,,
77,XL1,MRT,1999-03-31,1999-03-31,1999-03-31,2020-12-28,,,,,,,,,,,,,,,,,,,,,,0.028,1.68,,,,,,,,,,,,,6633364550.0,,,,,1.0,,,,,,,,,,,,,,6776018550.0,,,,,,,,,,,,,,,,,,,,,,,,,,60.75,,,,,,,,,,,,,,1.0,111539400.0,128414000.0,,,,,,,,
78,XL1,MRT,1998-12-31,1998-12-31,1998-12-31,2020-12-28,235185000.0,13581140000.0,11325585500.0,,,0.179,50.097,0.0,480874000.0,480874000.0,841517000.0,656330000.0,,1.42,613873000.0,,,613873000.0,1337277000.0,0.0,0.0,0.022,1.64,719657000.0,719657000.0,0.355,719657000.0,719657000.0,686213000.0,5.86,5.68,5.86,5612603000.0,4404176000.0,5612603000.0,8072405125.0,11.0,11.217,534617000.0,4.772,1.0,1183885000.0,0.585,1502828000.0,33444000.0,12211311000.0,10541033500.0,0.0,9256645000.0,,,7968537000.0,,,8251165125.0,97280000.0,65676000.0,-250795000.0,160000000.0,-156481000.0,-227288000.0,-209533000.0,-276476000.0,534617000.0,-516000.0,656330000.0,656330000.0,656330000.0,0.0,0.0,0.324,465132000.0,718753000.0,816841000.0,0.28,1.47,12.572,12.799,0.0,0.0,75.0,4.074,4.149,1244440000.0,2891023000.0,2025402000.0,2025402000.0,0.0,0.058,0.149,0.068,0.355,5815000.0,438251000.0,1.0,110015535.0,112034000.0,116206000.0,18.078,12078312000.0,37481000.0,29883000.0,0.0,107.809,
79,XL1,MRT,1998-09-30,1998-09-30,1998-09-30,2020-12-28,,,,,,,,,,,,,,,,,,,,,,0.026,1.64,,,,,,,,,,,,,4792589999.0,,,,,1.0,,,,,,,,,,,,,,5311899999.0,,,,,,,,,,,,,,,,,,,,,,,,,,63.0,,,,,,,,,,,,,,1.0,84315873.0,116935000.0,,,,,,,,
80,XL1,MRT,1998-06-30,1998-05-31,1998-05-31,2020-12-28,265525000.0,6677561000.0,,,,,33.162,0.0,645310000.0,645310000.0,354291000.0,683235000.0,,1.379,126000000.0,,,126000000.0,641303000.0,0.0,0.0,0.02,1.52,697568000.0,697568000.0,0.587,697568000.0,697568000.0,687112000.0,8.09,7.95,8.09,2806829000.0,,2806829000.0,6064194113.0,9.0,8.693,388638000.0,4.592,1.0,833765000.0,0.702,260843000.0,10456000.0,5897408000.0,,0.0,5003036000.0,,,3870732000.0,,,6370729113.0,,-29067000.0,,,,,-5816494000.0,-5081403000.0,388638000.0,,683235000.0,683235000.0,683235000.0,0.0,0.0,0.575,134823000.0,698942000.0,623848000.0,0.188,2.27,9.324,9.302,0.0,0.0,75.25,5.362,5.361,634996000.0,2255346000.0,1188056000.0,1188056000.0,0.0,,,,0.587,3759000.0,122302000.0,1.0,84660852.0,84640000.0,86326000.0,14.037,6416718000.0,0.0,3877000.0,0.0,75.812,
81,XL1,MRT,1998-03-31,1998-02-28,1998-02-28,2020-12-28,244949000.0,6389654000.0,,,,,31.487,0.0,407535000.0,407535000.0,362137000.0,724253000.0,,1.4,101000000.0,,,101000000.0,688986000.0,0.0,0.0,0.022,1.44,736039000.0,736039000.0,0.605,736039000.0,736039000.0,727445000.0,8.56,8.44,8.56,2662056000.0,,2662056000.0,5350102794.0,7.0,7.269,397224000.0,4.698,1.0,855295000.0,0.703,265731000.0,8594000.0,5817388000.0,,0.0,4968378000.0,,,3727598000.0,,,5603701794.0,,-41159000.0,,,,,-337416000.0,397597000.0,397224000.0,,724253000.0,724253000.0,724253000.0,0.0,0.0,0.595,118205000.0,737090000.0,501388000.0,0.168,2.105,7.737,7.732,0.0,0.0,66.19,4.603,4.597,626751000.0,2132700000.0,1217432000.0,1217432000.0,0.0,,,,0.605,3414000.0,109023000.0,1.0,84660852.0,84544000.0,86004000.0,14.4,6123923000.0,0.0,3192000.0,0.0,72.435,
82,XL1,MRT,1997-12-31,1997-12-31,1997-12-31,2020-12-28,251471000.0,9070031000.0,,,,,31.421,0.0,383594000.0,383594000.0,738849000.0,809029000.0,,1.838,453866000.0,,,453866000.0,824369000.0,0.0,0.0,0.021,1.36,870823000.0,870823000.0,0.45,870823000.0,870823000.0,841201000.0,7.95,7.74,7.95,3195749000.0,,3195749000.0,,,,733944000.0,7.216,1.0,1196641000.0,0.618,269547000.0,29622000.0,8870756000.0,,0.0,7122622000.0,,,5874282000.0,,,,62454000.0,-703321000.0,-142049000.0,130000000.0,-120607000.0,-106430000.0,-564438000.0,184989000.0,733944000.0,-622000.0,809029000.0,809029000.0,809029000.0,0.0,0.0,0.418,325510000.0,871131000.0,428679000.0,0.171,,,7.972,0.0,0.0,63.38,,3.331,596478000.0,2455076000.0,1935490000.0,1935490000.0,0.0,,,,0.45,5237000.0,318107000.0,1.0,,101708000.0,105005000.0,19.03,8800484000.0,42646000.0,32172000.0,0.0,86.527,
83,XL1,MRT,1997-09-30,1997-08-31,1997-08-31,2020-12-28,,,,,,,,,,,,,,,,,,,,,,0.022,1.21,,,,,,,,,,,,,,,,,,1.0,,,,,,,,,,,,,,,,,,,,,,,,,,,,,,,,,,,,,,,,54.88,,,,,,,,,,,,,,1.0,,84378000.0,,,,,,,,
84,XL1,MRT,1997-06-30,1997-05-31,1997-05-31,2020-12-28,,,,,,,,,,,,,,,,,,,,,,0.026,1.14,,,,,,,,,,,,,,,,,,1.0,,,,,,,,,,,,,,,,,,,,,,,,,,,,,,,,,,,,,,,,44.25,,,,,,,,,,,,,,1.0,,84883000.0,,,,,,,,
85,XL1,MRT,1997-03-31,1997-02-28,1997-02-28,2020-12-28,,,,,,,,,,,,,,,,,,,,,,0.024,1.07,,,,,,,,,,,,,,,,,,1.0,,,,,,,,,,,,,,,,,,,,,,,,,,,,,,,,,,,,,,,,44.13,,,,,,,,,,,,,,1.0,,86858000.0,,,,,,,,
86,XL1,MRT,1996-12-31,1996-12-31,1996-12-31,2020-12-28,,,,,,,,0.0,,,739058000.0,516471000.0,,,,,,,,0.0,,0.025,0.95,559916000.0,559916000.0,0.355,559916000.0,559916000.0,537594000.0,4.81,4.73,4.81,,,,,,,567825000.0,5.29,1.0,838085000.0,0.531,,22322000.0,,,,,,,,,,,-466619000.0,-19131000.0,-308144000.0,6162000.0,-90898000.0,-392880000.0,-641432000.0,-594027000.0,567825000.0,-132000.0,516471000.0,516471000.0,516471000.0,0.0,0.0,0.327,278169000.0,559916000.0,,0.198,,,7.875,,0.0,37.88,,2.578,,,1577143000.0,1577143000.0,0.0,,,,0.355,2422000.0,277801000.0,1.0,,107339000.0,109908000.0,14.693,,,21123000.0,,,
87,XL1,MRT,1996-12-31,1996-11-30,1996-11-30,2020-12-28,256430000.0,5031538000.0,,,,,,,252734000.0,252734000.0,,,,1.378,11000000.0,,,11000000.0,703791000.0,,0.0,,,,,,,,,,,,2116038000.0,,2116038000.0,,,,,,1.0,,,0.0,,4789804000.0,,0.0,4211620000.0,,,2915500000.0,,,,,,,,,,,,,,,,,,,,,,101613000.0,,,,,0.0,,37.88,,,454993000.0,1579925000.0,,,,,,,,,,1.0,,,,,5031538000.0,0.0,,0.0,,
88,XL1,MRT,1995-12-31,1995-11-30,1995-11-30,2020-12-28,,,,,,,,0.0,,,440922000.0,332798000.0,,,,,,,,0.0,,0.022,0.695,334518000.0,334518000.0,0.389,334518000.0,334518000.0,334518000.0,3.22,3.22,3.22,,,,,,,523165000.0,5.058,1.0,418120000.0,0.487,,0.0,,,,,,,,,,,217257000.0,-59549000.0,-340193000.0,0.0,-71253000.0,-411446000.0,105538000.0,123249000.0,523165000.0,0.0,332798000.0,332798000.0,332798000.0,0.0,0.0,0.387,83602000.0,334518000.0,,0.216,,,9.686,,0.0,31.19,,3.756,,,859042000.0,859042000.0,0.0,,,,0.389,980000.0,83602000.0,1.0,,103438000.0,103438000.0,8.305,,,1720000.0,,,
