None,ticker,dimension,calendardate,datekey,reportperiod,lastupdated,accoci,assets,assetsavg,assetsc,assetsnc,assetturnover,bvps,capex,cashneq,cashnequsd,cor,consolinc,currentratio,de,debt,debtc,debtnc,debtusd,deferredrev,depamor,deposits,divyield,dps,ebit,ebitda,ebitdamargin,ebitdausd,ebitusd,ebt,eps,epsdil,epsusd,equity,equityavg,equityusd,ev,evebit,evebitda,fcf,fcfps,fxusd,gp,grossmargin,intangibles,intexp,invcap,invcapavg,inventory,investments,investmentsc,investmentsnc,liabilities,liabilitiesc,liabilitiesnc,marketcap,ncf,ncfbus,ncfcommon,ncfdebt,ncfdiv,ncff,ncfi,ncfinv,ncfo,ncfx,netinc,netinccmn,netinccmnusd,netincdis,netincnci,netmargin,opex,opinc,payables,payoutratio,pb,pe,pe1,ppnenet,prefdivis,price,ps,ps1,receivables,retearn,revenue,revenueusd,rnd,roa,roe,roic,ros,sbcomp,sgna,sharefactor,sharesbas,shareswa,shareswadil,sps,tangibles,taxassets,taxexp,taxliabilities,tbvps,workingcapital
0,XL1,ARY,2017-12-31,2018-02-23,2017-12-31,2020-12-28,889431000,63436236000,62658328250.0,,,0.181,37.894,0.0,3593451000,3593451000,8041109000.0,-490137000.0,,5.278,3220769000,,,3220769000,8307431000,97038000.0,1042677000,0.02,0.88,-310969000.0,-213931000.0,-0.019,-213931000.0,-310969000.0,-501328000.0,-2.16,-2.16,-2.16,9848317000,10460900000.0,9848317000,10790276662.0,-35.0,-50.438,33319000.0,0.128,1.0,3287048000.0,0.29,2225751000,190359000.0,60837803000,60106919500.0,0,37555645000,,,51974916000,,,11162958662.0,8966000.0,417505000.0,-520980000.0,540402000.0,-228232000.0,-743778000.0,662726000.0,321764000.0,33319000.0,56699000.0,-560398000.0,-560398000.0,-560398000.0,0.0,70261000.0,-0.049,3545199000.0,-258151000.0,4039105000,-0.407,1.133,-19.92,-20.116,0,0.0,43.45,0.985,0.997,8066111000,1198386000.0,11328157000.0,11328157000.0,0.0,-0.009,-0.054,-0.005,-0.027,64199000.0,3545199000.0,1.0,256915044.0,259894000,259894000.0,43.588,61210485000,332024000,59070000.0,0,235.521,
1,XL1,ARY,2016-12-31,2017-02-23,2016-12-31,2020-12-28,715546000,58434102000,60262521000.0,,,0.175,39.212,0.0,3580492000,3580492000,6101079000.0,570145000.0,,4.157,2647677000,,,2647677000,7293028000,118063000.0,1116233000,0.019,0.8,692860000.0,810923000.0,0.077,810923000.0,692860000.0,483097000.0,1.58,1.56,1.58,10938512000,11481152500.0,10938512000,9965480933.0,14.0,12.289,915337000.0,3.281,1.0,4445007000.0,0.421,2203653000,209763000.0,55297634000,57287819000.0,0,36887912000,,,45473423000,,,10898295933.0,170752000.0,-354189000.0,-1041196000.0,-8248000.0,-222761000.0,-1424610000.0,737767000.0,892932000.0,915337000.0,-57742000.0,440968000.0,440968000.0,440968000.0,0.0,129177000.0,0.042,3684033000.0,760974000.0,2677726000,0.506,0.996,24.714,26.032,0,0.0,41.13,1.033,1.088,6228866000,2151794000.0,10546086000.0,10546086000.0,0.0,0.007,0.038,0.012,0.066,81001000.0,3684033000.0,1.0,264971941.0,278957000,282758000.0,37.805,56230449000,310542000,42129000.0,0,201.574,
2,XL1,ARY,2015-12-31,2016-02-26,2015-12-31,2020-12-28,686616000,58682938000,56732680750.0,,,0.164,40.801,0.0,3411228000,3411228000,4882197000.0,1313339000.0,,3.856,2644970000,,,2644970000,7043358000,92313000.0,1168376000,0.021,0.72,1393206000.0,1485519000.0,0.16,1485519000.0,1393206000.0,1187991000.0,4.22,4.15,4.22,11677079000,11526665750.0,11677079000,9341512521.0,7.0,6.288,615556000.0,2.151,1.0,4426729000.0,0.476,2210266000,205215000.0,55706414000,54378702250.0,0,38191883000,,,45028475000,,,10107770521.0,734422000.0,-552296000.0,-458995000.0,893153000.0,-208516000.0,46811000.0,136432000.0,998739000.0,615556000.0,-64377000.0,1207152000.0,1207152000.0,1207152000.0,0.0,106187000.0,0.13,3284387000.0,1142342000.0,2247787000,0.171,0.866,8.373,8.209,0,0.0,34.64,1.086,1.065,5362317000,2077349000.0,9308926000.0,9308926000.0,0.0,0.021,0.105,0.026,0.15,74431000.0,3284387000.0,1.0,291794761.0,286194000,290999000.0,32.527,56472672000,282311000,-19161000.0,0,197.323,
3,XL1,ARY,2014-12-31,2015-02-25,2014-12-31,2020-12-28,1484458000,45046819000,46391094250.0,,,0.142,37.565,0.0,2521814000,2521814000,3501356000.0,268838000.0,,3.35,1662580000,,,1662580000,3973132000,56118000.0,1245367000,0.018,0.64,419343000.0,475461000.0,0.072,475461000.0,419343000.0,285237000.0,0.71,0.69,0.71,10033752000,10038514250.0,10033752000,8242607355.0,20.0,17.336,963184000.0,3.606,1.0,3100911000.0,0.47,447952000,134106000.0,43739633000,45295646250.0,0,33371283000,,,33611052000,,,9101841355.0,720982000.0,439559000.0,-795586000.0,-600000000.0,-169620000.0,-1863708000.0,1711621000.0,1465553000.0,963184000.0,-90115000.0,188340000.0,188340000.0,188340000.0,0.0,80498000.0,0.029,2079433000.0,1021478000.0,535521000,0.901,0.907,48.327,50.225,0,0.0,35.66,1.379,1.443,2698017000,1187640000.0,6602267000.0,6602267000.0,0.0,0.004,0.019,0.009,0.064,81287000.0,2079433000.0,1.0,255239522.0,267103000,271527000.0,24.718,44598867000,204491000,96897000.0,0,166.973,
4,XL1,ARY,2013-12-31,2014-02-26,2013-12-31,2020-12-28,736657000,45652887000,45476667500.0,,,0.166,34.738,0.0,1800832000,1800832000,4197166000.0,1136647000.0,,3.431,2263203000,,,2263203000,3846526000,56229000.0,1509243000,0.019,0.56,1292883000.0,1349112000.0,0.179,1349112000.0,1292883000.0,1137421000.0,3.68,3.63,3.68,9997633000,10071361250.0,9997633000,8694388056.0,7.0,6.445,779977000.0,2.71,1.0,3344068000.0,0.443,411611000,155462000.0,45703647000,44680752500.0,0,34390929000,,,34303589000,,,8232017056.0,-817546000.0,-162724000.0,-662994000.0,592615000.0,-160155000.0,-394843000.0,-1197862000.0,-1083029000.0,779977000.0,-4818000.0,1059916000.0,1059916000.0,1059916000.0,0.0,76731000.0,0.141,2122501000.0,1221567000.0,362561000,0.152,0.823,7.767,8.103,0,0.0,29.82,1.092,1.138,2876252000,1264093000.0,7541234000.0,7541234000.0,0.0,0.023,0.105,0.029,0.171,46489000.0,2122501000.0,1.0,276056910.0,287801000,292069000.0,26.203,45241276000,237884000,77505000.0,0,157.196,
5,XL1,ARY,2012-12-31,2013-02-28,2012-12-31,2020-12-28,1520011000,45387779000,45351818250.0,,,0.159,34.193,0.0,2618378000,2618378000,4251680000.0,730388000.0,,3.19,1672778000,,,1672778000,3755920000,57280000.0,1551398000,0.015,0.44,857367000.0,914647000.0,0.126,914647000.0,857367000.0,685162000.0,2.12,2.1,2.12,10510072000,10124735000.0,10510072000,7501999411.0,9.0,8.202,1056106000.0,3.436,1.0,2978800000.0,0.412,408527000,172205000.0,44033652000,43709671500.0,0,33980183000,,,33531382000,,,8447599411.0,-1206747000.0,-4652000.0,-397517000.0,-600000000.0,-134799000.0,-1344753000.0,-942593000.0,-937941000.0,1056106000.0,24493000.0,651134000.0,651134000.0,651134000.0,0.0,79254000.0,0.09,2087443000.0,891357000.0,245224000,0.208,0.804,12.974,13.509,0,0.0,28.64,1.168,1.218,2643291000,402321000.0,7230480000.0,7230480000.0,0.0,0.014,0.064,0.02,0.119,47472000.0,2087443000.0,1.0,294958080.0,307372000,310282000.0,23.524,44979252000,166142000,34028000.0,0,146.335,
6,XL1,ARY,2011-12-31,2012-02-27,2011-12-31,2020-12-28,583064000,44626077000,45938729000.0,,,0.146,30.122,0.0,3825125000,3825125000,4613465000.0,-403883000.0,,3.592,2275327000,,,2275327000,3555310000,49800000.0,1608108000,0.022,0.44,-209461000.0,-159661000.0,-0.024,-159661000.0,-209461000.0,-415053000.0,-1.52,-1.52,-1.52,9424938000,9564572000.0,9424938000,4864554302.0,-23.0,-30.468,327202000.0,1.046,1.0,2083338000.0,0.311,407321000,205592000.0,42668958000,44264523000.0,0,31724254000,,,33856667000,,,6414352302.0,802257000.0,136281000.0,-90689000.0,-179141000.0,-138050000.0,-358716000.0,832103000.0,695822000.0,327202000.0,1668000.0,-474760000.0,-474760000.0,-474760000.0,0.0,70877000.0,-0.071,2339348000.0,-256010000.0,149046000,-0.289,0.681,-13.511,-13.368,0,0.0,20.32,0.958,0.949,2691355000,-99961000.0,6696803000.0,6696803000.0,0.0,-0.01,-0.05,-0.005,-0.031,29377000.0,1908890000.0,1.0,315666944.0,312896000,312896000.0,21.403,44218756000,115601000,59707000.0,0,141.321,
7,XL1,ARY,2010-12-31,2011-02-25,2010-12-31,2020-12-28,100795000,45023351000,45604620250.0,,,0.14,31.553,0.0,3022868000,3022868000,3725633000.0,643381000.0,,3.236,2464410000,,,2464410000,3484830000,40423000.0,1684606000,0.017,0.4,1019757000.0,1060180000.0,0.166,1060180000.0,1019757000.0,806114000.0,1.74,1.73,1.74,10610753000,10506733750.0,10610753000,6681813781.0,7.0,6.303,594756000.0,1.769,1.0,2672949000.0,0.418,839508000,213643000.0,43625385000,43690695500.0,0,32426639000,,,34338402000,,,7240271781.0,-620829000.0,319108000.0,-520842000.0,0.0,-133748000.0,-1473343000.0,261481000.0,-57627000.0,594756000.0,-3723000.0,643377000.0,585472000.0,585472000.0,0.0,4000.0,0.092,1761221000.0,911728000.0,156565000,0.23,0.682,12.367,13.379,0,57905000.0,23.28,1.132,1.224,2607955000,513777000.0,6398582000.0,6398582000.0,0.0,0.013,0.056,0.023,0.159,31291000.0,1759363000.0,1.0,311008238.0,336283000,337709000.0,19.027,44183843000,143525000,162737000.0,0,131.389,
8,XL1,ARY,2009-12-31,2010-03-01,2009-12-31,2020-12-28,-1142467000,45579675000,45546242500.0,,,0.136,27.693,0.0,3643697000,3643697000,3846399000.0,74887000.0,,3.813,2451417000,,,2451417000,3651310000,0.0,2208699000,0.022,0.4,411802000.0,411802000.0,0.066,411802000.0,411802000.0,195298000.0,0.61,0.61,0.61,9432417000,8055107750.0,9432417000,5164726145.0,13.0,12.542,-42760000.0,-0.126,1.0,2347248000.0,0.379,845129000,216504000.0,43542266000,42996004500.0,0,31822031000,,,35964585000,,,6357006145.0,-710129000.0,812329000.0,744374000.0,-745000000.0,-136757000.0,-962589000.0,214643000.0,-597686000.0,-42760000.0,80577000.0,74991000.0,206607000.0,206607000.0,0.0,-104000.0,0.033,1911217000.0,436031000.0,415866000,0.656,0.674,30.769,30.459,0,-131616000.0,18.58,1.026,1.022,3057063000,94460000.0,6193647000.0,6193647000.0,0.0,0.005,0.026,0.01,0.066,32231000.0,1909381000.0,1.0,342142419.0,340612000,340966000.0,18.184,44734546000,193868000,120307000.0,0,131.336,
9,XL1,ARY,2008-12-31,2009-03-02,2008-12-31,2020-12-28,-3364927000,45682005000,50835929000.0,,,0.141,25.602,0.0,4353826000,4353826000,4731902000.0,-2553813000.0,,6.388,3189734000,,,3189734000,4217931000,0.0,2710987000,0.352,1.14,-1979435000.0,-1979435000.0,-0.277,-1979435000.0,-1979435000.0,-2331235000.0,-11.02,-11.02,-11.02,6115233000,8200080000.0,6115233000,-55331052.0,0.0,0.028,-427260000.0,-1.789,1.0,2416217000.0,0.338,853550000,351800000.0,43664363000,47883489250.0,0,29476780000,,,39065174000,,,1108760948.0,473796000.0,384130000.0,2226034000.0,302750000.0,-261373000.0,-2829297000.0,3809233000.0,3425103000.0,-427260000.0,-78880000.0,-2553813000.0,-2632458000.0,-2632458000.0,0.0,0.0,-0.368,3099333000.0,-683116000.0,786463000,-0.103,0.181,-0.421,-0.294,0,78645000.0,3.24,0.155,0.108,4936381000,-315529000.0,7148119000.0,7148119000.0,0.0,-0.052,-0.321,-0.041,-0.277,57617000.0,2106394000.0,1.0,342210169.0,238862000,238862000.0,29.926,44828455000,331348000,222578000.0,0,187.675,
10,XL1,ARY,2007-12-31,2008-02-29,2007-12-31,2020-12-28,9159000,57762264000,60228090250.0,,,0.152,55.732,0.0,3880030000,3880030000,4729661000.0,275889000.0,,4.806,2868731000,,,2868731000,4681989000,0.0,7920085000,0.042,1.52,1131716000.0,1131716000.0,0.124,1131716000.0,1131716000.0,509811000.0,1.16,1.15,1.16,9948142000,11195646000.0,9948142000,5403998572.0,5.0,4.775,2240866000.0,12.554,1.0,4406061000.0,0.482,1841591000,621905000.0,54909374000,58107849250.0,0,39585428000,,,47811703000,,,6415297572.0,1656282000.0,-66261000.0,-257511000.0,-502164000.0,-274037000.0,-754863000.0,118358000.0,184619000.0,2240866000.0,51921000.0,275889000.0,206375000.0,206375000.0,0.0,0.0,0.023,2210303000.0,2195758000.0,1034983000,1.31,0.645,31.086,31.086,0,69514000.0,36.06,0.702,0.705,5427899000,2578393000.0,9135722000.0,9135722000.0,0.0,0.003,0.018,0.019,0.124,49666000.0,2208623000.0,1.0,177906200.0,178500000,179693000.0,51.181,55920673000,370419000,233922000.0,0,313.281,
11,XL1,ARY,2006-12-31,2007-03-01,2006-12-31,2020-12-28,411405000,59308870000,59093010250.0,,,0.166,56.664,4087000.0,2223748000,2223748000,5008449000.0,1762767000.0,,4.799,3368376000,,,3368376000,5652897000,0.0,7857827000,0.022,1.52,2534687000.0,2534687000.0,0.258,2534687000.0,2534687000.0,1982412000.0,9.63,9.6,9.63,10131166000,9173251250.0,10131166000,13834460559.0,5.0,5.458,2442742000.0,13.662,1.0,4824746000.0,0.491,1818096000,552275000.0,58635402000,58350817000.0,0,42136653000,,,48615583000,,,12689832559.0,-1469727000.0,247408000.0,26346000.0,-45291000.0,-277682000.0,-968188000.0,-2972325000.0,-3223820000.0,2438655000.0,32131000.0,1762767000.0,1722445000.0,1722445000.0,0.0,0.0,0.175,2287340000.0,2537406000.0,1007580000,0.158,1.253,7.367,7.278,0,40322000.0,70.09,1.291,1.274,5876405000,3266175000.0,9833195000.0,9833195000.0,0.0,0.029,0.188,0.043,0.258,56163000.0,2284985000.0,1.0,181050543.0,178793000,179450000.0,54.998,57490774000,346122000,219645000.0,0,321.549,
12,XL1,ARY,2005-12-31,2006-03-07,2005-12-31,2020-12-28,268243000,58454901000,54376728000.0,,,0.208,59.911,0.0,3693475000,3693475000,9944365000.0,-1251976000.0,,5.9,3412698000,,,3412698000,5388996000,0.0,8240987000,0.029,1.5,-798843000.0,-798843000.0,-0.071,-798843000.0,-798843000.0,-1202692000.0,-9.14,-9.14,-9.14,8471811000,7924464000.0,8471811000,11902329918.0,-15.0,-14.899,4249436000.0,30.051,1.0,1341050000.0,0.119,1814544000,403849000.0,56359580000,52802472250.0,0,38170577000,,,49983090000,,,12183106918.0,1489749000.0,106610000.0,2472533000.0,690291000.0,-276655000.0,5144030000.0,-7904144000.0,-8010754000.0,4249436000.0,427000.0,-1251976000.0,-1292298000.0,-1292298000.0,0.0,0.0,-0.115,2188155000.0,-847105000.0,2053786000,-0.219,1.438,-9.427,-7.423,0,40322000.0,67.85,1.08,0.85,5909610000,1824191000.0,11285415000.0,11285415000.0,0.0,-0.024,-0.163,-0.015,-0.071,33004000.0,2177403000.0,1.0,179559424.0,141406000,141406000.0,79.809,56640357000,318399000,49284000.0,0,400.551,
13,XL1,ARY,2004-12-31,2005-03-11,2004-12-31,2020-12-28,460273000,49014632000,46366984250.0,,,0.216,56.117,0.0,2304303000,2304303000,6364068000.0,1166613000.0,,5.334,2721431000,,,2721431000,5191368000,0.0,5725590000,0.027,1.97,1510214000.0,1510214000.0,0.151,1510214000.0,1510214000.0,1251139000.0,8.17,8.13,8.17,7738695000,7387428250.0,7738695000,10545561192.0,7.0,6.983,4372510000.0,31.707,1.0,3664392000.0,0.365,1827782000,259075000.0,47603978000,44772506000.0,0,30065840000,,,41275937000,,,10128433192.0,-525324000.0,88997000.0,36878000.0,767933000.0,-270452000.0,1693590000.0,-6591196000.0,-6680193000.0,4372510000.0,-228000.0,1166613000.0,1126292000.0,1126292000.0,0.0,0.0,0.112,2333826000.0,1330566000.0,1839224000,0.241,1.309,8.993,8.917,0,40321000.0,72.85,1.01,1.002,5926227000,3396639000.0,10028460000.0,10028460000.0,0.0,0.024,0.152,0.034,0.151,28393000.0,2317999000.0,1.0,139031341.0,137903000,138582000.0,72.721,47186850000,288599000,84526000.0,0,342.174,
14,XL1,ARY,2003-12-31,2004-03-15,2003-12-31,2020-12-28,490195000,40764215000,39245054750.0,,,0.204,50.669,41969000.0,2403121000,2403121000,5429500000.0,411979000.0,,4.876,1905483000,,,1905483000,4729989000,0.0,4050334000,0.027,1.93,641435000.0,641435000.0,0.08,641435000.0,641435000.0,442028000.0,2.71,2.69,2.71,6936915000,7178922500.0,6936915000,9501078229.0,15.0,14.812,3472302000.0,25.363,1.0,2587508000.0,0.323,1845507000,199407000.0,38421070000,36776362250.0,0,22821164000,,,33827300000,,,9998716229.0,-1154694000.0,-147474000.0,40539000.0,0.0,-263176000.0,1233327000.0,-5821000000.0,-5715495000.0,3430333000.0,2646000.0,411979000.0,371658000.0,371658000.0,0.0,0.0,0.046,1969649000.0,617859000.0,1622310000,0.712,1.441,26.903,26.731,0,40321000.0,72.44,1.247,1.237,5824403000,2541843000.0,8017008000.0,8017008000.0,0.0,0.009,0.052,0.017,0.08,17915000.0,1965012000.0,1.0,138027557.0,136906000,138187000.0,58.558,38918708000,310077000,30049000.0,0,284.273,
15,XL1,ARY,2002-12-31,2003-03-31,2002-12-31,2020-12-28,184814000,35647369000,32911311500.0,,,0.2,48.435,-4509000.0,3557815000,3557815000,4396771000.0,405571000.0,,4.426,1877957000,,,1877957000,4028299000,0.0,2373047000,0.027,1.89,596304000.0,596304000.0,0.091,596304000.0,596304000.0,428218000.0,2.92,2.88,2.92,6569589000,5835965000.0,6569589000,7953958466.0,13.0,13.339,3031936000.0,22.353,1.0,2181278000.0,0.332,1653700000,168086000.0,32313811000,30462091750.0,0,17955799000,,,29077780000,,,9633816466.0,1693954000.0,-760666000.0,76863000.0,246814000.0,-257054000.0,1716867000.0,-3059646000.0,-2294471000.0,3036445000.0,288000.0,405571000.0,395951000.0,395951000.0,0.0,0.0,0.06,1635921000.0,545357000.0,3470426000,0.647,1.466,24.331,24.24,0,9620000.0,70.78,1.465,1.459,5789719000,2434511000.0,6578049000.0,6578049000.0,0.0,0.012,0.068,0.02,0.091,14311000.0,1629734000.0,1.0,136109303.0,135636000,137388000.0,48.498,33993669000,320624000,22647000.0,0,250.624,
16,XL1,ARY,2001-12-31,2002-03-26,2001-12-31,2020-12-28,-213013000,27963075000,22493660000.0,,,0.18,42.922,-21898000.0,1863861000,1863861000,3617573000.0,-576135000.0,,4.143,1604877000,,,1604877000,2682089000,0.0,2374164000,0.021,1.85,-700699000.0,-700699000.0,-0.173,-700699000.0,-700699000.0,-766049000.0,-4.55,-4.55,-4.55,5437184000,5391276000.0,5437184000,11793448621.0,-17.0,-16.831,1415704000.0,11.176,1.0,439186000.0,0.108,1616943000,65350000.0,26087148000,20479622750.0,0,13740717000,,,22525891000,,,12052432621.0,933392000.0,-447107000.0,775778000.0,1122533000.0,-237628000.0,1967323000.0,-2471085000.0,-2002080000.0,1437602000.0,-448000.0,-576135000.0,-576135000.0,-576135000.0,0.0,0.0,-0.142,1120288000.0,-681102000.0,2919149000,-0.407,2.217,-20.919,-19.549,0,0.0,88.95,2.971,2.778,4274535000,2297478000.0,4056759000.0,4056759000.0,0.0,-0.026,-0.107,-0.034,-0.173,10352000.0,1061719000.0,1.0,135496713.0,126676000,126676000.0,32.025,26346132000,419222000,-189914000.0,0,207.98,
17,XL1,ARY,2000-12-31,2001-03-29,2000-12-31,2020-12-28,-104712000,16941952000,16414804250.0,,,0.166,44.767,0.0,930469000,930469000,1432559000.0,506352000.0,,2.04,450032000,,,450032000,1741393000,0.0,1209926000,0.025,1.81,482143000.0,482143000.0,0.177,482143000.0,482143000.0,449996000.0,4.07,4.03,4.07,5573668000,5547251500.0,5573668000,8775748748.0,18.0,18.202,262451000.0,2.108,1.0,1284900000.0,0.473,1591108000,32147000.0,14870407000,14358457500.0,0,10471922000,,,11368284000,,,9256185748.0,372720000.0,-183912000.0,-173889000.0,39300000.0,-225572000.0,-349269000.0,460087000.0,303142000.0,262451000.0,-549000.0,506352000.0,506352000.0,506352000.0,0.0,0.0,0.186,861285000.0,423615000.0,1814376000,0.445,1.661,18.28,18.145,0,0.0,73.85,3.406,3.384,1707514000,3197441000.0,2717459000.0,2717459000.0,0.0,0.031,0.091,0.034,0.177,8861000.0,802688000.0,1.0,125337654.0,124503000,125697000.0,21.826,15350844000,152168000,-56356000.0,0,123.297,
18,XL1,ARY,1999-12-31,2000-03-30,1999-12-31,2020-12-28,19311000,15090912000,,,,,43.707,0.0,557749000,557749000,1304304000.0,470509000.0,,1.706,410726000,,,410726000,1497376000,0.0,837893000,0.034,1.77,468317000.0,468317000.0,0.187,468317000.0,468317000.0,430939000.0,3.69,3.62,3.69,5577078000,,5577078000,6263001956.0,13.0,13.373,495635000.0,3.884,1.0,1206683000.0,0.481,1626946000,37378000.0,13316943000,,0,9768115000,,,9513834000,,,6410024956.0,76875000.0,-521749000.0,-85261000.0,-212772000.0,-212659000.0,-515592000.0,96671000.0,-183831000.0,495635000.0,161000.0,470509000.0,470509000.0,470509000.0,0.0,0.0,0.187,738146000.0,468537000.0,1010176000,0.48,1.149,13.624,13.957,0,0.0,51.5,2.553,2.617,1493591000,3065150000.0,2510987000.0,2510987000.0,0.0,,,,0.187,7657000.0,689005000.0,1.0,124466504.0,127601000,130304000.0,19.678,13463966000,97928000,-39570000.0,0,105.516,
19,XL1,ARY,1998-12-31,1999-03-04,1998-11-30,2020-12-28,159953000,10108650000,8280336250.0,,,0.147,51.819,0.0,443654000,443654000,390483000.0,587663000.0,,1.098,301000000,,,301000000,1030074000,0.0,0,0.027,1.68,604549000.0,604549000.0,0.496,604549000.0,604549000.0,593026000.0,6.32,6.2,6.32,4817880000,3696768250.0,4817880000,6723711464.0,11.0,11.122,431870000.0,4.645,1.0,827165000.0,0.679,1500404000,11523000.0,8465592000,7104808750.0,0,6657809000,,,5290770000,,,6866365464.0,49055000.0,136357000.0,-343173000.0,160000000.0,-150294000.0,-313401000.0,-69414000.0,-184939000.0,431870000.0,0.0,587663000.0,587663000.0,587663000.0,0.0,0.0,0.483,221790000.0,605375000.0,791177000,0.266,1.425,11.684,9.741,0,0.0,61.56,5.639,4.7,1219855000,2385457000.0,1217648000.0,1217648000.0,0.0,0.071,0.159,0.085,0.496,4361000.0,197864000.0,1.0,111539400.0,92975000,94785000.0,13.097,8608246000,0,5363000.0,0,92.587,
20,XL1,ARY,1998-12-31,1999-03-01,1998-11-30,2020-12-28,159953000,10108650000,8280336250.0,,,0.147,51.819,0.0,443654000,443654000,390483000.0,587663000.0,,1.098,301000000,,,301000000,1030074000,0.0,0,0.028,1.68,604549000.0,604549000.0,0.496,604549000.0,604549000.0,593026000.0,6.32,6.2,6.32,4817880000,3696768250.0,4817880000,6536325272.0,11.0,10.812,436870000.0,4.699,1.0,827165000.0,0.679,1500404000,11523000.0,8465592000,7104808750.0,0,6657809000,,,5290770000,,,6678979272.0,49055000.0,136357000.0,-343173000.0,160000000.0,-150294000.0,-313401000.0,-69414000.0,-184939000.0,436870000.0,0.0,587663000.0,587663000.0,587663000.0,0.0,0.0,0.483,221790000.0,605375000.0,791177000,0.266,1.386,11.365,9.475,0,0.0,59.88,5.485,4.572,1219855000,2385457000.0,1217648000.0,1217648000.0,0.0,0.071,0.159,0.085,0.496,4361000.0,197864000.0,1.0,111539400.0,92975000,94785000.0,13.097,8608246000,0,5363000.0,0,92.587,
21,XL1,ARY,1997-12-31,1998-02-25,1997-11-30,2020-12-28,188444000,6088462000,,,,,28.703,0.0,394599000,394599000,365325000.0,676961000.0,,1.456,141000000,,,141000000,607617000,0.0,0,0.022,1.44,689222000.0,689222000.0,0.595,689222000.0,689222000.0,682046000.0,7.84,7.84,7.84,2479130000,,2479130000,,,,428242000.0,4.958,1.0,793701000.0,0.685,267695000,7176000.0,5567168000,,0,4799308000,,,3609332000,,,,141865000.0,-703321000.0,-133705000.0,130000000.0,-115372000.0,-93189000.0,-193188000.0,527269000.0,428242000.0,0.0,676961000.0,676961000.0,676961000.0,0.0,0.0,0.584,104509000.0,689192000.0,492573000,0.184,,,8.482,0,0.0,66.5,,4.956,519179000,2011119000.0,1159026000.0,1159026000.0,0.0,,,,0.595,3194000.0,98665000.0,1.0,,86373000,86373000.0,13.419,5820767000,0,5085000.0,0,67.391,
0,XL1,ARQ,2018-06-30,2018-08-03,2018-06-30,2020-12-28,51264000,63585889000,,,,,37.388,0.0,3030567000,3030567000,1731426000.0,336800000.0,,5.417,3217123000,,,3217123000,9539454000,22435000.0,940557000,0.016,0.22,394718000.0,417153000.0,0.138,417153000.0,394718000.0,346032000.0,1.23,1.21,1.23,9660011000,,9660011000,14748909798.0,-53.0,-84.735,-373493000.0,-1.446,1.0,1291194000.0,0.427,2201085000,48686000.0,61571360000,,0,36112823000,,,52328883000,,,14562353798.0,-609219000.0,30651000.0,13957000.0,0.0,-113726000.0,-175421000.0,-42684000.0,-70132000.0,-373493000.0,-17621000.0,318996000.0,318996000.0,318996000.0,0.0,17804000.0,0.106,941999000.0,349195000.0,4289302000,0.179,1.507,-26.808,-26.294,0,0.0,56.27,1.253,1.251,9561332000,1764855000.0,3022620000.0,3022620000.0,0.0,,,,,16462000.0,941999000.0,1.0,258794274.0,258375000,263822000.0,11.699,61384804000,372520000,27036000.0,0,237.58,
1,XL1,ARQ,2018-03-31,2018-05-04,2018-03-31,2020-12-28,312255000,65337963000,,,,,37.476,0.0,3639786000,3639786000,1632313000.0,161233000.0,,5.619,3240461000,,,3240461000,9687293000,22481000.0,982963000,0.016,0.22,238095000.0,260576000.0,0.093,260576000.0,238095000.0,184550000.0,0.59,0.58,0.59,9628529000,,9628529000,13945942034.0,-48.0,-73.621,-238124000.0,-0.927,1.0,1182629000.0,0.42,2230506000,53545000.0,62708132000,,0,36973434000,,,54102741000,,,14345267034.0,46335000.0,168326000.0,44841000.0,0.0,0.0,-63486000.0,340442000.0,198898000.0,-238124000.0,7503000.0,152648000.0,152648000.0,152648000.0,0.0,8585000.0,0.054,936390000.0,246239000.0,4749670000,0.373,1.49,-25.589,-25.131,0,0.0,55.54,1.26,1.253,9457173000,1503797000.0,2814942000.0,2814942000.0,0.0,,,,,15448000.0,936390000.0,1.0,258287127.0,256922000,261176000.0,10.956,63107457000,356667000,31902000.0,0,245.629,
2,XL1,ARQ,2017-12-31,2018-02-23,2017-12-31,2020-12-28,889431000,63436236000,,,,,38.475,0.0,3593451000,3593451000,1836369000.0,59857000.0,,5.278,3220769000,,,3220769000,8307431000,42929000.0,1042677000,0.02,0.22,157643000.0,200572000.0,0.069,200572000.0,157643000.0,105932000.0,0.1,0.1,0.1,9848317000,,9848317000,10790276662.0,-35.0,-50.438,-150495000.0,-0.588,1.0,1064683000.0,0.367,2225751000,51711000.0,60837803000,,0,37555645000,,,51974916000,,,11162958662.0,405866000.0,161712000.0,966000.0,0.0,-56327000.0,-60535000.0,615521000.0,487082000.0,-150495000.0,1375000.0,28828000.0,28828000.0,28828000.0,0.0,31029000.0,0.01,879889000.0,184794000.0,4039105000,2.2,1.133,-19.92,-20.116,0,0.0,43.45,0.985,0.997,8066111000,1198386000.0,2901052000.0,2901052000.0,0.0,,,,,14654000.0,879889000.0,1.0,256915044.0,255967000,243778000.0,11.334,61210485000,332024000,77104000.0,0,239.134,
3,XL1,ARQ,2017-09-30,2017-11-03,2017-09-30,2020-12-28,968928000,63790208000,,,,,38.673,0.0,3189715000,3189715000,3077315000.0,-1073886000.0,,5.258,3210063000,,,3210063000,8344536000,17542000.0,1030290000,0.021,0.22,-1069902000.0,-1052360000.0,-0.365,-1052360000.0,-1069902000.0,-1103821000.0,-4.06,-4.06,-4.06,9939847000,,9939847000,10271187479.0,-92.0,-397.2,313060000.0,1.218,1.0,-193331000.0,-0.067,2227014000,33919000.0,61583542000,,0,38145297000,,,52261698000,,,10250839479.0,-103734000.0,70823000.0,-113947000.0,-17909000.0,-56316000.0,-609176000.0,180481000.0,130329000.0,313060000.0,11901000.0,-1043689000.0,-1043689000.0,-1043689000.0,0.0,-30197000.0,-0.362,855041000.0,-1048372000.0,3979569000,-0.054,1.031,-36.028,-32.82,0,0.0,40.04,0.906,0.909,8354358000,1226814000.0,2883984000.0,2883984000.0,0.0,,,,,19586000.0,855041000.0,1.0,256014972.0,257022000,261298000.0,11.221,61563194000,301322000,-60132000.0,0,239.525,
4,XL1,ARQ,2017-06-30,2017-08-04,2017-06-30,2020-12-28,921165000,62382250000,,,,,42.456,0.0,3315052000,3315052000,1536678000.0,310043000.0,,4.447,3207339000,,,3207339000,8848374000,17138000.0,1123628000,0.019,0.22,384644000.0,401782000.0,0.144,401782000.0,384644000.0,330626000.0,1.16,1.14,1.16,11080552000,,11080552000,11311470315.0,10.0,9.492,-81749000.0,-0.313,1.0,1251082000.0,0.449,2219390000,54018000.0,60055147000,,0,37629851000,,,49279843000,,,11419183315.0,-218829000.0,52659000.0,-230807000.0,558311000.0,-57197000.0,217533000.0,-367763000.0,-381413000.0,-81749000.0,13150000.0,301620000.0,301620000.0,301620000.0,0.0,8423000.0,0.108,906362000.0,344720000.0,3697073000,0.19,1.031,13.762,14.281,0,0.0,44.27,1.036,1.048,8171056000,2365888000.0,2787760000.0,2787760000.0,0.0,,,,,17265000.0,906362000.0,1.0,257944055.0,260990000,264943000.0,10.681,60162860000,293219000,29006000.0,0,230.518,
5,XL1,ARQ,2017-03-31,2017-05-04,2017-03-31,2020-12-28,844974000,61024619000,,,,,41.307,0.0,3513174000,3513174000,1590747000.0,213849000.0,,4.376,2648353000,,,2648353000,8581973000,19429000.0,1121194000,0.019,0.22,216646000.0,236075000.0,0.086,236075000.0,216646000.0,165935000.0,0.58,0.57,0.58,10974884000,,10974884000,10246450570.0,13.0,11.042,-47497000.0,-0.179,1.0,1164614000.0,0.423,2208612000,50711000.0,57951186000,,0,37030417000,,,48023993000,,,11111271570.0,-74337000.0,132311000.0,-177192000.0,0.0,-58392000.0,-291600000.0,234487000.0,85766000.0,-47497000.0,30273000.0,152843000.0,152843000.0,152843000.0,0.0,61006000.0,0.055,903907000.0,260707000.0,3537628000,0.379,1.012,19.428,20.238,0,0.0,42.5,1.021,1.037,7483180000,2193112000.0,2755361000.0,2755361000.0,0.0,,,,,12694000.0,903907000.0,1.0,261441684.0,265690000,269767000.0,10.371,58816007000,302301000,13092000.0,0,221.371,
6,XL1,ARQ,2016-12-31,2017-02-23,2016-12-31,2020-12-28,715546000,58434102000,,,,,40.739,0.0,3580492000,3580492000,1578111000.0,309614000.0,,4.157,2647677000,,,2647677000,7293028000,32049000.0,1116233000,0.019,0.2,356595000.0,388644000.0,0.134,388644000.0,356595000.0,304318000.0,1.1,1.08,1.1,10938512000,,10938512000,9965480933.0,14.0,12.289,265726000.0,0.99,1.0,1315206000.0,0.455,2203653000,52277000.0,55297634000,,0,36887912000,,,45473423000,,,10898295933.0,33711000.0,-48942000.0,-140794000.0,0.0,-53415000.0,-196050000.0,10148000.0,58332000.0,265726000.0,-46113000.0,304700000.0,304700000.0,304700000.0,0.0,4914000.0,0.105,909998000.0,405208000.0,2677726000,0.182,0.996,24.714,26.032,0,0.0,41.13,1.033,1.088,6228866000,2151794000.0,2893317000.0,2893317000.0,0.0,,,,,20487000.0,909998000.0,1.0,264971941.0,268502000,272657000.0,10.776,56230449000,310542000,-382000.0,0,209.423,
7,XL1,ARQ,2016-09-30,2016-11-04,2016-09-30,2020-12-28,1519805000,60772050000,,,,,42.433,0.0,3543395000,3543395000,1497678000.0,128677000.0,,4.063,2647000000,,,2647000000,7724957000,27371000.0,1138789000,0.023,0.2,137795000.0,165166000.0,0.064,165166000.0,137795000.0,88350000.0,0.26,0.25,0.26,11612166000,,11612166000,8402313831.0,15.0,11.912,482357000.0,1.763,1.0,1090442000.0,0.421,2234071000,49445000.0,57641584000,,0,38637550000,,,47179170000,,,9298708831.0,76528000.0,19456000.0,-217743000.0,0.0,-55615000.0,-344563000.0,-70587000.0,-207080000.0,482357000.0,9321000.0,70601000.0,70601000.0,70601000.0,0.0,58076000.0,0.027,912346000.0,178096000.0,3068641000,0.769,0.801,25.489,27.648,0,0.0,34.56,0.904,0.92,6556093000,1924516000.0,2588120000.0,2588120000.0,0.0,,,,,17288000.0,912346000.0,1.0,269059862.0,273660000,277094000.0,9.457,58537979000,219905000,17749000.0,0,213.908,
8,XL1,ARQ,2016-06-30,2016-08-08,2016-06-30,2020-12-28,1408587000,61198240000,,,,,41.467,0.0,3498607000,3498607000,1637868000.0,48826000.0,,4.068,2646324000,,,2646324000,8274300000,36051000.0,1178113000,0.024,0.2,101987000.0,138038000.0,0.052,138038000.0,101987000.0,46249000.0,0.16,0.15,0.16,11685188000,,11685188000,8474782775.0,18.0,14.039,338367000.0,1.201,1.0,1009554000.0,0.381,2217973000,55738000.0,58127984000,,0,38106229000,,,47534308000,,,9327065775.0,495852000.0,-49447000.0,-327249000.0,-8248000.0,-55870000.0,-435206000.0,594245000.0,638577000.0,338367000.0,-1554000.0,43782000.0,43782000.0,43782000.0,0.0,5044000.0,0.017,943041000.0,66513000.0,3087127000,1.25,0.798,29.011,31.407,0,0.0,33.92,0.909,0.931,7255602000,1931951000.0,2647422000.0,2647422000.0,0.0,,,,,22519000.0,943041000.0,1.0,274972458.0,281793000,285082000.0,9.395,58980267000,224786000,2467000.0,0,209.304,
9,XL1,ARQ,2016-03-31,2016-05-06,2016-03-31,2020-12-28,1094557000,60645692000,,,,,40.034,0.0,2981916000,2981916000,1387422000.0,83028000.0,,4.019,2653895000,,,2653895000,8217539000,22592000.0,1170595000,0.023,0.2,96483000.0,119075000.0,0.049,119075000.0,96483000.0,44180000.0,0.07,0.07,0.07,11688744000,,11688744000,9097402170.0,7.0,6.14,-171113000.0,-0.586,1.0,1029805000.0,0.426,2233597000,52303000.0,58084074000,,0,38687427000,,,46977974000,,,9425423170.0,-435339000.0,-275256000.0,-355410000.0,0.0,-57861000.0,-448791000.0,203961000.0,403103000.0,-171113000.0,-19396000.0,21885000.0,21885000.0,21885000.0,0.0,61143000.0,0.009,918648000.0,111157000.0,2658438000,2.857,0.806,7.902,8.115,0,0.0,33.11,0.915,0.938,6575480000,1982598000.0,2417227000.0,2417227000.0,0.0,,,,,20707000.0,918648000.0,1.0,284669984.0,291969000,296666000.0,8.279,58412095000,245927000,22295000.0,0,200.063,
10,XL1,ARQ,2015-12-31,2016-02-26,2015-12-31,2020-12-28,686616000,58682938000,,,,,39.283,0.0,3411228000,3411228000,1432843000.0,234579000.0,,3.856,2644970000,,,2644970000,7043358000,41651000.0,1168376000,0.021,0.2,241435000.0,283086000.0,0.108,283086000.0,241435000.0,189254000.0,0.76,0.75,0.76,11677079000,,11677079000,9341512521.0,7.0,6.288,106056000.0,0.357,1.0,1198470000.0,0.455,2210266000,52181000.0,55706414000,,0,38191883000,,,45028475000,,,10107770521.0,-83834000.0,-161918000.0,-174630000.0,-87447000.0,-59486000.0,-350101000.0,169828000.0,355779000.0,106056000.0,-9617000.0,228550000.0,228550000.0,228550000.0,0.0,6029000.0,0.087,976749000.0,221721000.0,2247787000,0.263,0.866,8.373,8.209,0,0.0,34.64,1.086,1.065,5362317000,2077349000.0,2631313000.0,2631313000.0,0.0,,,,,16736000.0,976749000.0,1.0,291794761.0,297258000,301577000.0,8.852,56472672000,282311000,-39296000.0,0,189.979,
11,XL1,ARQ,2015-09-30,2015-11-05,2015-09-30,2020-12-28,955082000,60416523000,,,,,39.548,0.0,3487880000,3487880000,1486864000.0,85171000.0,,3.896,2726917000,,,2726917000,7840331000,21313000.0,1194815000,0.018,0.2,42169000.0,63482000.0,0.025,63482000.0,42169000.0,-9760000.0,0.09,0.09,0.09,11938229000,,11938229000,10425856418.0,8.0,7.306,488996000.0,1.62,1.0,1082838000.0,0.421,2213688000,51929000.0,57441872000,,0,39046252000,,,46516015000,,,11186819418.0,499229000.0,16227000.0,-176807000.0,0.0,-59977000.0,-288891000.0,315979000.0,362576000.0,488996000.0,-16855000.0,27282000.0,27282000.0,27282000.0,0.0,57889000.0,0.011,979315000.0,103523000.0,2450232000,2.222,0.937,10.005,9.584,0,0.0,37.57,1.377,1.396,5778680000,1943747000.0,2569702000.0,2569702000.0,0.0,,,,,18054000.0,979315000.0,1.0,297759367.0,301867000,306954000.0,8.513,58202835000,252492000,-37042000.0,0,192.81,
12,XL1,ARQ,2015-06-30,2015-08-10,2015-06-30,2020-12-28,1076174000,61750706000,,,,,42.317,0.0,2976479000,2976479000,1173276000.0,919918000.0,,3.882,2726455000,,,2726455000,8548841000,18442000.0,1212206000,0.016,0.16,997665000.0,1016107000.0,0.378,1016107000.0,997665000.0,947998000.0,3.16,3.11,3.16,12247298000,,12247298000,11640000290.0,8.0,7.642,-14474000.0,-0.05,1.0,1512020000.0,0.563,2205911000,49667000.0,59294771000,,0,39847542000,,,47545601000,,,11890024290.0,-369093000.0,-455484000.0,-107364000.0,0.0,-48131000.0,-210290000.0,-153821000.0,492676000.0,-14474000.0,9492000.0,915039000.0,915039000.0,915039000.0,0.0,4879000.0,0.341,848971000.0,663049000.0,2643450000,0.051,0.971,10.222,9.593,0,0.0,39.33,1.675,1.603,6423590000,2014217000.0,2685296000.0,2685296000.0,0.0,,,,,21346000.0,848971000.0,1.0,302314373.0,289420000,293983000.0,9.278,59544795000,204155000,32959000.0,0,205.738,
13,XL1,ARQ,2015-03-31,2015-05-11,2015-03-31,2020-12-28,1705170000,46080556000,,,,,40.059,0.0,3209934000,3209934000,789214000.0,73671000.0,,3.361,2643561000,,,2643561000,4532022000,10907000.0,1211203000,0.017,0.16,111937000.0,122844000.0,0.086,122844000.0,111937000.0,60499000.0,0.14,0.14,0.14,10244057000,,10244057000,10714752269.0,54.0,42.797,34978000.0,0.137,1.0,633401000.0,0.445,442431000,51438000.0,45071752000,,0,33186439000,,,34434133000,,,11281125269.0,688120000.0,48879000.0,-194000.0,980600000.0,-40922000.0,896093000.0,-195554000.0,-212292000.0,34978000.0,-47397000.0,36281000.0,36281000.0,36281000.0,0.0,37390000.0,0.026,479352000.0,154049000.0,634097000,1.143,1.101,-362.784,-408.778,0,0.0,36.79,1.809,1.508,3036750000,1175182000.0,1422615000.0,1422615000.0,0.0,,,,,18295000.0,479352000.0,1.0,306635642.0,255724000,260704000.0,5.563,45638125000,192286000,24218000.0,0,178.466,
14,XL1,ARQ,2014-12-31,2015-02-25,2014-12-31,2020-12-28,1484458000,45046819000,,,,,39.052,0.0,2521814000,2521814000,763396000.0,142974000.0,,3.35,1662580000,,,1662580000,3973132000,12607000.0,1245367000,0.018,0.16,211902000.0,224509000.0,0.155,224509000.0,211902000.0,177673000.0,0.53,0.51,0.53,10033752000,,10033752000,8242607355.0,20.0,17.336,235159000.0,0.915,1.0,684209000.0,0.473,447952000,34229000.0,43739633000,,0,33371283000,,,33611052000,,,9101841355.0,168080000.0,-68369000.0,-174223000.0,0.0,-40130000.0,-229689000.0,205831000.0,309441000.0,235159000.0,-43221000.0,139500000.0,139500000.0,139500000.0,0.0,3474000.0,0.096,527809000.0,156400000.0,535521000,0.302,0.907,48.327,50.225,0,0.0,35.66,1.379,1.443,2698017000,1187640000.0,1447605000.0,1447605000.0,0.0,,,,,15983000.0,527809000.0,1.0,255239522.0,256930000,261372000.0,5.634,44598867000,204491000,38173000.0,0,173.584,
15,XL1,ARQ,2014-09-30,2014-11-03,2014-09-30,2020-12-28,1231929000,45909756000,,,,,37.227,0.0,2353734000,2353734000,879689000.0,109967000.0,,3.525,1662206000,,,1662206000,4301271000,14404000.0,1242696000,0.018,0.16,145292000.0,159696000.0,0.103,159696000.0,145292000.0,102441000.0,0.27,0.27,0.27,9841054000,,9841054000,8046169639.0,15.0,13.219,374396000.0,1.416,1.0,663643000.0,0.43,450411000,42851000.0,44767817000,,0,33925427000,,,34688982000,,,8737697639.0,-717405000.0,-22066000.0,-272766000.0,-600000000.0,-42434000.0,-967489000.0,-63619000.0,20475000.0,374396000.0,-60693000.0,72384000.0,72384000.0,72384000.0,0.0,37583000.0,0.047,524137000.0,139506000.0,693500000,0.593,0.888,24.992,27.528,0,0.0,33.86,1.236,1.267,2994809000,1115648000.0,1543332000.0,1543332000.0,0.0,,,,,24741000.0,524137000.0,1.0,258053681.0,264353000,269140000.0,5.838,45459345000,209334000,30057000.0,0,171.965,
16,XL1,ARQ,2014-06-30,2014-08-07,2014-06-30,2020-12-28,1207034000,47848915000,,,,,37.037,0.0,3071139000,3071139000,913179000.0,-275579000.0,,3.632,2262452000,,,2262452000,4704993000,14146000.0,1288376000,0.019,0.16,-270830000.0,-256684000.0,-0.141,-256684000.0,-270830000.0,-284915000.0,-1.03,-1.03,-1.03,10034289000,,10034289000,7684629817.0,13.0,11.934,153561000.0,0.567,1.0,910327000.0,0.499,455057000,14085000.0,46585171000,,0,34484417000,,,36440338000,,,8493316817.0,595092000.0,471025000.0,-173411000.0,0.0,-43209000.0,-434220000.0,869129000.0,388251000.0,153561000.0,6622000.0,-279261000.0,-279261000.0,-279261000.0,0.0,3682000.0,-0.153,517649000.0,392678000.0,949136000,-0.155,0.846,20.571,22.215,0,0.0,31.99,1.147,1.171,3618760000,1124195000.0,1823506000.0,1823506000.0,0.0,,,,,24589000.0,517649000.0,1.0,265499119.0,270924000,270924000.0,6.731,47393858000,216312000,-5654000.0,0,174.934,
17,XL1,ARQ,2014-03-31,2014-05-06,2014-03-31,2020-12-28,946661000,46758887000,,,,,37.074,0.0,2476047000,2476047000,945092000.0,291476000.0,,3.431,2262824000,,,2262824000,4473478000,14961000.0,1497599000,0.018,0.16,332979000.0,347940000.0,0.195,347940000.0,332979000.0,290038000.0,0.93,0.91,0.93,10244962000,,10244962000,8423165152.0,7.0,6.733,200068000.0,0.724,1.0,842732000.0,0.471,455700000,42941000.0,46089964000,,0,34051771000,,,35154913000,,,8636388152.0,675215000.0,58969000.0,-175186000.0,0.0,-43847000.0,-232310000.0,700280000.0,747386000.0,200068000.0,7177000.0,255717000.0,255717000.0,255717000.0,0.0,35759000.0,0.143,509838000.0,332894000.0,712130000,0.172,0.843,8.951,9.328,0,0.0,31.81,1.157,1.177,3508809000,1466897000.0,1787824000.0,1787824000.0,0.0,,,,,15974000.0,509838000.0,1.0,271499156.0,276337000,280458000.0,6.47,46303187000,215286000,34321000.0,0,167.561,
18,XL1,ARQ,2013-12-31,2014-02-26,2013-12-31,2020-12-28,736657000,45652887000,,,,,35.537,0.0,1800832000,1800832000,1065687000.0,303567000.0,,3.431,2263203000,,,2263203000,3846526000,12082000.0,1509243000,0.019,0.14,345669000.0,357751000.0,0.187,357751000.0,345669000.0,305037000.0,1.06,1.06,1.06,9997633000,,9997633000,8694388056.0,7.0,6.445,-72912000.0,-0.259,1.0,846816000.0,0.443,411611000,40632000.0,45703647000,,0,34390929000,,,34303589000,,,8232017056.0,-330061000.0,-67964000.0,-147192000.0,592615000.0,-39024000.0,371404000.0,-627994000.0,-524346000.0,-72912000.0,-559000.0,300780000.0,300780000.0,300780000.0,0.0,2787000.0,0.157,533531000.0,313285000.0,362561000,0.132,0.823,7.767,8.103,0,0.0,29.82,1.092,1.138,2876252000,1264093000.0,1912503000.0,1912503000.0,0.0,,,,,1042000.0,533531000.0,1.0,276056910.0,281333000,283792000.0,6.798,45241276000,237884000,4257000.0,0,160.81,
19,XL1,ARQ,2013-09-30,2013-10-31,2013-09-30,2020-12-28,762316000,45626383000,,,,,34.717,0.0,2130893000,2130893000,1123069000.0,170670000.0,,3.469,1671062000,,,1671062000,4254939000,20454000.0,1505180000,0.017,0.14,174471000.0,194925000.0,0.104,194925000.0,174471000.0,136545000.0,0.48,0.47,0.48,9907896000,,9907896000,8185686260.0,8.0,7.386,493237000.0,1.728,1.0,755040000.0,0.402,410933000,37926000.0,44755619000,,0,33819520000,,,34373869000,,,8645517260.0,-289189000.0,68882000.0,-148764000.0,0.0,-79156000.0,-274097000.0,-527431000.0,-679888000.0,493237000.0,19102000.0,135648000.0,135648000.0,135648000.0,0.0,35022000.0,0.072,549834000.0,205206000.0,627324000,0.292,0.873,10.285,10.578,0,0.0,30.57,1.146,1.157,3052241000,1012829000.0,1878109000.0,1878109000.0,0.0,,,,,17047000.0,549834000.0,1.0,282810509.0,285393000,290490000.0,6.581,45215450000,222638000,897000.0,0,158.432,
20,XL1,ARQ,2013-06-30,2013-08-05,2013-06-30,2020-12-28,710760000,45105137000,,,,,34.17,0.0,2420082000,2420082000,1054373000.0,275878000.0,,3.424,1671634000,,,1671634000,4472108000,10584000.0,1534896000,0.016,0.14,339774000.0,350358000.0,0.186,350358000.0,339774000.0,301570000.0,0.94,0.93,0.94,9892570000,,9892570000,8312308942.0,8.0,7.306,214008000.0,0.739,1.0,833843000.0,0.442,407379000,38204000.0,43949310000,,0,32795932000,,,33868067000,,,9060756942.0,-53205000.0,-101255000.0,-145866000.0,0.0,-41170000.0,-228212000.0,-39944000.0,61311000.0,214008000.0,943000.0,272698000.0,272698000.0,272698000.0,0.0,3180000.0,0.144,535045000.0,298798000.0,736580000,0.149,0.916,10.333,10.624,0,0.0,31.66,1.211,1.225,3522746000,928372000.0,1888216000.0,1888216000.0,0.0,,,,,13314000.0,535045000.0,1.0,286189417.0,289513000,294333000.0,6.522,44697758000,246731000,28872000.0,0,154.389,
21,XL1,ARQ,2013-03-31,2013-05-07,2013-03-31,2020-12-28,1405110000,45522263000,,,,,35.55,0.0,2473287000,2473287000,954038000.0,386532000.0,,3.212,1672206000,,,1672206000,4342664000,13109000.0,1527323000,0.015,0.14,432969000.0,446078000.0,0.24,446078000.0,432969000.0,394269000.0,1.19,1.17,1.19,10487346000,,10487346000,8498381609.0,8.0,7.66,145644000.0,0.494,1.0,908370000.0,0.488,406748000,38700000.0,44314434000,,0,33488273000,,,33690417000,,,9299462609.0,-145091000.0,-62387000.0,-221172000.0,0.0,-805000.0,-263938000.0,-2493000.0,59894000.0,145644000.0,-24304000.0,350790000.0,350790000.0,350790000.0,0.0,35742000.0,0.188,504092000.0,404278000.0,413326000,0.118,0.887,11.268,11.673,0,0.0,32.1,1.267,1.29,3295133000,707791000.0,1862408000.0,1862408000.0,0.0,,,,,15086000.0,504092000.0,1.0,289702885.0,295000000,299469000.0,6.313,45115515000,172446000,43479000.0,0,152.934,
22,XL1,ARQ,2012-12-31,2013-02-28,2012-12-31,2020-12-28,1520011000,45387779000,,,,,34.98,0.0,2618378000,2618378000,1305288000.0,84847000.0,,3.19,1672778000,,,1672778000,3755920000,15545000.0,1551398000,0.015,0.11,101304000.0,116849000.0,0.061,116849000.0,101304000.0,63663000.0,0.28,0.28,0.28,10510072000,,10510072000,7501999411.0,9.0,8.202,161926000.0,0.539,1.0,608537000.0,0.318,408527000,37641000.0,44033652000,,0,33980183000,,,33531382000,,,8447599411.0,-578927000.0,-63067000.0,-51010000.0,0.0,-33046000.0,-140334000.0,-604802000.0,-541735000.0,161926000.0,4283000.0,81448000.0,81448000.0,81448000.0,0.0,3399000.0,0.043,520799000.0,87738000.0,245224000,0.393,0.804,12.974,13.509,0,0.0,28.64,1.168,1.218,2643291000,402321000.0,1913825000.0,1913825000.0,0.0,,,,,5645000.0,520799000.0,1.0,294958080.0,300463000,303322000.0,6.37,44979252000,166142000,-17785000.0,0,149.7,
23,XL1,ARQ,2012-09-30,2012-11-07,2012-09-30,2020-12-28,1423448000,45980328000,,,,,34.224,0.0,3197305000,3197305000,1013515000.0,207746000.0,,3.287,1673350000,,,1673350000,4081557000,14256000.0,1561076000,0.018,0.11,210259000.0,224515000.0,0.124,224515000.0,210259000.0,172353000.0,0.57,0.56,0.57,10411037000,,10411037000,5669529183.0,17.0,14.691,410584000.0,1.35,1.0,803969000.0,0.442,407221000,37906000.0,44049152000,,0,33364399000,,,34222909000,,,7193484183.0,-113841000.0,19978000.0,-121743000.0,0.0,-33438000.0,-216000000.0,-332268000.0,-352246000.0,410584000.0,23843000.0,171902000.0,171902000.0,171902000.0,0.0,35844000.0,0.095,542093000.0,261876000.0,789807000,0.193,0.691,132.846,125.947,0,0.0,23.93,1.021,1.033,3062386000,354206000.0,1817484000.0,1817484000.0,0.0,,,,,14032000.0,542093000.0,1.0,300605273.0,304199000,307764000.0,5.975,45573107000,132931000,451000.0,0,149.813,
24,XL1,ARQ,2012-06-30,2012-08-08,2012-06-30,2020-12-28,910760000,44940156000,,,,,31.856,0.0,3311146000,3311146000,957505000.0,224610000.0,,3.418,1673921000,,,1673921000,4231975000,13620000.0,1600595000,0.019,0.11,308328000.0,321948000.0,0.184,321948000.0,308328000.0,250968000.0,0.71,0.71,0.71,9867809000,,9867809000,5326751461.0,23.0,18.386,330226000.0,1.066,1.0,789234000.0,0.452,405516000,57360000.0,42897415000,,0,31948168000,,,33726354000,,,6963976461.0,804828000.0,4079000.0,-125216000.0,0.0,-67097000.0,-253231000.0,756587000.0,752508000.0,330226000.0,-28754000.0,221156000.0,221156000.0,221156000.0,0.0,3454000.0,0.127,517989000.0,271245000.0,568569000,0.155,0.706,-92.416,-94.917,0,0.0,22.78,1.011,1.025,3388667000,215788000.0,1746739000.0,1746739000.0,0.0,,,,,16623000.0,517989000.0,1.0,305705727.0,309765000,312435000.0,5.639,44534640000,132508000,29812000.0,0,143.769,
25,XL1,ARQ,2012-03-31,2012-05-09,2012-03-31,2020-12-28,831516000,45099010000,,,,,30.814,0.0,2506318000,2506318000,975372000.0,213185000.0,,3.506,1674653000,,,1674653000,4250821000,13859000.0,1590188000,0.02,0.11,237476000.0,251335000.0,0.143,251335000.0,237476000.0,198178000.0,0.56,0.56,0.56,9710022000,,9710022000,6103824027.0,26.0,21.369,153370000.0,0.487,1.0,777060000.0,0.443,408878000,39298000.0,43858467000,,0,33066343000,,,34044521000,,,6935489027.0,-1318807000.0,34358000.0,-99548000.0,-600000000.0,-1218000.0,-735188000.0,-762110000.0,-796468000.0,153370000.0,25121000.0,176628000.0,176628000.0,176628000.0,0.0,36557000.0,0.101,506562000.0,270498000.0,390760000,0.196,0.714,-97.893,-101.136,0,0.0,22.25,1.015,1.026,3298574000,28557000.0,1752432000.0,1752432000.0,0.0,,,,,11172000.0,506562000.0,1.0,311707372.0,315120000,317639000.0,5.561,44690132000,107651000,21550000.0,0,141.819,
26,XL1,ARQ,2011-12-31,2012-02-27,2011-12-31,2020-12-28,583064000,44626077000,,,,,29.526,0.0,3825125000,3825125000,1182761000.0,-514091000.0,,3.592,2275327000,,,2275327000,3555310000,13256000.0,1608108000,0.022,0.11,-425142000.0,-411886000.0,-0.238,-411886000.0,-425142000.0,-472577000.0,-1.65,-1.65,-1.65,9424938000,,9424938000,4864554302.0,-23.0,-30.468,-38315000.0,-0.12,1.0,545983000.0,0.316,407321000,47435000.0,42668958000,,0,31724254000,,,33856667000,,,6414352302.0,648842000.0,-30669000.0,475055000.0,-575541000.0,-34719000.0,141277000.0,563401000.0,594070000.0,-38315000.0,-17521000.0,-515537000.0,-515537000.0,-515537000.0,0.0,1446000.0,-0.298,953257000.0,-407274000.0,149046000,-0.067,0.681,-13.511,-13.368,0,0.0,20.32,0.958,0.949,2691355000,-99961000.0,1728744000.0,1728744000.0,0.0,,,,,5155000.0,524193000.0,1.0,315666944.0,319205000,307058000.0,5.416,44218756000,115601000,42960000.0,0,138.528,
27,XL1,ARQ,2011-09-30,2011-11-03,2011-09-30,2020-12-28,456203000,46625186000,,,,,31.889,0.0,3176283000,3176283000,1127608000.0,76391000.0,,3.59,2281335000,,,2281335000,4103846000,12296000.0,1636602000,0.02,0.11,116027000.0,128323000.0,0.077,128323000.0,116027000.0,67116000.0,0.14,0.14,0.14,9940202000,,9940202000,6008998799.0,11.0,9.932,258190000.0,0.828,1.0,530411000.0,0.32,838725000,48911000.0,44891513000,,0,32552467000,,,35683200000,,,6903946799.0,316941000.0,155266000.0,-307930000.0,396400000.0,-35258000.0,-85942000.0,184338000.0,29072000.0,258190000.0,-39645000.0,42398000.0,42398000.0,42398000.0,0.0,33993000.0,0.026,455368000.0,75043000.0,1127548000,0.786,0.695,30.162,30.338,0,0.0,21.54,1.053,1.024,3553886000,450534000.0,1658019000.0,1658019000.0,0.0,,,,,7060000.0,454483000.0,1.0,320517493.0,311714000,313848000.0,5.319,45786461000,140670000,24718000.0,0,146.886,
28,XL1,ARQ,2011-06-30,2011-08-04,2011-06-30,2020-12-28,422971000,46621512000,,,,,31.133,0.0,2859342000,2859342000,961000000.0,227765000.0,,3.732,2461426000,,,2461426000,4205084000,12279000.0,1666275000,0.021,0.11,305588000.0,317867000.0,0.188,317867000.0,305588000.0,250489000.0,0.73,0.69,0.73,9625950000,,9625950000,5657531488.0,9.0,8.379,43992000.0,0.142,1.0,734182000.0,0.433,843174000,55099000.0,45380422000,,0,33254616000,,,35922631000,,,6055447488.0,-526463000.0,-39486000.0,-91312000.0,0.0,-34052000.0,-184593000.0,-415729000.0,-376243000.0,43992000.0,29867000.0,225663000.0,225663000.0,225663000.0,0.0,2102000.0,0.133,481241000.0,252941000.0,581625000,0.151,0.629,22.933,25.413,0,0.0,20.33,0.929,0.964,3354220000,443627000.0,1695182000.0,1695182000.0,0.0,,,,,8333000.0,481197000.0,1.0,297857722.0,309184000,341989000.0,5.483,45778338000,146837000,24826000.0,0,148.062,
29,XL1,ARQ,2011-03-31,2011-05-09,2011-03-31,2020-12-28,175098000,45882141000,,,,,29.752,0.0,3385805000,3385805000,1342096000.0,-193948000.0,,3.835,2462917000,,,2462917000,4074090000,11969000.0,1670609000,0.017,0.11,-205934000.0,-193965000.0,-0.12,-193965000.0,-205934000.0,-260081000.0,-0.73,-0.73,-0.73,9267198000,,9267198000,6345275306.0,11.0,9.862,63335000.0,0.203,1.0,272762000.0,0.169,842054000,54147000.0,44117199000,,0,32352452000,,,35541995000,,,7268163306.0,362937000.0,51170000.0,-166502000.0,0.0,-34021000.0,-229458000.0,500093000.0,448923000.0,63335000.0,28967000.0,-227284000.0,-227284000.0,-227284000.0,0.0,33336000.0,-0.141,449482000.0,-176720000.0,384950000,-0.151,0.784,31.574,37.286,0,0.0,23.49,1.14,1.147,3121365000,252242000.0,1614858000.0,1614858000.0,0.0,,,,,8829000.0,449017000.0,1.0,309415211.0,311478000,311478000.0,5.185,45040087000,162513000,-32797000.0,0,144.601,
30,XL1,ARQ,2010-12-31,2011-02-25,2010-12-31,2020-12-28,100795000,45023351000,,,,,32.917,0.0,3022868000,3022868000,882812000.0,195528000.0,,3.236,2464410000,,,2464410000,3484830000,40423000.0,1684606000,0.017,0.1,312379000.0,352802000.0,0.222,352802000.0,312379000.0,255564000.0,0.57,0.57,0.57,10610753000,,10610753000,6681813781.0,7.0,6.303,-234520000.0,-0.728,1.0,706187000.0,0.444,839508000,56815000.0,43625385000,,0,32426639000,,,34338402000,,,7240271781.0,-934761000.0,88805000.0,-250817000.0,0.0,-31982000.0,-343616000.0,-362176000.0,-450981000.0,-234520000.0,5551000.0,195449000.0,188122000.0,188122000.0,0.0,79000.0,0.118,469789000.0,236398000.0,156565000,0.175,0.682,12.367,13.379,0,7327000.0,23.28,1.132,1.224,2607955000,513777000.0,1588999000.0,1588999000.0,0.0,,,,,8119000.0,469325000.0,1.0,311008238.0,322351000,325544000.0,4.929,44183843000,143525000,60115000.0,0,137.067,
31,XL1,ARQ,2010-09-30,2010-11-05,2010-09-30,2020-12-28,274187000,46296041000,,,,,32.083,0.0,3957629000,3957629000,956338000.0,110049000.0,,3.253,2465901000,,,2465901000,3824260000,0.0,1771489000,0.019,0.1,198462000.0,198462000.0,0.122,198462000.0,198462000.0,139853000.0,0.23,0.23,0.23,10867387000,,10867387000,5231363544.0,7.0,6.752,458249000.0,1.353,1.0,663804000.0,0.41,840972000,58609000.0,43963341000,,0,32527506000,,,35354531000,,,6723091544.0,156435000.0,56124000.0,-268185000.0,0.0,-33368000.0,-863139000.0,487124000.0,431000000.0,458249000.0,74201000.0,110043000.0,77543000.0,77543000.0,0.0,6000.0,0.048,434831000.0,228973000.0,445718000,0.435,0.619,18.831,20.0,0,32500000.0,20.8,1.074,1.125,2754962000,357774000.0,1620142000.0,1620142000.0,0.0,,,,,7586000.0,434366000.0,1.0,323225555.0,338724000,339819000.0,4.783,45455069000,116124000,29810000.0,0,134.195,
32,XL1,ARQ,2010-06-30,2010-08-06,2010-06-30,2020-12-28,-338733000,45322419000,,,,,30.718,0.0,3801194000,3801194000,870540000.0,193925000.0,,3.307,2467392000,,,2467392000,3842364000,0.0,2252124000,0.022,0.1,286130000.0,286130000.0,0.184,286130000.0,286130000.0,236981000.0,0.56,0.56,0.56,10507232000,,10507232000,4818974433.0,7.0,7.362,164206000.0,0.48,1.0,682152000.0,0.439,835865000,49149000.0,43152752000,,0,31662059000,,,34743287000,,,6152776433.0,425675000.0,87351000.0,0.0,0.0,-34204000.0,-82825000.0,390305000.0,302954000.0,164206000.0,-46011000.0,194005000.0,191811000.0,191811000.0,0.0,-80000.0,0.124,425891000.0,256261000.0,329586000,0.179,0.586,22.951,23.064,0,2194000.0,17.99,1.004,1.004,2992402000,345631000.0,1552692000.0,1552692000.0,0.0,,,,,9306000.0,425427000.0,1.0,342010919.0,342056000,342878000.0,4.539,44486554000,169590000,42976000.0,0,130.056,
33,XL1,ARQ,2010-03-31,2010-05-06,2010-03-31,2020-12-28,-634546000,45776670000,,,,,29.349,0.0,3375519000,3375519000,1015943000.0,143879000.0,,3.552,2461397000,,,2461397000,3938736000,0.0,2187375000,0.023,0.1,222786000.0,222786000.0,0.136,222786000.0,222786000.0,173716000.0,0.37,0.37,0.37,10041563000,,10041563000,5106549906.0,10.0,9.742,206821000.0,0.604,1.0,620806000.0,0.379,841244000,49070000.0,44021304000,,0,32253299000,,,35663207000,,,6020671906.0,-268178000.0,86828000.0,-1840000.0,0.0,-34194000.0,-183763000.0,-253772000.0,-340600000.0,206821000.0,-37464000.0,143880000.0,127996000.0,127996000.0,0.0,-1000.0,0.078,430710000.0,190096000.0,504991000,0.27,0.6,38.539,39.111,0,15884000.0,17.6,0.956,0.956,3252413000,188144000.0,1636749000.0,1636749000.0,0.0,,,,,6280000.0,430245000.0,1.0,342083631.0,342148000,342760000.0,4.784,44935426000,135678000,29836000.0,0,131.333,
34,XL1,ARQ,2009-12-31,2010-03-01,2009-12-31,2020-12-28,-1142467000,45579675000,,,,,27.327,0.0,3643697000,3643697000,940636000.0,-34802000.0,,3.813,2451417000,,,2451417000,3651310000,0.0,2208699000,0.022,0.1,67444000.0,67444000.0,0.046,67444000.0,67444000.0,19948000.0,-0.12,-0.12,-0.12,9432417000,,9432417000,5164726145.0,13.0,12.542,-67843000.0,-0.197,1.0,510304000.0,0.352,845129000,47496000.0,43542266000,,0,31822031000,,,35964585000,,,6357006145.0,-262580000.0,87529000.0,-50000.0,0.0,-34192000.0,-257964000.0,71117000.0,-16412000.0,-67843000.0,-7890000.0,-34745000.0,-40319000.0,-40319000.0,0.0,-57000.0,-0.028,491972000.0,18332000.0,415866000,-0.833,0.674,30.769,30.459,0,5574000.0,18.58,1.026,1.022,3057063000,94460000.0,1450940000.0,1450940000.0,0.0,,,,,6855000.0,491530000.0,1.0,342142419.0,345163000,345817000.0,4.204,44734546000,193868000,54693000.0,0,129.604,
35,XL1,ARQ,2009-09-30,2009-11-05,2009-09-30,2020-12-28,-1464523000,47221241000,,,,,26.814,0.0,3906277000,3906277000,1003305000.0,21091000.0,,4.128,2452373000,,,2452373000,4185151000,0.0,2442800000,0.03,0.1,78183000.0,78183000.0,0.053,78183000.0,78183000.0,24714000.0,-0.03,-0.03,-0.03,9173517000,,9173517000,4222013937.0,-5.0,-4.701,546051000.0,1.596,1.0,482525000.0,0.325,850110000,53469000.0,44917227000,,0,32027415000,,,37865051000,,,5675917937.0,-83095000.0,126948000.0,-35000.0,0.0,-34193000.0,-99178000.0,-557376000.0,-684324000.0,546051000.0,27408000.0,21098000.0,-11402000.0,-11402000.0,0.0,-7000.0,-0.008,444219000.0,38306000.0,926854000,-3.333,0.619,-4.785,-3.654,0,32500000.0,16.59,0.971,0.97,3450435000,168980000.0,1485830000.0,1485830000.0,0.0,,,,,5663000.0,443754000.0,1.0,342128869.0,342118000,342620000.0,4.343,46371131000,288005000,3616000.0,0,135.541,
36,XL1,ARQ,2009-06-30,2009-08-06,2009-06-30,2020-12-28,-3202164000,45412217000,,,,,21.842,0.0,3989372000,3989372000,954216000.0,85501000.0,,5.052,2445230000,,,2445230000,4266872000,0.0,2436809000,0.041,0.1,155784000.0,155784000.0,0.09,155784000.0,155784000.0,101586000.0,0.23,0.23,0.23,7473219000,,7473219000,3273658627.0,-1.0,-1.327,-402780000.0,-1.177,1.0,771253000.0,0.447,848268000,54198000.0,43019807000,,0,29651637000,,,37756325000,,,4817800627.0,-1076815000.0,144062000.0,-24000.0,0.0,-34190000.0,-242005000.0,-532889000.0,-676951000.0,-402780000.0,100859000.0,85541000.0,79949000.0,79949000.0,0.0,-40000.0,0.046,487955000.0,283298000.0,491212000,0.435,0.645,-1.706,-1.328,0,5592000.0,14.08,0.789,0.789,3759188000,214595000.0,1725469000.0,1725469000.0,0.0,,,,,9202000.0,487491000.0,1.0,342173340.0,342154000,342468000.0,5.043,44563949000,314938000,16045000.0,0,130.245,
37,XL1,ARQ,2009-03-31,2009-05-08,2009-03-31,2020-12-28,-4241330000,43971837000,,,,,18.266,0.0,5066187000,5066187000,948242000.0,3097000.0,,6.13,2444981000,,,2444981000,4328689000,0.0,2577281000,0.077,0.1,110391000.0,110391000.0,0.072,110391000.0,110391000.0,49050000.0,0.53,0.53,0.53,6141278000,,6141278000,1182923882.0,-1.0,-0.522,-118188000.0,-0.352,1.0,583166000.0,0.381,845913000,61341000.0,40504718000,,0,27324001000,,,37647886000,,,3804129882.0,712361000.0,453790000.0,744483000.0,-745000000.0,-34182000.0,-363442000.0,1233791000.0,780001000.0,-118188000.0,-39800000.0,3097000.0,178379000.0,178379000.0,0.0,0.0,0.116,487071000.0,96095000.0,1103820000,0.189,0.619,-1.427,-1.173,0,-175282000.0,11.12,0.585,0.575,3908589000,-100616000.0,1531408000.0,1531408000.0,0.0,,,,,10511000.0,486606000.0,1.0,342098011.0,336217000,336218000.0,4.555,43125924000,324552000,45953000.0,0,128.268,
38,XL1,ARQ,2008-12-31,2009-03-02,2008-12-31,2020-12-28,-3364927000,45682005000,,,,,25.602,0.0,4353826000,4353826000,976974000.0,-1419513000.0,,6.388,3189734000,,,3189734000,4217931000,0.0,2710987000,0.352,0.19,-1242438000.0,-1242438000.0,-1.124,-1242438000.0,-1242438000.0,-1326685000.0,-5.27,-5.27,-5.27,6115233000,,6115233000,-55331052.0,0.0,0.028,236671000.0,0.991,1.0,128633000.0,0.116,853550000,84247000.0,43664363000,,0,29476780000,,,39065174000,,,1108760948.0,-1256177000.0,81459000.0,-131000.0,0.0,-30487000.0,-509210000.0,-923691000.0,-1005150000.0,236671000.0,-59947000.0,-1419513000.0,-1433158000.0,-1433158000.0,0.0,0.0,-1.296,1486140000.0,-1357507000.0,786463000,-0.036,0.181,-0.421,-0.294,0,13645000.0,3.24,0.155,0.108,4936381000,-315529000.0,1105607000.0,1105607000.0,0.0,,,,,11026000.0,495427000.0,1.0,342210169.0,238862000,238862000.0,4.629,44828455000,331348000,92828000.0,0,187.675,
39,XL1,ARQ,2008-09-30,2008-11-03,2008-09-30,2020-12-28,-2799939000,50780674000,,,,,31.976,0.0,5610003000,5610003000,1409426000.0,-1616524000.0,,4.863,3189482000,,,3189482000,4998530000,0.0,2769682000,0.13,0.19,-1490681000.0,-1490681000.0,-0.855,-1490681000.0,-1490681000.0,-1568681000.0,-6.09,-6.09,-6.09,8660543000,,8660543000,953513387.0,-1.0,-0.546,-1311232000.0,-4.841,1.0,334375000.0,0.192,1816885000,78000000.0,46543268000,,0,31519006000,,,42118534000,,,3374034387.0,1905754000.0,100922000.0,2230412000.0,302750000.0,-63005000.0,2721923000.0,599186000.0,498264000.0,-1311232000.0,-104123000.0,-1616524000.0,-1649024000.0,-1649024000.0,0.0,0.0,-0.946,537697000.0,-203322000.0,1700519000,-0.031,0.39,-1.397,-0.987,0,32500000.0,10.2,0.425,0.348,5504504000,1180432000.0,1743801000.0,1743801000.0,0.0,,,,,19618000.0,536311000.0,1.0,330787685.0,270844000,270844000.0,6.438,48963789000,343748000,47843000.0,0,180.782,
40,XL1,ARQ,2008-06-30,2008-07-28,2008-06-30,2020-12-28,-1516825000,52079962000,,,,,49.64,0.0,3704249000,3704249000,1148310000.0,237851000.0,,4.939,2869230000,,,2869230000,5355644000,0.0,2956423000,0.083,0.38,354497000.0,354497000.0,0.167,354497000.0,354497000.0,289056000.0,1.35,1.34,1.35,8769193000,,8769193000,2454400586.0,8.0,7.512,174288000.0,0.987,1.0,976289000.0,0.46,1841548000,65441000.0,49403395000,,0,34076534000,,,43309182000,,,3289419586.0,-200717000.0,140759000.0,-367000.0,0.0,-100868000.0,-1030360000.0,665017000.0,524258000.0,174288000.0,-9662000.0,237851000.0,237851000.0,237851000.0,0.0,0.0,0.112,544955000.0,431334000.0,1126003000,0.281,0.375,-7.507,-7.622,0,0.0,18.37,0.394,0.388,5965876000,2892251000.0,2124599000.0,2124599000.0,0.0,,,,,16389000.0,544535000.0,1.0,179064757.0,176655000,176910000.0,12.027,50238414000,386797000,51205000.0,0,284.387,
41,XL1,ARQ,2008-03-31,2008-05-07,2008-03-31,2020-12-28,-837579000,54801075000,,,,,52.487,0.0,3904966000,3904966000,1197192000.0,244373000.0,,4.921,2868980000,,,2868980000,5531248000,0.0,3888731000,0.045,0.38,399187000.0,399187000.0,0.184,399187000.0,399187000.0,275075000.0,1.2,1.2,1.2,9255351000,,9255351000,5022690647.0,7.0,6.672,473013000.0,2.682,1.0,976920000.0,0.449,1842158000,124112000.0,51922931000,,0,35416523000,,,45544140000,,,6058676647.0,24936000.0,60990000.0,-3880000.0,0.0,-67013000.0,-4011650000.0,3468721000.0,3407731000.0,473013000.0,94852000.0,244373000.0,211873000.0,211873000.0,0.0,0.0,0.097,530541000.0,446379000.0,1572894000,0.317,0.655,-46.084,-47.662,0,32500000.0,33.84,0.686,0.676,6537015000,2722334000.0,2174112000.0,2174112000.0,0.0,,,,,10584000.0,530121000.0,1.0,179038908.0,176336000,176827000.0,12.329,52958917000,421131000,30702000.0,0,300.33,
42,XL1,ARQ,2007-12-31,2008-02-29,2007-12-31,2020-12-28,9159000,57762264000,,,,,56.096,0.0,3880030000,3880030000,1209479000.0,-1212869000.0,,4.806,2868731000,,,2868731000,4681989000,0.0,7920085000,0.042,0.38,-1008304000.0,-1008304000.0,-0.53,-1008304000.0,-1008304000.0,-1171705000.0,-6.79,-6.74,-6.79,9948142000,,9948142000,5403998572.0,5.0,4.775,241628000.0,1.362,1.0,692818000.0,0.364,1841591000,163401000.0,54909374000,,0,39585428000,,,47811703000,,,6415297572.0,694791000.0,44332000.0,-123510000.0,0.0,-45135000.0,-1589404000.0,2033778000.0,1989446000.0,241628000.0,8789000.0,-1212869000.0,-1215853000.0,-1215853000.0,0.0,0.0,-0.639,540399000.0,152419000.0,1034983000,-0.056,0.645,31.086,31.086,0,2984000.0,36.06,0.702,0.705,5427899000,2578393000.0,1902297000.0,1902297000.0,0.0,,,,,11517000.0,539979000.0,1.0,177906200.0,177342000,177752000.0,10.727,55920673000,370419000,41164000.0,0,315.327,
43,XL1,ARQ,2007-09-30,2007-11-09,2007-09-30,2020-12-28,0,60888314000,,,,,63.954,0.0,3185239000,3185239000,1116004000.0,371636000.0,,4.325,2866399000,,,2866399000,5371645000,0.0,8682988000,0.024,0.38,581369000.0,581369000.0,0.27,581369000.0,581369000.0,430351000.0,1.83,1.82,1.83,11434276000,,11434276000,11217049504.0,4.0,4.001,755475000.0,4.226,1.0,1037283000.0,0.482,1806636000,151018000.0,58762838000,,0,42750538000,,,49454038000,,,11535889504.0,440887000.0,-111020000.0,-170211000.0,0.0,-67727000.0,-241937000.0,-106471000.0,4549000.0,755475000.0,33820000.0,371636000.0,327975000.0,327975000.0,0.0,0.0,0.152,524037000.0,513246000.0,1274851000,0.208,1.009,6.093,6.113,0,43661000.0,64.68,1.186,1.189,5987440000,,2153287000.0,2153287000.0,0.0,,,,,10016000.0,523617000.0,1.0,178353270.0,178788000,179781000.0,12.044,59081678000,336528000,58715000.0,0,330.457,
44,XL1,ARQ,2007-06-30,2007-08-01,2007-06-30,2020-12-28,0,60196683000,,,,,64.607,0.0,2744352000,2744352000,1221048000.0,554615000.0,,4.223,2868226000,,,2868226000,5659415000,0.0,8496507000,0.019,0.38,780598000.0,780598000.0,0.301,780598000.0,780598000.0,615903000.0,3.05,3.0,3.05,11524537000,,11524537000,14316295602.0,5.0,5.037,696367000.0,3.904,1.0,1375648000.0,0.53,1806450000,164695000.0,58514107000,,0,42250030000,,,48672146000,,,14192421602.0,-626447000.0,75962000.0,263558000.0,-502164000.0,-82713000.0,241567000.0,-1571205000.0,-1647167000.0,696367000.0,6824000.0,554615000.0,544535000.0,544535000.0,0.0,0.0,0.21,604993000.0,770655000.0,1047223000,0.125,1.231,7.164,7.048,0,10080000.0,78.09,1.428,1.401,6359103000,,2596696000.0,2596696000.0,0.0,,,,,16116000.0,604573000.0,1.0,181744418.0,178378000,181613000.0,14.557,58390233000,364021000,61288000.0,0,327.34,
45,XL1,ARQ,2007-03-31,2007-05-09,2007-03-31,2020-12-28,0,62065100000,,,,,66.429,0.0,3370799000,3370799000,1183130000.0,562507000.0,,4.226,3368615000,,,3368615000,6650972000,0.0,8029059000,0.019,0.38,778053000.0,778053000.0,0.313,778053000.0,778053000.0,635262000.0,3.07,3.06,3.07,11875629000,,11875629000,14063784434.0,5.0,5.308,547396000.0,3.062,1.0,1300312000.0,0.524,1817838000,142791000.0,60245078000,,0,42934267000,,,50189471000,,,14065968434.0,1147051000.0,-75535000.0,-227348000.0,0.0,-78462000.0,834911000.0,-237744000.0,-162209000.0,547396000.0,2488000.0,562507000.0,549718000.0,549718000.0,0.0,0.0,0.221,540874000.0,759438000.0,1544043000,0.124,1.184,7.756,7.92,0,12789000.0,80.31,1.429,1.459,6700768000,,2483442000.0,2483442000.0,0.0,,,,,12017000.0,540454000.0,1.0,175145915.0,178772000,179601000.0,13.892,60247262000,356517000,72755000.0,0,337.006,
46,XL1,ARQ,2006-12-31,2007-03-01,2006-12-31,2020-12-28,411405000,59308870000,,,,,56.54,4087000.0,2223748000,2223748000,1220236000.0,481145000.0,,4.799,3368376000,,,3368376000,5652897000,0.0,7857827000,0.022,0.38,663448000.0,663448000.0,0.266,663448000.0,663448000.0,524062000.0,2.63,2.62,2.63,10131166000,,10131166000,13834460559.0,5.0,5.458,930607000.0,5.194,1.0,1276208000.0,0.511,1818096000,139386000.0,58635402000,,0,42136653000,,,48615583000,,,12689832559.0,95527000.0,-22337000.0,18669000.0,0.0,-44971000.0,-305876000.0,-535560000.0,-513223000.0,926520000.0,10443000.0,481145000.0,471064000.0,471064000.0,0.0,0.0,0.189,644479000.0,631729000.0,1007580000,0.144,1.253,7.367,7.278,0,10081000.0,70.09,1.291,1.274,5876405000,3266175000.0,2496444000.0,2496444000.0,0.0,,,,,10240000.0,644059000.0,1.0,181050543.0,179186000,179906000.0,13.932,57490774000,346122000,42917000.0,0,320.844,
47,XL1,ARQ,2006-09-30,2006-11-14,2006-09-30,2020-12-28,240556000,59779999000,,,,,53.261,0.0,2128221000,2128221000,1196195000.0,425870000.0,,5.219,3368132000,,,3368132000,6088306000,0.0,8103553000,0.023,0.38,619913000.0,619913000.0,0.262,619913000.0,619913000.0,469525000.0,2.33,2.32,2.33,9523975000,,9523975000,14084077950.0,12.0,11.841,749996000.0,4.194,1.0,1167969000.0,0.494,1817229000,150388000.0,59202681000,,0,41324759000,,,49706697000,,,12844166950.0,-438547000.0,95376000.0,4187000.0,0.0,-77666000.0,402544000.0,-1589037000.0,-1684403000.0,749996000.0,-2050000.0,425870000.0,415789000.0,415789000.0,0.0,0.0,0.176,537722000.0,630247000.0,1519527000,0.163,1.349,29.909,56.452,0,10081000.0,71.13,1.308,1.296,6677484000,2870317000.0,2364164000.0,2364164000.0,0.0,,,,,15919000.0,537302000.0,1.0,180573133.0,178818000,179439000.0,13.221,57962770000,296985000,43655000.0,0,324.144,
48,XL1,ARQ,2006-09-30,2006-11-09,2006-09-30,2020-12-28,240556000,59779999000,,,,,53.261,0.0,2128221000,2128221000,1196195000.0,425870000.0,,5.219,3368132000,,,3368132000,6088306000,0.0,8103553000,0.023,0.38,619913000.0,619913000.0,0.262,619913000.0,619913000.0,469525000.0,2.33,2.32,2.33,9523975000,,9523975000,13988374190.0,12.0,11.761,749996000.0,4.194,1.0,1167969000.0,0.494,1817229000,150388000.0,59202681000,,0,41324759000,,,49706697000,,,12748463190.0,-438547000.0,95376000.0,4187000.0,0.0,-77666000.0,402544000.0,-1589037000.0,-1684403000.0,749996000.0,-2050000.0,425870000.0,415789000.0,415789000.0,0.0,0.0,0.176,537722000.0,630247000.0,1519527000,0.163,1.339,29.686,56.032,0,10081000.0,70.6,1.299,1.286,6677484000,2870317000.0,2364164000.0,2364164000.0,0.0,,,,,15919000.0,537302000.0,1.0,180573133.0,178818000,179439000.0,13.221,57962770000,296985000,43655000.0,0,324.144,
49,XL1,ARQ,2006-06-30,2006-08-09,2006-06-30,2020-12-28,-403842000,58527353000,,,,,47.823,0.0,2566768000,2566768000,1352014000.0,387169000.0,,5.847,3367887000,,,3367887000,6372442000,0.0,7559896000,0.029,0.38,588238000.0,588238000.0,0.235,588238000.0,588238000.0,453606000.0,2.11,2.1,2.11,8547284000,,8547284000,11679784474.0,-27.0,-27.339,726474000.0,4.065,1.0,1147311000.0,0.459,1817503000,134632000.0,57510969000,,0,38867377000,,,49980069000,,,10878665474.0,303944000.0,-68496000.0,4460000.0,0.0,-77547000.0,-646936000.0,224174000.0,292670000.0,726474000.0,232000.0,387169000.0,377089000.0,377089000.0,0.0,0.0,0.151,575396000.0,571915000.0,1488570000,0.18,1.273,-10.505,-7.012,0,10080000.0,60.3,1.116,1.106,6720000000,2522647000.0,2499325000.0,2499325000.0,0.0,,,,,11029000.0,574976000.0,1.0,180409046.0,178728000,179198000.0,13.984,56709850000,344527000,66437000.0,0,317.297,
50,XL1,ARQ,2006-03-31,2006-05-05,2006-03-31,2020-12-28,-122113000,58755819000,,,,,47.587,0.0,2262824000,2262824000,1240004000.0,468583000.0,,5.92,3367646000,,,3367646000,6392319000,0.0,7987272000,0.028,0.38,663088000.0,663088000.0,0.268,663088000.0,663088000.0,535219000.0,2.57,2.56,2.57,8490580000,,8490580000,13143039360.0,-18.0,-18.006,555007000.0,3.111,1.0,1233258000.0,0.499,1806425000,127869000.0,58054216000,,0,39111484000,,,50265239000,,,12038217360.0,-1430651000.0,242780000.0,-970000.0,-45291000.0,-77498000.0,-415764000.0,-1568685000.0,-1815562000.0,555007000.0,-1209000.0,468583000.0,458503000.0,458503000.0,0.0,0.0,0.185,529743000.0,703515000.0,1540655000,0.148,1.418,-9.429,-6.862,0,10080000.0,66.77,1.06,1.049,6892851000,2213475000.0,2473262000.0,2473262000.0,0.0,,,,,18975000.0,528648000.0,1.0,180293805.0,178424000,179158000.0,13.862,56949394000,297181000,66636000.0,0,319.18,
51,XL1,ARQ,2005-12-31,2006-03-07,2005-12-31,2020-12-28,268243000,58454901000,,,,,56.799,0.0,3693475000,3693475000,2659380000.0,-811855000.0,,5.9,3412698000,,,3412698000,5388996000,0.0,8240987000,0.029,0.5,-681834000.0,-681834000.0,-0.275,-681834000.0,-681834000.0,-809883000.0,-5.75,-5.75,-5.75,8471811000,,8471811000,11902329918.0,-15.0,-14.899,1066674000.0,7.151,1.0,-179894000.0,-0.073,1814544000,128049000.0,56359580000,,0,38170577000,,,49983090000,,,12183106918.0,1643443000.0,94220000.0,2437027000.0,690291000.0,-39071000.0,3870885000.0,-3296573000.0,-3390793000.0,1066674000.0,2457000.0,-811855000.0,-821937000.0,-821937000.0,0.0,0.0,-0.331,519830000.0,-699724000.0,2053786000,-0.087,1.438,-9.427,-7.423,0,10082000.0,67.85,1.08,0.85,5909610000,1824191000.0,2479486000.0,2479486000.0,0.0,,,,,5011000.0,517582000.0,1.0,179559424.0,149155000,149155000.0,16.624,56640357000,318399000,1972000.0,0,379.742,
52,XL1,ARQ,2005-09-30,2005-11-09,2005-09-30,2020-12-28,358673000,54860110000,,,,,50.546,0.0,2150609000,2150609000,2733926000.0,-1039121000.0,,6.793,2722162000,,,2722162000,5869857000,0.0,7685764000,0.028,0.5,-996711000.0,-996711000.0,-0.434,-996711000.0,-996711000.0,-1086459000.0,-7.53,-7.53,-7.53,7039300000,,7039300000,10435109458.0,37.0,37.12,551712000.0,3.962,1.0,-437619000.0,-0.191,1817210000,89748000.0,53614453000,,0,34818978000,,,47820810000,,,9863556458.0,-317166000.0,10098000.0,-544000.0,0.0,-79236000.0,207429000.0,-1075911000.0,-1086009000.0,551712000.0,-396000.0,-1039121000.0,-1049201000.0,-1049201000.0,0.0,0.0,-0.457,561001000.0,-998620000.0,1663123000,-0.066,1.401,-54.102,-56.144,0,10080000.0,70.18,0.886,0.878,6166889000,2715921000.0,2296307000.0,2296307000.0,0.0,,,,,7516000.0,558333000.0,1.0,140546544.0,139266000,139266000.0,16.489,53042900000,295796000,-47338000.0,0,380.875,
53,XL1,ARQ,2005-06-30,2005-08-04,2005-06-30,2020-12-28,589601000,53324898000,,,,,60.25,0.0,2467775000,2467775000,3282371000.0,145975000.0,,5.37,2721916000,,,2721916000,6064286000,0.0,7336323000,0.028,0.5,285517000.0,285517000.0,0.069,285517000.0,285517000.0,187751000.0,0.98,0.97,0.98,8371676000,,8371676000,10205664648.0,7.0,7.329,2360481000.0,16.988,1.0,826090000.0,0.201,1820148000,97766000.0,51758891000,,0,33755280000,,,44953222000,,,9951523648.0,180213000.0,-15867000.0,23645000.0,0.0,-79211000.0,822624000.0,-3002740000.0,-2986873000.0,2360481000.0,-152000.0,145975000.0,135895000.0,135895000.0,0.0,0.0,0.033,562981000.0,263109000.0,1611684000,0.51,1.189,11.19,11.006,0,10080000.0,70.88,0.888,0.879,6503883000,3834528000.0,4108461000.0,4108461000.0,0.0,,,,,11346000.0,559938000.0,1.0,140399600.0,138948000,140404000.0,29.568,51504750000,201700000,41776000.0,0,370.676,
54,XL1,ARQ,2005-03-31,2005-05-06,2005-03-31,2020-12-28,137441000,50867003000,,,,,56.617,0.0,2287562000,2287562000,1268688000.0,453025000.0,,5.509,2721672000,,,2721672000,6331537000,0.0,6400602000,0.027,0.5,594185000.0,594185000.0,0.247,594185000.0,594185000.0,505899000.0,3.21,3.18,3.21,7815069000,,7815069000,10783083743.0,7.0,6.883,270569000.0,1.96,1.0,1132473000.0,0.472,1824148000,88286000.0,49476965000,,0,30521014000,,,43051934000,,,10348973743.0,-16741000.0,18159000.0,12405000.0,0.0,-79137000.0,243092000.0,-528920000.0,-547079000.0,270569000.0,-1482000.0,453025000.0,442945000.0,442945000.0,0.0,0.0,0.184,544343000.0,588130000.0,1907854000,0.156,1.324,9.264,9.119,0,10080000.0,73.86,1.007,0.992,7230037000,3770527000.0,2401161000.0,2401161000.0,0.0,,,,,9131000.0,541550000.0,1.0,140116081.0,138035000,139147000.0,17.395,49042855000,277088000,52874000.0,0,355.293,
55,XL1,ARQ,2004-12-31,2005-03-11,2004-12-31,2020-12-28,460273000,49014632000,,,,,55.991,0.0,2304303000,2304303000,1422569000.0,298128000.0,,5.334,2721431000,,,2721431000,5191368000,0.0,5725590000,0.027,0.5,398124000.0,398124000.0,0.171,398124000.0,398124000.0,305779000.0,2.09,2.08,2.09,7738695000,,7738695000,10545561192.0,7.0,6.983,1295704000.0,9.375,1.0,899890000.0,0.387,1827782000,92345000.0,47603978000,,0,30065840000,,,41275937000,,,10128433192.0,-389401000.0,65273000.0,16412000.0,-12451000.0,-37582000.0,155981000.0,-1840126000.0,-1905399000.0,1295704000.0,-960000.0,298128000.0,288048000.0,288048000.0,0.0,0.0,0.124,593500000.0,306390000.0,1839224000,0.239,1.309,8.993,8.917,0,10080000.0,72.85,1.01,1.002,5926227000,3396639000.0,2322459000.0,2322459000.0,0.0,,,,,8633000.0,587443000.0,1.0,139031341.0,138212000,138795000.0,16.804,47186850000,288599000,7651000.0,0,341.409,
56,XL1,ARQ,2004-09-30,2004-11-05,2004-09-30,2020-12-28,343423000,46822950000,,,,,53.402,0.0,2267198000,2267198000,1737073000.0,32552000.0,,5.352,2730990000,,,2730990000,5644257000,0.0,5112045000,0.027,0.49,114606000.0,114606000.0,0.048,114606000.0,114606000.0,42894000.0,0.16,0.16,0.16,7371719000,,7371719000,10537126861.0,12.0,12.415,1116363000.0,8.087,1.0,632658000.0,0.267,1832643000,71712000.0,45454099000,,0,27931658000,,,39451231000,,,10073334861.0,-477680000.0,25046000.0,6391000.0,-19811000.0,-77432000.0,196439000.0,-1789628000.0,-1814674000.0,1116363000.0,-854000.0,32552000.0,22471000.0,22471000.0,0.0,0.0,0.009,616118000.0,16540000.0,1888804000,3.063,1.366,19.245,19.22,0,10081000.0,72.65,1.0,0.996,6522150000,3176414000.0,2369731000.0,2369731000.0,0.0,,,,,7542000.0,612862000.0,1.0,138655676.0,138043000,138932000.0,17.167,44990307000,268887000,10342000.0,0,325.915,
57,XL1,ARQ,2004-06-30,2004-08-09,2004-06-30,2020-12-28,29019000,45460035000,,,,,51.408,0.0,2744878000,2744878000,2106419000.0,373684000.0,,5.424,2743368000,,,2743368000,5963401000,0.0,4769276000,0.028,0.49,459821000.0,459821000.0,0.145,459821000.0,459821000.0,404860000.0,2.64,2.62,2.64,7076572000,,7076572000,9528842018.0,10.0,10.497,1433810000.0,10.416,1.0,1072843000.0,0.337,1841997000,54961000.0,43616528000,,0,25749873000,,,38383463000,,,9530352018.0,98021000.0,50332000.0,9351000.0,0.0,-77823000.0,388778000.0,-1723345000.0,-1773677000.0,1433810000.0,-1222000.0,373684000.0,363604000.0,363604000.0,0.0,0.0,0.114,598381000.0,474462000.0,1940905000,0.186,1.347,15.886,15.869,0,10080000.0,68.87,0.986,0.98,6961573000,3221292000.0,3179262000.0,3179262000.0,0.0,,,,,7432000.0,595124000.0,1.0,138381763.0,137655000,138741000.0,23.096,43618038000,307574000,31176000.0,0,316.865,
58,XL1,ARQ,2004-03-31,2004-05-10,2004-03-31,2020-12-28,631982000,44170320000,,,,,53.499,0.0,2646857000,2646857000,1098007000.0,462249000.0,,4.999,2736867000,,,2736867000,6103939000,0.0,4378401000,0.026,0.49,537663000.0,537663000.0,0.249,537663000.0,537663000.0,497606000.0,3.29,3.25,3.29,7362727000,,7362727000,10326393350.0,12.0,11.967,526633000.0,3.827,1.0,1059001000.0,0.491,1844911000,40057000.0,42415419000,,0,24328902000,,,36807593000,,,10236383350.0,243736000.0,-51654000.0,4724000.0,800195000.0,-77615000.0,952392000.0,-1238097000.0,-1186443000.0,526633000.0,2808000.0,462249000.0,452169000.0,452169000.0,0.0,0.0,0.21,525827000.0,533174000.0,1821166000,0.149,1.39,17.529,17.479,0,10080000.0,74.11,1.221,1.217,7363622000,2926477000.0,2157008000.0,2157008000.0,0.0,,,,,4786000.0,522570000.0,1.0,138124185.0,137624000,139044000.0,15.673,42325409000,256945000,35357000.0,0,307.544,
59,XL1,ARQ,2003-12-31,2004-03-15,2003-12-31,2020-12-28,490195000,40764215000,,,,,50.49,-3338000.0,2403121000,2403121000,2130376000.0,-304749000.0,,4.876,1905483000,,,1905483000,4729989000,0.0,4050334000,0.027,0.49,-263315000.0,-263315000.0,-0.111,-263315000.0,-263315000.0,-320629000.0,-2.31,-2.28,-2.31,6936915000,,6936915000,9501078229.0,15.0,14.812,1195058000.0,8.698,1.0,232972000.0,0.099,1845507000,57314000.0,38421070000,,0,22821164000,,,33827300000,,,9998716229.0,343512000.0,44037000.0,6848000.0,0.0,-35640000.0,359639000.0,-1216586000.0,-1257285000.0,1198396000.0,2063000.0,-304749000.0,-314829000.0,-314829000.0,0.0,0.0,-0.133,508011000.0,-275039000.0,1622310000,-0.212,1.441,26.903,26.731,0,10080000.0,72.44,1.247,1.237,5824403000,2541843000.0,2363348000.0,2363348000.0,0.0,,,,,5614000.0,504499000.0,1.0,138027557.0,137392000,138238000.0,17.201,38918708000,310077000,-15880000.0,0,283.268,
60,XL1,ARQ,2003-09-30,2003-11-14,2003-09-30,2020-12-28,587496000,39586850000,,,,,54.092,45307000.0,2059609000,2059609000,1273512000.0,109051000.0,,4.349,1898959000,,,1898959000,5161493000,0.0,3539431000,0.026,0.48,173612000.0,173612000.0,0.088,173612000.0,173612000.0,123941000.0,0.72,0.71,0.72,7401210000,,7401210000,10086521086.0,9.0,8.989,751341000.0,5.491,1.0,695820000.0,0.353,1677726000,49671000.0,37748474000,,0,21429945000,,,32185640000,,,10247171086.0,-947518000.0,-169650000.0,4352000.0,0.0,-75977000.0,323275000.0,-1977966000.0,-1853623000.0,706034000.0,1139000.0,109051000.0,98971000.0,98971000.0,0.0,0.0,0.05,537599000.0,158221000.0,2086144000,0.667,1.385,11.378,11.311,0,10080000.0,74.65,1.356,1.351,7065893000,2923462000.0,1969332000.0,1969332000.0,0.0,,,,,4072000.0,537224000.0,1.0,137269539.0,136826000,138423000.0,14.393,37909124000,302932000,14890000.0,0,277.061,
61,XL1,ARQ,2003-06-30,2003-08-14,2003-06-30,2020-12-28,684834000,39167529000,,,,,55.306,0.0,3007127000,3007127000,1020800000.0,357672000.0,,4.177,1890398000,,,1890398000,5199263000,0.0,3125060000,0.018,0.48,414963000.0,414963000.0,0.219,414963000.0,414963000.0,368681000.0,2.54,2.51,2.54,7565320000,,7565320000,9529156873.0,8.0,7.868,946664000.0,6.921,1.0,871088000.0,0.46,1655352000,46282000.0,36395448000,,0,20262764000,,,31602209000,,,10645885873.0,-145201000.0,-27527000.0,26403000.0,0.0,-76031000.0,562829000.0,-1655077000.0,-1627550000.0,946664000.0,383000.0,357672000.0,347659000.0,347659000.0,0.0,0.0,0.184,492833000.0,378255000.0,2387869000,0.189,1.407,10.8,10.721,0,10013000.0,77.62,1.343,1.339,6891523000,2890388000.0,1891888000.0,1891888000.0,0.0,,,,,4705000.0,492458000.0,1.0,137153902.0,136791000,138634000.0,13.831,37512177000,295431000,11009000.0,0,274.23,
62,XL1,ARQ,2003-03-31,2003-06-18,2003-03-31,2020-12-28,245861000,37461625000,,,,,50.011,0.0,3152328000,3152328000,1004812000.0,250005000.0,,4.499,1884158000,,,1884158000,5171414000,0.0,2448275000,0.022,0.48,316175000.0,316175000.0,0.176,316175000.0,316175000.0,270035000.0,1.76,1.74,1.76,6812245000,,6812245000,10566466893.0,14.0,13.769,579239000.0,4.252,1.0,787628000.0,0.439,1652998000,46140000.0,34540457000,,0,19103805000,,,30649380000,,,11834636893.0,-405487000.0,5666000.0,2936000.0,0.0,-75528000.0,-12416000.0,-971371000.0,-977037000.0,579239000.0,-939000.0,250005000.0,239857000.0,239857000.0,0.0,0.0,0.134,431206000.0,356422000.0,3547095000,0.273,1.737,21.663,21.552,0,10148000.0,86.64,1.642,1.638,7033584000,2608854000.0,1792440000.0,1792440000.0,0.0,,,,,3524000.0,430831000.0,1.0,136595532.0,136216000,137631000.0,13.159,35808627000,314490000,20030000.0,0,262.881,
63,XL1,ARQ,2003-03-31,2003-05-15,2003-03-31,2020-12-28,245861000,37461625000,,,,,50.011,0.0,3152328000,3152328000,1004812000.0,250005000.0,,4.499,1884158000,,,1884158000,5171414000,0.0,2448275000,0.023,0.48,316175000.0,316175000.0,0.176,316175000.0,316175000.0,270035000.0,1.76,1.74,1.76,6812245000,,6812245000,10041940050.0,13.0,13.085,579239000.0,4.252,1.0,787628000.0,0.439,1652998000,46140000.0,34540457000,,0,19103805000,,,30649380000,,,11310110050.0,-405487000.0,5666000.0,2936000.0,0.0,-75528000.0,-12416000.0,-971371000.0,-977037000.0,579239000.0,-939000.0,250005000.0,239857000.0,239857000.0,0.0,0.0,0.134,431206000.0,356422000.0,3547095000,0.273,1.66,20.703,20.597,0,10148000.0,82.8,1.57,1.565,7033584000,2608854000.0,1792440000.0,1792440000.0,0.0,,,,,3524000.0,430831000.0,1.0,136595532.0,136216000,137631000.0,13.159,35808627000,314490000,20030000.0,0,262.881,
64,XL1,ARQ,2002-12-31,2003-03-31,2002-12-31,2020-12-28,184814000,35647369000,,,,,48.345,-952000.0,3557815000,3557815000,1190718000.0,221390000.0,,4.426,1877957000,,,1877957000,4028299000,0.0,2373047000,0.027,0.48,217407000.0,217407000.0,0.114,217407000.0,217407000.0,182897000.0,1.58,1.56,1.58,6569589000,,6569589000,7953958466.0,13.0,13.339,906548000.0,6.671,1.0,714380000.0,0.375,1653700000,34510000.0,32313811000,,0,17955799000,,,29077780000,,,9633816466.0,820370000.0,-40395000.0,32039000.0,0.0,-59704000.0,737098000.0,-824543000.0,-783196000.0,907500000.0,315000.0,221390000.0,214139000.0,214139000.0,0.0,0.0,0.112,507449000.0,206931000.0,3470426000,0.304,1.466,24.331,24.24,0,7251000.0,70.78,1.465,1.459,5789719000,2434511000.0,1905098000.0,1905098000.0,0.0,,,,,3661000.0,502762000.0,1.0,136109303.0,135891000,137679000.0,14.019,33993669000,320624000,-38493000.0,0,250.154,
65,XL1,ARQ,2002-09-30,2002-11-08,2002-09-30,2020-12-28,35937000,34090827000,,,,,43.808,-2305000.0,2737445000,2737445000,1647923000.0,186436000.0,,4.731,1870210000,,,1870210000,4269803000,0.0,3946471000,0.024,0.0,262537000.0,262537000.0,0.112,262537000.0,262537000.0,210722000.0,1.36,1.34,1.36,5948676000,,5948676000,9634639359.0,52.0,51.894,1562004000.0,11.503,1.0,691854000.0,0.296,1646333000,51815000.0,31577259000,,0,17082438000,,,28142151000,,,10501874359.0,458691000.0,-403759000.0,3290000.0,0.0,-69095000.0,494799000.0,-1599946000.0,-1193882000.0,1564309000.0,-471000.0,186436000.0,184067000.0,184067000.0,0.0,0.0,0.079,441804000.0,250050000.0,4181248000,0.0,1.765,106.972,107.375,0,2369000.0,77.31,1.66,1.66,5829563000,2280366000.0,2339777000.0,2339777000.0,0.0,,,,,3775000.0,440929000.0,1.0,135841086.0,135790000,137349000.0,17.231,32444494000,287448000,24286000.0,0,238.931,
66,XL1,ARQ,2002-06-30,2002-08-06,2002-06-30,2020-12-28,-193051000,31189265000,,,,,39.624,-82000.0,2278754000,2278754000,863443000.0,-91748000.0,,4.802,1863816000,,,1863816000,4145201000,0.0,2828755000,0.034,0.94,-28709000.0,-28709000.0,-0.025,-28709000.0,-28709000.0,-68848000.0,-0.68,-0.68,-0.68,5375531000,,5375531000,8978367713.0,-9.0,-9.296,607874000.0,4.481,1.0,304625000.0,0.261,1648475000,40139000.0,29125852000,,0,14923553000,,,25813734000,,,9393305713.0,212341000.0,-51224000.0,11347000.0,0.0,-64288000.0,275909000.0,-671996000.0,-620690000.0,607956000.0,472000.0,-91748000.0,-91748000.0,-91748000.0,0.0,0.0,-0.079,355177000.0,-50552000.0,3481237000,-1.382,1.747,-10.145,-9.425,0,0.0,69.18,1.944,1.943,5869248000,2165394000.0,1168068000.0,1168068000.0,0.0,,,,,3513000.0,355166000.0,1.0,135780655.0,135662000,135662000.0,8.61,29540790000,389675000,22900000.0,0,217.753,
67,XL1,ARQ,2002-03-31,2002-05-14,2002-03-31,2020-12-28,-260250000,30717785000,,,,,40.335,-1170000.0,2066413000,2066413000,694687000.0,89493000.0,,4.636,1857670000,,,1857670000,4091367000,0.0,2409481000,0.02,0.0,145069000.0,145069000.0,0.125,145069000.0,145069000.0,103447000.0,0.66,0.65,0.66,5450064000,,5450064000,12240552349.0,-16.0,-15.71,-44490000.0,-0.329,1.0,470419000.0,0.404,1677597000,41622000.0,28831445000,,0,14246710000,,,25267721000,,,12449295349.0,202552000.0,-265288000.0,30187000.0,246814000.0,-63967000.0,209061000.0,36839000.0,303297000.0,-43320000.0,-28000.0,89493000.0,89493000.0,89493000.0,0.0,0.0,0.077,331491000.0,138928000.0,3369534000,0.0,2.284,-17.644,-16.323,0,0.0,91.9,2.795,2.787,5884167000,2323004000.0,1165106000.0,1165106000.0,0.0,,,,,3362000.0,330877000.0,1.0,135465673.0,135119000,137843000.0,8.623,29040188000,340875000,13954000.0,0,214.923,
68,XL1,ARQ,2001-12-31,2002-03-26,2001-12-31,2020-12-28,-213013000,27963075000,,,,,41.623,-4326000.0,1863861000,1863861000,1497373000.0,-83638000.0,,4.143,1604877000,,,1604877000,2682089000,0.0,2374164000,0.021,0.47,-193236000.0,-193236000.0,-0.117,-193236000.0,-193236000.0,-216348000.0,-0.62,-0.62,-0.62,5437184000,,5437184000,11793448621.0,-17.0,-16.831,754495000.0,5.776,1.0,155570000.0,0.094,1616943000,23112000.0,26087148000,,0,13740717000,,,22525891000,,,12052432621.0,-265651000.0,-61495000.0,857342000.0,36657000.0,-62315000.0,1090959000.0,-2115473000.0,-2049652000.0,758821000.0,42000.0,-83638000.0,-83638000.0,-83638000.0,0.0,0.0,-0.051,329336000.0,-173766000.0,2919149000,-0.758,2.217,-20.919,-19.549,0,0.0,88.95,2.971,2.778,4274535000,2297478000.0,1652943000.0,1652943000.0,0.0,,,,,10352000.0,314983000.0,1.0,135496713.0,130630000,130630000.0,12.654,26346132000,419222000,-132710000.0,0,201.685,
69,XL1,ARQ,2001-09-30,2001-10-29,2001-09-30,2020-12-28,-151060000,25665428000,,,,,38.163,-2973000.0,2129512000,2129512000,1403045000.0,-840032000.0,,4.362,1561207000,,,1561207000,2724416000,0.0,1471182000,0.021,0.0,-889004000.0,-889004000.0,-1.052,-889004000.0,-889004000.0,-907930000.0,-6.7,-6.7,-6.7,4786800000,,4786800000,10402313208.0,-19.0,-19.14,241246000.0,1.923,1.0,-558081000.0,-0.66,1629615000,18926000.0,23467508000,,0,11669863000,,,20878628000,,,10970618208.0,452531000.0,-298052000.0,-94141000.0,244376000.0,-58369000.0,122532000.0,85815000.0,386840000.0,244219000.0,-35000.0,-840032000.0,-840032000.0,-840032000.0,0.0,0.0,-0.994,331313000.0,-889394000.0,3691336000,0.0,2.292,-22.305,-22.449,0,0.0,88.0,3.61,3.633,4048216000,2443431000.0,844964000.0,844964000.0,0.0,,,,,-4775000.0,316268000.0,1.0,124666116.0,125431000,125431000.0,6.736,24035813000,203180000,-67898000.0,0,191.626,
70,XL1,ARQ,2001-06-30,2001-08-14,2001-06-30,2020-12-28,-247900000,18715683000,,,,,45.291,-8850000.0,1676981000,1676981000,386951000.0,128606000.0,,2.295,1294673000,,,1294673000,2188254000,0.0,1234317000,0.023,0.92,158009000.0,158009000.0,0.2,158009000.0,158009000.0,142209000.0,1.03,1.01,1.03,5679314000,,5679314000,9798761658.0,20.0,19.922,225153000.0,1.796,1.0,404768000.0,0.511,1575275000,15800000.0,16758100000,,0,10562372000,,,13036369000,,,10181069658.0,739695000.0,-18327000.0,11603000.0,791500000.0,-58854000.0,740948000.0,-235935000.0,-208758000.0,234003000.0,679000.0,128606000.0,128606000.0,128606000.0,0.0,0.0,0.162,247411000.0,157357000.0,1615965000,0.893,1.793,20.878,20.716,0,0.0,81.0,3.525,3.517,2241200000,3416578000.0,791719000.0,791719000.0,0.0,,,,,2777000.0,232708000.0,1.0,125692218.0,125396000,127765000.0,6.314,17140408000,162739000,13603000.0,0,136.69,
71,XL1,ARQ,2001-03-31,2001-05-15,2001-03-31,2020-12-28,-181241000,17630454000,,,,,45.49,-5749000.0,937286000,937286000,330204000.0,218929000.0,,2.114,500034000,,,500034000,2055679000,0.0,1226551000,0.024,0.0,223532000.0,223532000.0,0.291,223532000.0,223532000.0,216020000.0,1.76,1.73,1.76,5661806000,,5661806000,9079631726.0,19.0,18.854,194810000.0,1.565,1.0,436929000.0,0.57,1587467000,7512000.0,15605735000,,0,10537030000,,,11968648000,,,9516883726.0,6817000.0,-69233000.0,974000.0,50000000.0,-58090000.0,12884000.0,-205492000.0,-130510000.0,200559000.0,-1134000.0,218929000.0,218929000.0,218929000.0,0.0,0.0,0.285,212228000.0,224701000.0,1756332000,0.0,1.681,18.976,18.866,0,0.0,76.03,3.435,3.416,2047339000,3348554000.0,767133000.0,767133000.0,0.0,,,,,1998000.0,197760000.0,1.0,125172744.0,124464000,126782000.0,6.163,16042987000,158008000,-2909000.0,0,128.897,
72,XL1,ARQ,2000-12-31,2001-03-29,2000-12-31,2020-12-28,-104712000,16941952000,,,,,44.191,0.0,930469000,930469000,463185000.0,648000.0,,2.04,450032000,,,450032000,1741393000,0.0,1209926000,0.025,0.46,-36014000.0,-36014000.0,-0.057,-36014000.0,-36014000.0,-44442000.0,-0.01,0.01,-0.01,5573668000,,5573668000,8775748748.0,18.0,18.202,217790000.0,1.727,1.0,171539000.0,0.27,1591108000,8428000.0,14870407000,,0,10471922000,,,11368284000,,,9256185748.0,-1033000.0,-45411000.0,24124000.0,-4000.0,-56259000.0,-21247000.0,-195670000.0,-134305000.0,217790000.0,-1906000.0,648000.0,648000.0,648000.0,0.0,0.0,0.001,266609000.0,-95070000.0,1814376000,-46.0,1.661,18.28,18.145,0,0.0,73.85,3.406,3.384,1707514000,3197441000.0,634724000.0,634724000.0,0.0,,,,,1887000.0,249421000.0,1.0,125337654.0,126126000,125751000.0,5.032,15350844000,152168000,-45090000.0,0,121.71,
73,XL1,ARQ,2000-09-30,2000-11-14,2000-09-30,2020-12-28,-138400000,16368953000,,,,,44.957,0.0,931502000,931502000,338000000.0,139461000.0,,1.941,450030000,,,450030000,1776193000,0.0,1169487000,0.024,0.45,146338000.0,146338000.0,0.211,146338000.0,146338000.0,138516000.0,1.13,1.1,1.13,5566567000,,5566567000,8970257816.0,16.0,15.776,176159000.0,1.423,1.0,356581000.0,0.513,1595132000,7822000.0,14292349000,,0,10069037000,,,10802386000,,,9451729816.0,57355000.0,-4402000.0,13767000.0,-10996000.0,-55955000.0,-53184000.0,-65522000.0,-184830000.0,176159000.0,-98000.0,139461000.0,139461000.0,139461000.0,0.0,0.0,0.201,210442000.0,146139000.0,1657288000,0.398,1.698,16.691,16.74,0,0.0,76.0,3.419,3.404,1746145000,3264905000.0,694581000.0,694581000.0,0.0,,,,,2076000.0,196841000.0,1.0,124364866.0,123821000,126286000.0,5.61,14773821000,103533000,-945000.0,0,119.316,
74,XL1,ARQ,2000-06-30,2000-08-14,2000-06-30,2020-12-28,-129664000,16139372000,,,,,43.985,0.0,874147000,874147000,328540000.0,142484000.0,,1.949,461029000,,,461029000,1758014000,0.0,1048170000,0.026,0.9,147712000.0,147712000.0,0.219,147712000.0,147712000.0,140310000.0,1.15,1.13,1.15,5473145000,,5473145000,8129262770.0,14.0,,-116347000.0,-0.935,1.0,345446000.0,0.513,1609037000,7402000.0,14117217000,,0,9766691000,,,10666227000,,,8542380770.0,29851000.0,-35645000.0,-51078000.0,50300000.0,-56294000.0,-57072000.0,204081000.0,248343000.0,-116347000.0,-811000.0,142484000.0,142484000.0,142484000.0,0.0,0.0,0.211,197212000.0,148234000.0,1747948000,0.783,1.561,15.14,15.354,0,0.0,68.94,3.14,3.153,1937347000,3181398000.0,673986000.0,673986000.0,0.0,,,,,2002000.0,183456000.0,1.0,123910368.0,124431000,125680000.0,5.417,14530335000,103533000,-2174000.0,0,116.774,
75,XL1,ARQ,2000-03-31,2000-05-15,2000-03-31,2020-12-28,9931000,16208940000,,,,,44.367,0.0,844296000,844296000,302834000.0,223759000.0,,1.907,410726000,,,410726000,1762022000,0.0,1076566000,0.027,0.0,224107000.0,224107000.0,0.314,224107000.0,224107000.0,215612000.0,1.78,1.77,1.78,5575626000,,5575626000,5790882950.0,,,-15151000.0,-0.121,1.0,411334000.0,0.576,1621513000,8495000.0,14153857000,,0,9982551000,,,10633314000,,,6224452950.0,286547000.0,-98454000.0,-160702000.0,0.0,-57064000.0,-217766000.0,517198000.0,373934000.0,-15151000.0,2266000.0,223759000.0,223759000.0,223759000.0,0.0,0.0,0.313,187022000.0,224312000.0,1657151000,0.0,1.116,,,0,0.0,50.0,,,1818013000,3138948000.0,714168000.0,714168000.0,0.0,,,,,2896000.0,172970000.0,1.0,124489059.0,125671000,126764000.0,5.683,14587427000,103533000,-8147000.0,0,116.076,
76,XL1,ARQ,1999-12-31,2000-03-30,1999-12-31,2020-12-28,19311000,15090912000,,,,,43.686,0.0,557749000,557749000,428669000.0,60588000.0,,1.706,410726000,,,410726000,1497376000,0.0,837893000,0.034,0.45,50450000.0,50450000.0,0.074,50450000.0,50450000.0,48292000.0,0.48,0.47,0.48,5577078000,,5577078000,6263001956.0,13.0,13.373,-64090000.0,-0.502,1.0,253300000.0,0.371,1626946000,2158000.0,13316943000,,0,9768115000,,,9513834000,,,6410024956.0,60173000.0,-146287000.0,65714000.0,-7811000.0,-56991000.0,1352000.0,122198000.0,-595160000.0,-64090000.0,713000.0,60588000.0,60588000.0,60588000.0,0.0,0.0,0.089,202410000.0,50890000.0,1010176000,0.938,1.149,13.624,13.957,0,0.0,51.5,2.553,2.617,1493591000,3065150000.0,681969000.0,681969000.0,0.0,,,,,1298000.0,190318000.0,1.0,124466504.0,127664000,129035000.0,5.342,13463966000,97928000,-12296000.0,0,105.464,
77,XL1,ARQ,1999-09-30,1999-11-15,1999-09-30,2020-12-28,-68175000,14097842000,,,,,42.058,,497576000,497576000,310013000.0,137402000.0,,1.628,410655000,,,410655000,2076234000,,0,0.032,0.44,154521000.0,,,,154521000.0,139107000.0,1.08,1.07,1.08,5364254000,,5364254000,7026924006.0,,,,,1.0,340777000.0,0.524,1630752000,15414000.0,12380169000,,0,9020258000,,,8733588000,,,7113845006.0,,,,,,,,,,,137402000.0,137402000.0,137402000.0,0.0,0.0,0.211,185936000.0,154841000.0,1196966000,0.407,1.326,,,0,0.0,55.75,,,1556696000,3005442000.0,650790000.0,650790000.0,0.0,,,,,,172072000.0,1.0,127602601.0,127544000,129032000.0,5.102,12467090000,74888000,1705000.0,0,97.747,
78,XL1,ARQ,1999-06-30,1999-07-15,1999-05-31,2020-12-28,32664000,10848076000,,,,,44.026,0.0,563737000,563737000,152291000.0,179256000.0,,1.222,388700000,,,388700000,1275973000,0.0,0,0.033,0.88,185666000.0,185666000.0,0.424,185666000.0,185666000.0,181298000.0,1.62,1.59,1.62,4881894000,,4881894000,6652006503.0,10.0,10.117,149657000.0,1.35,1.0,285494000.0,0.652,1496959000,4368000.0,9176080000,,0,6852189000,,,5966182000,,,6827043503.0,39184000.0,-197396000.0,-46588000.0,87700000.0,-49237000.0,-8141000.0,-102332000.0,84408000.0,149657000.0,0.0,179256000.0,179256000.0,179256000.0,0.0,0.0,0.409,99449000.0,186045000.0,1029374000,0.543,1.398,10.791,9.156,0,0.0,53.56,4.499,3.914,1541108000,2600279000.0,437785000.0,437785000.0,0.0,,,,,1916000.0,88337000.0,1.0,127465338.0,110887000,112370000.0,3.948,9351117000,0,2042000.0,0,84.33,
79,XL1,ARQ,1999-03-31,1999-04-14,1999-02-28,2020-12-28,47504000,10519145000,,,,,43.025,0.0,524553000,524553000,143482000.0,191733000.0,,1.186,301000000,,,301000000,1273423000,0.0,0,0.022,0.44,198574000.0,198574000.0,0.457,198574000.0,198574000.0,194650000.0,1.71,1.69,1.71,4811389000,,4811389000,6134369738.0,10.0,9.507,173147000.0,1.548,1.0,290841000.0,0.67,1486794000,3924000.0,8808798000,,0,6759878000,,,5707756000,,,6357922738.0,80899000.0,-76857000.0,-38490000.0,0.0,-49249000.0,-92640000.0,392000.0,79141000.0,173147000.0,0.0,191733000.0,191733000.0,191733000.0,0.0,0.0,0.441,92662000.0,198179000.0,961677000,0.257,1.321,10.189,9.16,0,0.0,57.25,4.619,4.651,1418389000,2501306000.0,434323000.0,434323000.0,0.0,,,,,1963000.0,81524000.0,1.0,111055419.0,111827000,113763000.0,3.884,9032351000,0,2917000.0,0,80.771,
80,XL1,ARQ,1998-12-31,1999-03-04,1998-11-30,2020-12-28,159953000,10108650000,,,,,43.289,0.0,443654000,443654000,134058000.0,175861000.0,,1.098,301000000,,,301000000,1030074000,0.0,0,0.027,0.44,183891000.0,183891000.0,0.454,183891000.0,183891000.0,178513000.0,1.58,1.55,1.58,4817880000,,4817880000,6723711464.0,11.0,11.122,157605000.0,1.416,1.0,270973000.0,0.669,1500404000,5378000.0,8465592000,,0,6657809000,,,5290770000,,,6866365464.0,-197342000.0,26095000.0,-210090000.0,0.0,-68707000.0,-258731000.0,-157004000.0,-196827000.0,157605000.0,0.0,175861000.0,175861000.0,175861000.0,0.0,0.0,0.434,87387000.0,183586000.0,791177000,0.278,1.425,11.684,9.741,0,0.0,61.56,5.639,4.7,1219855000,2385457000.0,405031000.0,405031000.0,0.0,,,,,979000.0,76267000.0,1.0,111539400.0,111296000,113667000.0,3.639,8608246000,0,2652000.0,0,77.346,
81,XL1,ARQ,1998-12-31,1999-03-01,1998-11-30,2020-12-28,159953000,10108650000,,,,,43.289,0.0,443654000,443654000,134058000.0,175861000.0,,1.098,301000000,,,301000000,1030074000,0.0,0,0.028,0.44,183891000.0,183891000.0,0.454,183891000.0,183891000.0,178513000.0,1.58,1.55,1.58,4817880000,,4817880000,6536325272.0,11.0,10.812,162605000.0,1.461,1.0,270973000.0,0.669,1500404000,5378000.0,8465592000,,0,6657809000,,,5290770000,,,6678979272.0,-197342000.0,26095000.0,-210090000.0,0.0,-68707000.0,-258731000.0,-157004000.0,-196827000.0,162605000.0,0.0,175861000.0,175861000.0,175861000.0,0.0,0.0,0.434,87387000.0,183586000.0,791177000,0.278,1.386,11.365,9.475,0,0.0,59.88,5.485,4.572,1219855000,2385457000.0,405031000.0,405031000.0,0.0,,,,,979000.0,76267000.0,1.0,111539400.0,111296000,113667000.0,3.639,8608246000,0,2652000.0,0,77.346,
82,XL1,ARQ,1998-09-30,1998-10-15,1998-08-31,2020-12-28,-15432000,9945480000,,,,,49.271,0.0,550084000,550084000,91182000.0,85830000.0,,1.21,371324000,,,371324000,1167236000,0.0,0,0.022,0.44,89389000.0,89389000.0,0.372,89389000.0,89389000.0,86894000.0,0.94,0.91,0.94,4500308000,,4500308000,7894179958.0,,,113670000.0,1.245,1.0,149214000.0,0.621,1527873000,2495000.0,8238847000,,0,6303680000,,,5445172000,,,8072939958.0,-81158000.0,111381000.0,1828000.0,100000000.0,-26993000.0,74835000.0,-169271000.0,-124978000.0,113670000.0,0.0,85830000.0,85830000.0,85830000.0,0.0,0.0,0.357,60098000.0,89116000.0,835152000,0.468,1.794,,,0,0.0,73.38,,,1267462000,2258421000.0,240396000.0,240396000.0,0.0,,,,,1221000.0,53969000.0,1.0,110015535.0,91337000,94191000.0,2.632,8417607000,0,1064000.0,0,92.16,
83,XL1,ARQ,1998-06-30,1998-07-15,1998-05-31,2020-12-28,265525000,6677561000,,,,,33.162,0.0,645310000,645310000,83471000.0,170562000.0,,1.379,126000000,,,126000000,641303000,0.0,0,0.019,0.4,173371000.0,173371000.0,0.584,173371000.0,173371000.0,171509000.0,2.02,1.98,2.02,2806829000,,2806829000,6494927475.0,,,62325000.0,0.736,1.0,213182000.0,0.719,260843000,1862000.0,5897408000,,0,5003036000,,,3870732000,,,7014237475.0,314619000.0,11398000.0,-138734000.0,100000000.0,-20765000.0,-59499000.0,272189000.0,135007000.0,62325000.0,0.0,170562000.0,170562000.0,170562000.0,0.0,0.0,0.575,39488000.0,173694000.0,623848000,0.198,2.499,,,0,0.0,83.19,,,634996000,2255346000.0,296653000.0,296653000.0,0.0,,,,,1144000.0,36149000.0,1.0,84315873.0,84640000,86326000.0,3.505,6416718000,0,947000.0,0,75.812,
84,XL1,ARQ,1998-03-31,1998-04-21,1998-02-28,2020-12-28,244949000,6389654000,,,,,31.487,0.0,407535000,407535000,81772000.0,155410000.0,,1.4,101000000,,,101000000,688986000,0.0,0,0.019,0.8,157898000.0,157898000.0,0.573,157898000.0,157898000.0,156110000.0,1.84,1.81,1.84,2662056000,,2662056000,6318176669.0,,,98270000.0,1.162,1.0,193796000.0,0.703,265731000,1788000.0,5817388000,,0,4968378000,,,3727598000,,,6624711669.0,12936000.0,-12517000.0,3823000.0,-40000000.0,-33829000.0,-70006000.0,-15328000.0,1859000.0,98270000.0,0.0,155410000.0,155410000.0,155410000.0,0.0,0.0,0.564,34817000.0,158979000.0,501388000,0.435,2.489,,,0,0.0,78.25,,,626751000,2132700000.0,275568000.0,275568000.0,0.0,,,,,1017000.0,31479000.0,1.0,84660852.0,84544000,86004000.0,3.259,6123923000,0,700000.0,0,72.435,
85,XL1,ARQ,1998-03-31,1998-04-14,1998-02-28,2020-12-28,244949000,6389654000,,,,,31.487,0.0,407535000,407535000,81772000.0,155410000.0,,1.4,101000000,,,101000000,688986000,0.0,0,0.023,0.8,157898000.0,157898000.0,0.573,157898000.0,157898000.0,156110000.0,1.84,1.81,1.84,2662056000,,2662056000,6466333160.0,,,98270000.0,1.162,1.0,193797000.0,0.703,265731000,1788000.0,5817388000,,0,4968378000,,,3727598000,,,6772868160.0,12936000.0,-12517000.0,3823000.0,-40000000.0,-33829000.0,-70006000.0,-15328000.0,1859000.0,98270000.0,0.0,155410000.0,155410000.0,155410000.0,0.0,0.0,0.564,34817000.0,158980000.0,501388000,0.435,2.544,,,0,0.0,80.0,,,626751000,2132700000.0,275569000.0,275569000.0,0.0,,,,,1017000.0,31479000.0,1.0,84660852.0,84544000,86004000.0,3.259,6123923000,0,700000.0,0,72.435,
86,XL1,ARQ,1997-12-31,1998-02-25,1997-11-30,2020-12-28,188444000,6088462000,,,,,28.703,,394599000,394599000,,,,1.456,141000000,,,141000000,607617000,,0,0.022,0.4,,,,,,,,,,2479130000,,2479130000,,,,,,1.0,,,267695000,,5567168000,,0,4799308000,,,3609332000,,,,,,,,,,,,,,,,,,,,,,492573000,,,,8.482,0,,66.5,,4.956,519179000,2011119000.0,,,,,,,,,,1.0,,86373000,,,5820767000,0,,0,67.391,
0,XL1,ART,2018-06-30,2018-08-03,2018-06-30,2020-12-28,51264000,63585889000,64037574000.0,,,0.181,37.388,0.0,3030567000,3030567000,8277423000.0,-515996000.0,,5.417,3217123000,,,3217123000,9539454000,105387000.0,940557000,0.016,0.88,-279446000.0,-174059000.0,-0.015,-174059000.0,-279446000.0,-467307000.0,-2.14,-2.17,-2.14,9660011000,9769176000.0,9660011000,14748909798.0,-53.0,-84.735,-449052000.0,-1.738,1.0,3345175000.0,0.288,2201085000,187861000.0,61571360000,61675209250.0,0,36112823000,,,52328883000,,,14562353798.0,-260752000.0,431512000.0,-54183000.0,-17909000.0,-226369000.0,-908618000.0,1093760000.0,746177000.0,-449052000.0,3158000.0,-543217000.0,-543217000.0,-543217000.0,0.0,27221000.0,-0.047,3613319000.0,-268144000.0,4289302000,-0.411,1.507,-26.808,-26.294,0,0.0,56.27,1.253,1.251,9561332000,1764855000.0,11622598000.0,11622598000.0,0.0,-0.008,-0.056,-0.005,-0.024,66150000.0,3613319000.0,1.0,258794274.0,258375000,263822000.0,44.983,61384804000,372520000,75910000.0,0,237.58,
1,XL1,ART,2018-03-31,2018-05-04,2018-03-31,2020-12-28,312255000,65337963000,63736664250.0,,,0.179,37.476,0.0,3639786000,3639786000,8082675000.0,-542753000.0,,5.619,3240461000,,,3240461000,9687293000,100090000.0,982963000,0.016,0.88,-289520000.0,-189430000.0,-0.017,-189430000.0,-289520000.0,-482713000.0,-2.21,-2.24,-2.21,9628529000,10124311250.0,9628529000,13945942034.0,-48.0,-73.621,-157308000.0,-0.612,1.0,3305063000.0,0.29,2230506000,193193000.0,62708132000,61296156000.0,0,36973434000,,,54102741000,,,14345267034.0,129638000.0,453520000.0,-298947000.0,540402000.0,-169840000.0,-515664000.0,768681000.0,434896000.0,-157308000.0,33929000.0,-560593000.0,-560593000.0,-560593000.0,0.0,17840000.0,-0.049,3577682000.0,-272619000.0,4749670000,-0.398,1.49,-25.589,-25.131,0,0.0,55.54,1.26,1.253,9457173000,1503797000.0,11387738000.0,11387738000.0,0.0,-0.009,-0.055,-0.005,-0.025,66953000.0,3577682000.0,1.0,258287127.0,256922000,261176000.0,44.324,63107457000,356667000,77880000.0,0,245.629,
2,XL1,ART,2017-12-31,2018-02-23,2017-12-31,2020-12-28,889431000,63436236000,62658328250.0,,,0.181,37.894,0.0,3593451000,3593451000,8041109000.0,-490137000.0,,5.278,3220769000,,,3220769000,8307431000,97038000.0,1042677000,0.02,0.88,-310969000.0,-213931000.0,-0.019,-213931000.0,-310969000.0,-501328000.0,-2.16,-2.16,-2.16,9848317000,10460900000.0,9848317000,10790276662.0,-35.0,-50.438,33319000.0,0.128,1.0,3287048000.0,0.29,2225751000,190359000.0,60837803000,60106919500.0,0,37555645000,,,51974916000,,,11162958662.0,8966000.0,417505000.0,-520980000.0,540402000.0,-228232000.0,-743778000.0,662726000.0,321764000.0,33319000.0,56699000.0,-560398000.0,-560398000.0,-560398000.0,0.0,70261000.0,-0.049,3545199000.0,-258151000.0,4039105000,-0.407,1.133,-19.92,-20.116,0,0.0,43.45,0.985,0.997,8066111000,1198386000.0,11328157000.0,11328157000.0,0.0,-0.009,-0.054,-0.005,-0.027,64199000.0,3545199000.0,1.0,256915044.0,259894000,259894000.0,43.588,61210485000,332024000,59070000.0,0,235.521,
3,XL1,ART,2017-09-30,2017-11-03,2017-09-30,2020-12-28,968928000,63790208000,61407794750.0,,,0.184,38.673,0.0,3189715000,3189715000,7782851000.0,-240380000.0,,5.258,3210063000,,,3210063000,8344536000,86158000.0,1030290000,0.021,0.86,-112017000.0,-25859000.0,-0.002,-25859000.0,-112017000.0,-302942000.0,-1.22,-1.27,-1.22,9939847000,10733448750.0,9939847000,10271187479.0,-92.0,-397.2,449540000.0,1.749,1.0,3537571000.0,0.312,2227014000,190925000.0,61583542000,58721877250.0,0,38145297000,,,52261698000,,,10250839479.0,-363189000.0,206851000.0,-662740000.0,540402000.0,-225320000.0,-879293000.0,57353000.0,-106986000.0,449540000.0,9211000.0,-284526000.0,-284526000.0,-284526000.0,0.0,44146000.0,-0.025,3575308000.0,-37737000.0,3979569000,-0.705,1.031,-36.028,-32.82,0,0.0,40.04,0.906,0.909,8354358000,1226814000.0,11320422000.0,11320422000.0,0.0,-0.005,-0.027,-0.002,-0.01,70032000.0,3575308000.0,1.0,256014972.0,257022000,261298000.0,44.045,61563194000,301322000,-18416000.0,0,239.525,
4,XL1,ART,2017-06-30,2017-08-04,2017-06-30,2020-12-28,921165000,62382250000,60653255250.0,,,0.182,42.456,0.0,3315052000,3315052000,6203214000.0,962183000.0,,4.447,3207339000,,,3207339000,8848374000,95987000.0,1123628000,0.019,0.84,1095680000.0,1191667000.0,0.108,1191667000.0,1095680000.0,889229000.0,3.1,3.04,3.1,11080552000,11151528500.0,11080552000,11311470315.0,10.0,9.492,618837000.0,2.371,1.0,4821344000.0,0.437,2219390000,206451000.0,60055147000,57736387750.0,0,37629851000,,,49279843000,,,11419183315.0,-182927000.0,155484000.0,-766536000.0,558311000.0,-224619000.0,-614680000.0,-193715000.0,-444395000.0,618837000.0,6631000.0,829764000.0,829764000.0,829764000.0,0.0,132419000.0,0.075,3632613000.0,1188731000.0,3697073000,0.271,1.031,13.762,14.281,0,0.0,44.27,1.036,1.048,8171056000,2365888000.0,11024558000.0,11024558000.0,0.0,0.014,0.074,0.019,0.099,67734000.0,3632613000.0,1.0,257944055.0,260990000,264943000.0,42.241,60162860000,293219000,59465000.0,0,230.518,
5,XL1,ART,2017-03-31,2017-05-04,2017-03-31,2020-12-28,844974000,61024619000,60357252750.0,,,0.18,41.307,0.0,3513174000,3513174000,6304404000.0,700966000.0,,4.376,2648353000,,,2648353000,8581973000,114900000.0,1121194000,0.019,0.82,813023000.0,927923000.0,0.085,927923000.0,813023000.0,604852000.0,2.1,2.05,2.1,10974884000,11302687500.0,10974884000,10246450570.0,13.0,11.042,1038953000.0,3.91,1.0,4579816000.0,0.421,2208612000,208171000.0,57951186000,57254597000.0,0,37030417000,,,48023993000,,,11111271570.0,531754000.0,53378000.0,-862978000.0,-8248000.0,-223292000.0,-1267419000.0,768293000.0,575595000.0,1038953000.0,-8073000.0,571926000.0,571926000.0,571926000.0,0.0,129040000.0,0.053,3669292000.0,910524000.0,3537628000,0.39,1.012,19.428,20.238,0,0.0,42.5,1.021,1.037,7483180000,2193112000.0,10884220000.0,10884220000.0,0.0,0.009,0.051,0.014,0.075,72988000.0,3669292000.0,1.0,261441684.0,265690000,269767000.0,40.966,58816007000,302301000,32926000.0,0,221.371,
6,XL1,ART,2016-12-31,2017-02-23,2016-12-31,2020-12-28,715546000,58434102000,60262521000.0,,,0.175,39.212,0.0,3580492000,3580492000,6101079000.0,570145000.0,,4.157,2647677000,,,2647677000,7293028000,118063000.0,1116233000,0.019,0.8,692860000.0,810923000.0,0.077,810923000.0,692860000.0,483097000.0,1.58,1.56,1.58,10938512000,11481152500.0,10938512000,9965480933.0,14.0,12.289,915337000.0,3.281,1.0,4445007000.0,0.421,2203653000,209763000.0,55297634000,57287819000.0,0,36887912000,,,45473423000,,,10898295933.0,170752000.0,-354189000.0,-1041196000.0,-8248000.0,-222761000.0,-1424610000.0,737767000.0,892932000.0,915337000.0,-57742000.0,440968000.0,440968000.0,440968000.0,0.0,129177000.0,0.042,3684033000.0,760974000.0,2677726000,0.506,0.996,24.714,26.032,0,0.0,41.13,1.033,1.088,6228866000,2151794000.0,10546086000.0,10546086000.0,0.0,0.007,0.038,0.012,0.066,81001000.0,3684033000.0,1.0,264971941.0,278957000,282758000.0,37.805,56230449000,310542000,42129000.0,0,201.574,
7,XL1,ART,2016-09-30,2016-11-04,2016-09-30,2020-12-28,1519805000,60772050000,60324730000.0,,,0.17,42.433,0.0,3543395000,3543395000,5955811000.0,495110000.0,,4.063,2647000000,,,2647000000,7724957000,127665000.0,1138789000,0.023,0.8,577700000.0,705365000.0,0.069,705365000.0,577700000.0,368033000.0,1.25,1.22,1.25,11612166000,11665794250.0,11612166000,8402313831.0,15.0,11.912,755667000.0,2.761,1.0,4328271000.0,0.421,2234071000,209667000.0,57641584000,57390014000.0,0,38637550000,,,47179170000,,,9298708831.0,53207000.0,-467165000.0,-1075032000.0,-95695000.0,-228832000.0,-1578661000.0,897447000.0,1190379000.0,755667000.0,-21246000.0,364818000.0,364818000.0,364818000.0,0.0,130292000.0,0.035,3750784000.0,577487000.0,3068641000,0.64,0.801,25.489,27.648,0,0.0,34.56,0.904,0.92,6556093000,1924516000.0,10284082000.0,10284082000.0,0.0,0.006,0.031,0.01,0.056,77250000.0,3750784000.0,1.0,269059862.0,273660000,277094000.0,37.58,58537979000,219905000,3215000.0,0,213.908,
8,XL1,ART,2016-06-30,2016-08-08,2016-06-30,2020-12-28,1408587000,61198240000,60235848250.0,,,0.17,41.467,0.0,3498607000,3498607000,5944997000.0,451604000.0,,4.068,2646324000,,,2646324000,8274300000,121607000.0,1178113000,0.024,0.8,482074000.0,603681000.0,0.059,603681000.0,482074000.0,269923000.0,1.08,1.06,1.08,11685188000,11747310000.0,11685188000,8474782775.0,18.0,14.039,762306000.0,2.705,1.0,4320667000.0,0.421,2217973000,212151000.0,58127984000,57340086000.0,0,38106229000,,,47534308000,,,9327065775.0,475908000.0,-470394000.0,-1034096000.0,-95695000.0,-233194000.0,-1522989000.0,1284013000.0,1760035000.0,762306000.0,-47422000.0,321499000.0,321499000.0,321499000.0,0.0,130105000.0,0.031,3817753000.0,502914000.0,3087127000,0.741,0.798,29.011,31.407,0,0.0,33.92,0.909,0.931,7255602000,1931951000.0,10265664000.0,10265664000.0,0.0,0.005,0.027,0.008,0.047,78016000.0,3817753000.0,1.0,274972458.0,281793000,285082000.0,36.43,58980267000,224786000,-51576000.0,0,209.304,
9,XL1,ART,2016-03-31,2016-05-06,2016-03-31,2020-12-28,1094557000,60645692000,60373964750.0,,,0.171,40.034,0.0,2981916000,2981916000,5480405000.0,1322696000.0,,4.019,2653895000,,,2653895000,8217539000,103998000.0,1170595000,0.023,0.76,1377752000.0,1481750000.0,0.144,1481750000.0,1377752000.0,1171672000.0,4.08,4.02,4.08,11688744000,11887837500.0,11688744000,9097402170.0,7.0,6.14,409465000.0,1.402,1.0,4823133000.0,0.468,2233597000,206080000.0,58084074000,57631782750.0,0,38687427000,,,46977974000,,,9425423170.0,-389037000.0,-876431000.0,-814211000.0,-87447000.0,-225455000.0,-1298073000.0,535947000.0,1614134000.0,409465000.0,-36376000.0,1192756000.0,1192756000.0,1192756000.0,0.0,129940000.0,0.116,3723683000.0,1099450000.0,2658438000,0.186,0.806,7.902,8.115,0,0.0,33.11,0.915,0.938,6575480000,1982598000.0,10303538000.0,10303538000.0,0.0,0.02,0.1,0.024,0.134,76843000.0,3723683000.0,1.0,284669984.0,291969000,296666000.0,35.29,58412095000,245927000,-21084000.0,0,200.063,
10,XL1,ART,2015-12-31,2016-02-26,2015-12-31,2020-12-28,686616000,58682938000,56732680750.0,,,0.164,40.801,0.0,3411228000,3411228000,4882197000.0,1313339000.0,,3.856,2644970000,,,2644970000,7043358000,92313000.0,1168376000,0.021,0.72,1393206000.0,1485519000.0,0.16,1485519000.0,1393206000.0,1187991000.0,4.22,4.15,4.22,11677079000,11526665750.0,11677079000,9341512521.0,7.0,6.288,615556000.0,2.151,1.0,4426729000.0,0.476,2210266000,205215000.0,55706414000,54378702250.0,0,38191883000,,,45028475000,,,10107770521.0,734422000.0,-552296000.0,-458995000.0,893153000.0,-208516000.0,46811000.0,136432000.0,998739000.0,615556000.0,-64377000.0,1207152000.0,1207152000.0,1207152000.0,0.0,106187000.0,0.13,3284387000.0,1142342000.0,2247787000,0.171,0.866,8.373,8.209,0,0.0,34.64,1.086,1.065,5362317000,2077349000.0,9308926000.0,9308926000.0,0.0,0.021,0.105,0.026,0.15,74431000.0,3284387000.0,1.0,291794761.0,286194000,290999000.0,32.527,56472672000,282311000,-19161000.0,0,197.323,
11,XL1,ART,2015-09-30,2015-11-05,2015-09-30,2020-12-28,955082000,60416523000,53323651000.0,,,0.152,39.548,0.0,3487880000,3487880000,4212750000.0,1221734000.0,,3.896,2726917000,,,2726917000,7840331000,63269000.0,1194815000,0.018,0.68,1363673000.0,1426942000.0,0.176,1426942000.0,1363673000.0,1176410000.0,3.92,3.85,3.92,11938229000,11115834000.0,11938229000,10425856418.0,8.0,7.306,744659000.0,2.467,1.0,3912468000.0,0.482,2213688000,187263000.0,57441872000,51387007000.0,0,39046252000,,,46516015000,,,11186819418.0,986336000.0,-458747000.0,-458588000.0,980600000.0,-189160000.0,167223000.0,172435000.0,952401000.0,744659000.0,-97981000.0,1118102000.0,1118102000.0,1118102000.0,0.0,103632000.0,0.138,2835447000.0,1077021000.0,2450232000,0.173,0.937,10.005,9.584,0,0.0,37.57,1.377,1.396,5778680000,1943747000.0,8125218000.0,8125218000.0,0.0,0.021,0.101,0.027,0.168,73678000.0,2835447000.0,1.0,297759367.0,301867000,306954000.0,26.917,58202835000,252492000,58308000.0,0,192.81,
12,XL1,ART,2015-06-30,2015-08-10,2015-06-30,2020-12-28,1076174000,61750706000,49696959250.0,,,0.143,42.317,0.0,2976479000,2976479000,3605575000.0,1246530000.0,,3.882,2726455000,,,2726455000,8548841000,56360000.0,1212206000,0.016,0.64,1466796000.0,1523156000.0,0.215,1523156000.0,1466796000.0,1288611000.0,4.1,4.03,4.1,12247298000,10591540250.0,12247298000,11640000290.0,8.0,7.642,630059000.0,2.177,1.0,3493273000.0,0.492,2205911000,178185000.0,59294771000,48218493250.0,0,39847542000,,,47545601000,,,11890024290.0,-230298000.0,-497040000.0,-554547000.0,380600000.0,-171617000.0,-511375000.0,-207163000.0,610300000.0,630059000.0,-141819000.0,1163204000.0,1163204000.0,1163204000.0,0.0,83326000.0,0.164,2380269000.0,1113004000.0,2643450000,0.156,0.971,10.222,9.593,0,0.0,39.33,1.675,1.603,6423590000,2014217000.0,7098848000.0,7098848000.0,0.0,0.023,0.11,0.03,0.207,80365000.0,2380269000.0,1.0,302314373.0,289420000,293983000.0,24.528,59544795000,204155000,125407000.0,0,205.738,
13,XL1,ART,2015-03-31,2015-05-11,2015-03-31,2020-12-28,1705170000,46080556000,46221511500.0,,,0.135,40.059,0.0,3209934000,3209934000,3345478000.0,51033000.0,,3.361,2643561000,,,2643561000,4532022000,52064000.0,1211203000,0.017,0.64,198301000.0,250365000.0,0.04,250365000.0,198301000.0,55698000.0,-0.09,-0.11,-0.09,10244057000,10038288000.0,10244057000,10714752269.0,54.0,42.797,798094000.0,3.121,1.0,2891580000.0,0.464,442431000,142603000.0,45071752000,45041093250.0,0,33186439000,,,34434133000,,,11281125269.0,733887000.0,429469000.0,-620594000.0,380600000.0,-166695000.0,-735305000.0,815787000.0,505875000.0,798094000.0,-144689000.0,-31096000.0,-31096000.0,-31096000.0,0.0,82129000.0,-0.005,2048947000.0,842633000.0,634097000,-7.111,1.101,-362.784,-408.778,0,0.0,36.79,1.809,1.508,3036750000,1175182000.0,6237058000.0,6237058000.0,0.0,-0.001,-0.003,0.004,0.032,83608000.0,2048947000.0,1.0,306635642.0,255724000,260704000.0,24.39,45638125000,192286000,86794000.0,0,178.466,
14,XL1,ART,2014-12-31,2015-02-25,2014-12-31,2020-12-28,1484458000,45046819000,46391094250.0,,,0.142,37.565,0.0,2521814000,2521814000,3501356000.0,268838000.0,,3.35,1662580000,,,1662580000,3973132000,56118000.0,1245367000,0.018,0.64,419343000.0,475461000.0,0.072,475461000.0,419343000.0,285237000.0,0.71,0.69,0.71,10033752000,10038514250.0,10033752000,8242607355.0,20.0,17.336,963184000.0,3.606,1.0,3100911000.0,0.47,447952000,134106000.0,43739633000,45295646250.0,0,33371283000,,,33611052000,,,9101841355.0,720982000.0,439559000.0,-795586000.0,-600000000.0,-169620000.0,-1863708000.0,1711621000.0,1465553000.0,963184000.0,-90115000.0,188340000.0,188340000.0,188340000.0,0.0,80498000.0,0.029,2079433000.0,1021478000.0,535521000,0.901,0.907,48.327,50.225,0,0.0,35.66,1.379,1.443,2698017000,1187640000.0,6602267000.0,6602267000.0,0.0,0.004,0.019,0.009,0.064,81287000.0,2079433000.0,1.0,255239522.0,267103000,271527000.0,24.718,44598867000,204491000,96897000.0,0,166.973,
15,XL1,ART,2014-09-30,2014-11-03,2014-09-30,2020-12-28,1231929000,45909756000,46542611250.0,,,0.152,37.227,0.0,2353734000,2353734000,3803647000.0,429431000.0,,3.525,1662206000,,,1662206000,4301271000,55593000.0,1242696000,0.018,0.62,553110000.0,608703000.0,0.086,608703000.0,553110000.0,412601000.0,1.23,1.21,1.23,9841054000,10029484500.0,9841054000,8046169639.0,15.0,13.219,655113000.0,2.478,1.0,3263518000.0,0.462,450411000,140509000.0,44767817000,45786649750.0,0,33925427000,,,34688982000,,,8737697639.0,222841000.0,439964000.0,-768555000.0,-7385000.0,-168514000.0,-1262615000.0,877796000.0,631766000.0,655113000.0,-47453000.0,349620000.0,349620000.0,349620000.0,0.0,79811000.0,0.049,2085155000.0,1178363000.0,693500000,0.504,0.888,24.992,27.528,0,0.0,33.86,1.236,1.267,2994809000,1115648000.0,7067165000.0,7067165000.0,0.0,0.008,0.035,0.012,0.078,66346000.0,2085155000.0,1.0,258053681.0,264353000,269140000.0,26.734,45459345000,209334000,62981000.0,0,171.965,
16,XL1,ART,2014-06-30,2014-08-07,2014-06-30,2020-12-28,1207034000,47848915000,46471768000.0,,,0.159,37.037,0.0,3071139000,3071139000,4047027000.0,490134000.0,,3.632,2262452000,,,2262452000,4704993000,61643000.0,1288376000,0.019,0.6,582289000.0,643932000.0,0.087,643932000.0,582289000.0,446705000.0,1.44,1.41,1.44,10034289000,10046195000.0,10034289000,7684629817.0,13.0,11.934,773954000.0,2.857,1.0,3354915000.0,0.453,455057000,135584000.0,46585171000,45783600250.0,0,34484417000,,,36440338000,,,8493316817.0,651057000.0,530912000.0,-644553000.0,592615000.0,-205236000.0,-569223000.0,413984000.0,-68597000.0,773954000.0,32342000.0,412884000.0,412884000.0,412884000.0,0.0,77250000.0,0.056,2110852000.0,1244063000.0,949136000,0.417,0.846,20.571,22.215,0,0.0,31.99,1.147,1.171,3618760000,1124195000.0,7401942000.0,7401942000.0,0.0,0.009,0.041,0.013,0.079,58652000.0,2110852000.0,1.0,265499119.0,270924000,270924000.0,27.321,47393858000,216312000,33821000.0,0,174.934,
17,XL1,ART,2014-03-31,2014-05-06,2014-03-31,2020-12-28,946661000,46758887000,45785823500.0,,,0.163,37.074,0.0,2476047000,2476047000,4188221000.0,1041591000.0,,3.431,2262824000,,,2262824000,4473478000,58081000.0,1497599000,0.018,0.58,1192893000.0,1250974000.0,0.168,1250974000.0,1192893000.0,1033190000.0,3.41,3.37,3.41,10244962000,10010765250.0,10244962000,8423165152.0,7.0,6.733,834401000.0,3.02,1.0,3278431000.0,0.439,455700000,159703000.0,46089964000,45124635000.0,0,34051771000,,,35154913000,,,8636388152.0,2760000.0,-41368000.0,-617008000.0,592615000.0,-203197000.0,-363215000.0,-495089000.0,-395537000.0,834401000.0,26663000.0,964843000.0,964843000.0,964843000.0,0.0,76748000.0,0.129,2128248000.0,1150183000.0,712130000,0.17,0.843,8.951,9.328,0,0.0,31.81,1.157,1.177,3508809000,1466897000.0,7466652000.0,7466652000.0,0.0,0.021,0.096,0.026,0.16,47377000.0,2128248000.0,1.0,271499156.0,276337000,280458000.0,27.02,46303187000,215286000,68347000.0,0,167.561,
18,XL1,ART,2013-12-31,2014-02-26,2013-12-31,2020-12-28,736657000,45652887000,45476667500.0,,,0.166,34.738,0.0,1800832000,1800832000,4197166000.0,1136647000.0,,3.431,2263203000,,,2263203000,3846526000,56229000.0,1509243000,0.019,0.56,1292883000.0,1349112000.0,0.179,1349112000.0,1292883000.0,1137421000.0,3.68,3.63,3.68,9997633000,10071361250.0,9997633000,8694388056.0,7.0,6.445,779977000.0,2.71,1.0,3344068000.0,0.443,411611000,155462000.0,45703647000,44680752500.0,0,34390929000,,,34303589000,,,8232017056.0,-817546000.0,-162724000.0,-662994000.0,592615000.0,-160155000.0,-394843000.0,-1197862000.0,-1083029000.0,779977000.0,-4818000.0,1059916000.0,1059916000.0,1059916000.0,0.0,76731000.0,0.141,2122501000.0,1221567000.0,362561000,0.152,0.823,7.767,8.103,0,0.0,29.82,1.092,1.138,2876252000,1264093000.0,7541234000.0,7541234000.0,0.0,0.023,0.105,0.029,0.171,46489000.0,2122501000.0,1.0,276056910.0,287801000,292069000.0,26.203,45241276000,237884000,77505000.0,0,157.196,
19,XL1,ART,2013-09-30,2013-10-31,2013-09-30,2020-12-28,762316000,45626383000,45410390500.0,,,0.166,34.717,0.0,2130893000,2130893000,4436768000.0,917927000.0,,3.469,1671062000,,,1671062000,4254939000,59692000.0,1505180000,0.017,0.53,1048518000.0,1108210000.0,0.147,1108210000.0,1048518000.0,896047000.0,2.89,2.85,2.89,9907896000,10199471000.0,9907896000,8185686260.0,8.0,7.386,1014815000.0,3.556,1.0,3105790000.0,0.412,410933000,152471000.0,44755619000,44263253750.0,0,33819520000,,,34373869000,,,8645517260.0,-1066412000.0,-157827000.0,-566812000.0,0.0,-154177000.0,-906581000.0,-1174670000.0,-1100418000.0,1014815000.0,24000.0,840584000.0,840584000.0,840584000.0,0.0,77343000.0,0.111,2109770000.0,996020000.0,627324000,0.183,0.873,10.285,10.578,0,0.0,30.57,1.146,1.157,3052241000,1012829000.0,7542558000.0,7542558000.0,0.0,0.019,0.082,0.024,0.139,51092000.0,2109770000.0,1.0,282810509.0,285393000,290490000.0,26.429,45215450000,222638000,55463000.0,0,158.432,
20,XL1,ART,2013-06-30,2013-08-05,2013-06-30,2020-12-28,710760000,45105137000,45498876750.0,,,0.164,34.17,0.0,2420082000,2420082000,4327214000.0,955003000.0,,3.424,1671634000,,,1671634000,4472108000,53494000.0,1534896000,0.016,0.5,1084306000.0,1137800000.0,0.152,1137800000.0,1084306000.0,931855000.0,2.98,2.94,2.98,9892570000,10325256250.0,9892570000,8312308942.0,8.0,7.306,932162000.0,3.22,1.0,3154719000.0,0.422,407379000,152451000.0,43949310000,44086637000.0,0,32795932000,,,33868067000,,,9060756942.0,-891064000.0,-206731000.0,-539791000.0,0.0,-108459000.0,-848484000.0,-979507000.0,-772776000.0,932162000.0,4765000.0,876838000.0,876838000.0,876838000.0,0.0,78165000.0,0.117,2102029000.0,1052690000.0,736580000,0.168,0.916,10.333,10.624,0,0.0,31.66,1.211,1.225,3522746000,928372000.0,7481933000.0,7481933000.0,0.0,0.019,0.085,0.025,0.145,48077000.0,2102029000.0,1.0,286189417.0,289513000,294333000.0,25.843,44697758000,246731000,55017000.0,0,154.389,
21,XL1,ART,2013-03-31,2013-05-07,2013-03-31,2020-12-28,1405110000,45522263000,45457631500.0,,,0.161,35.55,0.0,2473287000,2473287000,4230346000.0,903735000.0,,3.212,1672206000,,,1672206000,4342664000,56530000.0,1527323000,0.015,0.47,1052860000.0,1109390000.0,0.151,1109390000.0,1052860000.0,881253000.0,2.75,2.72,2.75,10487346000,10319066000.0,10487346000,8498381609.0,8.0,7.66,1048380000.0,3.554,1.0,3110110000.0,0.424,406748000,171607000.0,44314434000,43823663250.0,0,33488273000,,,33690417000,,,9299462609.0,-33031000.0,-101397000.0,-519141000.0,0.0,-134386000.0,-873503000.0,-182976000.0,-81579000.0,1048380000.0,-24932000.0,825296000.0,825296000.0,825296000.0,0.0,78439000.0,0.112,2084973000.0,1025137000.0,413326000,0.171,0.887,11.268,11.673,0,0.0,32.1,1.267,1.29,3295133000,707791000.0,7340456000.0,7340456000.0,0.0,0.018,0.08,0.024,0.143,51386000.0,2084973000.0,1.0,289702885.0,295000000,299469000.0,24.883,45115515000,172446000,55957000.0,0,152.934,
22,XL1,ART,2012-12-31,2013-02-28,2012-12-31,2020-12-28,1520011000,45387779000,45351818250.0,,,0.159,34.193,0.0,2618378000,2618378000,4251680000.0,730388000.0,,3.19,1672778000,,,1672778000,3755920000,57280000.0,1551398000,0.015,0.44,857367000.0,914647000.0,0.126,914647000.0,857367000.0,685162000.0,2.12,2.1,2.12,10510072000,10124735000.0,10510072000,7501999411.0,9.0,8.202,1056106000.0,3.436,1.0,2978800000.0,0.412,408527000,172205000.0,44033652000,43709671500.0,0,33980183000,,,33531382000,,,8447599411.0,-1206747000.0,-4652000.0,-397517000.0,-600000000.0,-134799000.0,-1344753000.0,-942593000.0,-937941000.0,1056106000.0,24493000.0,651134000.0,651134000.0,651134000.0,0.0,79254000.0,0.09,2087443000.0,891357000.0,245224000,0.208,0.804,12.974,13.509,0,0.0,28.64,1.168,1.218,2643291000,402321000.0,7230480000.0,7230480000.0,0.0,0.014,0.064,0.02,0.119,47472000.0,2087443000.0,1.0,294958080.0,307372000,310282000.0,23.524,44979252000,166142000,34028000.0,0,146.335,
23,XL1,ART,2012-09-30,2012-11-07,2012-09-30,2020-12-28,1423448000,45980328000,45161392750.0,,,0.156,34.224,0.0,3197305000,3197305000,4129153000.0,131450000.0,,3.287,1673350000,,,1673350000,4081557000,54991000.0,1561076000,0.018,0.44,330921000.0,385912000.0,0.055,385912000.0,330921000.0,148922000.0,0.19,0.18,0.19,10411037000,9853451500.0,10411037000,5669529183.0,17.0,14.691,855865000.0,2.814,1.0,2916246000.0,0.414,407221000,181999000.0,44049152000,43368498000.0,0,33364399000,,,34222909000,,,7193484183.0,21022000.0,27746000.0,128548000.0,-1175541000.0,-136472000.0,-1063142000.0,225610000.0,197864000.0,855865000.0,2689000.0,54149000.0,54149000.0,54149000.0,0.0,77301000.0,0.008,2519901000.0,396345000.0,789807000,2.316,0.691,132.846,125.947,0,0.0,23.93,1.021,1.033,3062386000,354206000.0,7045399000.0,7045399000.0,0.0,0.001,0.005,0.008,0.047,46982000.0,2090837000.0,1.0,300605273.0,304199000,307764000.0,23.16,45573107000,132931000,94773000.0,0,149.813,
24,XL1,ART,2012-06-30,2012-08-08,2012-06-30,2020-12-28,910760000,44940156000,45322607250.0,,,0.152,31.856,0.0,3311146000,3311146000,4243246000.0,95000.0,,3.418,1673921000,,,1673921000,4231975000,53031000.0,1600595000,0.019,0.44,236689000.0,289720000.0,0.042,289720000.0,236689000.0,43685000.0,-0.24,-0.24,-0.24,9867809000,9735742750.0,9867809000,5326751461.0,23.0,18.386,703471000.0,2.271,1.0,2642688000.0,0.384,405516000,193004000.0,42897415000,43579088250.0,0,31948168000,,,33726354000,,,6963976461.0,451804000.0,163034000.0,-57639000.0,-779141000.0,-138292000.0,-933084000.0,742216000.0,579182000.0,703471000.0,-60799000.0,-75355000.0,-75355000.0,-75355000.0,0.0,75450000.0,-0.011,2433176000.0,209512000.0,568569000,-1.833,0.706,-92.416,-94.917,0,0.0,22.78,1.011,1.025,3388667000,215788000.0,6885934000.0,6885934000.0,0.0,-0.002,-0.008,0.005,0.034,40010000.0,2003227000.0,1.0,305705727.0,309765000,312435000.0,22.23,44534640000,132508000,119040000.0,0,143.769,
25,XL1,ART,2012-03-31,2012-05-09,2012-03-31,2020-12-28,831516000,45099010000,45742946250.0,,,0.149,30.814,0.0,2506318000,2506318000,4246741000.0,3250000.0,,3.506,1674653000,,,1674653000,4250821000,51690000.0,1590188000,0.02,0.44,233949000.0,285639000.0,0.042,285639000.0,233949000.0,43206000.0,-0.22,-0.26,-0.22,9710022000,9675278000.0,9710022000,6103824027.0,26.0,21.369,417237000.0,1.324,1.0,2587636000.0,0.379,408878000,190743000.0,43858467000,44199840000.0,0,33066343000,,,34044521000,,,6935489027.0,-879487000.0,119469000.0,-23735000.0,-779141000.0,-105247000.0,-864446000.0,-430100000.0,-549569000.0,417237000.0,-2178000.0,-70848000.0,-70848000.0,-70848000.0,0.0,74098000.0,-0.01,2396428000.0,191208000.0,390760000,-2.0,0.714,-97.893,-101.136,0,0.0,22.25,1.015,1.026,3298574000,28557000.0,6834377000.0,6834377000.0,0.0,-0.002,-0.007,0.005,0.034,31720000.0,1966435000.0,1.0,311707372.0,315120000,317639000.0,21.688,44690132000,107651000,114054000.0,0,141.819,
26,XL1,ART,2011-12-31,2012-02-27,2011-12-31,2020-12-28,583064000,44626077000,45938729000.0,,,0.146,30.122,0.0,3825125000,3825125000,4613465000.0,-403883000.0,,3.592,2275327000,,,2275327000,3555310000,49800000.0,1608108000,0.022,0.44,-209461000.0,-159661000.0,-0.024,-159661000.0,-209461000.0,-415053000.0,-1.52,-1.52,-1.52,9424938000,9564572000.0,9424938000,4864554302.0,-23.0,-30.468,327202000.0,1.046,1.0,2083338000.0,0.311,407321000,205592000.0,42668958000,44264523000.0,0,31724254000,,,33856667000,,,6414352302.0,802257000.0,136281000.0,-90689000.0,-179141000.0,-138050000.0,-358716000.0,832103000.0,695822000.0,327202000.0,1668000.0,-474760000.0,-474760000.0,-474760000.0,0.0,70877000.0,-0.071,2339348000.0,-256010000.0,149046000,-0.289,0.681,-13.511,-13.368,0,0.0,20.32,0.958,0.949,2691355000,-99961000.0,6696803000.0,6696803000.0,0.0,-0.01,-0.05,-0.005,-0.031,29377000.0,1908890000.0,1.0,315666944.0,312896000,312896000.0,21.403,44218756000,115601000,59707000.0,0,141.321,
27,XL1,ART,2011-09-30,2011-11-03,2011-09-30,2020-12-28,456203000,46625186000,46038047500.0,,,0.142,31.889,0.0,3176283000,3176283000,4313516000.0,305736000.0,,3.59,2281335000,,,2281335000,4103846000,76967000.0,1636602000,0.02,0.43,528060000.0,605027000.0,0.092,605027000.0,528060000.0,313088000.0,0.71,0.67,0.71,9940202000,9861025750.0,9940202000,6008998799.0,11.0,9.932,130997000.0,0.42,1.0,2243542000.0,0.342,838725000,214972000.0,44891513000,44503629750.0,0,32552467000,,,35683200000,,,6903946799.0,-781346000.0,255755000.0,-816561000.0,396400000.0,-135313000.0,-843609000.0,-93474000.0,-349229000.0,130997000.0,24740000.0,236226000.0,228899000.0,228899000.0,0.0,69510000.0,0.035,1855880000.0,387662000.0,1127548000,0.606,0.695,30.162,30.338,0,7327000.0,21.54,1.053,1.024,3553886000,450534000.0,6557058000.0,6557058000.0,0.0,0.005,0.023,0.012,0.081,32341000.0,1854022000.0,1.0,320517493.0,311714000,313848000.0,21.035,45786461000,140670000,76862000.0,0,146.886,
28,XL1,ART,2011-06-30,2011-08-04,2011-06-30,2020-12-28,422971000,46621512000,45955761250.0,,,0.142,31.133,0.0,2859342000,2859342000,4142246000.0,339394000.0,,3.732,2461426000,,,2461426000,4205084000,64671000.0,1666275000,0.021,0.42,610495000.0,675166000.0,0.104,675166000.0,610495000.0,385825000.0,0.8,0.76,0.8,9625950000,10092822000.0,9625950000,5657531488.0,9.0,8.379,331056000.0,1.071,1.0,2376935000.0,0.365,843174000,224670000.0,45380422000,44271586750.0,0,33254616000,,,35922631000,,,6055447488.0,-941852000.0,156613000.0,-776816000.0,0.0,-133423000.0,-1620806000.0,209312000.0,52699000.0,331056000.0,138586000.0,303871000.0,264044000.0,264044000.0,0.0,35523000.0,0.041,1835343000.0,541592000.0,581625000,0.525,0.629,22.933,25.413,0,39827000.0,20.33,0.929,0.964,3354220000,443627000.0,6519181000.0,6519181000.0,0.0,0.006,0.026,0.014,0.094,32867000.0,1833905000.0,1.0,297857722.0,309184000,341989000.0,21.085,45778338000,146837000,81954000.0,0,148.062,
29,XL1,ART,2011-03-31,2011-05-09,2011-03-31,2020-12-28,175098000,45882141000,45630988000.0,,,0.14,29.752,0.0,3385805000,3385805000,4051786000.0,305554000.0,,3.835,2462917000,,,2462917000,4074090000,52392000.0,1670609000,0.017,0.41,591037000.0,643429000.0,0.101,643429000.0,591037000.0,372317000.0,0.63,0.63,0.63,9267198000,10313142500.0,9267198000,6345275306.0,11.0,9.862,451270000.0,1.449,1.0,2324905000.0,0.365,842054000,218720000.0,44117199000,43714669250.0,0,32352452000,,,35541995000,,,7268163306.0,10286000.0,283450000.0,-685504000.0,0.0,-133575000.0,-1519038000.0,1015346000.0,731896000.0,451270000.0,62708000.0,272213000.0,230192000.0,230192000.0,0.0,33341000.0,0.036,1779993000.0,544912000.0,384950000,0.651,0.784,31.574,37.286,0,42021000.0,23.49,1.14,1.147,3121365000,252242000.0,6376691000.0,6376691000.0,0.0,0.005,0.022,0.014,0.093,33840000.0,1778135000.0,1.0,309415211.0,311478000,311478000.0,20.472,45040087000,162513000,100104000.0,0,144.601,
30,XL1,ART,2010-12-31,2011-02-25,2010-12-31,2020-12-28,100795000,45023351000,45604620250.0,,,0.14,31.553,0.0,3022868000,3022868000,3725633000.0,643381000.0,,3.236,2464410000,,,2464410000,3484830000,40423000.0,1684606000,0.017,0.4,1019757000.0,1060180000.0,0.166,1060180000.0,1019757000.0,806114000.0,1.74,1.73,1.74,10610753000,10506733750.0,10610753000,6681813781.0,7.0,6.303,594756000.0,1.769,1.0,2672949000.0,0.418,839508000,213643000.0,43625385000,43690695500.0,0,32426639000,,,34338402000,,,7240271781.0,-620829000.0,319108000.0,-520842000.0,0.0,-133748000.0,-1473343000.0,261481000.0,-57627000.0,594756000.0,-3723000.0,643377000.0,585472000.0,585472000.0,0.0,4000.0,0.092,1761221000.0,911728000.0,156565000,0.23,0.682,12.367,13.379,0,57905000.0,23.28,1.132,1.224,2607955000,513777000.0,6398582000.0,6398582000.0,0.0,0.013,0.056,0.023,0.159,31291000.0,1759363000.0,1.0,311008238.0,336283000,337709000.0,19.027,44183843000,143525000,162737000.0,0,131.389,
31,XL1,ART,2010-09-30,2010-11-05,2010-09-30,2020-12-28,274187000,46296041000,45743701250.0,,,0.137,32.083,0.0,3957629000,3957629000,3783457000.0,413051000.0,,3.253,2465901000,,,2465901000,3824260000,0.0,1771489000,0.019,0.4,774822000.0,774822000.0,0.124,774822000.0,774822000.0,570498000.0,1.04,1.04,1.04,10867387000,10212149750.0,10867387000,5231363544.0,7.0,6.752,761433000.0,2.248,1.0,2477066000.0,0.396,840972000,204324000.0,43963341000,43669915750.0,0,32527506000,,,35354531000,,,6723091544.0,51352000.0,317832000.0,-270075000.0,0.0,-135958000.0,-1387691000.0,694774000.0,376942000.0,761433000.0,-17164000.0,413183000.0,357031000.0,357031000.0,0.0,-132000.0,0.057,1783404000.0,693662000.0,445718000,0.385,0.619,18.831,20.0,0,56152000.0,20.8,1.074,1.125,2754962000,357774000.0,6260523000.0,6260523000.0,0.0,0.008,0.035,0.018,0.124,30027000.0,1781568000.0,1.0,323225555.0,338724000,339819000.0,18.483,45455069000,116124000,157315000.0,0,134.195,
32,XL1,ART,2010-06-30,2010-08-06,2010-06-30,2020-12-28,-338733000,45322419000,45975001250.0,,,0.133,30.718,0.0,3801194000,3801194000,3830424000.0,324093000.0,,3.307,2467392000,,,2467392000,3842364000,0.0,2252124000,0.022,0.4,654543000.0,654543000.0,0.107,654543000.0,654543000.0,455359000.0,0.78,0.78,0.78,10507232000,9788682250.0,10507232000,4818974433.0,7.0,7.362,849235000.0,2.483,1.0,2295787000.0,0.375,835865000,199184000.0,43152752000,43908387250.0,0,31662059000,,,34743287000,,,6152776433.0,-188178000.0,388656000.0,-1925000.0,0.0,-136783000.0,-623730000.0,-349726000.0,-738382000.0,849235000.0,-63957000.0,324238000.0,268086000.0,268086000.0,0.0,-145000.0,0.044,1792792000.0,502995000.0,329586000,0.513,0.586,22.951,23.064,0,56152000.0,17.99,1.004,1.004,2992402000,345631000.0,6126211000.0,6126211000.0,0.0,0.006,0.027,0.015,0.107,28104000.0,1790956000.0,1.0,342010919.0,342056000,342878000.0,17.91,44486554000,169590000,131121000.0,0,130.056,
33,XL1,ART,2010-03-31,2010-05-06,2010-03-31,2020-12-28,-634546000,45776670000,45997450750.0,,,0.137,29.349,0.0,3375519000,3375519000,3914100000.0,215669000.0,,3.552,2461397000,,,2461397000,3938736000,0.0,2187375000,0.023,0.4,524197000.0,524197000.0,0.083,524197000.0,524197000.0,319964000.0,0.45,0.45,0.45,10041563000,9030179000.0,10041563000,5106549906.0,10.0,9.742,282249000.0,0.825,1.0,2384888000.0,0.379,841244000,204233000.0,44021304000,43875151000.0,0,32253299000,,,35663207000,,,6020671906.0,-1690668000.0,445367000.0,-1949000.0,0.0,-136769000.0,-782910000.0,-1272920000.0,-1718287000.0,282249000.0,82913000.0,215774000.0,156224000.0,156224000.0,0.0,-105000.0,0.025,1854856000.0,530032000.0,504991000,0.889,0.6,38.539,39.111,0,59550000.0,17.6,0.956,0.956,3252413000,188144000.0,6298988000.0,6298988000.0,0.0,0.003,0.017,0.012,0.083,28000000.0,1853020000.0,1.0,342083631.0,342148000,342760000.0,18.41,44935426000,135678000,104190000.0,0,131.333,
34,XL1,ART,2009-12-31,2010-03-01,2009-12-31,2020-12-28,-1142467000,45579675000,45546242500.0,,,0.136,27.693,0.0,3643697000,3643697000,3846399000.0,74887000.0,,3.813,2451417000,,,2451417000,3651310000,0.0,2208699000,0.022,0.4,411802000.0,411802000.0,0.066,411802000.0,411802000.0,195298000.0,0.61,0.61,0.61,9432417000,8055107750.0,9432417000,5164726145.0,13.0,12.542,-42760000.0,-0.126,1.0,2347248000.0,0.379,845129000,216504000.0,43542266000,42996004500.0,0,31822031000,,,35964585000,,,6357006145.0,-710129000.0,812329000.0,744374000.0,-745000000.0,-136757000.0,-962589000.0,214643000.0,-597686000.0,-42760000.0,80577000.0,74991000.0,206607000.0,206607000.0,0.0,-104000.0,0.033,1911217000.0,436031000.0,415866000,0.656,0.674,30.769,30.459,0,-131616000.0,18.58,1.026,1.022,3057063000,94460000.0,6193647000.0,6193647000.0,0.0,0.005,0.026,0.01,0.066,32231000.0,1909381000.0,1.0,342142419.0,340612000,340966000.0,18.184,44734546000,193868000,120307000.0,0,131.336,
35,XL1,ART,2009-09-30,2009-11-05,2009-09-30,2020-12-28,-1464523000,47221241000,45571825000.0,,,0.128,26.814,0.0,3906277000,3906277000,3882737000.0,-1309824000.0,,4.128,2452373000,,,2452373000,4185151000,0.0,2442800000,0.03,0.49,-898080000.0,-898080000.0,-0.154,-898080000.0,-898080000.0,-1151335000.0,-4.54,-4.54,-4.54,9173517000,7225811750.0,9173517000,4222013937.0,-5.0,-4.701,261754000.0,0.765,1.0,1965577000.0,0.336,850110000,253255000.0,44917227000,43026528750.0,0,32027415000,,,37865051000,,,5675917937.0,-1703726000.0,806259000.0,744293000.0,-745000000.0,-133052000.0,-1213835000.0,-780165000.0,-1586424000.0,261754000.0,28520000.0,-1309777000.0,-1186232000.0,-1186232000.0,0.0,-47000.0,-0.203,2905385000.0,-939808000.0,926854000,-0.108,0.619,-4.785,-3.654,0,-123545000.0,16.59,0.971,0.97,3450435000,168980000.0,5848314000.0,5848314000.0,0.0,-0.026,-0.164,-0.021,-0.154,36402000.0,1913278000.0,1.0,342128869.0,342118000,342620000.0,17.094,46371131000,288005000,158442000.0,0,135.541,
36,XL1,ART,2009-06-30,2009-08-06,2009-06-30,2020-12-28,-3202164000,45412217000,46461683250.0,,,0.131,21.842,0.0,3989372000,3989372000,4288858000.0,-2947439000.0,,5.052,2445230000,,,2445230000,4266872000,0.0,2436809000,0.041,0.58,-2466944000.0,-2466944000.0,-0.404,-2466944000.0,-2466944000.0,-2744730000.0,-10.6,-10.6,-10.6,7473219000,7097568250.0,7473219000,3273658627.0,-1.0,-1.327,-1595529000.0,-4.663,1.0,1817427000.0,0.298,848268000,277786000.0,43019807000,43433039000.0,0,29651637000,,,37756325000,,,4817800627.0,285123000.0,780233000.0,2974740000.0,-442250000.0,-161864000.0,1607266000.0,376397000.0,-403836000.0,-1595529000.0,-103011000.0,-2947399000.0,-2823854000.0,-2823854000.0,0.0,-40000.0,-0.462,2998863000.0,-1181436000.0,491212000,-0.055,0.645,-1.706,-1.328,0,-123545000.0,14.08,0.789,0.789,3759188000,214595000.0,6106285000.0,6106285000.0,0.0,-0.061,-0.398,-0.057,-0.404,50357000.0,2005835000.0,1.0,342173340.0,342154000,342468000.0,17.847,44563949000,314938000,202669000.0,0,130.245,
37,XL1,ART,2009-03-31,2009-05-08,2009-03-31,2020-12-28,-4241330000,43971837000,48128619500.0,,,0.135,18.266,0.0,5066187000,5066187000,4482952000.0,-2795089000.0,,6.13,2444981000,,,2444981000,4328689000,0.0,2577281000,0.077,0.86,-2268231000.0,-2268231000.0,-0.349,-2268231000.0,-2268231000.0,-2557260000.0,-9.48,-9.49,-9.48,6141278000,7421561750.0,6141278000,1182923882.0,-1.0,-0.522,-1018461000.0,-3.029,1.0,2022463000.0,0.311,845913000,289029000.0,40504718000,45028936000.0,0,27324001000,,,37647886000,,,3804129882.0,1161221000.0,776930000.0,2974397000.0,-442250000.0,-228542000.0,818911000.0,1574303000.0,797373000.0,-1018461000.0,-213532000.0,-2795089000.0,-2665952000.0,-2665952000.0,0.0,0.0,-0.41,3055863000.0,-1033400000.0,1103820000,-0.091,0.619,-1.427,-1.173,0,-129137000.0,11.12,0.585,0.575,3908589000,-100616000.0,6505415000.0,6505415000.0,0.0,-0.055,-0.359,-0.05,-0.349,57544000.0,2062879000.0,1.0,342098011.0,336217000,336218000.0,19.349,43125924000,324552000,237829000.0,0,128.268,
38,XL1,ART,2008-12-31,2009-03-02,2008-12-31,2020-12-28,-3364927000,45682005000,50835929000.0,,,0.141,25.602,0.0,4353826000,4353826000,4731902000.0,-2553813000.0,,6.388,3189734000,,,3189734000,4217931000,0.0,2710987000,0.352,1.14,-1979435000.0,-1979435000.0,-0.277,-1979435000.0,-1979435000.0,-2331235000.0,-11.02,-11.02,-11.02,6115233000,8200080000.0,6115233000,-55331052.0,0.0,0.028,-427260000.0,-1.789,1.0,2416217000.0,0.338,853550000,351800000.0,43664363000,47883489250.0,0,29476780000,,,39065174000,,,1108760948.0,473796000.0,384130000.0,2226034000.0,302750000.0,-261373000.0,-2829297000.0,3809233000.0,3425103000.0,-427260000.0,-78880000.0,-2553813000.0,-2632458000.0,-2632458000.0,0.0,0.0,-0.368,3099333000.0,-683116000.0,786463000,-0.103,0.181,-0.421,-0.294,0,78645000.0,3.24,0.155,0.108,4936381000,-315529000.0,7148119000.0,7148119000.0,0.0,-0.052,-0.321,-0.041,-0.277,57617000.0,2106394000.0,1.0,342210169.0,238862000,238862000.0,29.926,44828455000,331348000,222578000.0,0,187.675,
39,XL1,ART,2008-09-30,2008-11-03,2008-09-30,2020-12-28,-2799939000,50780674000,53855993750.0,,,0.148,31.976,0.0,5610003000,5610003000,4964407000.0,-2347169000.0,,4.863,3189482000,,,3189482000,4998530000,0.0,2769682000,0.13,1.33,-1745301000.0,-1745301000.0,-0.22,-1745301000.0,-1745301000.0,-2176255000.0,-10.33,-10.29,-10.33,8660543000,9158307250.0,8660543000,953513387.0,-1.0,-0.546,-422303000.0,-1.559,1.0,2980402000.0,0.375,1816885000,430954000.0,46543268000,50694742000.0,0,31519006000,,,42118534000,,,3374034387.0,2424764000.0,347003000.0,2102655000.0,302750000.0,-276021000.0,-3909491000.0,6766702000.0,6419699000.0,-422303000.0,-10144000.0,-2347169000.0,-2415153000.0,-2415153000.0,0.0,0.0,-0.304,2153592000.0,826810000.0,1700519000,-0.129,0.39,-1.397,-0.987,0,67984000.0,10.2,0.425,0.348,5504504000,1180432000.0,7944809000.0,7944809000.0,0.0,-0.045,-0.264,-0.034,-0.22,58108000.0,2150946000.0,1.0,330787685.0,270844000,270844000.0,29.334,48963789000,343748000,170914000.0,0,180.782,
40,XL1,ART,2008-06-30,2008-07-28,2008-06-30,2020-12-28,-1516825000,52079962000,56382903750.0,,,0.148,49.64,0.0,3704249000,3704249000,4670985000.0,-359009000.0,,4.939,2869230000,,,2869230000,5355644000,0.0,2956423000,0.083,1.52,326749000.0,326749000.0,0.039,326749000.0,326749000.0,-177223000.0,-2.41,-2.38,-2.41,8769193000,9851740500.0,8769193000,2454400586.0,8.0,7.512,1644404000.0,9.309,1.0,3683310000.0,0.441,1841548000,503972000.0,49403395000,53749634500.0,0,34076534000,,,43309182000,,,3289419586.0,959897000.0,135061000.0,-297968000.0,0.0,-280743000.0,-6873351000.0,6061045000.0,5925984000.0,1644404000.0,127799000.0,-359009000.0,-438154000.0,-438154000.0,0.0,0.0,-0.052,2139932000.0,1543378000.0,1126003000,-0.631,0.375,-7.507,-7.622,0,79145000.0,18.37,0.394,0.388,5965876000,2892251000.0,8354295000.0,8354295000.0,0.0,-0.008,-0.044,0.006,0.039,48506000.0,2138252000.0,1.0,179064757.0,176655000,176910000.0,47.292,50238414000,386797000,181786000.0,0,284.387,
41,XL1,ART,2008-03-31,2008-05-07,2008-03-31,2020-12-28,-837579000,54801075000,58412084000.0,,,0.151,52.487,0.0,3904966000,3904966000,4743723000.0,-42245000.0,,4.921,2868980000,,,2868980000,5531248000,0.0,3888731000,0.045,1.52,752850000.0,752850000.0,0.085,752850000.0,752850000.0,149624000.0,-0.71,-0.72,-0.71,9255351000,10540576500.0,9255351000,5022690647.0,7.0,6.672,2166483000.0,12.286,1.0,4082669000.0,0.463,1842158000,603226000.0,51922931000,56027312500.0,0,35416523000,,,45544140000,,,6058676647.0,534167000.0,70264000.0,-34043000.0,-502164000.0,-262588000.0,-5601424000.0,3824823000.0,3754559000.0,2166483000.0,144285000.0,-42245000.0,-131470000.0,-131470000.0,0.0,0.0,-0.015,2199970000.0,1882699000.0,1572894000,-2.141,0.655,-46.084,-47.662,0,89225000.0,33.84,0.686,0.676,6537015000,2722334000.0,8826392000.0,8826392000.0,0.0,-0.002,-0.012,0.013,0.085,48233000.0,2198290000.0,1.0,179038908.0,176336000,176827000.0,50.054,52958917000,421131000,191869000.0,0,300.33,
42,XL1,ART,2007-12-31,2008-02-29,2007-12-31,2020-12-28,9159000,57762264000,60228090250.0,,,0.152,55.732,0.0,3880030000,3880030000,4729661000.0,275889000.0,,4.806,2868731000,,,2868731000,4681989000,0.0,7920085000,0.042,1.52,1131716000.0,1131716000.0,0.124,1131716000.0,1131716000.0,509811000.0,1.16,1.15,1.16,9948142000,11195646000.0,9948142000,5403998572.0,5.0,4.775,2240866000.0,12.554,1.0,4406061000.0,0.482,1841591000,621905000.0,54909374000,58107849250.0,0,39585428000,,,47811703000,,,6415297572.0,1656282000.0,-66261000.0,-257511000.0,-502164000.0,-274037000.0,-754863000.0,118358000.0,184619000.0,2240866000.0,51921000.0,275889000.0,206375000.0,206375000.0,0.0,0.0,0.023,2210303000.0,2195758000.0,1034983000,1.31,0.645,31.086,31.086,0,69514000.0,36.06,0.702,0.705,5427899000,2578393000.0,9135722000.0,9135722000.0,0.0,0.003,0.018,0.019,0.124,49666000.0,2208623000.0,1.0,177906200.0,178500000,179693000.0,51.181,55920673000,370419000,233922000.0,0,313.281,
43,XL1,ART,2007-09-30,2007-11-09,2007-09-30,2020-12-28,0,60888314000,60614741750.0,,,0.161,63.954,4087000.0,3185239000,3185239000,4740418000.0,1969903000.0,,4.325,2866399000,,,2866399000,5371645000,0.0,8682988000,0.024,1.52,2803468000.0,2803468000.0,0.288,2803468000.0,2803468000.0,2205578000.0,10.58,10.5,10.58,11434276000,11241402000.0,11434276000,11217049504.0,4.0,4.001,2929845000.0,16.387,1.0,4989451000.0,0.513,1806636000,597890000.0,58762838000,59039356250.0,0,42750538000,,,49454038000,,,11535889504.0,1057018000.0,-132930000.0,-115332000.0,-502164000.0,-273873000.0,528665000.0,-2450980000.0,-2318050000.0,2925758000.0,53575000.0,1969903000.0,1893292000.0,1893292000.0,0.0,0.0,0.195,2314383000.0,2675068000.0,1274851000,0.144,1.009,6.093,6.113,0,76611000.0,64.68,1.186,1.189,5987440000,,9729869000.0,9729869000.0,0.0,0.031,0.168,0.047,0.288,48389000.0,2312703000.0,1.0,178353270.0,178788000,179781000.0,54.421,59081678000,336528000,235675000.0,0,330.457,
44,XL1,ART,2007-06-30,2007-08-01,2007-06-30,2020-12-28,0,60196683000,60337663000.0,,,0.165,64.607,4087000.0,2744352000,2744352000,4820609000.0,2024137000.0,,4.223,2868226000,,,2868226000,5659415000,0.0,8496507000,0.019,1.52,2842012000.0,2842012000.0,0.286,2842012000.0,2842012000.0,2244752000.0,11.08,11.0,11.08,11524537000,10763826750.0,11524537000,14316295602.0,5.0,5.037,2924366000.0,16.394,1.0,5120137000.0,0.515,1806450000,597260000.0,58514107000,59149317000.0,0,42250030000,,,48672146000,,,14192421602.0,177584000.0,73466000.0,59066000.0,-502164000.0,-283812000.0,1173146000.0,-3933546000.0,-4007002000.0,2920279000.0,17705000.0,2024137000.0,1981106000.0,1981106000.0,0.0,0.0,0.199,2328068000.0,2792069000.0,1047223000,0.137,1.231,7.164,7.048,0,43031000.0,78.09,1.428,1.401,6359103000,,9940746000.0,9940746000.0,0.0,0.033,0.184,0.048,0.286,54292000.0,2326388000.0,1.0,181744418.0,178378000,181613000.0,55.729,58390233000,364021000,220615000.0,0,327.34,
45,XL1,ART,2007-03-31,2007-05-09,2007-03-31,2020-12-28,0,62065100000,59920330500.0,,,0.164,66.429,4087000.0,3370799000,3370799000,4951575000.0,1856691000.0,,4.226,3368615000,,,3368615000,6650972000,0.0,8029059000,0.019,1.52,2649652000.0,2649652000.0,0.269,2649652000.0,2649652000.0,2082455000.0,10.14,10.1,10.14,11875629000,10019513500.0,11875629000,14063784434.0,5.0,5.308,2954473000.0,16.526,1.0,4891800000.0,0.497,1817838000,567197000.0,60245078000,58898532500.0,0,42934267000,,,50189471000,,,14065968434.0,1107975000.0,-70992000.0,-200032000.0,0.0,-278646000.0,284643000.0,-2138167000.0,-2067165000.0,2950386000.0,11113000.0,1856691000.0,1813660000.0,1813660000.0,0.0,0.0,0.184,2298471000.0,2593329000.0,1544043000,0.15,1.184,7.756,7.92,0,43031000.0,80.31,1.429,1.459,6700768000,,9843375000.0,9843375000.0,0.0,0.03,0.181,0.045,0.269,49205000.0,2296791000.0,1.0,175145915.0,178772000,179601000.0,55.061,60247262000,356517000,225764000.0,0,337.006,
46,XL1,ART,2006-12-31,2007-03-01,2006-12-31,2020-12-28,411405000,59308870000,59093010250.0,,,0.166,56.664,4087000.0,2223748000,2223748000,5008449000.0,1762767000.0,,4.799,3368376000,,,3368376000,5652897000,0.0,7857827000,0.022,1.52,2534687000.0,2534687000.0,0.258,2534687000.0,2534687000.0,1982412000.0,9.63,9.6,9.63,10131166000,9173251250.0,10131166000,13834460559.0,5.0,5.458,2442742000.0,13.662,1.0,4824746000.0,0.491,1818096000,552275000.0,58635402000,58350817000.0,0,42136653000,,,48615583000,,,12689832559.0,-1469727000.0,247408000.0,26346000.0,-45291000.0,-277682000.0,-968188000.0,-2972325000.0,-3223820000.0,2438655000.0,32131000.0,1762767000.0,1722445000.0,1722445000.0,0.0,0.0,0.175,2287340000.0,2537406000.0,1007580000,0.158,1.253,7.367,7.278,0,40322000.0,70.09,1.291,1.274,5876405000,3266175000.0,9833195000.0,9833195000.0,0.0,0.029,0.188,0.043,0.258,56163000.0,2284985000.0,1.0,181050543.0,178793000,179450000.0,54.998,57490774000,346122000,219645000.0,0,321.549,
47,XL1,ART,2006-09-30,2006-11-14,2006-09-30,2020-12-28,240556000,59779999000,58879518000.0,,,0.167,53.261,0.0,2128221000,2128221000,6447593000.0,469767000.0,,5.219,3368132000,,,3368132000,6088306000,0.0,8103553000,0.023,1.64,1189405000.0,1189405000.0,0.121,1189405000.0,1189405000.0,648467000.0,1.26,1.23,1.26,9523975000,8758412500.0,9523975000,14084077950.0,12.0,11.841,3098151000.0,17.326,1.0,3368644000.0,0.343,1817229000,540938000.0,59202681000,57781861500.0,0,41324759000,,,49706697000,,,12844166950.0,78189000.0,363880000.0,2444704000.0,645000000.0,-271782000.0,3210729000.0,-6230121000.0,-6598088000.0,3098151000.0,-570000.0,469767000.0,429444000.0,429444000.0,0.0,0.0,0.044,2162691000.0,1205953000.0,1519527000,1.302,1.349,29.909,56.452,0,40323000.0,71.13,1.308,1.296,6677484000,2870317000.0,9816237000.0,9816237000.0,0.0,0.007,0.049,0.021,0.121,50934000.0,2158508000.0,1.0,180573133.0,178818000,179439000.0,54.895,57962770000,296985000,178700000.0,0,324.144,
48,XL1,ART,2006-09-30,2006-11-09,2006-09-30,2020-12-28,240556000,59779999000,58879518000.0,,,0.167,53.261,0.0,2128221000,2128221000,6447593000.0,469767000.0,,5.219,3368132000,,,3368132000,6088306000,0.0,8103553000,0.023,1.64,1189405000.0,1189405000.0,0.121,1189405000.0,1189405000.0,648467000.0,1.26,1.23,1.26,9523975000,8758412500.0,9523975000,13988374190.0,12.0,11.761,3098151000.0,17.326,1.0,3368644000.0,0.343,1817229000,540938000.0,59202681000,57781861500.0,0,41324759000,,,49706697000,,,12748463190.0,78189000.0,363880000.0,2444704000.0,645000000.0,-271782000.0,3210729000.0,-6230121000.0,-6598088000.0,3098151000.0,-570000.0,469767000.0,429444000.0,429444000.0,0.0,0.0,0.044,2162691000.0,1205953000.0,1519527000,1.302,1.339,29.686,56.032,0,40323000.0,70.6,1.299,1.286,6677484000,2870317000.0,9816237000.0,9816237000.0,0.0,0.007,0.049,0.021,0.121,50934000.0,2158508000.0,1.0,180573133.0,178818000,179439000.0,54.895,57962770000,296985000,178700000.0,0,324.144,
49,XL1,ART,2006-06-30,2006-08-09,2006-06-30,2020-12-28,-403842000,58527353000,57649545750.0,,,0.169,47.823,0.0,2566768000,2566768000,7985324000.0,-995224000.0,,5.847,3367887000,,,3367887000,6372442000,0.0,7559896000,0.029,1.76,-427219000.0,-427219000.0,-0.044,-427219000.0,-427219000.0,-907517000.0,-8.6,-8.62,-8.6,8547284000,8137243750.0,8547284000,11679784474.0,-27.0,-27.339,2899867000.0,16.225,1.0,1763056000.0,0.181,1817503000,480298000.0,57510969000,56384804500.0,0,38867377000,,,49980069000,,,10878665474.0,199570000.0,278602000.0,2439973000.0,645000000.0,-273352000.0,3015614000.0,-5716995000.0,-5999694000.0,2899867000.0,1084000.0,-995224000.0,-1035546000.0,-1035546000.0,0.0,0.0,-0.106,2185970000.0,-422914000.0,1488570000,-0.205,1.273,-10.505,-7.012,0,40322000.0,60.3,1.116,1.106,6720000000,2522647000.0,9748380000.0,9748380000.0,0.0,-0.018,-0.127,-0.008,-0.044,42531000.0,2179539000.0,1.0,180409046.0,178728000,179198000.0,54.543,56709850000,344527000,87707000.0,0,317.297,
50,XL1,ART,2006-03-31,2006-05-05,2006-03-31,2020-12-28,-122113000,58755819000,56348932000.0,,,0.202,47.587,0.0,2262824000,2262824000,9915681000.0,-1236418000.0,,5.92,3367646000,,,3367646000,6392319000,0.0,7987272000,0.028,1.88,-729940000.0,-729940000.0,-0.064,-729940000.0,-729940000.0,-1173372000.0,-9.73,-9.75,-9.73,8490580000,8093341750.0,8490580000,13143039360.0,-18.0,-18.006,4533874000.0,25.411,1.0,1441835000.0,0.127,1806425000,443432000.0,58054216000,54946785000.0,0,39111484000,,,50265239000,,,12038217360.0,75839000.0,331231000.0,2459158000.0,645000000.0,-275016000.0,4485174000.0,-8943909000.0,-9279237000.0,4533874000.0,700000.0,-1236418000.0,-1276740000.0,-1276740000.0,0.0,0.0,-0.112,2173555000.0,-731720000.0,1540655000,-0.193,1.418,-9.429,-6.862,0,40322000.0,66.77,1.06,1.049,6892851000,2213475000.0,11357516000.0,11357516000.0,0.0,-0.023,-0.158,-0.013,-0.064,42848000.0,2164501000.0,1.0,180293805.0,178424000,179158000.0,63.655,56949394000,297181000,63046000.0,0,319.18,
51,XL1,ART,2005-12-31,2006-03-07,2005-12-31,2020-12-28,268243000,58454901000,54376728000.0,,,0.208,59.911,0.0,3693475000,3693475000,9944365000.0,-1251976000.0,,5.9,3412698000,,,3412698000,5388996000,0.0,8240987000,0.029,2.0,-798843000.0,-798843000.0,-0.071,-798843000.0,-798843000.0,-1202692000.0,-9.14,-9.14,-9.14,8471811000,7924464000.0,8471811000,11902329918.0,-15.0,-14.899,4249436000.0,30.051,1.0,1341050000.0,0.119,1814544000,403849000.0,56359580000,52802472250.0,0,38170577000,,,49983090000,,,12183106918.0,1489749000.0,106610000.0,2472533000.0,690291000.0,-276655000.0,5144030000.0,-7904144000.0,-8010754000.0,4249436000.0,427000.0,-1251976000.0,-1292298000.0,-1292298000.0,0.0,0.0,-0.115,2188155000.0,-847105000.0,2053786000,-0.219,1.438,-9.427,-7.423,0,40322000.0,67.85,1.08,0.85,5909610000,1824191000.0,11285415000.0,11285415000.0,0.0,-0.024,-0.163,-0.015,-0.071,33004000.0,2177403000.0,1.0,179559424.0,141406000,141406000.0,79.809,56640357000,318399000,49284000.0,0,400.551,
52,XL1,ART,2005-09-30,2005-11-09,2005-09-30,2020-12-28,358673000,54860110000,52016660750.0,,,0.214,50.546,0.0,2150609000,2150609000,8707554000.0,-141993000.0,,6.793,2722162000,,,2722162000,5869857000,0.0,7685764000,0.028,1.99,281115000.0,281115000.0,0.025,281115000.0,281115000.0,-87030000.0,-1.25,-1.3,-1.25,7039300000,7741185000.0,7039300000,10435109458.0,37.0,37.12,4478466000.0,32.158,1.0,2420834000.0,0.218,1817210000,368145000.0,53614453000,50613571750.0,0,34818978000,,,47820810000,,,9863556458.0,-543095000.0,77663000.0,51918000.0,-12451000.0,-275166000.0,1429126000.0,-6447697000.0,-6525360000.0,4478466000.0,-2990000.0,-141993000.0,-182313000.0,-182313000.0,0.0,0.0,-0.016,2261825000.0,159009000.0,1663123000,-1.592,1.401,-54.102,-56.144,0,40320000.0,70.18,0.886,0.878,6166889000,2715921000.0,11128388000.0,11128388000.0,0.0,-0.004,-0.024,0.006,0.025,36626000.0,2247264000.0,1.0,140546544.0,139266000,139266000.0,79.907,53042900000,295796000,54963000.0,0,380.875,
53,XL1,ART,2005-06-30,2005-08-04,2005-06-30,2020-12-28,589601000,53324898000,50007370750.0,,,0.224,60.25,0.0,2467775000,2467775000,7710701000.0,929680000.0,,5.37,2721916000,,,2721916000,6064286000,0.0,7336323000,0.028,1.98,1392432000.0,1392432000.0,0.124,1392432000.0,1392432000.0,1042323000.0,6.44,6.39,6.44,8371676000,7824289750.0,8371676000,10205664648.0,7.0,7.329,5043117000.0,36.295,1.0,3491111000.0,0.312,1820148000,350109000.0,51758891000,48573483250.0,0,33755280000,,,44953222000,,,9951523648.0,-703609000.0,92611000.0,58853000.0,-32262000.0,-273362000.0,1418136000.0,-7161414000.0,-7254025000.0,5043117000.0,-3448000.0,929680000.0,889359000.0,889359000.0,0.0,0.0,0.079,2316942000.0,1174169000.0,1611684000,0.307,1.189,11.19,11.006,0,40321000.0,70.88,0.888,0.879,6503883000,3834528000.0,11201812000.0,11201812000.0,0.0,0.018,0.114,0.029,0.124,36652000.0,2301793000.0,1.0,140399600.0,138948000,140404000.0,80.619,51504750000,201700000,112643000.0,0,370.676,
54,XL1,ART,2005-03-31,2005-05-06,2005-03-31,2020-12-28,137441000,50867003000,48041155000.0,,,0.214,56.617,0.0,2287562000,2287562000,6534749000.0,1157389000.0,,5.509,2721672000,,,2721672000,6331537000,0.0,6400602000,0.027,1.97,1566736000.0,1566736000.0,0.153,1566736000.0,1566736000.0,1259432000.0,8.1,8.04,8.1,7815069000,7500513750.0,7815069000,10783083743.0,7.0,6.883,4116446000.0,29.822,1.0,3737864000.0,0.364,1824148000,307304000.0,49476965000,46537892500.0,0,30521014000,,,43051934000,,,10348973743.0,-785801000.0,158810000.0,44559000.0,-32262000.0,-271974000.0,984290000.0,-5882019000.0,-6040829000.0,4116446000.0,-4518000.0,1157389000.0,1117068000.0,1117068000.0,0.0,0.0,0.109,2352342000.0,1385522000.0,1907854000,0.243,1.324,9.264,9.119,0,40321000.0,73.86,1.007,0.992,7230037000,3770527000.0,10272613000.0,10272613000.0,0.0,0.023,0.149,0.034,0.153,32738000.0,2336979000.0,1.0,140116081.0,138035000,139147000.0,74.42,49042855000,277088000,102043000.0,0,355.293,
55,XL1,ART,2004-12-31,2005-03-11,2004-12-31,2020-12-28,460273000,49014632000,46366984250.0,,,0.216,56.117,0.0,2304303000,2304303000,6364068000.0,1166613000.0,,5.334,2721431000,,,2721431000,5191368000,0.0,5725590000,0.027,1.97,1510214000.0,1510214000.0,0.151,1510214000.0,1510214000.0,1251139000.0,8.17,8.13,8.17,7738695000,7387428250.0,7738695000,10545561192.0,7.0,6.983,4372510000.0,31.707,1.0,3664392000.0,0.365,1827782000,259075000.0,47603978000,44772506000.0,0,30065840000,,,41275937000,,,10128433192.0,-525324000.0,88997000.0,36878000.0,767933000.0,-270452000.0,1693590000.0,-6591196000.0,-6680193000.0,4372510000.0,-228000.0,1166613000.0,1126292000.0,1126292000.0,0.0,0.0,0.112,2333826000.0,1330566000.0,1839224000,0.241,1.309,8.993,8.917,0,40321000.0,72.85,1.01,1.002,5926227000,3396639000.0,10028460000.0,10028460000.0,0.0,0.024,0.152,0.034,0.151,28393000.0,2317999000.0,1.0,139031341.0,137903000,138582000.0,72.721,47186850000,288599000,84526000.0,0,342.174,
56,XL1,ART,2004-09-30,2004-11-05,2004-09-30,2020-12-28,343423000,46822950000,44304380000.0,,,0.227,53.402,-3338000.0,2267198000,2267198000,7071875000.0,563736000.0,,5.352,2730990000,,,2730990000,5644257000,0.0,5112045000,0.027,1.95,848775000.0,848775000.0,0.084,848775000.0,848775000.0,624731000.0,3.78,3.75,3.78,7371719000,7186983250.0,7371719000,10537126861.0,12.0,12.415,4271864000.0,30.946,1.0,2997474000.0,0.298,1832643000,224044000.0,45454099000,42476779000.0,0,27931658000,,,39451231000,,,10073334861.0,207589000.0,67761000.0,27314000.0,780384000.0,-268510000.0,1897248000.0,-5967656000.0,-6032079000.0,4275202000.0,2795000.0,563736000.0,523415000.0,523415000.0,0.0,0.0,0.052,2248337000.0,749137000.0,1888804000,0.516,1.366,19.245,19.22,0,40321000.0,72.65,1.0,0.996,6522150000,3176414000.0,10069349000.0,10069349000.0,0.0,0.012,0.073,0.02,0.084,25374000.0,2235055000.0,1.0,138655676.0,138043000,138932000.0,72.944,44990307000,268887000,60995000.0,0,325.915,
57,XL1,ART,2004-06-30,2004-08-09,2004-06-30,2020-12-28,29019000,45460035000,42495355000.0,,,0.228,51.408,41969000.0,2744878000,2744878000,6608314000.0,640235000.0,,5.424,2743368000,,,2743368000,5963401000,0.0,4769276000,0.028,1.94,907781000.0,907781000.0,0.094,907781000.0,907781000.0,705778000.0,4.34,4.3,4.34,7076572000,7194356000.0,7076572000,9528842018.0,10.0,10.497,3906842000.0,28.381,1.0,3060636000.0,0.317,1841997000,202003000.0,43616528000,40550372750.0,0,25749873000,,,38383463000,,,9530352018.0,-262249000.0,-126935000.0,25275000.0,800195000.0,-267055000.0,2024084000.0,-6155994000.0,-6071028000.0,3864873000.0,4788000.0,640235000.0,599915000.0,599915000.0,0.0,0.0,0.062,2169818000.0,890818000.0,1940905000,0.447,1.347,15.886,15.869,0,40320000.0,68.87,0.986,0.98,6961573000,3221292000.0,9668950000.0,9668950000.0,0.0,0.014,0.083,0.022,0.094,21904000.0,2159417000.0,1.0,138381763.0,137655000,138741000.0,70.24,43618038000,307574000,65543000.0,0,316.865,
58,XL1,ART,2004-03-31,2004-05-10,2004-03-31,2020-12-28,631982000,44170320000,40922228500.0,,,0.205,53.499,41969000.0,2646857000,2646857000,5522695000.0,624223000.0,,4.999,2736867000,,,2736867000,6103939000,0.0,4378401000,0.026,1.93,862923000.0,862923000.0,0.103,862923000.0,862923000.0,669599000.0,4.24,4.19,4.24,7362727000,7316543000.0,7362727000,10326393350.0,12.0,11.967,3419696000.0,24.848,1.0,2858881000.0,0.341,1844911000,193324000.0,42415419000,38745102750.0,0,24328902000,,,36807593000,,,10236383350.0,-505471000.0,-204794000.0,42327000.0,800195000.0,-265263000.0,2198135000.0,-6087726000.0,-5924901000.0,3377727000.0,6393000.0,624223000.0,583970000.0,583970000.0,0.0,0.0,0.07,2064270000.0,794611000.0,1821166000,0.455,1.39,17.529,17.479,0,40253000.0,74.11,1.221,1.217,7363622000,2926477000.0,8381576000.0,8381576000.0,0.0,0.014,0.08,0.022,0.103,19177000.0,2056751000.0,1.0,138124185.0,137624000,139044000.0,60.902,42325409000,256945000,45376000.0,0,307.544,
59,XL1,ART,2003-12-31,2004-03-15,2003-12-31,2020-12-28,490195000,40764215000,39245054750.0,,,0.204,50.669,41969000.0,2403121000,2403121000,5429500000.0,411979000.0,,4.876,1905483000,,,1905483000,4729989000,0.0,4050334000,0.027,1.93,641435000.0,641435000.0,0.08,641435000.0,641435000.0,442028000.0,2.71,2.69,2.71,6936915000,7178922500.0,6936915000,9501078229.0,15.0,14.812,3472302000.0,25.363,1.0,2587508000.0,0.323,1845507000,199407000.0,38421070000,36776362250.0,0,22821164000,,,33827300000,,,9998716229.0,-1154694000.0,-147474000.0,40539000.0,0.0,-263176000.0,1233327000.0,-5821000000.0,-5715495000.0,3430333000.0,2646000.0,411979000.0,371658000.0,371658000.0,0.0,0.0,0.046,1969649000.0,617859000.0,1622310000,0.712,1.441,26.903,26.731,0,40321000.0,72.44,1.247,1.237,5824403000,2541843000.0,8017008000.0,8017008000.0,0.0,0.009,0.052,0.017,0.08,17915000.0,1965012000.0,1.0,138027557.0,136906000,138187000.0,58.558,38918708000,310077000,30049000.0,0,284.273,
60,XL1,ART,2003-09-30,2003-11-14,2003-09-30,2020-12-28,587496000,39586850000,37965843250.0,,,0.199,54.092,44355000.0,2059609000,2059609000,4489842000.0,938118000.0,,4.349,1898959000,,,1898959000,5161493000,0.0,3539431000,0.026,1.91,1122157000.0,1122157000.0,0.148,1122157000.0,1122157000.0,945554000.0,6.6,6.52,6.6,7401210000,7087091000.0,7401210000,10086521086.0,9.0,8.989,3183792000.0,23.269,1.0,3068916000.0,0.406,1677726000,176603000.0,37748474000,35249547500.0,0,21429945000,,,32185640000,,,10247171086.0,-677836000.0,-231906000.0,65730000.0,0.0,-287240000.0,1610786000.0,-5428957000.0,-5241406000.0,3139437000.0,898000.0,938118000.0,900626000.0,900626000.0,0.0,0.0,0.119,1969087000.0,1099829000.0,2086144000,0.289,1.385,11.378,11.311,0,37492000.0,74.65,1.356,1.351,7065893000,2923462000.0,7558758000.0,7558758000.0,0.0,0.024,0.127,0.032,0.148,15962000.0,1963275000.0,1.0,137269539.0,136826000,138423000.0,55.244,37909124000,302932000,7436000.0,0,277.061,
61,XL1,ART,2003-06-30,2003-08-14,2003-06-30,2020-12-28,684834000,39167529000,36591837500.0,,,0.217,55.306,-3257000.0,3007127000,3007127000,4864253000.0,1015503000.0,,4.177,1890398000,,,1890398000,5199263000,0.0,3125060000,0.018,1.43,1211082000.0,1211082000.0,0.153,1211082000.0,1211082000.0,1032335000.0,7.24,7.15,7.24,7565320000,6723957500.0,7565320000,9529156873.0,8.0,7.868,3994455000.0,29.201,1.0,3064950000.0,0.387,1655352000,178747000.0,36395448000,33706743750.0,0,20262764000,,,31602209000,,,10645885873.0,728373000.0,-466015000.0,64668000.0,0.0,-280358000.0,1782310000.0,-5050937000.0,-4581665000.0,3997712000.0,-712000.0,1015503000.0,985722000.0,985722000.0,0.0,0.0,0.124,1873292000.0,1191658000.0,2387869000,0.198,1.407,10.8,10.721,0,29781000.0,77.62,1.343,1.339,6891523000,2890388000.0,7929203000.0,7929203000.0,0.0,0.027,0.147,0.036,0.153,15665000.0,1866980000.0,1.0,137153902.0,136791000,138634000.0,57.966,37512177000,295431000,16832000.0,0,274.23,
62,XL1,ART,2003-03-31,2003-06-18,2003-03-31,2020-12-28,245861000,37461625000,34597271500.0,,,0.208,50.011,-3339000.0,3152328000,3152328000,4706896000.0,566083000.0,,4.499,1884158000,,,1884158000,5171414000,0.0,2448275000,0.022,1.9,767410000.0,767410000.0,0.107,767410000.0,767410000.0,594806000.0,4.02,3.96,4.02,6812245000,6176510250.0,6812245000,10566466893.0,14.0,13.769,3655665000.0,26.837,1.0,2498487000.0,0.347,1652998000,172604000.0,34540457000,31889344750.0,0,19103805000,,,30649380000,,,11834636893.0,1085915000.0,-489712000.0,49612000.0,0.0,-268615000.0,1495390000.0,-4067856000.0,-3574805000.0,3659004000.0,-623000.0,566083000.0,546315000.0,546315000.0,0.0,0.0,0.076,1735636000.0,762851000.0,3547095000,0.473,1.737,21.663,21.552,0,19768000.0,86.64,1.642,1.638,7033584000,2608854000.0,7205383000.0,7205383000.0,0.0,0.016,0.088,0.024,0.107,14473000.0,1729688000.0,1.0,136595532.0,136216000,137631000.0,52.897,35808627000,314490000,28723000.0,0,262.881,
63,XL1,ART,2003-03-31,2003-05-15,2003-03-31,2020-12-28,245861000,37461625000,34597271500.0,,,0.208,50.011,-3339000.0,3152328000,3152328000,4706896000.0,566083000.0,,4.499,1884158000,,,1884158000,5171414000,0.0,2448275000,0.023,1.89,767410000.0,767410000.0,0.107,767410000.0,767410000.0,594806000.0,4.02,3.96,4.02,6812245000,6176510250.0,6812245000,10041940050.0,13.0,13.085,3655665000.0,26.837,1.0,2498487000.0,0.347,1652998000,172604000.0,34540457000,31889344750.0,0,19103805000,,,30649380000,,,11310110050.0,1085915000.0,-489712000.0,49612000.0,0.0,-268615000.0,1495390000.0,-4067856000.0,-3574805000.0,3659004000.0,-623000.0,566083000.0,546315000.0,546315000.0,0.0,0.0,0.076,1735636000.0,762851000.0,3547095000,0.47,1.66,20.703,20.597,0,19768000.0,82.8,1.57,1.565,7033584000,2608854000.0,7205383000.0,7205383000.0,0.0,0.016,0.088,0.024,0.107,14473000.0,1729688000.0,1.0,136595532.0,136216000,137631000.0,52.897,35808627000,314490000,28723000.0,0,262.881,
64,XL1,ART,2002-12-31,2003-03-31,2002-12-31,2020-12-28,184814000,35647369000,32911311500.0,,,0.2,48.435,-4509000.0,3557815000,3557815000,4396771000.0,405571000.0,,4.426,1877957000,,,1877957000,4028299000,0.0,2373047000,0.027,1.89,596304000.0,596304000.0,0.091,596304000.0,596304000.0,428218000.0,2.92,2.88,2.92,6569589000,5835965000.0,6569589000,7953958466.0,13.0,13.339,3031936000.0,22.353,1.0,2181278000.0,0.332,1653700000,168086000.0,32313811000,30462091750.0,0,17955799000,,,29077780000,,,9633816466.0,1693954000.0,-760666000.0,76863000.0,246814000.0,-257054000.0,1716867000.0,-3059646000.0,-2294471000.0,3036445000.0,288000.0,405571000.0,395951000.0,395951000.0,0.0,0.0,0.06,1635921000.0,545357000.0,3470426000,0.647,1.466,24.331,24.24,0,9620000.0,70.78,1.465,1.459,5789719000,2434511000.0,6578049000.0,6578049000.0,0.0,0.012,0.068,0.02,0.091,14311000.0,1629734000.0,1.0,136109303.0,135636000,137388000.0,48.498,33993669000,320624000,22647000.0,0,250.624,
65,XL1,ART,2002-09-30,2002-11-08,2002-09-30,2020-12-28,35937000,34090827000,30990238000.0,,,0.204,43.808,-7883000.0,2737445000,2737445000,4703426000.0,100543000.0,,4.731,1870210000,,,1870210000,4269803000,0.0,3946471000,0.024,1.87,185661000.0,185661000.0,0.029,185661000.0,185661000.0,28973000.0,0.72,0.69,0.72,5948676000,5552863750.0,5948676000,9634639359.0,52.0,51.894,2879883000.0,21.208,1.0,1622468000.0,0.256,1646333000,156688000.0,31577259000,28905426000.0,0,17082438000,,,28142151000,,,10501874359.0,607933000.0,-781766000.0,902166000.0,283471000.0,-259665000.0,2070728000.0,-4350576000.0,-3560927000.0,2887766000.0,15000.0,100543000.0,98174000.0,98174000.0,0.0,0.0,0.016,1457808000.0,164660000.0,4181248000,2.597,1.765,106.972,107.375,0,2369000.0,77.31,1.66,1.66,5829563000,2280366000.0,6325894000.0,6325894000.0,0.0,0.003,0.018,0.006,0.029,21002000.0,1441955000.0,1.0,135841086.0,135790000,137349000.0,46.586,32444494000,287448000,-71570000.0,0,238.931,
66,XL1,ART,2002-06-30,2002-08-06,2002-06-30,2020-12-28,-193051000,31189265000,28883888250.0,,,0.167,39.624,-8551000.0,2278754000,2278754000,4458548000.0,-925925000.0,,4.802,1863816000,,,1863816000,4145201000,0.0,2828755000,0.034,2.33,-965880000.0,-965880000.0,-0.2,-965880000.0,-965880000.0,-1089679000.0,-7.34,-7.35,-7.34,5375531000,5262394750.0,5375531000,8978367713.0,-9.0,-9.296,1559125000.0,11.493,1.0,372533000.0,0.077,1648475000,123799000.0,29125852000,26877988250.0,0,14923553000,,,25813734000,,,9393305713.0,601773000.0,-676059000.0,804735000.0,527847000.0,-248939000.0,1698461000.0,-2664815000.0,-1980205000.0,1567676000.0,451000.0,-925925000.0,-925925000.0,-925925000.0,0.0,0.0,-0.192,1347317000.0,-974784000.0,3481237000,-0.317,1.747,-10.145,-9.425,0,0.0,69.18,1.944,1.943,5869248000,2165394000.0,4831081000.0,4831081000.0,0.0,-0.032,-0.176,-0.036,-0.2,12452000.0,1317294000.0,1.0,135780655.0,135662000,135662000.0,35.611,29540790000,389675000,-163754000.0,0,217.753,
67,XL1,ART,2002-03-31,2002-05-14,2002-03-31,2020-12-28,-260250000,30717785000,25765492750.0,,,0.173,40.335,-17319000.0,2066413000,2066413000,3982056000.0,-705571000.0,,4.636,1857670000,,,1857670000,4091367000,0.0,2409481000,0.02,1.85,-779162000.0,-779162000.0,-0.175,-779162000.0,-779162000.0,-878622000.0,-5.63,-5.66,-5.63,5450064000,5338340500.0,5450064000,12240552349.0,-16.0,-15.71,1176404000.0,8.706,1.0,472676000.0,0.106,1677597000,99460000.0,28831445000,23786050250.0,0,14246710000,,,25267721000,,,12449295349.0,1129127000.0,-643162000.0,804991000.0,1319347000.0,-243505000.0,2163500000.0,-2228754000.0,-1568273000.0,1193723000.0,658000.0,-705571000.0,-705571000.0,-705571000.0,0.0,0.0,-0.158,1239551000.0,-766875000.0,3369534000,-0.329,2.284,-17.644,-16.323,0,0.0,91.9,2.795,2.787,5884167000,2323004000.0,4454732000.0,4454732000.0,0.0,-0.027,-0.132,-0.033,-0.175,11716000.0,1194836000.0,1.0,135465673.0,135119000,137843000.0,32.969,29040188000,340875000,-173051000.0,0,214.923,
68,XL1,ART,2001-12-31,2002-03-26,2001-12-31,2020-12-28,-213013000,27963075000,22493660000.0,,,0.18,42.922,-21898000.0,1863861000,1863861000,3617573000.0,-576135000.0,,4.143,1604877000,,,1604877000,2682089000,0.0,2374164000,0.021,1.85,-700699000.0,-700699000.0,-0.173,-700699000.0,-700699000.0,-766049000.0,-4.55,-4.55,-4.55,5437184000,5391276000.0,5437184000,11793448621.0,-17.0,-16.831,1415704000.0,11.176,1.0,439186000.0,0.108,1616943000,65350000.0,26087148000,20479622750.0,0,13740717000,,,22525891000,,,12052432621.0,933392000.0,-447107000.0,775778000.0,1122533000.0,-237628000.0,1967323000.0,-2471085000.0,-2002080000.0,1437602000.0,-448000.0,-576135000.0,-576135000.0,-576135000.0,0.0,0.0,-0.142,1120288000.0,-681102000.0,2919149000,-0.407,2.217,-20.919,-19.549,0,0.0,88.95,2.971,2.778,4274535000,2297478000.0,4056759000.0,4056759000.0,0.0,-0.026,-0.107,-0.034,-0.173,10352000.0,1061719000.0,1.0,135496713.0,126676000,126676000.0,32.025,26346132000,419222000,-189914000.0,0,207.98,
69,XL1,ART,2001-09-30,2001-10-29,2001-09-30,2020-12-28,-151060000,25665428000,19738379250.0,,,0.154,38.163,-17572000.0,2129512000,2129512000,2583385000.0,-491849000.0,,4.362,1561207000,,,1561207000,2724416000,0.0,1471182000,0.021,1.83,-543477000.0,-543477000.0,-0.179,-543477000.0,-543477000.0,-594143000.0,-3.92,-3.95,-3.92,4786800000,5425397000.0,4786800000,10402313208.0,-19.0,-19.14,878999000.0,7.008,1.0,455155000.0,0.15,1629615000,50666000.0,23467508000,17675437500.0,0,11669863000,,,20878628000,,,10970618208.0,1198010000.0,-431023000.0,-57440000.0,1085872000.0,-231572000.0,855117000.0,-551282000.0,-86733000.0,896571000.0,-2396000.0,-491849000.0,-491849000.0,-491849000.0,0.0,0.0,-0.162,1057561000.0,-602406000.0,3691336000,-0.467,2.292,-22.305,-22.449,0,0.0,88.0,3.61,3.633,4048216000,2443431000.0,3038540000.0,3038540000.0,0.0,-0.025,-0.091,-0.031,-0.179,1887000.0,996157000.0,1.0,124666116.0,125431000,125431000.0,24.225,24035813000,203180000,-102294000.0,0,191.626,
70,XL1,ART,2001-06-30,2001-08-14,2001-06-30,2020-12-28,-247900000,18715683000,17414260500.0,,,0.166,45.291,-14599000.0,1676981000,1676981000,1518340000.0,487644000.0,,2.295,1294673000,,,1294673000,2188254000,0.0,1234317000,0.023,1.83,491865000.0,491865000.0,0.17,491865000.0,491865000.0,452303000.0,3.91,3.85,3.91,5679314000,5620338750.0,5679314000,9798761658.0,20.0,19.922,813912000.0,6.491,1.0,1369817000.0,0.474,1575275000,39562000.0,16758100000,15381647750.0,0,10562372000,,,13036369000,,,10181069658.0,802834000.0,-137373000.0,50468000.0,830500000.0,-229158000.0,679401000.0,-702619000.0,-658403000.0,828511000.0,-2459000.0,487644000.0,487644000.0,487644000.0,0.0,0.0,0.169,936690000.0,433127000.0,1615965000,0.468,1.793,20.878,20.716,0,0.0,81.0,3.525,3.517,2241200000,3416578000.0,2888157000.0,2888157000.0,0.0,0.028,0.087,0.032,0.17,8738000.0,876730000.0,1.0,125692218.0,125396000,127765000.0,23.032,17140408000,162739000,-35341000.0,0,136.69,
71,XL1,ART,2001-03-31,2001-05-15,2001-03-31,2020-12-28,-181241000,17630454000,16770182750.0,,,0.165,45.49,-5749000.0,937286000,937286000,1459929000.0,501522000.0,,2.114,500034000,,,500034000,2055679000,0.0,1226551000,0.024,1.81,481568000.0,481568000.0,0.174,481568000.0,481568000.0,450404000.0,4.03,3.97,4.03,5661806000,5568796500.0,5661806000,9079631726.0,19.0,18.854,472412000.0,3.796,1.0,1310495000.0,0.473,1587467000,31164000.0,15605735000,14721427000.0,0,10537030000,,,11968648000,,,9516883726.0,92990000.0,-154691000.0,-12213000.0,89300000.0,-226598000.0,-118619000.0,-262603000.0,-201302000.0,478161000.0,-3949000.0,501522000.0,501522000.0,501522000.0,0.0,0.0,0.181,886491000.0,424004000.0,1756332000,0.449,1.681,18.976,18.866,0,0.0,76.03,3.435,3.416,2047339000,3348554000.0,2770424000.0,2770424000.0,0.0,0.03,0.09,0.033,0.174,7963000.0,827478000.0,1.0,125172744.0,124464000,126782000.0,22.259,16042987000,158008000,-51118000.0,0,128.897,
72,XL1,ART,2000-12-31,2001-03-29,2000-12-31,2020-12-28,-104712000,16941952000,16414804250.0,,,0.166,44.767,0.0,930469000,930469000,1432559000.0,506352000.0,,2.04,450032000,,,450032000,1741393000,0.0,1209926000,0.025,1.81,482143000.0,482143000.0,0.177,482143000.0,482143000.0,449996000.0,4.07,4.03,4.07,5573668000,5547251500.0,5573668000,8775748748.0,18.0,18.202,262451000.0,2.108,1.0,1284900000.0,0.473,1591108000,32147000.0,14870407000,14358457500.0,0,10471922000,,,11368284000,,,9256185748.0,372720000.0,-183912000.0,-173889000.0,39300000.0,-225572000.0,-349269000.0,460087000.0,303142000.0,262451000.0,-549000.0,506352000.0,506352000.0,506352000.0,0.0,0.0,0.186,861285000.0,423615000.0,1814376000,0.445,1.661,18.28,18.145,0,0.0,73.85,3.406,3.384,1707514000,3197441000.0,2717459000.0,2717459000.0,0.0,0.031,0.091,0.034,0.177,8861000.0,802688000.0,1.0,125337654.0,124503000,125697000.0,21.826,15350844000,152168000,-56356000.0,0,123.297,
73,XL1,ART,2000-09-30,2000-11-14,2000-09-30,2020-12-28,-138400000,16368953000,15952044250.0,,,0.173,44.957,0.0,931502000,931502000,1398043000.0,566292000.0,,1.941,450030000,,,450030000,1776193000,0.0,1169487000,0.024,1.8,568607000.0,568607000.0,0.206,568607000.0,568607000.0,542730000.0,4.54,4.47,4.54,5566567000,5548104000.0,5566567000,8970257816.0,16.0,15.776,-19429000.0,-0.157,1.0,1366661000.0,0.494,1595132000,25877000.0,14292349000,13970091500.0,0,10069037000,,,10802386000,,,9451729816.0,433926000.0,-284788000.0,-132299000.0,31493000.0,-226304000.0,-326670000.0,777955000.0,-157713000.0,-19429000.0,2070000.0,566292000.0,566292000.0,566292000.0,0.0,0.0,0.205,797086000.0,569575000.0,1657288000,0.396,1.698,16.691,16.74,0,0.0,76.0,3.419,3.404,1746145000,3264905000.0,2764704000.0,2764704000.0,0.0,0.035,0.102,0.041,0.206,8272000.0,743585000.0,1.0,124364866.0,123821000,126286000.0,22.328,14773821000,103533000,-23562000.0,0,119.316,
74,XL1,ART,2000-06-30,2000-08-14,2000-06-30,2020-12-28,-129664000,16139372000,15384266500.0,,,0.177,43.985,,874147000,874147000,1370056000.0,564233000.0,,1.949,461029000,,,461029000,1758014000,,1048170000,0.026,1.79,576790000.0,,,,576790000.0,543321000.0,4.49,4.44,4.49,5473145000,5497525750.0,5473145000,8129262770.0,14.0,,,,1.0,1350857000.0,0.496,1609037000,33469000.0,14117217000,13492046500.0,0,9766691000,,,10666227000,,,8542380770.0,,,,,,,,,,,564233000.0,564233000.0,564233000.0,0.0,0.0,0.207,772580000.0,578277000.0,1747948000,0.399,1.561,15.14,15.354,0,0.0,68.94,3.14,3.153,1937347000,3181398000.0,2720913000.0,2720913000.0,0.0,0.037,0.103,0.043,0.212,,718816000.0,1.0,123910368.0,124431000,125680000.0,21.867,14530335000,103533000,-20912000.0,0,116.774,
75,XL1,ART,2000-03-31,2000-05-15,2000-03-31,2020-12-28,9931000,16208940000,,,,,44.367,,844296000,844296000,,,,1.907,410726000,,,410726000,1762022000,,1076566000,0.027,1.33,,,,,,,,,,5575626000,,5575626000,5790882950.0,,,,,1.0,,,1621513000,,14153857000,,0,9982551000,,,10633314000,,,6224452950.0,,,,,,,,,,,,,,,,,,,1657151000,,1.116,,,0,,50.0,,,1818013000,3138948000.0,,,,,,,,,,1.0,124489059.0,125671000,,,14587427000,103533000,,0,116.076,
76,XL1,ART,1999-12-31,2000-03-30,1999-12-31,2020-12-28,19311000,15090912000,,,,,43.707,0.0,557749000,557749000,1304304000.0,470509000.0,,1.706,410726000,,,410726000,1497376000,0.0,837893000,0.034,1.77,468317000.0,468317000.0,0.187,468317000.0,468317000.0,430939000.0,3.69,3.62,3.69,5577078000,,5577078000,6263001956.0,13.0,13.373,495635000.0,3.884,1.0,1206683000.0,0.481,1626946000,37378000.0,13316943000,,0,9768115000,,,9513834000,,,6410024956.0,76875000.0,-521749000.0,-85261000.0,-212772000.0,-212659000.0,-515592000.0,96671000.0,-183831000.0,495635000.0,161000.0,470509000.0,470509000.0,470509000.0,0.0,0.0,0.187,738146000.0,468537000.0,1010176000,0.48,1.149,13.624,13.957,0,0.0,51.5,2.553,2.617,1493591000,3065150000.0,2510987000.0,2510987000.0,0.0,,,,0.187,7657000.0,689005000.0,1.0,124466504.0,127601000,130304000.0,19.678,13463966000,97928000,-39570000.0,0,105.516,
77,XL1,ART,1999-09-30,1999-11-15,1999-09-30,2020-12-28,-68175000,14097842000,,,,,42.058,,497576000,497576000,,,,1.628,410655000,,,410655000,2076234000,,0,0.032,1.76,,,,,,,,,,5364254000,,5364254000,7026924006.0,,,,,1.0,,,1630752000,,12380169000,,0,9020258000,,,8733588000,,,7113845006.0,,,,,,,,,,,,,,,,,,,1196966000,,1.326,,,0,,55.75,,,1556696000,3005442000.0,,,,,,,,,,1.0,127602601.0,127544000,,,12467090000,74888000,,0,97.747,
78,XL1,ART,1999-06-30,1999-07-15,1999-05-31,2020-12-28,32664000,10848076000,10355337750.0,,,0.147,44.026,0.0,563737000,563737000,521013000.0,632680000.0,,1.222,388700000,,,388700000,1275973000,0.0,0,0.033,1.76,657520000.0,657520000.0,0.433,657520000.0,657520000.0,641355000.0,5.85,5.74,5.85,4881894000,4752867750.0,4881894000,6652006503.0,10.0,10.117,599079000.0,5.403,1.0,996522000.0,0.657,1496959000,16165000.0,9176080000,8672329250.0,0,6852189000,,,5966182000,,,6827043503.0,-158417000.0,-136777000.0,-293340000.0,187700000.0,-194186000.0,-284677000.0,-428215000.0,-158256000.0,599079000.0,0.0,632680000.0,632680000.0,632680000.0,0.0,0.0,0.417,339596000.0,656926000.0,1029374000,0.301,1.398,10.791,9.156,0,0.0,53.56,4.499,3.914,1541108000,2600279000.0,1517535000.0,1517535000.0,0.0,0.061,0.133,0.076,0.433,6079000.0,300097000.0,1.0,127465338.0,110887000,112370000.0,13.685,9351117000,0,8675000.0,0,84.33,
79,XL1,ART,1999-03-31,1999-04-14,1999-02-28,2020-12-28,47504000,10519145000,9312709000.0,,,0.148,43.025,0.0,524553000,524553000,452193000.0,623986000.0,,1.186,301000000,,,301000000,1273423000,0.0,0,0.022,1.28,645225000.0,645225000.0,0.469,645225000.0,645225000.0,631566000.0,6.25,6.13,6.25,4811389000,4234101500.0,4811389000,6134369738.0,10.0,9.507,511747000.0,4.576,1.0,924210000.0,0.671,1486794000,13659000.0,8808798000,7852661250.0,0,6759878000,,,5707756000,,,6357922738.0,117018000.0,72017000.0,-385486000.0,200000000.0,-165714000.0,-336035000.0,-53694000.0,-107657000.0,511747000.0,0.0,623986000.0,623986000.0,623986000.0,0.0,0.0,0.453,279635000.0,644575000.0,961677000,0.205,1.321,10.189,9.16,0,0.0,57.25,4.619,4.651,1418389000,2501306000.0,1376403000.0,1376403000.0,0.0,0.067,0.147,0.082,0.469,5307000.0,247909000.0,1.0,111055419.0,111827000,113763000.0,12.308,9032351000,0,7580000.0,0,80.771,
80,XL1,ART,1998-12-31,1999-03-04,1998-11-30,2020-12-28,159953000,10108650000,8280336250.0,,,0.147,51.819,0.0,443654000,443654000,390483000.0,587663000.0,,1.098,301000000,,,301000000,1030074000,0.0,0,0.027,1.68,604549000.0,604549000.0,0.496,604549000.0,604549000.0,593026000.0,6.32,6.2,6.32,4817880000,3696768250.0,4817880000,6723711464.0,11.0,11.122,431870000.0,4.645,1.0,827165000.0,0.679,1500404000,11523000.0,8465592000,7104808750.0,0,6657809000,,,5290770000,,,6866365464.0,49055000.0,136357000.0,-343173000.0,160000000.0,-150294000.0,-313401000.0,-69414000.0,-184939000.0,431870000.0,0.0,587663000.0,587663000.0,587663000.0,0.0,0.0,0.483,221790000.0,605375000.0,791177000,0.266,1.425,11.684,9.741,0,0.0,61.56,5.639,4.7,1219855000,2385457000.0,1217648000.0,1217648000.0,0.0,0.071,0.159,0.085,0.496,4361000.0,197864000.0,1.0,111539400.0,92975000,94785000.0,13.097,8608246000,0,5363000.0,0,92.587,
81,XL1,ART,1998-12-31,1999-03-01,1998-11-30,2020-12-28,159953000,10108650000,8280336250.0,,,0.147,51.819,0.0,443654000,443654000,390483000.0,587663000.0,,1.098,301000000,,,301000000,1030074000,0.0,0,0.028,1.68,604549000.0,604549000.0,0.496,604549000.0,604549000.0,593026000.0,6.32,6.2,6.32,4817880000,3696768250.0,4817880000,6536325272.0,11.0,10.812,436870000.0,4.699,1.0,827165000.0,0.679,1500404000,11523000.0,8465592000,7104808750.0,0,6657809000,,,5290770000,,,6678979272.0,49055000.0,136357000.0,-343173000.0,160000000.0,-150294000.0,-313401000.0,-69414000.0,-184939000.0,436870000.0,0.0,587663000.0,587663000.0,587663000.0,0.0,0.0,0.483,221790000.0,605375000.0,791177000,0.266,1.386,11.365,9.475,0,0.0,59.88,5.485,4.572,1219855000,2385457000.0,1217648000.0,1217648000.0,0.0,0.071,0.159,0.085,0.496,4361000.0,197864000.0,1.0,111539400.0,92975000,94785000.0,13.097,8608246000,0,5363000.0,0,92.587,
82,XL1,ART,1998-09-30,1998-10-15,1998-08-31,2020-12-28,-15432000,9945480000,7275289250.0,,,,49.271,,550084000,550084000,,,,1.21,371324000,,,371324000,1167236000,,0,0.022,1.64,,,,,,,,,,4500308000,3112080750.0,4500308000,7894179958.0,,,,,1.0,,,1527873000,,8238847000,6380202750.0,0,6303680000,,,5445172000,,,8072939958.0,,,,,,,,,,,,,,,,,,,835152000,,1.794,,,0,,73.38,,,1267462000,2258421000.0,,,,,,,,,,1.0,110015535.0,91337000,,,8417607000,0,,0,92.16,
83,XL1,ART,1998-06-30,1998-07-15,1998-05-31,2020-12-28,265525000,6677561000,,,,,33.162,,645310000,645310000,,,,1.379,126000000,,,126000000,641303000,,0,0.019,1.6,,,,,,,,,,2806829000,,2806829000,6494927475.0,,,,,1.0,,,260843000,,5897408000,,0,5003036000,,,3870732000,,,7014237475.0,,,,,,,,,,,,,,,,,,,623848000,,2.499,,,0,,83.19,,,634996000,2255346000.0,,,,,,,,,,1.0,84315873.0,84640000,,,6416718000,0,,0,75.812,
84,XL1,ART,1998-03-31,1998-04-21,1998-02-28,2020-12-28,244949000,6389654000,,,,,31.487,,407535000,407535000,,,,1.4,101000000,,,101000000,688986000,,0,0.019,1.52,,,,,,,,,,2662056000,,2662056000,6318176669.0,,,,,1.0,,,265731000,,5817388000,,0,4968378000,,,3727598000,,,6624711669.0,,,,,,,,,,,,,,,,,,,501388000,,2.489,,,0,,78.25,,,626751000,2132700000.0,,,,,,,,,,1.0,84660852.0,84544000,,,6123923000,0,,0,72.435,
85,XL1,ART,1998-03-31,1998-04-14,1998-02-28,2020-12-28,244949000,6389654000,,,,,31.487,,407535000,407535000,,,,1.4,101000000,,,101000000,688986000,,0,0.023,1.84,,,,,,,,,,2662056000,,2662056000,6466333160.0,,,,,1.0,,,265731000,,5817388000,,0,4968378000,,,3727598000,,,6772868160.0,,,,,,,,,,,,,,,,,,,501388000,,2.544,,,0,,80.0,,,626751000,2132700000.0,,,,,,,,,,1.0,84660852.0,84544000,,,6123923000,0,,0,72.435,
86,XL1,ART,1997-12-31,1998-02-25,1997-11-30,2020-12-28,188444000,6088462000,,,,,28.703,0.0,394599000,394599000,365325000.0,676961000.0,,1.456,141000000,,,141000000,607617000,0.0,0,0.022,1.44,689222000.0,689222000.0,0.595,689222000.0,689222000.0,682046000.0,7.84,7.84,7.84,2479130000,,2479130000,,,,428242000.0,4.958,1.0,793701000.0,0.685,267695000,7176000.0,5567168000,,0,4799308000,,,3609332000,,,,141865000.0,-703321000.0,-133705000.0,130000000.0,-115372000.0,-93189000.0,-193188000.0,527269000.0,428242000.0,0.0,676961000.0,676961000.0,676961000.0,0.0,0.0,0.584,104509000.0,689192000.0,492573000,0.184,,,8.482,0,0.0,66.5,,4.956,519179000,2011119000.0,1159026000.0,1159026000.0,0.0,,,,0.595,3194000.0,98665000.0,1.0,,86373000,86373000.0,13.419,5820767000,0,5085000.0,0,67.391,
