None,ticker,dimension,calendardate,datekey,reportperiod,lastupdated,accoci,assets,assetsavg,assetsc,assetsnc,assetturnover,bvps,capex,cashneq,cashnequsd,cor,consolinc,currentratio,de,debt,debtc,debtnc,debtusd,deferredrev,depamor,deposits,divyield,dps,ebit,ebitda,ebitdamargin,ebitdausd,ebitusd,ebt,eps,epsdil,epsusd,equity,equityavg,equityusd,ev,evebit,evebitda,fcf,fcfps,fxusd,gp,grossmargin,intangibles,intexp,invcap,invcapavg,inventory,investments,investmentsc,investmentsnc,liabilities,liabilitiesc,liabilitiesnc,marketcap,ncf,ncfbus,ncfcommon,ncfdebt,ncfdiv,ncff,ncfi,ncfinv,ncfo,ncfx,netinc,netinccmn,netinccmnusd,netincdis,netincnci,netmargin,opex,opinc,payables,payoutratio,pb,pe,pe1,ppnenet,prefdivis,price,ps,ps1,receivables,retearn,revenue,revenueusd,rnd,roa,roe,roic,ros,sbcomp,sgna,sharefactor,sharesbas,shareswa,shareswadil,sps,tangibles,taxassets,taxexp,taxliabilities,tbvps,workingcapital
0,ZION,MRY,2020-12-31,2020-12-31,2020-12-31,2021-08-05,325000000.0,81479000000.0,76937500000.0,,,0.031,48.163,-171000000.0,1617000000.0,1617000000.0,0.0,539000000.0,,9.332,2908000000.0,,,2908000000.0,0.0,86000000.0,69653000000.0,0.031,1.36,672000000.0,758000000.0,0.319,758000000.0,672000000.0,672000000.0,3.06,3.02,3.06,7886000000.0,7650250000.0,7886000000.0,8291663687.0,12.0,10.939,548000000.0,3.347,1.0,2376000000.0,1.0,1016000000.0,0.0,81754000000.0,77454250000.0,0.0,75995000000.0,,,73593000000.0,,,7124663687.0,-162000000.0,0.0,-68000000.0,-910000000.0,-259000000.0,11323000000.0,-12204000000.0,-12075000000.0,719000000.0,0.0,539000000.0,505000000.0,505000000.0,0.0,0.0,0.213,1704000000.0,672000000.0,0.0,0.444,0.903,14.108,14.196,1209000000.0,34000000.0,43.44,2.999,2.994,0.0,4309000000.0,2376000000.0,2376000000.0,0.0,0.007,0.066,0.009,0.283,26000000.0,1288000000.0,1.0,164011595.0,163737000,165613000.0,14.511,80463000000.0,0.0,133000000.0,0.0,491.416,
1,ZION,MRY,2019-12-31,2019-12-31,2019-12-31,2021-08-05,43000000.0,69172000000.0,69698250000.0,,,0.04,41.782,-117000000.0,1448000000.0,1448000000.0,0.0,816000000.0,,8.407,3776000000.0,,,3776000000.0,0.0,188000000.0,57085000000.0,0.025,1.28,1053000000.0,1241000000.0,0.444,1241000000.0,1053000000.0,1053000000.0,4.41,4.16,4.41,7353000000.0,7512250000.0,7353000000.0,12726483871.0,12.0,10.255,580000000.0,3.296,1.0,2795000000.0,1.0,1014000000.0,0.0,70486000000.0,72990500000.0,0.0,64224000000.0,,,61819000000.0,,,8850483871.0,91000000.0,0.0,-1088000000.0,-2608000000.0,-260000000.0,-981000000.0,375000000.0,490000000.0,697000000.0,0.0,816000000.0,782000000.0,782000000.0,0.0,0.0,0.28,1742000000.0,1053000000.0,0.0,0.29,1.204,11.318,11.773,1142000000.0,34000000.0,51.92,3.167,3.269,0.0,4009000000.0,2795000000.0,2795000000.0,0.0,0.011,0.104,0.014,0.377,27000000.0,1340000000.0,1.0,170463865.0,175984000,186504000.0,15.882,68158000000.0,0.0,237000000.0,0.0,387.297,
2,ZION,MRY,2018-12-31,2018-12-31,2018-12-31,2021-08-05,-250000000.0,68746000000.0,67103750000.0,,,0.042,39.145,-129000000.0,1233000000.0,1233000000.0,0.0,884000000.0,,8.072,6377000000.0,,,6377000000.0,0.0,193000000.0,54101000000.0,0.026,1.04,1143000000.0,1336000000.0,0.473,1336000000.0,1143000000.0,1143000000.0,4.36,4.08,4.36,7578000000.0,7599000000.0,7578000000.0,11381621341.0,10.0,8.519,1047000000.0,5.408,1.0,2822000000.0,1.0,1015000000.0,0.0,72875000000.0,70122000000.0,0.0,64436000000.0,,,61168000000.0,,,7829621341.0,66000000.0,0.0,-652000000.0,1012000000.0,-236000000.0,1596000000.0,-2706000000.0,-2583000000.0,1176000000.0,0.0,884000000.0,850000000.0,850000000.0,0.0,0.0,0.301,1679000000.0,1143000000.0,0.0,0.239,1.033,9.211,9.344,1124000000.0,34000000.0,40.74,2.774,2.795,0.0,3456000000.0,2822000000.0,2822000000.0,0.0,0.013,0.112,0.016,0.405,26000000.0,1280000000.0,1.0,192185109.0,193589000,206501000.0,14.577,67731000000.0,0.0,259000000.0,0.0,349.87,
3,ZION,MRY,2017-12-31,2017-12-31,2017-12-31,2021-08-05,-139000000.0,66288000000.0,65690250000.0,,,0.039,38.247,-169000000.0,1330000000.0,1330000000.0,0.0,592000000.0,,7.632,5359000000.0,,,5359000000.0,0.0,179000000.0,52621000000.0,0.009,0.44,936000000.0,1115000000.0,0.43,1115000000.0,936000000.0,936000000.0,2.71,2.6,2.71,7679000000.0,7729750000.0,7679000000.0,13853976134.0,15.0,12.425,759000000.0,3.78,1.0,2592000000.0,1.0,1016000000.0,0.0,69301000000.0,67672000000.0,0.0,61928000000.0,,,58609000000.0,,,10152976134.0,-189000000.0,0.0,-296000000.0,3996000000.0,-129000000.0,2802000000.0,-3919000000.0,-3766000000.0,928000000.0,0.0,592000000.0,550000000.0,550000000.0,0.0,0.0,0.212,1656000000.0,936000000.0,0.0,0.162,1.322,18.46,18.756,1094000000.0,42000000.0,50.83,3.917,3.937,0.0,2807000000.0,2592000000.0,2592000000.0,0.0,0.008,0.071,0.014,0.361,25000000.0,1214000000.0,1.0,199743776.0,200776000,209653000.0,12.91,65272000000.0,0.0,344000000.0,0.0,325.099,
4,ZION,MRY,2016-12-31,2016-12-31,2016-12-31,2021-08-05,-122000000.0,63239000000.0,60775191250.0,,,0.038,37.448,-196000000.0,2148000000.0,2148000000.0,0.0,469000000.0,,7.284,1362000000.0,,,1362000000.0,0.0,123000000.0,53236000000.0,0.007,0.28,705000000.0,828000000.0,0.362,828000000.0,705000000.0,705000000.0,2.0,1.99,2.0,7634000000.0,7641356750.0,7634000000.0,8411683667.0,12.0,10.159,400000000.0,1.962,1.0,2290000000.0,1.0,1022000000.0,0.0,61431000000.0,58397164500.0,0.0,58061000000.0,,,55605000000.0,,,8768023667.0,-61000000.0,0.0,-72000000.0,200000000.0,-108000000.0,2779000000.0,-3436000000.0,-3247000000.0,596000000.0,0.0,469000000.0,411000000.0,411000000.0,0.0,0.0,0.179,1585000000.0,705000000.0,0.0,0.14,1.149,21.333,21.52,1020000000.0,58000000.0,43.04,3.829,3.831,0.0,2321000000.0,2290000000.0,2290000000.0,0.0,0.007,0.054,0.012,0.308,26000000.0,1181000000.0,1.0,203718022.0,203855000,204269000.0,11.233,62217000000.0,0.0,236000000.0,0.0,305.202,
5,ZION,MRY,2015-12-31,2015-12-31,2015-12-31,2021-08-05,-54612000.0,59664543000.0,58499215000.0,,,0.035,36.935,-157000000.0,6906443000.0,6906443000.0,0.0,309000000.0,,6.947,1159353000.0,,,1159353000.0,0.0,86000000.0,50374091000.0,0.008,0.22,451000000.0,537000000.0,0.264,537000000.0,451000000.0,451000000.0,1.2,1.2,1.2,7507519000.0,7532521750.0,7507519000.0,-366988713.0,-1.0,-0.683,307000000.0,1.51,1.0,2032000000.0,1.0,1030401000.0,0.0,52887052000.0,51202253250.0,0.0,49898208000.0,,,52157024000.0,,,5577240287.0,-44000000.0,0.0,15000000.0,-185000000.0,-108000000.0,2071000000.0,-2579000000.0,-2440000000.0,464000000.0,0.0,309000000.0,247000000.0,247000000.0,0.0,0.0,0.122,1581000000.0,451000000.0,0.0,0.183,0.743,22.58,22.75,905462000.0,62000000.0,27.3,2.745,2.731,0.0,1966910000.0,2032000000.0,2032000000.0,0.0,0.004,0.033,0.009,0.222,25000000.0,1168000000.0,1.0,204294516.0,203265000,203698000.0,9.997,58634142000.0,0.0,142000000.0,0.0,288.462,
6,ZION,MRY,2014-12-31,2014-12-31,2014-12-31,2021-08-05,-128041000.0,57208874000.0,55964965750.0,,,0.041,38.342,-175799000.0,8020039000.0,8020039000.0,0.0,398462000.0,,6.763,1336505000.0,,,1336505000.0,0.0,57691000.0,47848075000.0,0.006,0.16,621423000.0,679114000.0,0.299,679114000.0,621423000.0,621423000.0,1.68,1.68,1.68,7369530000.0,6994498750.0,7369530000.0,-962482524.0,-2.0,-1.417,204542000.0,1.064,1.0,2270790000.0,1.0,1039649000.0,0.0,49485691000.0,48403524750.0,0.0,46405841000.0,,,49839344000.0,,,5785598476.0,-331115000.0,0.0,520849000.0,-1319400000.0,-96130000.0,557106000.0,-1268562000.0,-1127679000.0,380341000.0,0.0,398462000.0,326568000.0,326568000.0,0.0,0.0,0.144,1604945000.0,665845000.0,0.0,0.095,0.785,17.716,16.97,829809000.0,71894000.0,28.51,2.548,2.413,0.0,1769705000.0,2270790000.0,2270790000.0,0.0,0.006,0.047,0.013,0.274,0.0,1163223000.0,1.0,202932251.0,192207000,192789000.0,11.814,56169225000.0,0.0,222961000.0,0.0,292.233,
7,ZION,MRY,2013-12-31,2013-12-31,2013-12-31,2021-08-05,-192101000.0,56031127000.0,55058635750.0,,,0.039,35.163,-88580000.0,9350131000.0,9350131000.0,0.0,263455000.0,,7.667,2613923000.0,,,2613923000.0,0.0,130616000.0,46361880000.0,0.004,0.13,406768000.0,537384000.0,0.253,537384000.0,406768000.0,406768000.0,1.58,1.58,1.58,6464563000.0,6503277250.0,6464563000.0,-1436573589.0,-4.0,-2.673,746527000.0,4.061,1.0,2120871000.0,1.0,1050573000.0,0.0,48244346000.0,47834940000.0,0.0,43931718000.0,,,49566564000.0,,,5531072411.0,-668220000.0,0.0,794143000.0,-197988000.0,-119660000.0,-150332000.0,-1352995000.0,-1287310000.0,835107000.0,0.0,263791000.0,293979000.0,293979000.0,0.0,-336000.0,0.139,1594247000.0,526624000.0,0.0,0.082,0.856,18.815,18.962,726372000.0,-30188000.0,29.96,2.608,2.597,0.0,1473670000.0,2120871000.0,2120871000.0,0.0,0.005,0.045,0.009,0.192,0.0,1223164000.0,1.0,184615234.0,183844000,184297000.0,11.536,54980554000.0,0.0,142977000.0,0.0,299.061,
8,ZION,MRY,2012-12-31,2012-12-31,2012-12-31,2021-08-05,-446157000.0,55511918000.0,53725559500.0,,,0.04,33.057,-68894000.0,7820885000.0,7820885000.0,0.0,348150000.0,,8.173,2689735000.0,,,2689735000.0,0.0,185185000.0,46133073000.0,0.002,0.04,542932000.0,728117000.0,0.341,728117000.0,542932000.0,542932000.0,0.97,0.97,0.97,6052069000.0,6213567500.0,6052069000.0,167026226.0,0.0,0.229,667301000.0,3.645,1.0,2137583000.0,1.0,1064947000.0,0.0,49315821000.0,47492279250.0,0.0,44528136000.0,,,49463277000.0,,,3941218226.0,617557000.0,0.0,143240000.0,14455000.0,-133581000.0,1760904000.0,-1879542000.0,-1830761000.0,736195000.0,0.0,349516000.0,178631000.0,178631000.0,0.0,-1366000.0,0.084,1596017000.0,541566000.0,0.0,0.041,0.651,22.063,22.062,708882000.0,170885000.0,21.4,1.844,1.833,0.0,1203815000.0,2137583000.0,2137583000.0,0.0,0.003,0.029,0.011,0.254,0.0,1185827000.0,1.0,184169076.0,183081000,183236000.0,11.676,54446971000.0,0.0,193416000.0,0.0,297.393,
9,ZION,MRY,2011-12-31,2011-12-31,2011-12-31,2021-08-05,-592084000.0,53149109000.0,51712387750.0,,,0.042,38.298,-77669000.0,8245245000.0,8245245000.0,0.0,322690000.0,,6.609,2677319000.0,,,2677319000.0,0.0,240485000.0,42875609000.0,0.002,0.04,522387000.0,762872000.0,0.35,762872000.0,522387000.0,522387000.0,0.83,0.83,0.83,6985308000.0,6891629750.0,6985308000.0,-535887362.0,-1.0,-0.702,991079000.0,5.434,1.0,2179837000.0,1.0,1082959000.0,0.0,46498224000.0,46852820750.0,0.0,41454076000.0,,,46165881000.0,,,3000246638.0,300224000.0,0.0,25686000.0,-111139000.0,-156135000.0,1695601000.0,-2464125000.0,-2405863000.0,1068748000.0,0.0,323804000.0,153390000.0,153390000.0,0.0,-1114000.0,0.07,1658564000.0,521273000.0,0.0,0.048,0.43,19.56,19.614,719276000.0,170414000.0,16.28,1.376,1.362,0.0,1036590000.0,2179837000.0,2179837000.0,0.0,0.003,0.022,0.011,0.24,0.0,1158689000.0,1.0,184290334.0,182393000,182605000.0,11.951,52066150000.0,0.0,198583000.0,0.0,285.461,
10,ZION,MRY,2010-12-31,2010-12-31,2010-12-31,2021-08-05,-461296000.0,51034886000.0,51485734500.0,,,0.026,40.037,-79071000.0,5500134000.0,5500134000.0,0.0,-296349000.0,,6.677,2873822000.0,,,2873822000.0,0.0,372754000.0,40935000000.0,0.002,0.04,-399547000.0,-26793000.0,-0.02,-26793000.0,-399547000.0,-399547000.0,-2.48,-2.48,-2.48,6648279000.0,6351939750.0,6648279000.0,1435356252.0,-4.0,-53.572,1392559000.0,8.386,1.0,1315158000.0,1.0,1103059000.0,0.0,47305515000.0,48057637000.0,0.0,41597099000.0,,,44387672000.0,,,4311917252.0,-446063000.0,0.0,977145000.0,57314000.0,-109316000.0,18640000.0,-1936333000.0,-2089137000.0,1471630000.0,0.0,-292728000.0,-412505000.0,-412505000.0,0.0,-3621000.0,-0.314,1718326000.0,-403168000.0,0.0,-0.016,0.649,-10.453,-9.77,720985000.0,119777000.0,24.23,3.279,3.059,0.0,889284000.0,1315158000.0,1315158000.0,0.0,-0.008,-0.065,-0.008,-0.304,0.0,1104324000.0,1.0,177957790.0,166054000,166054000.0,7.92,49931827000.0,0.0,-106819000.0,0.0,300.696,
11,ZION,MRY,2009-12-31,2009-12-31,2009-12-31,2021-08-05,-436899000.0,51123007000.0,52933530750.0,,,0.013,45.745,-97135000.0,2023153000.0,2023153000.0,0.0,-1221677000.0,,7.977,2983634000.0,,,2983634000.0,0.0,213040000.0,41840589000.0,0.008,0.1,-1617454000.0,-1404414000.0,-2.051,-1404414000.0,-1617454000.0,-1617454000.0,-9.92,-9.92,-9.92,5692658000.0,5662261500.0,5692658000.0,2679601966.0,-2.0,-1.908,961329000.0,7.725,1.0,684706000.0,1.0,1128577000.0,0.0,50954911000.0,52803808250.0,0.0,44593474000.0,,,45412750000.0,,,1773232966.0,-105787000.0,452192000.0,464110000.0,-2948382000.0,-96271000.0,-4806552000.0,3642301000.0,3287244000.0,1058464000.0,0.0,-1216111000.0,-1234447000.0,-1234447000.0,0.0,-5566000.0,-1.803,2307726000.0,-1623020000.0,0.0,-0.01,0.311,-1.436,-1.293,710534000.0,18336000.0,12.83,2.59,2.332,0.0,1308356000.0,684706000.0,684706000.0,0.0,-0.023,-0.218,-0.031,-2.362,0.0,1091095000.0,1.0,138209896.0,124443000,124443000.0,5.502,49994430000.0,0.0,-401343000.0,0.0,401.746,
12,ZION,MRY,2008-12-31,2008-12-31,2008-12-31,2021-08-05,-98958000.0,55092791000.0,54276533750.0,,,0.028,59.699,-102016000.0,3892186000.0,3892186000.0,0.0,-271333000.0,,7.469,4538315000.0,,,4538315000.0,0.0,140201000.0,43356349000.0,0.066,1.61,-309634000.0,-169433000.0,-0.112,-169433000.0,-309634000.0,-309634000.0,-2.68,-2.68,-2.68,6501696000.0,5667263500.0,6501696000.0,7608280484.0,-25.0,-44.904,1082526000.0,9.94,1.0,1514069000.0,1.0,1777312000.0,0.0,53961608000.0,54566357000.0,0.0,47012164000.0,,,48563775000.0,,,2827070484.0,-379179000.0,688940000.0,1692907000.0,-3637275000.0,-195679000.0,1519136000.0,-3082857000.0,-3669781000.0,1184542000.0,0.0,-266269000.0,-290693000.0,-290693000.0,0.0,-5064000.0,-0.192,1828767000.0,-314698000.0,0.0,-0.601,0.435,-9.725,-9.146,687096000.0,24424000.0,24.51,1.867,1.763,0.0,2433363000.0,1514069000.0,1514069000.0,0.0,-0.005,-0.051,-0.006,-0.205,0.0,1101060000.0,1.0,115343553.0,108908000,108908000.0,13.902,53315479000.0,0.0,-43365000.0,0.0,489.546,
13,ZION,MRY,2007-12-31,2007-12-31,2007-12-31,2021-08-05,-58835000.0,52947414000.0,50060602750.0,,,0.043,49.297,-91086000.0,2683826000.0,2683826000.0,0.0,501761000.0,,8.998,6874557000.0,,,6874557000.0,0.0,124973000.0,40104743000.0,0.036,1.68,729482000.0,854455000.0,0.399,854455000.0,729482000.0,729482000.0,4.45,4.4,4.45,5292800000.0,5258913000.0,5292800000.0,11061301855.0,15.0,12.945,641814000.0,5.978,1.0,2142086000.0,1.0,2159006000.0,0.0,54979139000.0,53191219500.0,0.0,46195252000.0,,,47623675000.0,,,4994872855.0,-83655000.0,45432000.0,-262552000.0,3755178000.0,-181327000.0,4239738000.0,-5056293000.0,-5010639000.0,732900000.0,0.0,493745000.0,479422000.0,479422000.0,0.0,8016000.0,0.224,1404588000.0,737498000.0,0.0,0.378,0.944,10.419,10.492,655712000.0,14323000.0,46.69,2.332,2.34,0.0,2910692000.0,2142086000.0,2142086000.0,0.0,0.01,0.091,0.014,0.341,16459000.0,1111035000.0,1.0,106979500.0,107365000,108408000.0,19.951,50788408000.0,0.0,235737000.0,0.0,473.044,
14,ZION,MRY,2006-12-31,2006-12-31,2006-12-31,2021-08-05,-75849000.0,46970226000.0,45302022000.0,,,0.05,47.022,-118800000.0,2037671000.0,2037671000.0,0.0,583125000.0,,8.41,7004228000.0,,,7004228000.0,0.0,125048000.0,34314262000.0,0.018,1.47,901075000.0,1026123000.0,0.457,1026123000.0,901075000.0,901075000.0,5.46,5.36,5.46,4987023000.0,4605333750.0,4987023000.0,13567660268.0,15.0,13.222,920482000.0,8.679,1.0,2243361000.0,1.0,2062651000.0,0.0,49874132000.0,48142207250.0,0.0,41362671000.0,,,41940412000.0,,,8814972268.0,232220000.0,-13145000.0,53028000.0,950032000.0,-156986000.0,3424241000.0,-4231303000.0,-4099358000.0,1039282000.0,0.0,583125000.0,579290000.0,579290000.0,0.0,0.0,0.258,1330437000.0,912924000.0,0.0,0.269,1.768,15.217,15.099,609472000.0,3835000.0,82.44,3.929,3.897,0.0,2602189000.0,2243361000.0,2243361000.0,0.0,0.013,0.126,0.019,0.402,9669000.0,1039686000.0,1.0,106925913.0,106057000,108028000.0,21.152,44907575000.0,0.0,317950000.0,0.0,423.429,
15,ZION,MRY,2005-12-31,2005-12-31,2005-12-31,2021-08-05,-83043000.0,42779639000.0,35240280000.0,,,0.05,46.468,-62664000.0,2143050000.0,2143050000.0,0.0,480121000.0,,9.09,5261016000.0,,,5261016000.0,0.0,100667000.0,32661209000.0,0.019,1.44,743539000.0,844206000.0,0.481,844206000.0,743539000.0,743539000.0,5.27,5.16,5.27,4237264000.0,3249027750.0,4237264000.0,9640189656.0,13.0,11.419,691530000.0,7.584,1.0,1755280000.0,1.0,2086754000.0,0.0,43810851000.0,37336506750.0,0.0,37014546000.0,,,38514824000.0,,,6810486656.0,855592000.0,-189718000.0,8589000.0,-340508000.0,-130300000.0,2532946000.0,-2431548000.0,-2179166000.0,754194000.0,0.0,480121000.0,480121000.0,480121000.0,0.0,0.0,0.274,1013393000.0,741887000.0,0.0,0.273,1.607,14.185,14.338,564745000.0,0.0,75.56,3.88,3.925,0.0,2179885000.0,1755280000.0,1755280000.0,0.0,0.014,0.148,0.02,0.424,0.0,802492000.0,1.0,90133492.0,91187000,92994000.0,19.249,40692885000.0,0.0,263418000.0,0.0,446.258,
16,ZION,MRY,2004-12-31,2004-12-31,2004-12-31,2021-08-05,-7932000.0,31469834000.0,30721225500.0,,,0.05,31.116,-60988000.0,982335000.0,982335000.0,0.0,405987000.0,,10.271,4919157000.0,,,4919157000.0,0.0,94777000.0,23308210000.0,0.019,1.26,626113000.0,720890000.0,0.466,720890000.0,626113000.0,626113000.0,4.53,4.47,4.53,2789979000.0,2693164000.0,2789979000.0,9182773597.0,15.0,12.738,601384000.0,6.707,1.0,1548226000.0,1.0,698085000.0,0.0,34708571000.0,33538093000.0,0.0,28604167000.0,,,28656496000.0,,,6099772597.0,-268353000.0,-16670000.0,-22631000.0,-177996000.0,-114600000.0,2245426000.0,-3176151000.0,-3098493000.0,662372000.0,0.0,405987000.0,405987000.0,405987000.0,0.0,0.0,0.262,923835000.0,624391000.0,0.0,0.278,2.186,15.025,15.018,409210000.0,0.0,68.03,3.94,3.94,0.0,1830064000.0,1548226000.0,1548226000.0,0.0,0.013,0.151,0.019,0.404,0.0,748616000.0,1.0,89662981.0,89663000,90882000.0,17.267,30771749000.0,0.0,220126000.0,0.0,343.193,
17,ZION,MRY,2003-12-31,2003-12-31,2003-12-31,2021-08-05,19041000.0,28558238000.0,27794197000.0,,,0.055,28.207,-78600000.0,1175085000.0,1175085000.0,0.0,337823000.0,,10.236,4444370000.0,,,4444370000.0,0.0,94536000.0,21112049000.0,0.017,1.02,551574000.0,646110000.0,0.426,646110000.0,551574000.0,551574000.0,3.75,3.72,3.75,2540023000.0,2479479750.0,2540023000.0,8066828552.0,15.0,12.485,404836000.0,4.496,1.0,1515649000.0,1.0,722899000.0,0.0,31104624000.0,29615077250.0,0.0,25567209000.0,,,25998439000.0,,,5511984552.0,32055000.0,0.0,-54155000.0,1140847000.0,-91887000.0,1734228000.0,-2185609000.0,-2107009000.0,483436000.0,0.0,337823000.0,337823000.0,337823000.0,0.0,0.0,0.223,947050000.0,568599000.0,0.0,0.272,2.17,16.316,16.357,407825000.0,0.0,61.34,3.637,3.644,0.0,1538677000.0,1515649000.0,1515649000.0,0.0,0.012,0.136,0.019,0.364,0.0,698067000.0,1.0,89859546.0,90048000,90734000.0,16.832,27835339000.0,0.0,213751000.0,0.0,309.117,
18,ZION,MRY,2002-12-31,2002-12-31,2002-12-31,2021-08-05,46214000.0,26565689000.0,25848573750.0,,,0.052,25.925,-87784000.0,1185063000.0,1185063000.0,0.0,256278000.0,,10.181,3486591000.0,,,3486591000.0,0.0,97037000.0,20147534000.0,0.02,0.8,423980000.0,521017000.0,0.389,521017000.0,423980000.0,423980000.0,2.8,2.78,2.8,2373843000.0,2337930500.0,2373843000.0,5592522420.0,13.0,10.734,158970000.0,1.736,1.0,1340077000.0,1.0,812951000.0,0.0,28054266000.0,27348398500.0,0.0,23442837000.0,,,24169169000.0,,,3577589420.0,108687000.0,-58662000.0,-96308000.0,-270955000.0,-73241000.0,1844648000.0,-1982715000.0,-1857952000.0,246754000.0,0.0,256278000.0,256278000.0,256278000.0,-28460000.0,0.0,0.191,858928000.0,481149000.0,0.0,0.286,1.507,13.96,14.054,393630000.0,0.0,39.35,2.67,2.689,0.0,1292741000.0,1340077000.0,1340077000.0,0.0,0.01,0.11,0.016,0.316,0.0,683590000.0,1.0,90917139.0,91566000,92079000.0,14.635,25752738000.0,0.0,167702000.0,0.0,281.248,
19,ZION,MRY,2001-12-31,2001-12-31,2001-12-31,2021-08-05,59951000.0,24304164000.0,23898928000.0,,,0.054,25.009,-78868000.0,1039042000.0,1039042000.0,0.0,283020000.0,,9.649,3555792000.0,,,3555792000.0,0.0,119614000.0,18022956000.0,0.015,0.8,444887000.0,564501000.0,0.438,564501000.0,444887000.0,444887000.0,3.1,3.07,3.1,2280869000.0,2207453000.0,2280869000.0,7369139993.0,17.0,13.054,769570000.0,8.438,1.0,1288761000.0,1.0,879911000.0,0.0,25941003000.0,25418924750.0,0.0,21354359000.0,,,22006973000.0,,,4823953993.0,-68643000.0,143465000.0,-30664000.0,-1107668000.0,-73899000.0,-465013000.0,-452068000.0,-540096000.0,848438000.0,0.0,283020000.0,283020000.0,283020000.0,-8420000.0,0.0,0.22,836093000.0,452668000.0,0.0,0.258,2.115,17.045,16.961,368076000.0,0.0,52.58,3.743,3.721,0.0,1109704000.0,1288761000.0,1288761000.0,0.0,0.012,0.128,0.018,0.345,0.0,637996000.0,1.0,91745036.0,91202000,92174000.0,14.131,23424253000.0,0.0,161867000.0,0.0,256.839,
20,ZION,MRY,2000-12-31,2000-12-31,2000-12-31,2021-08-05,-3644000.0,21939443000.0,21579688500.0,,,0.045,20.608,-70209000.0,1100971000.0,1100971000.0,0.0,161709000.0,,11.311,3449512000.0,,,3449512000.0,0.0,114972000.0,16360943000.0,0.014,0.89,241370000.0,356342000.0,0.37,356342000.0,241370000.0,241370000.0,1.87,1.86,1.87,1778844000.0,1678547500.0,1778844000.0,7528756733.0,31.0,21.128,278978000.0,3.232,1.0,964189000.0,1.0,641440000.0,0.0,23646544000.0,23162653500.0,0.0,18827211000.0,,,20120742000.0,,,5432167733.0,148952000.0,11886000.0,2818000.0,468004000.0,-76762000.0,1178866000.0,-1379101000.0,-1334705000.0,349187000.0,0.0,161709000.0,161709000.0,161709000.0,0.0,0.0,0.168,721285000.0,242904000.0,0.0,0.476,3.054,33.592,33.39,314938000.0,0.0,62.44,5.634,5.59,0.0,874884000.0,964189000.0,964189000.0,0.0,0.007,0.096,0.01,0.25,0.0,519679000.0,1.0,86998202.0,86320000,87120000.0,11.17,21298003000.0,0.0,79661000.0,0.0,246.733,
21,ZION,MRY,1999-12-31,1999-12-31,1999-12-31,2021-08-05,-4158000.0,20280900000.0,19485818500.0,,,0.051,19.617,-76328000.0,1001569000.0,1001569000.0,0.0,194064000.0,,11.195,3234423000.0,,,3234423000.0,0.0,90522000.0,15099984000.0,0.012,0.72,303562000.0,394084000.0,0.398,394084000.0,303562000.0,303562000.0,2.29,2.29,2.29,1659838000.0,1554528500.0,1659838000.0,7169354433.0,24.0,18.192,-54691000.0,-0.646,1.0,990078000.0,1.0,666219000.0,0.0,21847535000.0,20553861750.0,0.0,17445650000.0,,,18581813000.0,,,5060900433.0,-24354000.0,8847000.0,3103000.0,2248133000.0,-56914000.0,1828627000.0,-1874618000.0,-1815029000.0,21637000.0,0.0,194064000.0,194064000.0,194064000.0,0.0,0.0,0.196,681567000.0,308511000.0,0.0,0.314,3.049,26.079,25.847,287448000.0,0.0,59.19,5.112,5.058,0.0,775765000.0,990078000.0,990078000.0,0.0,0.01,0.125,0.015,0.307,0.0,476238000.0,1.0,85502626.0,84613000,85695000.0,11.701,19614681000.0,0.0,109498000.0,0.0,231.816,
22,ZION,MRY,1998-12-31,1998-12-31,1998-12-31,2021-08-05,-3407000.0,18049623000.0,13634826750.0,,,0.056,17.733,-70091000.0,1200084000.0,1200084000.0,0.0,143353000.0,,11.402,1919404000.0,,,1919404000.0,0.0,80367000.0,14321660000.0,0.009,0.54,212985000.0,293352000.0,0.381,293352000.0,212985000.0,212985000.0,1.77,1.75,1.77,1452631000.0,1291793750.0,1452631000.0,6094989187.0,29.0,20.777,-80193000.0,-0.979,1.0,770105000.0,1.0,663606000.0,0.0,18105337000.0,14113017000.0,0.0,15385872000.0,,,16562322000.0,,,4880202187.0,221694000.0,-246485000.0,111660000.0,-80008000.0,-41600000.0,772377000.0,-540581000.0,-234304000.0,-10102000.0,0.0,143353000.0,143353000.0,143353000.0,0.0,0.0,0.186,556700000.0,213405000.0,0.0,0.305,3.36,34.043,35.26,249896000.0,0.0,62.41,6.337,6.639,0.0,659519000.0,770105000.0,770105000.0,0.0,0.011,0.111,0.015,0.277,0.0,362132000.0,1.0,78195837.0,81918000,81918000.0,9.401,17386017000.0,0.0,69632000.0,0.0,212.237,
23,ZION,MRY,1997-12-31,1997-12-31,1997-12-31,2021-08-05,3077000.0,9943447000.0,9822513000.0,,,0.052,11.758,-34317000.0,1147658000.0,1147658000.0,0.0,131403000.0,,11.39,1821755000.0,,,1821755000.0,0.0,34270000.0,7150116000.0,0.013,0.58,199070000.0,233340000.0,0.456,233340000.0,199070000.0,199070000.0,1.95,1.92,1.95,802549000.0,704336500.0,802549000.0,,,,-4227000.0,-0.062,1.0,511984000.0,1.0,294925000.0,0.0,10322619000.0,10999534750.0,0.0,8088142000.0,,,9140898000.0,,,3133654546.0,225055000.0,37304000.0,-117633000.0,518738000.0,-29040000.0,1658881000.0,-1463916000.0,-1469129000.0,30090000.0,0.0,131403000.0,131403000.0,131403000.0,0.0,0.0,0.257,312914000.0,199070000.0,0.0,0.297,3.905,23.848,23.272,137030000.0,0.0,45.38,6.121,6.05,0.0,529113000.0,511984000.0,511984000.0,0.0,0.013,0.187,0.018,0.389,0.0,222820000.0,1.0,69053648.0,68258000,68258000.0,7.501,9648522000.0,0.0,67667000.0,0.0,141.354,
24,ZION,MRY,1996-12-31,1996-12-31,1996-12-31,2021-08-05,-1807000.0,7116413000.0,,,,,9.096,-20019000.0,761759000.0,761759000.0,0.0,104692000.0,,11.831,1337094000.0,,,1337094000.0,0.0,22243000.0,5134041000.0,0.012,0.315,158379000.0,180622000.0,0.477,180622000.0,158379000.0,158379000.0,1.74,1.72,1.74,554610000.0,,554610000.0,,,,135317000.0,2.219,1.0,378893000.0,1.0,44885000.0,0.0,7646863000.0,,0.0,6049649000.0,,,6561803000.0,,,,-5226000.0,3540000.0,-22183000.0,333635000.0,-25033000.0,668245000.0,-828807000.0,-787008000.0,155336000.0,0.0,104692000.0,104692000.0,104692000.0,0.0,0.0,0.276,220514000.0,158379000.0,0.0,0.181,,,14.943,102701000.0,0.0,26.0,,4.184,0.0,436626000.0,378893000.0,378893000.0,0.0,,,,0.418,0.0,159516000.0,1.0,,60976000,60976000.0,6.214,7071528000.0,0.0,53687000.0,0.0,115.972,
25,ZION,MRY,1995-12-31,1995-12-31,1995-12-31,2021-08-05,,,,,,,,-17237000.0,,,0.0,82385000.0,,,,,,,,14758000.0,,0.018,0.352,124172000.0,138930000.0,0.435,138930000.0,124172000.0,124172000.0,1.39,1.37,1.39,,,,,,,193486000.0,3.224,1.0,319358000.0,1.0,,0.0,,,,,,,,,,,96313000.0,1568000.0,-17232000.0,233269000.0,-20592000.0,547766000.0,-662176000.0,-647892000.0,210723000.0,0.0,82385000.0,82385000.0,82385000.0,0.0,0.0,0.258,195186000.0,124172000.0,,0.253,,,14.433,,0.0,20.062,,3.77,,,319358000.0,319358000.0,0.0,,,,0.389,0.0,139656000.0,1.0,,60013000,60013000.0,5.321,,,41787000.0,,,
0,ZION,MRQ,2021-06-30,2021-06-30,2021-06-30,2021-08-05,175000000.0,87208000000.0,,,,,49.36,-31000000.0,10611000000.0,10611000000.0,0.0,354000000.0,,9.856,2049000000.0,,,2049000000.0,0.0,-8000000.0,76105000000.0,0.026,0.34,455000000.0,447000000.0,0.506,447000000.0,455000000.0,455000000.0,2.08,2.08,2.08,8033000000.0,,8033000000.0,1987293303.0,1.0,1.369,-232000000.0,-1.426,1.0,883000000.0,1.0,1015000000.0,0.0,77631000000.0,,0.0,72509000000.0,,,79175000000.0,,,8659293303.0,-51000000.0,0.0,-96000000.0,-291000000.0,-63000000.0,1675000000.0,-1525000000.0,-1491000000.0,-201000000.0,0.0,354000000.0,345000000.0,345000000.0,0.0,0.0,0.391,428000000.0,455000000.0,0.0,0.163,1.078,7.865,7.949,1239000000.0,9000000.0,52.86,2.732,2.714,0.0,4853000000.0,883000000.0,883000000.0,0.0,,,,,5000000.0,326000000.0,1.0,163815613.0,162742000,163054000.0,5.426,86193000000.0,0.0,101000000.0,0.0,529.63,
1,ZION,MRQ,2021-03-31,2021-03-31,2021-03-31,2021-08-05,148000000.0,85121000000.0,,,,,48.505,-53000000.0,9003000000.0,9003000000.0,0.0,322000000.0,,9.73,2331000000.0,,,2331000000.0,0.0,-3000000.0,73853000000.0,0.025,0.34,411000000.0,408000000.0,0.482,408000000.0,411000000.0,411000000.0,1.9,1.9,1.9,7933000000.0,,7933000000.0,10316206936.0,10.0,9.336,431000000.0,2.635,1.0,846000000.0,1.0,1016000000.0,0.0,77433000000.0,,0.0,72449000000.0,,,77188000000.0,,,9025206936.0,33000000.0,0.0,-39000000.0,-540000000.0,-66000000.0,3547000000.0,-3998000000.0,-3958000000.0,484000000.0,0.0,322000000.0,314000000.0,314000000.0,0.0,0.0,0.371,435000000.0,411000000.0,0.0,0.179,1.138,11.101,11.193,1236000000.0,8000000.0,54.96,3.224,3.211,0.0,4566000000.0,846000000.0,846000000.0,0.0,,,,,14000000.0,346000000.0,1.0,164214100.0,163551000,163887000.0,5.173,84105000000.0,0.0,89000000.0,0.0,514.243,
2,ZION,MRQ,2020-12-31,2020-12-31,2020-12-31,2021-08-05,325000000.0,81479000000.0,,,,,48.186,-48000000.0,1617000000.0,1617000000.0,0.0,284000000.0,,9.332,2908000000.0,,,2908000000.0,0.0,11000000.0,69653000000.0,0.031,0.34,359000000.0,370000000.0,0.472,370000000.0,359000000.0,359000000.0,1.66,1.64,1.66,7886000000.0,,7886000000.0,8291663687.0,12.0,10.939,123000000.0,0.752,1.0,784000000.0,1.0,1016000000.0,0.0,81754000000.0,,0.0,75995000000.0,,,73593000000.0,,,7124663687.0,-33000000.0,0.0,3000000.0,320000000.0,-64000000.0,2819000000.0,-3023000000.0,-2985000000.0,171000000.0,0.0,284000000.0,275000000.0,275000000.0,0.0,0.0,0.351,425000000.0,359000000.0,0.0,0.205,0.903,14.108,14.196,1209000000.0,9000000.0,43.44,2.999,2.994,0.0,4309000000.0,784000000.0,784000000.0,0.0,,,,,4000000.0,334000000.0,1.0,164011595.0,163656000,164365000.0,4.791,80463000000.0,0.0,75000000.0,0.0,491.659,
3,ZION,MRQ,2020-09-30,2020-09-30,2020-09-30,2021-08-05,332000000.0,78357000000.0,,,,,46.868,-41000000.0,1432000000.0,1432000000.0,0.0,175000000.0,,9.219,2599000000.0,,,2599000000.0,0.0,12000000.0,67094000000.0,0.047,0.34,215000000.0,227000000.0,0.346,227000000.0,215000000.0,215000000.0,1.01,1.01,1.01,7668000000.0,,7668000000.0,4855516346.0,9.0,7.269,109000000.0,0.666,1.0,657000000.0,1.0,1016000000.0,0.0,78508000000.0,,0.0,73067000000.0,,,70689000000.0,,,4791516346.0,6000000.0,0.0,0.0,393000000.0,-65000000.0,1736000000.0,-1880000000.0,-1838000000.0,150000000.0,0.0,175000000.0,167000000.0,167000000.0,0.0,0.0,0.254,442000000.0,215000000.0,0.0,0.337,0.625,11.86,12.074,1187000000.0,8000000.0,29.22,2.083,2.079,0.0,4090000000.0,657000000.0,657000000.0,0.0,,,,,4000000.0,321000000.0,1.0,163980710.0,163608000,163779000.0,4.016,77341000000.0,0.0,40000000.0,0.0,472.721,
4,ZION,MRQ,2020-06-30,2020-06-30,2020-06-30,2021-08-05,355000000.0,76447000000.0,,,,,46.318,-54000000.0,2149000000.0,2149000000.0,0.0,66000000.0,,9.092,2213000000.0,,,2213000000.0,0.0,18000000.0,65684000000.0,0.04,0.34,82000000.0,100000000.0,0.195,100000000.0,82000000.0,82000000.0,0.34,0.34,0.34,7575000000.0,,7575000000.0,9176306300.0,15.0,11.78,191000000.0,1.168,1.0,512000000.0,1.0,1014000000.0,0.0,75497000000.0,,0.0,70502000000.0,,,68872000000.0,,,5571306300.0,-160000000.0,0.0,2000000.0,-3335000000.0,-64000000.0,4771000000.0,-5176000000.0,-5136000000.0,245000000.0,0.0,66000000.0,57000000.0,57000000.0,0.0,0.0,0.111,430000000.0,82000000.0,0.0,1.0,0.735,12.353,12.879,1173000000.0,9000000.0,34.0,2.375,2.37,0.0,3979000000.0,512000000.0,512000000.0,0.0,,,,,5000000.0,312000000.0,1.0,163861950.0,163542000,164425000.0,3.131,75433000000.0,0.0,16000000.0,0.0,461.245,
5,ZION,MRQ,2020-03-31,2020-03-31,2020-03-31,2021-08-05,259000000.0,71467000000.0,,,,,45.521,-28000000.0,1955000000.0,1955000000.0,0.0,14000000.0,,8.565,5560000000.0,,,5560000000.0,0.0,45000000.0,57518000000.0,0.049,0.34,16000000.0,61000000.0,0.144,61000000.0,16000000.0,16000000.0,0.04,0.04,0.04,7472000000.0,,7472000000.0,6741241886.0,8.0,6.851,125000000.0,0.762,1.0,424000000.0,1.0,1014000000.0,0.0,74058000000.0,,0.0,65779000000.0,,,63995000000.0,,,4413241886.0,25000000.0,0.0,-73000000.0,1712000000.0,-66000000.0,1997000000.0,-2125000000.0,-2116000000.0,153000000.0,0.0,14000000.0,6000000.0,6000000.0,0.0,0.0,0.014,408000000.0,16000000.0,0.0,8.5,0.591,7.57,7.988,1144000000.0,8000000.0,26.76,1.755,1.747,0.0,3979000000.0,424000000.0,424000000.0,0.0,,,,,13000000.0,322000000.0,1.0,164919353.0,164143000,172998000.0,2.583,70453000000.0,0.0,2000000.0,0.0,429.217,
6,ZION,MRQ,2019-12-31,2019-12-31,2019-12-31,2021-08-05,43000000.0,69172000000.0,,,,,44.035,-23000000.0,1448000000.0,1448000000.0,0.0,183000000.0,,8.407,3776000000.0,,,3776000000.0,0.0,45000000.0,57085000000.0,0.025,0.34,235000000.0,280000000.0,0.396,280000000.0,235000000.0,235000000.0,1.03,0.96,1.03,7353000000.0,,7353000000.0,12726483871.0,12.0,10.255,328000000.0,1.964,1.0,707000000.0,1.0,1014000000.0,0.0,70486000000.0,,0.0,64224000000.0,,,61819000000.0,,,8850483871.0,-91000000.0,0.0,-270000000.0,-2031000000.0,-64000000.0,-1420000000.0,978000000.0,999000000.0,351000000.0,0.0,183000000.0,174000000.0,174000000.0,0.0,0.0,0.246,472000000.0,235000000.0,0.0,0.33,1.204,11.318,11.773,1142000000.0,9000000.0,51.92,3.167,3.269,0.0,4009000000.0,707000000.0,707000000.0,0.0,,,,,4000000.0,356000000.0,1.0,170463865.0,166981000,179331000.0,4.234,68158000000.0,0.0,52000000.0,0.0,408.178,
7,ZION,MRQ,2019-09-30,2019-09-30,2019-09-30,2021-08-05,49000000.0,70361000000.0,,,,,43.365,-34000000.0,1945000000.0,1945000000.0,0.0,222000000.0,,8.37,5821000000.0,,,5821000000.0,0.0,50000000.0,56139000000.0,0.028,0.34,288000000.0,338000000.0,0.481,338000000.0,288000000.0,288000000.0,1.23,1.17,1.23,7509000000.0,,7509000000.0,13965392582.0,13.0,10.718,92000000.0,0.531,1.0,703000000.0,1.0,1014000000.0,0.0,73223000000.0,,0.0,64923000000.0,,,62852000000.0,,,7878392582.0,258000000.0,0.0,-274000000.0,-1445000000.0,-69000000.0,20000000.0,112000000.0,150000000.0,126000000.0,0.0,222000000.0,214000000.0,214000000.0,0.0,0.0,0.304,415000000.0,288000000.0,0.0,0.276,1.049,9.55,9.85,1146000000.0,8000000.0,44.52,2.817,2.756,0.0,3892000000.0,703000000.0,703000000.0,0.0,,,,,5000000.0,323000000.0,1.0,176962996.0,173160000,181870000.0,4.06,69347000000.0,0.0,66000000.0,0.0,400.479,
8,ZION,MRQ,2019-06-30,2019-06-30,2019-06-30,2021-08-05,25000000.0,70065000000.0,,,,,42.416,-35000000.0,1172000000.0,1172000000.0,0.0,198000000.0,,8.22,7259000000.0,,,7259000000.0,0.0,49000000.0,54332000000.0,0.026,0.3,256000000.0,305000000.0,0.449,305000000.0,256000000.0,256000000.0,1.05,0.99,1.05,7599000000.0,,7599000000.0,13328353827.0,12.0,10.205,227000000.0,1.267,1.0,680000000.0,1.0,1014000000.0,0.0,75138000000.0,,0.0,65410000000.0,,,62466000000.0,,,8394353827.0,2000000.0,0.0,-272000000.0,1080000000.0,-61000000.0,542000000.0,-802000000.0,-767000000.0,262000000.0,0.0,198000000.0,189000000.0,189000000.0,0.0,0.0,0.278,424000000.0,256000000.0,0.0,0.286,1.105,10.163,10.45,1133000000.0,9000000.0,45.98,2.992,2.936,0.0,3737000000.0,680000000.0,680000000.0,0.0,,,,,4000000.0,324000000.0,1.0,182565329.0,179156000,189098000.0,3.796,69051000000.0,0.0,58000000.0,0.0,385.424,
9,ZION,MRQ,2019-03-31,2019-03-31,2019-03-31,2021-08-05,-122000000.0,69195000000.0,,,,,41.068,-25000000.0,1238000000.0,1238000000.0,0.0,213000000.0,,8.119,6172000000.0,,,6172000000.0,0.0,44000000.0,54535000000.0,0.025,0.3,274000000.0,318000000.0,0.452,318000000.0,274000000.0,274000000.0,1.1,1.04,1.1,7588000000.0,,7588000000.0,13597509888.0,12.0,10.436,-67000000.0,-0.363,1.0,704000000.0,1.0,1014000000.0,0.0,73115000000.0,,0.0,64593000000.0,,,61607000000.0,,,8453509888.0,-78000000.0,0.0,-272000000.0,-212000000.0,-66000000.0,-123000000.0,87000000.0,108000000.0,-42000000.0,0.0,213000000.0,205000000.0,205000000.0,0.0,0.0,0.291,430000000.0,274000000.0,0.0,0.273,1.114,10.259,10.56,1125000000.0,8000000.0,45.41,3.019,2.997,0.0,3603000000.0,704000000.0,704000000.0,0.0,,,,,14000000.0,336000000.0,1.0,186159654.0,184767000,195241000.0,3.81,68181000000.0,0.0,61000000.0,0.0,369.011,
10,ZION,MRQ,2018-12-31,2018-12-31,2018-12-31,2021-08-05,-250000000.0,68746000000.0,,,,,40.07,-39000000.0,1233000000.0,1233000000.0,0.0,226000000.0,,8.072,6377000000.0,,,6377000000.0,0.0,52000000.0,54101000000.0,0.026,0.3,290000000.0,342000000.0,0.482,342000000.0,290000000.0,290000000.0,1.14,1.07,1.14,7578000000.0,,7578000000.0,11381621341.0,10.0,8.519,312000000.0,1.65,1.0,710000000.0,1.0,1015000000.0,0.0,72875000000.0,,0.0,64436000000.0,,,61168000000.0,,,7829621341.0,97000000.0,0.0,-237000000.0,1711000000.0,-64000000.0,1713000000.0,-1967000000.0,-1932000000.0,351000000.0,0.0,226000000.0,217000000.0,217000000.0,0.0,0.0,0.306,420000000.0,290000000.0,0.0,0.263,1.033,9.211,9.344,1124000000.0,9000000.0,40.74,2.774,2.795,0.0,3456000000.0,710000000.0,710000000.0,0.0,,,,,4000000.0,327000000.0,1.0,192185109.0,189119000,200033000.0,3.754,67731000000.0,0.0,64000000.0,0.0,358.14,
11,ZION,MRQ,2018-09-30,2018-09-30,2018-09-30,2021-08-05,-361000000.0,66731000000.0,,,,,39.14,-36000000.0,1107000000.0,1107000000.0,0.0,223000000.0,,7.835,4659000000.0,,,4659000000.0,0.0,49000000.0,53785000000.0,0.018,0.3,292000000.0,341000000.0,0.479,341000000.0,292000000.0,292000000.0,1.11,1.04,1.11,7553000000.0,,7553000000.0,13124300972.0,12.0,10.08,351000000.0,1.819,1.0,712000000.0,1.0,1015000000.0,0.0,69268000000.0,,0.0,62530000000.0,,,59178000000.0,,,9749300972.0,49000000.0,0.0,-184000000.0,120000000.0,-68000000.0,72000000.0,-410000000.0,-376000000.0,387000000.0,0.0,223000000.0,215000000.0,215000000.0,0.0,0.0,0.302,420000000.0,292000000.0,0.0,0.27,1.291,13.051,13.232,1111000000.0,8000000.0,50.15,3.486,3.46,0.0,3296000000.0,712000000.0,712000000.0,0.0,,,,,4000000.0,317000000.0,1.0,194402811.0,192973000,205765000.0,3.69,65716000000.0,0.0,69000000.0,0.0,340.545,
12,ZION,MRQ,2018-06-30,2018-06-30,2018-06-30,2021-08-05,-315000000.0,66457000000.0,,,,,38.966,-26000000.0,1166000000.0,1166000000.0,0.0,197000000.0,,7.72,4541000000.0,,,4541000000.0,0.0,49000000.0,53580000000.0,0.014,0.24,253000000.0,302000000.0,0.448,302000000.0,253000000.0,253000000.0,0.95,0.89,0.95,7621000000.0,,7621000000.0,14448988402.0,14.0,11.55,137000000.0,0.7,1.0,674000000.0,1.0,1015000000.0,0.0,68817000000.0,,0.0,62148000000.0,,,58836000000.0,,,10385988402.0,-2000000.0,0.0,-119000000.0,-709000000.0,-55000000.0,-265000000.0,100000000.0,125000000.0,163000000.0,0.0,197000000.0,187000000.0,187000000.0,0.0,0.0,0.277,421000000.0,253000000.0,0.0,0.253,1.363,15.184,15.362,1099000000.0,10000000.0,52.69,3.789,3.76,0.0,3139000000.0,674000000.0,674000000.0,0.0,,,,,5000000.0,319000000.0,1.0,197114982.0,195583000,209247000.0,3.446,65442000000.0,0.0,56000000.0,0.0,334.6,
13,ZION,MRQ,2018-03-31,2018-03-31,2018-03-31,2021-08-05,-267000000.0,66481000000.0,,,,,38.857,-28000000.0,1187000000.0,1187000000.0,0.0,238000000.0,,7.697,5250000000.0,,,5250000000.0,0.0,43000000.0,52963000000.0,0.011,0.2,308000000.0,351000000.0,0.483,351000000.0,308000000.0,308000000.0,1.16,1.09,1.16,7644000000.0,,7644000000.0,14391198775.0,14.0,11.568,247000000.0,1.256,1.0,727000000.0,1.0,1016000000.0,0.0,69528000000.0,,0.0,62276000000.0,,,58837000000.0,,,10362198775.0,-78000000.0,0.0,-112000000.0,-110000000.0,-49000000.0,76000000.0,-429000000.0,-400000000.0,275000000.0,0.0,238000000.0,231000000.0,231000000.0,0.0,0.0,0.318,419000000.0,308000000.0,0.0,0.172,1.356,15.917,16.275,1098000000.0,7000000.0,52.73,3.81,3.814,0.0,2999000000.0,727000000.0,727000000.0,0.0,,,,,13000000.0,317000000.0,1.0,196514295.0,196722000,210243000.0,3.696,65465000000.0,0.0,70000000.0,0.0,332.779,
14,ZION,MRQ,2017-12-31,2017-12-31,2017-12-31,2021-08-05,-139000000.0,66288000000.0,,,,,38.661,-36000000.0,1330000000.0,1330000000.0,0.0,123000000.0,,7.632,5359000000.0,,,5359000000.0,0.0,48000000.0,52621000000.0,0.009,0.16,260000000.0,308000000.0,0.45,308000000.0,260000000.0,260000000.0,0.57,0.54,0.57,7679000000.0,,7679000000.0,13853976134.0,15.0,12.425,89000000.0,0.448,1.0,684000000.0,1.0,1016000000.0,0.0,69301000000.0,,0.0,61928000000.0,,,58609000000.0,,,10152976134.0,7000000.0,0.0,-99000000.0,352000000.0,-40000000.0,724000000.0,-842000000.0,-810000000.0,125000000.0,0.0,123000000.0,114000000.0,114000000.0,0.0,0.0,0.167,424000000.0,260000000.0,0.0,0.281,1.322,18.46,18.756,1094000000.0,9000000.0,50.83,3.917,3.937,0.0,2807000000.0,684000000.0,684000000.0,0.0,,,,,4000000.0,300000000.0,1.0,199743776.0,198625000,210514000.0,3.444,65272000000.0,0.0,137000000.0,0.0,328.619,
15,ZION,MRQ,2017-09-30,2017-09-30,2017-09-30,2021-08-05,-57000000.0,65564000000.0,,,,,38.741,-39000000.0,1306000000.0,1306000000.0,0.0,160000000.0,,7.448,5007000000.0,,,5007000000.0,0.0,47000000.0,52099000000.0,0.008,0.12,243000000.0,290000000.0,0.442,290000000.0,243000000.0,243000000.0,0.75,0.72,0.75,7761000000.0,,7761000000.0,12615483830.0,14.0,12.038,188000000.0,0.938,1.0,656000000.0,1.0,1017000000.0,0.0,68248000000.0,,0.0,61205000000.0,,,57803000000.0,,,9538483830.0,60000000.0,0.0,-113000000.0,282000000.0,-34000000.0,-143000000.0,-24000000.0,11000000.0,227000000.0,0.0,160000000.0,152000000.0,152000000.0,0.0,0.0,0.232,413000000.0,243000000.0,0.0,0.16,1.229,17.033,17.156,1083000000.0,8000000.0,47.18,3.788,3.754,0.0,2700000000.0,656000000.0,656000000.0,0.0,,,,,4000000.0,307000000.0,1.0,202172188.0,200332000,209106000.0,3.275,64547000000.0,0.0,83000000.0,0.0,322.2,
16,ZION,MRQ,2017-06-30,2017-06-30,2017-06-30,2021-08-05,-49000000.0,65446000000.0,,,,,38.395,-44000000.0,1648000000.0,1648000000.0,0.0,168000000.0,,7.446,4725000000.0,,,4725000000.0,0.0,47000000.0,52378000000.0,0.007,0.08,248000000.0,295000000.0,0.452,295000000.0,248000000.0,248000000.0,0.76,0.73,0.76,7749000000.0,,7749000000.0,10090452519.0,12.0,10.255,151000000.0,0.748,1.0,653000000.0,1.0,1019000000.0,0.0,67504000000.0,,0.0,60808000000.0,,,57697000000.0,,,8897452519.0,-85000000.0,0.0,-43000000.0,1205000000.0,-26000000.0,-107000000.0,-173000000.0,-132000000.0,195000000.0,0.0,168000000.0,154000000.0,154000000.0,0.0,0.0,0.236,405000000.0,248000000.0,0.0,0.105,1.148,16.948,17.086,1069000000.0,14000000.0,43.91,3.621,3.607,0.0,2572000000.0,653000000.0,653000000.0,0.0,,,,,5000000.0,292000000.0,1.0,202629299.0,201822000,208183000.0,3.236,64427000000.0,0.0,80000000.0,0.0,319.227,
17,ZION,MRQ,2017-03-31,2017-03-31,2017-03-31,2021-08-05,-111000000.0,65463000000.0,,,,,38.202,-50000000.0,2327000000.0,2327000000.0,0.0,139000000.0,,7.469,3520000000.0,,,3520000000.0,0.0,37000000.0,53475000000.0,0.007,0.08,184000000.0,221000000.0,0.37,221000000.0,184000000.0,184000000.0,0.63,0.61,0.63,7730000000.0,,7730000000.0,7715693568.0,10.0,8.65,330000000.0,1.631,1.0,598000000.0,1.0,1021000000.0,0.0,65635000000.0,,0.0,60123000000.0,,,57733000000.0,,,8501753568.0,-171000000.0,0.0,-41000000.0,2158000000.0,-29000000.0,2329000000.0,-2880000000.0,-2832000000.0,380000000.0,0.0,139000000.0,129000000.0,129000000.0,0.0,0.0,0.216,414000000.0,184000000.0,0.0,0.127,1.1,18.402,18.667,1047000000.0,10000000.0,42.0,3.602,3.601,0.0,2435000000.0,598000000.0,598000000.0,0.0,,,,,12000000.0,314000000.0,1.0,202422704.0,202347000,210405000.0,2.955,64442000000.0,0.0,45000000.0,0.0,318.473,
18,ZION,MRQ,2016-12-31,2016-12-31,2016-12-31,2021-08-05,-122000000.0,63239000000.0,,,,,37.628,-53000000.0,2148000000.0,2148000000.0,0.0,137000000.0,,7.284,1362000000.0,,,1362000000.0,0.0,35000000.0,53236000000.0,0.007,0.08,207000000.0,242000000.0,0.396,242000000.0,207000000.0,207000000.0,0.61,0.6,0.61,7634000000.0,,7634000000.0,8411683667.0,12.0,10.159,128000000.0,0.631,1.0,611000000.0,1.0,1022000000.0,0.0,61431000000.0,,0.0,58061000000.0,,,55605000000.0,,,8768023667.0,184000000.0,0.0,-29000000.0,-324000000.0,-27000000.0,2008000000.0,-2005000000.0,-1954000000.0,181000000.0,0.0,137000000.0,125000000.0,125000000.0,0.0,0.0,0.205,404000000.0,207000000.0,0.0,0.131,1.149,21.333,21.52,1020000000.0,12000000.0,43.04,3.829,3.831,0.0,2321000000.0,611000000.0,611000000.0,0.0,,,,,4000000.0,291000000.0,1.0,203718022.0,202880000,203801000.0,3.012,62217000000.0,0.0,70000000.0,0.0,306.669,
19,ZION,MRQ,2016-09-30,2016-09-30,2016-09-30,2021-08-05,10001000.0,61038860000.0,,,,,37.586,-51000000.0,2042286000.0,2042286000.0,0.0,127000000.0,,6.948,1685946000.0,,,1685946000.0,0.0,34000000.0,50848661000.0,0.008,0.08,192000000.0,226000000.0,0.38,226000000.0,192000000.0,192000000.0,0.57,0.57,0.57,7679307000.0,,7679307000.0,4616285063.0,7.0,6.511,162000000.0,0.793,1.0,595000000.0,1.0,1024458000.0,0.0,59658062000.0,,0.0,55853943000.0,,,53359553000.0,,,6362539063.0,-7000000.0,0.0,-40000000.0,716000000.0,-31000000.0,1221000000.0,-1441000000.0,-1392000000.0,213000000.0,0.0,127000000.0,117000000.0,117000000.0,0.0,0.0,0.197,403000000.0,192000000.0,0.0,0.14,0.829,16.94,17.044,986553000.0,10000000.0,31.02,2.862,2.851,0.0,2211793000.0,595000000.0,595000000.0,0.0,,,,,6000000.0,295000000.0,1.0,205110866.0,204312000,204714000.0,2.912,60014402000.0,0.0,65000000.0,0.0,293.739,
20,ZION,MRQ,2016-06-30,2016-06-30,2016-06-30,2021-08-05,23652000.0,59642992000.0,,,,,37.341,-52000000.0,2715221000.0,2715221000.0,0.0,114000000.0,,6.821,968967000.0,,,968967000.0,0.0,29000000.0,50270921000.0,0.01,0.06,174000000.0,203000000.0,0.365,203000000.0,174000000.0,174000000.0,0.44,0.44,0.44,7626383000.0,,7626383000.0,2619931605.0,4.0,3.939,-56000000.0,-0.274,1.0,556000000.0,1.0,1026410000.0,0.0,56870328000.0,,0.0,53820045000.0,,,52016609000.0,,,5142188605.0,43000000.0,0.0,-3000000.0,-66000000.0,-23000000.0,189000000.0,-142000000.0,-91000000.0,-4000000.0,0.0,114000000.0,91000000.0,91000000.0,0.0,0.0,0.164,382000000.0,174000000.0,0.0,0.136,0.674,15.0,15.139,955540000.0,23000000.0,25.13,2.379,2.375,0.0,2110069000.0,556000000.0,556000000.0,0.0,,,,,5000000.0,288000000.0,1.0,204623502.0,204236000,204536000.0,2.722,58616582000.0,0.0,60000000.0,0.0,287.004,
21,ZION,MRQ,2016-03-31,2016-03-31,2016-03-31,2021-08-05,-11653000.0,59179913000.0,,,,,37.387,-40000000.0,3556893000.0,3556893000.0,0.0,91000000.0,,6.761,1034636000.0,,,1034636000.0,0.0,25000000.0,49887857000.0,0.01,0.06,132000000.0,157000000.0,0.297,157000000.0,132000000.0,132000000.0,0.38,0.38,0.38,7625737000.0,,7625737000.0,-790997767.0,-2.0,-1.531,167000000.0,0.819,1.0,528000000.0,1.0,1028388000.0,0.0,55629268000.0,,0.0,52757449000.0,,,51554176000.0,,,4951110233.0,-280000000.0,0.0,0.0,-126000000.0,-27000000.0,-639000000.0,152000000.0,190000000.0,207000000.0,0.0,91000000.0,79000000.0,79000000.0,0.0,0.0,0.15,396000000.0,132000000.0,0.0,0.158,0.649,19.747,20.008,925430000.0,12000000.0,24.21,2.446,2.44,0.0,2031270000.0,528000000.0,528000000.0,0.0,,,,,11000000.0,306000000.0,1.0,204506825.0,203967000,204096000.0,2.589,58151525000.0,0.0,41000000.0,0.0,285.103,
22,ZION,MRQ,2015-12-31,2015-12-31,2015-12-31,2021-08-05,-54612000.0,59664543000.0,,,,,36.822,-50885000.0,6906443000.0,6906443000.0,0.0,102016000.0,,6.947,1159353000.0,,,1159353000.0,0.0,-23563000.0,50374091000.0,0.008,0.06,146561000.0,122998000.0,0.226,122998000.0,146561000.0,146561000.0,0.43,0.43,0.43,7507519000.0,,7507519000.0,-366988713.0,-1.0,-0.683,26745000.0,0.131,1.0,544307000.0,1.0,1030401000.0,0.0,52887052000.0,,0.0,49898208000.0,,,52157024000.0,,,5577240287.0,195248000.0,0.0,-4631000.0,-49086000.0,-28301000.0,1202189000.0,-1084571000.0,-1004751000.0,77630000.0,0.0,102016000.0,88583000.0,88583000.0,0.0,0.0,0.163,400141000.0,144166000.0,0.0,0.14,0.743,22.58,22.75,905462000.0,13433000.0,27.3,2.745,2.731,0.0,1966910000.0,544307000.0,544307000.0,0.0,,,,,25000000.0,285500000.0,1.0,204294516.0,203889000,204259000.0,2.67,58634142000.0,0.0,44545000.0,0.0,287.579,
23,ZION,MRQ,2015-09-30,2015-09-30,2015-09-30,2021-08-05,-16975000.0,58410927000.0,,,,,37.503,-38747000.0,7161372000.0,7161372000.0,0.0,100999000.0,,6.647,1217143000.0,,,1217143000.0,0.0,40281000.0,48920147000.0,0.007,0.06,141779000.0,182060000.0,0.342,182060000.0,141779000.0,141779000.0,0.41,0.41,0.41,7638095000.0,,7638095000.0,-1518639141.0,-4.0,-3.038,173775000.0,0.853,1.0,533059000.0,1.0,1032675000.0,0.0,51434023000.0,,0.0,48450231000.0,,,50772832000.0,,,5622847859.0,-155544000.0,0.0,13599000.0,-66210000.0,-27420000.0,-96836000.0,-271230000.0,-250093000.0,212522000.0,0.0,100999000.0,84238000.0,84238000.0,0.0,0.0,0.158,391280000.0,141779000.0,0.0,0.146,0.736,24.971,25.266,873800000.0,16761000.0,27.54,2.784,2.777,0.0,1894623000.0,533059000.0,533059000.0,0.0,,,,,0.0,290335000.0,1.0,204170220.0,203668000,204155000.0,2.617,57378252000.0,0.0,40780000.0,0.0,281.724,
24,ZION,MRQ,2015-06-30,2015-06-30,2015-06-30,2021-08-05,-35172000.0,58365459000.0,,,,,37.115,-33835000.0,8419549000.0,8419549000.0,0.0,13960000.0,,6.751,1278062000.0,,,1278062000.0,0.0,35113000.0,48937124000.0,0.006,0.06,19459000.0,54572000.0,0.13,54572000.0,19459000.0,19459000.0,-0.01,-0.01,-0.01,7530175000.0,,7530175000.0,229138788.0,1.0,0.458,51196000.0,0.252,1.0,418456000.0,1.0,1034972000.0,0.0,50189000000.0,,0.0,47132549000.0,,,50835284000.0,,,6448840788.0,37380000.0,0.0,5070000.0,-20893000.0,-29045000.0,762384000.0,-810035000.0,-802174000.0,85031000.0,0.0,13960000.0,-1100000.0,-1100000.0,0.0,0.0,-0.003,396602000.0,21854000.0,0.0,-6.0,0.856,29.304,29.384,856577000.0,15060000.0,31.735,3.109,3.104,0.0,1823043000.0,418456000.0,418456000.0,0.0,,,,,0.0,332096000.0,1.0,203209100.0,202888000,202888000.0,2.062,57330487000.0,0.0,5499000.0,0.0,282.572,
25,ZION,MRQ,2015-03-31,2015-03-31,2015-03-31,2021-08-05,-114909000.0,57555931000.0,,,,,36.793,-33533000.0,7512620000.0,7512620000.0,0.0,92025000.0,,6.721,1292918000.0,,,1292918000.0,0.0,34169000.0,48123360000.0,0.006,0.04,143201000.0,177370000.0,0.331,177370000.0,143201000.0,143201000.0,0.37,0.37,0.37,7454298000.0,,7454298000.0,-1197315683.0,-2.0,-1.796,55284000.0,0.273,1.0,536178000.0,1.0,1037291000.0,0.0,50298938000.0,,0.0,47191368000.0,,,50101633000.0,,,5486218317.0,-121084000.0,0.0,962000.0,-48811000.0,-23234000.0,203263000.0,-413164000.0,-382982000.0,88817000.0,0.0,92025000.0,75279000.0,75279000.0,0.0,0.0,0.14,392977000.0,143201000.0,0.0,0.108,0.736,16.847,16.364,844900000.0,16746000.0,27.0,2.437,2.43,0.0,1836619000.0,536178000.0,536178000.0,0.0,,,,,0.0,321029000.0,1.0,203193271.0,202603000,202944000.0,2.646,56518640000.0,0.0,51176000.0,0.0,278.963,
26,ZION,MRQ,2014-12-31,2014-12-31,2014-12-31,2021-08-05,-128041000.0,57208874000.0,,,,,36.321,-36915000.0,8020039000.0,8020039000.0,0.0,81814000.0,,6.763,1336505000.0,,,1336505000.0,0.0,-39723000.0,47848075000.0,0.006,0.04,125573000.0,85850000.0,0.161,85850000.0,125573000.0,125573000.0,0.32,0.32,0.32,7369530000.0,,7369530000.0,-962482524.0,-2.0,-1.417,-8505000.0,-0.042,1.0,532314000.0,1.0,1039649000.0,0.0,49485691000.0,,0.0,46405841000.0,,,49839344000.0,,,5785598476.0,256270000.0,0.0,-3231000.0,25273000.0,-24939000.0,1584225000.0,-1356365000.0,-1334570000.0,28410000.0,0.0,81814000.0,66761000.0,66761000.0,0.0,0.0,0.125,406741000.0,125573000.0,0.0,0.125,0.785,17.716,16.97,829809000.0,15053000.0,28.51,2.548,2.413,0.0,1769705000.0,532314000.0,532314000.0,0.0,,,,,0.0,216301000.0,1.0,202932251.0,202899000,203376000.0,2.624,56169225000.0,0.0,43759000.0,0.0,276.833,
27,ZION,MRQ,2014-09-30,2014-09-30,2014-09-30,2021-08-05,-110927000.0,55458870000.0,,,,,37.227,-26153000.0,8053556000.0,8053556000.0,0.0,95888000.0,,6.574,1305475000.0,,,1305475000.0,0.0,33860000.0,46265336000.0,0.006,0.04,148997000.0,182857000.0,0.311,182857000.0,148997000.0,148997000.0,0.4,0.4,0.4,7322159000.0,,7322159000.0,313912247.0,1.0,0.563,182114000.0,0.926,1.0,587533000.0,1.0,1042289000.0,0.0,47668500000.0,,0.0,44678829000.0,,,48136711000.0,,,5892859247.0,-795590000.0,0.0,519559000.0,-901567000.0,-23243000.0,153848000.0,-1157705000.0,-1144351000.0,208267000.0,0.0,95888000.0,79127000.0,79127000.0,0.0,0.0,0.135,394114000.0,193419000.0,0.0,0.1,0.805,29.41,27.676,811127000.0,16761000.0,29.06,2.716,2.634,0.0,1711785000.0,587533000.0,587533000.0,0.0,,,,,0.0,325219000.0,1.0,202782493.0,196687000,197271000.0,2.987,54416581000.0,0.0,53109000.0,0.0,276.666,
28,ZION,MRQ,2014-06-30,2014-06-30,2014-06-30,2021-08-05,-136837000.0,55111275000.0,,,,,36.282,-35815000.0,7770484000.0,7770484000.0,0.0,119550000.0,,7.225,2191537000.0,,,2191537000.0,0.0,31150000.0,45670614000.0,0.005,0.04,189522000.0,220672000.0,0.371,220672000.0,189522000.0,189522000.0,0.56,0.56,0.56,6700090000.0,,6700090000.0,-1611755483.0,-4.0,-2.731,-22422000.0,-0.121,1.0,595549000.0,1.0,1044955000.0,0.0,48487373000.0,,0.0,44586828000.0,,,48411185000.0,,,5448862517.0,42332000.0,0.0,1641000.0,-257840000.0,-24207000.0,-1144959000.0,1173898000.0,1208333000.0,13393000.0,0.0,119550000.0,104490000.0,104490000.0,0.0,0.0,0.175,406027000.0,189522000.0,0.0,0.071,0.813,16.464,16.556,803214000.0,15060000.0,29.47,2.563,2.56,0.0,1640785000.0,595549000.0,595549000.0,0.0,,,,,0.0,314659000.0,1.0,184895233.0,184668000,185286000.0,3.225,54066320000.0,0.0,69972000.0,0.0,292.776,
29,ZION,MRQ,2014-03-31,2014-03-31,2014-03-31,2021-08-05,-145462000.0,56080844000.0,,,,,35.709,-76916000.0,9499156000.0,9499156000.0,0.0,101210000.0,,7.515,2438538000.0,,,2438538000.0,0.0,32404000.0,46532086000.0,0.005,0.04,157331000.0,189735000.0,0.342,189735000.0,157331000.0,157331000.0,0.41,0.41,0.41,6586216000.0,,6586216000.0,-1008931806.0,-3.0,-1.95,53355000.0,0.289,1.0,555394000.0,1.0,1047691000.0,0.0,47972535000.0,,0.0,43901905000.0,,,49494628000.0,,,5727276194.0,165873000.0,0.0,2880000.0,-185266000.0,-23741000.0,-36008000.0,71610000.0,142909000.0,130271000.0,0.0,101210000.0,76190000.0,76190000.0,0.0,0.0,0.137,398063000.0,157331000.0,0.0,0.098,0.87,20.321,20.382,785519000.0,25020000.0,30.98,2.717,2.711,0.0,1542195000.0,555394000.0,555394000.0,0.0,,,,,0.0,307044000.0,1.0,184870116.0,184440000,185123000.0,3.011,55033153000.0,0.0,56121000.0,0.0,298.38,
30,ZION,MRQ,2013-12-31,2013-12-31,2013-12-31,2021-08-05,-192101000.0,56031127000.0,,,,,35.093,-25142000.0,9350131000.0,9350131000.0,0.0,-41472000.0,,7.667,2613923000.0,,,2613923000.0,0.0,27756000.0,46361880000.0,0.004,0.04,-63327000.0,-35571000.0,-0.082,-35571000.0,-63327000.0,-63327000.0,-0.32,-0.32,-0.32,6464563000.0,,6464563000.0,-1436573589.0,-4.0,-2.673,47165000.0,0.256,1.0,431423000.0,1.0,1050573000.0,0.0,48244346000.0,,0.0,43931718000.0,,,49566564000.0,,,5531072411.0,-191395000.0,0.0,1586000.0,-33381000.0,-25446000.0,610121000.0,-873823000.0,-847818000.0,72307000.0,0.0,-41472000.0,-59437000.0,-59437000.0,0.0,0.0,-0.138,414840000.0,16583000.0,0.0,-0.125,0.856,18.815,18.962,726372000.0,17965000.0,29.96,2.608,2.597,0.0,1473670000.0,431423000.0,431423000.0,0.0,,,,,0.0,312240000.0,1.0,184615234.0,184213000,184756000.0,2.342,54980554000.0,0.0,-21855000.0,0.0,298.462,
31,ZION,MRQ,2013-09-30,2013-09-30,2013-09-30,2021-08-05,-384503000.0,55188312000.0,,,,,34.397,-20905000.0,9545721000.0,9545721000.0,0.0,111514000.0,,7.715,2578075000.0,,,2578075000.0,0.0,42667000.0,45669366000.0,0.004,0.04,172621000.0,215288000.0,0.396,215288000.0,172621000.0,172621000.0,1.13,1.12,1.13,6332809000.0,,6332809000.0,-1873712368.0,-3.0,-2.759,252101000.0,1.369,1.0,543284000.0,1.0,1053796000.0,0.0,47166870000.0,,0.0,42800452000.0,,,48855503000.0,,,5059603632.0,181985000.0,0.0,200040000.0,133467000.0,-34935000.0,150354000.0,-241375000.0,-224194000.0,273006000.0,0.0,111514000.0,209707000.0,209707000.0,0.0,0.0,0.386,370663000.0,172621000.0,0.0,0.035,0.799,13.006,12.995,720365000.0,-98193000.0,27.42,2.317,2.312,0.0,1540455000.0,543284000.0,543284000.0,0.0,,,,,0.0,306528000.0,1.0,184522379.0,184112000,184742000.0,2.951,54134516000.0,0.0,61107000.0,0.0,294.03,
32,ZION,MRQ,2013-06-30,2013-06-30,2013-06-30,2021-08-05,-374556000.0,54904540000.0,,,,,37.356,-26733000.0,9363107000.0,9363107000.0,0.0,83026000.0,,7.003,2429791000.0,,,2429791000.0,0.0,21935000.0,45016055000.0,0.002,0.04,126117000.0,148052000.0,0.256,148052000.0,126117000.0,126117000.0,0.3,0.3,0.3,6860332000.0,,6860332000.0,1293756811.0,2.0,1.897,260770000.0,1.42,1.0,577795000.0,1.0,1057368000.0,0.0,46913856000.0,,0.0,42616541000.0,,,48044208000.0,,,5328503811.0,254280000.0,0.0,423118000.0,-273185000.0,-35047000.0,612232000.0,-645455000.0,-631368000.0,287503000.0,0.0,83026000.0,55385000.0,55385000.0,0.0,0.0,0.096,411396000.0,166399000.0,0.0,0.133,0.777,22.052,21.909,717299000.0,27641000.0,28.92,2.416,2.408,0.0,1338401000.0,577795000.0,577795000.0,0.0,,,,,0.0,304780000.0,1.0,184249786.0,183647000,184062000.0,3.146,53847172000.0,0.0,43091000.0,0.0,293.21,
33,ZION,MRQ,2013-03-31,2013-03-31,2013-03-31,2021-08-05,-406903000.0,54110564000.0,,,,,34.654,-15800000.0,6714085000.0,6714085000.0,0.0,110387000.0,,7.515,2679338000.0,,,2679338000.0,0.0,38258000.0,44490195000.0,0.002,0.01,171357000.0,209615000.0,0.369,209615000.0,171357000.0,171357000.0,0.48,0.48,0.48,6355405000.0,,6355405000.0,-528289506.0,-1.0,-0.715,186491000.0,1.017,1.0,568369000.0,1.0,1061129000.0,0.0,49014688000.0,,0.0,44330065000.0,,,47759911000.0,,,4602860494.0,-913090000.0,0.0,169399000.0,-24889000.0,-24232000.0,-1523039000.0,407658000.0,416070000.0,202291000.0,0.0,110723000.0,88324000.0,88324000.0,0.0,-336000.0,0.155,397348000.0,171021000.0,0.0,0.021,0.724,19.062,18.932,706746000.0,22399000.0,24.99,2.119,2.11,0.0,1290131000.0,568369000.0,568369000.0,0.0,,,,,0.0,299616000.0,1.0,184188095.0,183396000,183655000.0,3.099,53049435000.0,0.0,60634000.0,0.0,289.262,
34,ZION,MRQ,2012-12-31,2012-12-31,2012-12-31,2021-08-05,-446157000.0,55511918000.0,,,,,33.017,-20932000.0,7820885000.0,7820885000.0,0.0,57686000.0,,8.173,2689735000.0,,,2689735000.0,0.0,18066000.0,46133073000.0,0.002,0.01,88069000.0,106135000.0,0.215,106135000.0,88069000.0,88069000.0,0.2,0.2,0.2,6052069000.0,,6052069000.0,167026226.0,0.0,0.229,112895000.0,0.616,1.0,494517000.0,1.0,1064947000.0,0.0,49315821000.0,,0.0,44528136000.0,,,49463277000.0,,,3941218226.0,780989000.0,19901000.0,724000.0,-127874000.0,-24493000.0,2208759000.0,-1561597000.0,-1580679000.0,133827000.0,0.0,58252000.0,35605000.0,35605000.0,0.0,-566000.0,0.072,407014000.0,87503000.0,0.0,0.05,0.651,22.063,22.062,708882000.0,22647000.0,21.4,1.844,1.833,0.0,1203815000.0,494517000.0,494517000.0,0.0,,,,,0.0,297725000.0,1.0,184169076.0,183300000,183458000.0,2.698,54446971000.0,0.0,29817000.0,0.0,297.037,
35,ZION,MRQ,2012-09-30,2012-09-30,2012-09-30,2021-08-05,-534738000.0,53087001000.0,,,,,32.314,-15145000.0,6580381000.0,6580381000.0,0.0,109597000.0,,7.966,2806189000.0,,,2806189000.0,0.0,47810000.0,43772537000.0,0.002,0.01,170555000.0,218365000.0,0.386,218365000.0,170555000.0,170555000.0,0.34,0.34,0.34,5921117000.0,,5921117000.0,-2060681663.0,-3.0,-2.742,78421000.0,0.428,1.0,565276000.0,1.0,1070163000.0,0.0,48242646000.0,,0.0,43182808000.0,,,47168746000.0,,,3804501337.0,-63755000.0,2667000.0,513000.0,-351086000.0,-32770000.0,-471145000.0,313824000.0,326302000.0,93566000.0,0.0,109851000.0,62322000.0,62322000.0,0.0,-254000.0,0.11,394975000.0,170301000.0,0.0,0.029,0.643,20.297,20.255,709188000.0,47529000.0,20.66,1.726,1.717,0.0,1170477000.0,565276000.0,565276000.0,0.0,,,,,0.0,296021000.0,1.0,184148177.0,183237000,183383000.0,3.085,52016838000.0,0.0,60704000.0,0.0,283.877,
36,ZION,MRQ,2012-06-30,2012-06-30,2012-06-30,2021-08-05,-576147000.0,53407012000.0,,,,,35.478,-17655000.0,9011848000.0,9011848000.0,0.0,91464000.0,,7.227,3146665000.0,,,3146665000.0,0.0,62166000.0,43160247000.0,0.002,0.01,142773000.0,204939000.0,0.377,204939000.0,142773000.0,142773000.0,0.3,0.3,0.3,6491971000.0,,6491971000.0,-2297303240.0,-4.0,-3.047,243052000.0,1.328,1.0,544156000.0,1.0,1074406000.0,0.0,46467423000.0,,0.0,40953435000.0,,,46917649000.0,,,3577109760.0,42487000.0,0.0,141661000.0,329637000.0,-35522000.0,349669000.0,-567889000.0,-550234000.0,260707000.0,0.0,91737000.0,55215000.0,55215000.0,0.0,-273000.0,0.101,401656000.0,142500000.0,0.0,0.033,0.551,18.798,18.854,714913000.0,36522000.0,19.42,1.614,1.603,0.0,1110120000.0,544156000.0,544156000.0,0.0,,,,,0.0,295801000.0,1.0,184197207.0,182985000,183137000.0,2.974,52332606000.0,0.0,51036000.0,0.0,285.994,
37,ZION,MRQ,2012-03-31,2012-03-31,2012-03-31,2021-08-05,-571567000.0,52896307000.0,,,,,34.952,-15162000.0,8711585000.0,8711585000.0,0.0,89403000.0,,7.279,2837172000.0,,,2837172000.0,0.0,57143000.0,43099088000.0,0.002,0.01,141535000.0,198678000.0,0.372,198678000.0,141535000.0,141535000.0,0.14,0.14,0.14,6389113000.0,,6389113000.0,-1616063953.0,-3.0,-2.067,232933000.0,1.274,1.0,533634000.0,1.0,1078667000.0,0.0,45943227000.0,,0.0,40732060000.0,,,46509529000.0,,,3951862047.0,-142164000.0,-22568000.0,342000.0,163778000.0,-40796000.0,-326379000.0,-63880000.0,-26150000.0,248095000.0,0.0,89676000.0,25489000.0,25489000.0,0.0,-273000.0,0.048,392372000.0,141262000.0,0.0,0.071,0.619,24.08,24.112,715815000.0,64187000.0,21.46,1.784,1.771,0.0,1060525000.0,533634000.0,533634000.0,0.0,,,,,0.0,296280000.0,1.0,184150142.0,182798000,182964000.0,2.919,51817640000.0,0.0,51859000.0,0.0,283.469,
38,ZION,MRQ,2011-12-31,2011-12-31,2011-12-31,2021-08-05,-592084000.0,53149109000.0,,,,,38.233,-15440000.0,8245245000.0,8245245000.0,0.0,88771000.0,,6.609,2677319000.0,,,2677319000.0,0.0,-7399000.0,42875609000.0,0.002,0.01,136896000.0,129497000.0,0.231,129497000.0,136896000.0,136896000.0,0.24,0.24,0.24,6985308000.0,,6985308000.0,-535887362.0,-1.0,-0.702,221957000.0,1.215,1.0,561563000.0,1.0,1082959000.0,0.0,46498224000.0,,0.0,41454076000.0,,,46165881000.0,,,3000246638.0,121582000.0,0.0,42000.0,-11313000.0,-40934000.0,1460175000.0,-1575990000.0,-1579957000.0,237397000.0,0.0,89019000.0,44420000.0,44420000.0,0.0,-248000.0,0.079,424915000.0,136648000.0,0.0,0.042,0.43,19.56,19.614,719276000.0,44599000.0,16.28,1.376,1.362,0.0,1036590000.0,561563000.0,561563000.0,0.0,,,,,0.0,297979000.0,1.0,184290334.0,182705000,182827000.0,3.074,52066150000.0,0.0,47877000.0,0.0,284.974,
39,ZION,MRQ,2011-09-30,2011-09-30,2011-09-30,2021-08-05,-588834000.0,51531320000.0,,,,,37.885,-22749000.0,6220834000.0,6220834000.0,0.0,108718000.0,,6.446,2684700000.0,,,2684700000.0,0.0,52288000.0,41363148000.0,0.003,0.01,168441000.0,220729000.0,0.382,220729000.0,168441000.0,168441000.0,0.35,0.35,0.35,6920766000.0,,6920766000.0,-664629303.0,-2.0,-0.947,193155000.0,1.057,1.0,577084000.0,1.0,1087700000.0,0.0,46907486000.0,,0.0,41572009000.0,,,44612403000.0,,,2595009697.0,67740000.0,0.0,237000.0,-19162000.0,-40297000.0,112622000.0,-260786000.0,-238037000.0,215904000.0,0.0,109093000.0,65165000.0,65165000.0,0.0,-375000.0,0.113,409018000.0,168066000.0,0.0,0.029,0.375,-1970.395,-704.0,726503000.0,43928000.0,14.08,1.321,1.309,0.0,994380000.0,577084000.0,577084000.0,0.0,,,,,0.0,288155000.0,1.0,184304666.0,182676000,183858000.0,3.159,50443620000.0,0.0,59348000.0,0.0,276.137,
40,ZION,MRQ,2011-06-30,2011-06-30,2011-06-30,2021-08-05,-504491000.0,51361414000.0,,,,,37.894,-19295000.0,5960020000.0,5960020000.0,0.0,72610000.0,,6.428,2700381000.0,,,2700381000.0,0.0,105790000.0,41191230000.0,0.002,0.01,127200000.0,232990000.0,0.429,232990000.0,127200000.0,127200000.0,0.16,0.16,0.16,6914593000.0,,6914593000.0,1699593761.0,40.0,3.631,326931000.0,1.792,1.0,543191000.0,1.0,1092507000.0,0.0,47009268000.0,,0.0,41692414000.0,,,44448323000.0,,,4413636761.0,85888000.0,0.0,195000.0,-160600000.0,-40303000.0,395506000.0,-655844000.0,-636549000.0,346226000.0,0.0,72875000.0,29038000.0,29038000.0,0.0,-265000.0,0.053,416256000.0,126935000.0,0.0,0.062,0.638,-30.035,-28.583,722600000.0,43837000.0,24.01,2.501,2.482,0.0,931345000.0,543191000.0,543191000.0,0.0,,,,,0.0,290273000.0,1.0,183824938.0,182472000,182728000.0,2.977,50268907000.0,0.0,54325000.0,0.0,275.488,
41,ZION,MRQ,2011-03-31,2011-03-31,2011-03-31,2021-08-05,-499163000.0,50807708000.0,,,,,37.125,-20185000.0,5638463000.0,5638463000.0,0.0,52591000.0,,6.532,2924420000.0,,,2924420000.0,0.0,89806000.0,40592434000.0,0.002,0.01,89850000.0,179656000.0,0.361,179656000.0,89850000.0,89850000.0,0.08,0.08,0.08,6745852000.0,,6745852000.0,1594062142.0,-7.0,8.155,249036000.0,1.371,1.0,497999000.0,1.0,1097360000.0,0.0,46996305000.0,,0.0,41324731000.0,,,44063121000.0,,,4220374142.0,25014000.0,0.0,25212000.0,79936000.0,-34601000.0,-272702000.0,28495000.0,48680000.0,269221000.0,0.0,52817000.0,14767000.0,14767000.0,0.0,-226000.0,0.03,408375000.0,89624000.0,0.0,0.125,0.626,-13.561,-12.533,721487000.0,38050000.0,23.06,2.784,2.764,0.0,904247000.0,497999000.0,497999000.0,0.0,,,,,0.0,282282000.0,1.0,183017092.0,181707000,181998000.0,2.741,49710348000.0,0.0,37033000.0,0.0,273.574,
42,ZION,MRQ,2010-12-31,2010-12-31,2010-12-31,2021-08-05,-461296000.0,51034886000.0,,,,,37.302,-20848000.0,5500134000.0,5500134000.0,0.0,-72394000.0,,6.677,2873822000.0,,,2873822000.0,0.0,164750000.0,40935000000.0,0.002,0.01,-96297000.0,68453000.0,0.198,68453000.0,-96297000.0,-96297000.0,-0.61,-0.61,-0.61,6648279000.0,,6648279000.0,1435356252.0,-4.0,-53.572,319597000.0,1.793,1.0,346310000.0,1.0,1103059000.0,0.0,47305515000.0,,0.0,41597099000.0,,,44387672000.0,,,4311917252.0,-136520000.0,-21149000.0,116382000.0,-20940000.0,-34683000.0,35393000.0,-512358000.0,-492440000.0,340445000.0,0.0,-72200000.0,-110287000.0,-110287000.0,0.0,-194000.0,-0.318,442801000.0,-96491000.0,0.0,-0.016,0.649,-10.453,-9.77,720985000.0,38087000.0,24.23,3.279,3.059,0.0,889284000.0,346310000.0,346310000.0,0.0,,,,,0.0,278487000.0,1.0,177957790.0,178228000,178228000.0,1.943,49931827000.0,0.0,-24097000.0,0.0,280.157,
43,ZION,MRQ,2010-09-30,2010-09-30,2010-09-30,2021-08-05,-452553000.0,51047776000.0,,,,,37.575,-25636000.0,5529424000.0,5529424000.0,0.0,-47457000.0,,6.859,2956396000.0,,,2956396000.0,0.0,65488000.0,40960140000.0,0.002,0.01,-78505000.0,-13017000.0,-0.034,-13017000.0,-78505000.0,-78505000.0,-0.47,-0.47,-0.47,6495432000.0,,6495432000.0,635156263.0,-1.0,-1.799,346992000.0,2.007,1.0,377407000.0,1.0,1109289000.0,0.0,47365459000.0,,0.0,41391921000.0,,,44553185000.0,,,3702556263.0,-8109000.0,21149000.0,110041000.0,-160198000.0,-29772000.0,-1133784000.0,753047000.0,723370000.0,372628000.0,0.0,-47325000.0,-80469000.0,-80469000.0,0.0,-132000.0,-0.213,456044000.0,-78637000.0,0.0,-0.021,0.57,-7.735,-7.29,719592000.0,33144000.0,21.36,3.363,3.354,0.0,1001559000.0,377407000.0,377407000.0,0.0,,,,,0.0,277710000.0,1.0,173340649.0,172865000,172865000.0,2.183,49938487000.0,0.0,-31180000.0,0.0,288.887,
44,ZION,MRQ,2010-06-30,2010-06-30,2010-06-30,2021-08-05,-433020000.0,52147295000.0,,,,,39.688,-17038000.0,5930626000.0,5930626000.0,0.0,-113361000.0,,7.12,3126535000.0,,,3126535000.0,0.0,96262000.0,42013876000.0,0.002,0.01,-135891000.0,-39629000.0,-0.135,-39629000.0,-135891000.0,-135891000.0,-0.84,-0.84,-0.84,6421842000.0,,6421842000.0,1978060782.0,-3.0,-3.898,70975000.0,0.439,1.0,294096000.0,1.0,1115586000.0,0.0,48227618000.0,,0.0,41953966000.0,,,45726193000.0,,,3456833782.0,23364000.0,0.0,600814000.0,-30527000.0,-21979000.0,464184000.0,-528833000.0,-687427000.0,88013000.0,0.0,-112993000.0,-135228000.0,-135228000.0,0.0,-368000.0,-0.46,430355000.0,-136259000.0,0.0,-0.012,0.538,-5.959,-5.545,705372000.0,22235000.0,21.57,3.839,3.876,0.0,1083845000.0,294096000.0,294096000.0,0.0,,,,,0.0,273960000.0,1.0,160261186.0,161810000,161810000.0,1.818,51031709000.0,0.0,-22898000.0,0.0,315.38,
45,ZION,MRQ,2010-03-31,2010-03-31,2010-03-31,2021-08-05,-428177000.0,51712981000.0,,,,,38.671,-15549000.0,4455602000.0,4455602000.0,0.0,-63137000.0,,7.849,3196577000.0,,,3196577000.0,0.0,46254000.0,42095809000.0,0.003,0.01,-88854000.0,-42600000.0,-0.143,-42600000.0,-88854000.0,-88854000.0,-0.57,-0.57,-0.57,5842206000.0,,5842206000.0,4104079669.0,-6.0,-8.117,654995000.0,4.336,1.0,297345000.0,1.0,1122000000.0,0.0,49331956000.0,,0.0,42982197000.0,,,45856069000.0,,,3284772669.0,-324798000.0,0.0,149908000.0,269061000.0,-22882000.0,652847000.0,-1648189000.0,-1632640000.0,670544000.0,0.0,-60210000.0,-86521000.0,-86521000.0,0.0,-2927000.0,-0.291,389126000.0,-91781000.0,0.0,-0.018,0.562,-7.009,-6.699,707387000.0,26311000.0,21.84,3.457,3.472,0.0,1220439000.0,297345000.0,297345000.0,0.0,,,,,0.0,274167000.0,1.0,150401679.0,151073000,151073000.0,1.968,50590981000.0,0.0,-28644000.0,0.0,334.878,
46,ZION,MRQ,2009-12-31,2009-12-31,2009-12-31,2021-08-05,-436899000.0,51123007000.0,,,,,40.654,-31226000.0,2023153000.0,2023153000.0,0.0,-185487000.0,,7.977,2983634000.0,,,2983634000.0,0.0,52073000.0,41840589000.0,0.008,0.01,-309873000.0,-257800000.0,-1.952,-257800000.0,-309873000.0,-309873000.0,-1.05,-1.05,-1.05,5692658000.0,,5692658000.0,2679601966.0,-2.0,-1.908,-234819000.0,-1.677,1.0,132057000.0,1.0,1128577000.0,0.0,50954911000.0,,0.0,44593474000.0,,,45412750000.0,,,1773232966.0,377249000.0,-223000.0,152851000.0,-943059000.0,-23101000.0,-1979821000.0,2560663000.0,2592112000.0,-203593000.0,0.0,-184064000.0,-176482000.0,-176482000.0,0.0,-1423000.0,-1.336,443353000.0,-311296000.0,0.0,-0.01,0.311,-1.436,-1.293,710534000.0,-7582000.0,12.83,2.59,2.332,0.0,1308356000.0,132057000.0,132057000.0,0.0,,,,,0.0,275998000.0,1.0,138209896.0,140028000,140028000.0,0.943,49994430000.0,0.0,-125809000.0,0.0,357.032,
47,ZION,MRQ,2009-09-30,2009-09-30,2009-09-30,2021-08-05,-469112000.0,53298150000.0,,,,,44.464,-12962000.0,3271333000.0,3271333000.0,0.0,-157671000.0,,8.392,3899378000.0,,,3899378000.0,0.0,87850000.0,43053392000.0,0.023,0.01,-255323000.0,-167473000.0,-0.946,-167473000.0,-255323000.0,-255323000.0,-1.43,-1.43,-1.43,5672708000.0,,5672708000.0,3651300319.0,-2.0,-2.126,734766000.0,5.759,1.0,176990000.0,1.0,1140936000.0,0.0,52785259000.0,,0.0,45643685000.0,,,47603909000.0,,,2272047319.0,-236265000.0,305464000.0,187518000.0,44580000.0,-22626000.0,-860266000.0,-123727000.0,-416229000.0,747728000.0,0.0,-155277000.0,-181880000.0,-181880000.0,0.0,-2394000.0,-1.028,434707000.0,-257717000.0,0.0,-0.007,0.401,-1.46,-1.309,698225000.0,26603000.0,17.97,3.276,3.305,0.0,1502232000.0,176990000.0,176990000.0,0.0,,,,,0.0,272803000.0,1.0,126435577.0,127581000,127581000.0,1.387,52157214000.0,0.0,-100046000.0,0.0,408.816,
48,ZION,MRQ,2009-06-30,2009-06-30,2009-06-30,2021-08-05,-368164000.0,52767954000.0,,,,,49.442,-20387000.0,2624884000.0,2624884000.0,0.0,-51938000.0,,8.204,3723373000.0,,,3723373000.0,0.0,36721000.0,42692343000.0,0.072,0.04,-74490000.0,-37769000.0,-0.11,-37769000.0,-74490000.0,-74490000.0,-0.21,-0.21,-0.21,5730674000.0,,5730674000.0,2694555551.0,-2.0,-1.841,205071000.0,1.769,1.0,343770000.0,1.0,1139060000.0,0.0,52727383000.0,,0.0,46335521000.0,,,47013259000.0,,,1332837551.0,-92767000.0,33480000.0,122764000.0,-473675000.0,-4617000.0,-1302538000.0,984313000.0,971220000.0,225458000.0,0.0,-50729000.0,-23758000.0,-23758000.0,0.0,-1209000.0,-0.069,419469000.0,-75699000.0,0.0,-0.19,0.233,-0.994,-0.964,703613000.0,-26971000.0,11.56,1.415,1.423,0.0,1685522000.0,343770000.0,343770000.0,0.0,,,,,7207000.0,277152000.0,1.0,115297366.0,115908000,115908000.0,2.966,51628894000.0,0.0,-23761000.0,0.0,445.43,
49,ZION,MRQ,2009-03-31,2009-03-31,2009-03-31,2021-08-05,-340727000.0,54545012000.0,,,,,48.665,-32560000.0,3287804000.0,3287804000.0,0.0,-826581000.0,,8.818,4649522000.0,,,4649522000.0,0.0,36396000.0,43736888000.0,0.124,0.04,-977768000.0,-941372000.0,-29.52,-941372000.0,-977768000.0,-977768000.0,-7.47,-7.47,-7.47,5553006000.0,,5553006000.0,1779897873.0,-1.0,-1.373,253456000.0,2.221,1.0,31889000.0,1.0,1159050000.0,0.0,54747680000.0,,0.0,47344684000.0,,,48965178000.0,,,1133768873.0,-154004000.0,113471000.0,-123000.0,-1585252000.0,-4601000.0,-663927000.0,223907000.0,142996000.0,286016000.0,0.0,-826041000.0,-852327000.0,-852327000.0,0.0,-540000.0,-26.728,1010197000.0,-978308000.0,0.0,-0.005,0.204,-0.909,-0.883,701742000.0,26286000.0,9.83,1.089,1.078,0.0,1713897000.0,31889000.0,31889000.0,0.0,,,,,8120000.0,281588000.0,1.0,115337627.0,114106000,114106000.0,0.279,53385962000.0,0.0,-151727000.0,0.0,467.863,
50,ZION,MRQ,2008-12-31,2008-12-31,2008-12-31,2021-08-05,-98958000.0,55092791000.0,,,,,56.98,-28744000.0,3892186000.0,3892186000.0,0.0,-484496000.0,,7.469,4538315000.0,,,4538315000.0,0.0,38375000.0,43356349000.0,0.066,0.32,-609488000.0,-571113000.0,-4.052,-571113000.0,-609488000.0,-609488000.0,-4.62,-4.61,-4.62,6501696000.0,,6501696000.0,7608280484.0,-25.0,-44.904,371919000.0,3.259,1.0,140963000.0,1.0,1777312000.0,0.0,53961608000.0,,0.0,47012164000.0,,,48563775000.0,,,2827070484.0,34019000.0,0.0,1449187000.0,-2717813000.0,-58570000.0,1358898000.0,-1725542000.0,-1696798000.0,400663000.0,0.0,-482976000.0,-498084000.0,-498084000.0,0.0,-1520000.0,-3.533,751971000.0,-611008000.0,0.0,-0.069,0.435,-9.725,-9.146,687096000.0,15108000.0,24.51,1.867,1.763,0.0,2433363000.0,140963000.0,140963000.0,0.0,,,,,-22728000.0,244098000.0,1.0,115343553.0,114104000,113633000.0,1.235,53315479000.0,0.0,-126512000.0,0.0,467.253,
51,ZION,MRQ,2008-09-30,2008-09-30,2008-09-30,2021-08-05,-157305000.0,53974168000.0,,,,,51.344,-37893000.0,2284961000.0,2284961000.0,0.0,41517000.0,,8.692,4446496000.0,,,4446496000.0,0.0,37647000.0,43281685000.0,0.044,0.43,48974000.0,86621000.0,0.204,86621000.0,48974000.0,48974000.0,0.31,0.31,0.31,5566027000.0,,5566027000.0,10213066622.0,31.0,21.861,457406000.0,4.219,1.0,425007000.0,1.0,2143493000.0,0.0,53992210000.0,,0.0,47373995000.0,,,48377853000.0,,,4163128622.0,-309767000.0,688940000.0,244859000.0,-2042593000.0,-45542000.0,-1550232000.0,745166000.0,94119000.0,495299000.0,0.0,37760000.0,33351000.0,33351000.0,0.0,3757000.0,0.078,372276000.0,52731000.0,0.0,1.387,0.748,16.68,16.681,675480000.0,4409000.0,38.7,2.363,2.381,0.0,2968242000.0,425007000.0,425007000.0,0.0,,,,,8747000.0,291164000.0,1.0,107574383.0,108407000,108497000.0,3.92,51830675000.0,0.0,11214000.0,0.0,478.112,
52,ZION,MRQ,2008-06-30,2008-06-30,2008-06-30,2021-08-05,-158325000.0,54630883000.0,,,,,49.473,-16859000.0,2530494000.0,2530494000.0,0.0,66469000.0,,9.355,6164961000.0,,,6164961000.0,0.0,35565000.0,42611052000.0,0.055,0.43,94235000.0,129800000.0,0.293,129800000.0,94235000.0,94235000.0,0.65,0.65,0.65,5273530000.0,,5273530000.0,8653739159.0,18.0,13.969,-34576000.0,-0.324,1.0,442923000.0,1.0,2141992000.0,0.0,56123358000.0,,0.0,47746624000.0,,,49331825000.0,,,3386844159.0,91185000.0,0.0,-2121000.0,1321699000.0,-45561000.0,1362851000.0,-1253949000.0,-1237090000.0,-17717000.0,0.0,72198000.0,69744000.0,69744000.0,0.0,-5729000.0,0.157,354417000.0,88506000.0,0.0,0.662,0.642,9.727,9.689,656013000.0,2454000.0,31.49,1.779,1.763,0.0,2981062000.0,442923000.0,442923000.0,0.0,,,,,7642000.0,281887000.0,1.0,107553006.0,106595000,106712000.0,4.155,52488891000.0,0.0,22037000.0,0.0,492.414,
53,ZION,MRQ,2008-03-31,2008-03-31,2008-03-31,2021-08-05,-76429000.0,53408293000.0,,,,,50.02,-18520000.0,3026291000.0,3026291000.0,0.0,105177000.0,,9.019,5956439000.0,,,5956439000.0,0.0,28614000.0,41473112000.0,0.038,0.43,156645000.0,185259000.0,0.367,185259000.0,156645000.0,156645000.0,0.97,0.97,0.97,5327801000.0,,5327801000.0,11233955055.0,17.0,14.647,287777000.0,2.702,1.0,505176000.0,1.0,2150189000.0,0.0,54188252000.0,,0.0,46210816000.0,,,48050079000.0,,,4880210055.0,-194616000.0,0.0,982000.0,-198699000.0,-46006000.0,347619000.0,-848532000.0,-830012000.0,306297000.0,0.0,106749000.0,104296000.0,104296000.0,0.0,-1572000.0,0.206,350103000.0,155073000.0,0.0,0.443,0.916,11.243,11.275,657183000.0,2453000.0,45.55,2.376,2.362,0.0,2957511000.0,505176000.0,505176000.0,0.0,,,,,6339000.0,283911000.0,1.0,107139628.0,106514000,106687000.0,4.743,51258104000.0,0.0,49896000.0,0.0,481.233,
54,ZION,MRQ,2007-12-31,2007-12-31,2007-12-31,2021-08-05,-58835000.0,52947414000.0,,,,,49.722,-20582000.0,2683826000.0,2683826000.0,0.0,53557000.0,,8.998,6874557000.0,,,6874557000.0,0.0,31000000.0,40104743000.0,0.036,0.43,34506000.0,65506000.0,0.169,65506000.0,34506000.0,34506000.0,0.39,0.39,0.39,5292800000.0,,5292800000.0,11061301855.0,15.0,12.945,199867000.0,1.878,1.0,388669000.0,1.0,2159006000.0,0.0,54979139000.0,,0.0,46195252000.0,,,47623675000.0,,,4994872855.0,373917000.0,11163000.0,2999000.0,1589227000.0,-45945000.0,2880938000.0,-2727470000.0,-2718051000.0,220449000.0,0.0,45541000.0,42198000.0,42198000.0,0.0,8016000.0,0.109,352966000.0,35703000.0,0.0,1.103,0.944,10.419,10.492,655712000.0,3343000.0,46.69,2.332,2.34,0.0,2910692000.0,388669000.0,388669000.0,0.0,,,,,8518000.0,271240000.0,1.0,106979500.0,106447000,106455000.0,3.651,50788408000.0,0.0,-11035000.0,0.0,477.124,
55,ZION,MRQ,2007-09-30,2007-09-30,2007-09-30,2021-08-05,-86914000.0,50044686000.0,,,,,49.216,-25371000.0,2018200000.0,2018200000.0,0.0,135732000.0,,8.513,8084629000.0,,,8084629000.0,0.0,31326000.0,36104813000.0,0.024,0.43,207585000.0,238911000.0,0.421,238911000.0,207585000.0,207585000.0,1.24,1.22,1.24,5256980000.0,,5256980000.0,13112026960.0,14.0,12.507,180731000.0,1.692,1.0,567106000.0,1.0,2193659000.0,0.0,53917456000.0,,0.0,44193304000.0,,,44750295000.0,,,7387386960.0,-159708000.0,-12970000.0,-86112000.0,1718791000.0,-46136000.0,1067873000.0,-1433683000.0,-1395342000.0,206102000.0,0.0,135732000.0,131962000.0,131962000.0,0.0,0.0,0.233,352031000.0,215075000.0,0.0,0.347,1.405,12.739,12.717,658294000.0,3770000.0,68.67,3.176,3.154,0.0,2914439000.0,567106000.0,567106000.0,0.0,,,,,5552000.0,283253000.0,1.0,107578083.0,106814000,107880000.0,5.309,47851027000.0,0.0,71853000.0,0.0,447.985,
56,ZION,MRQ,2007-06-30,2007-06-30,2007-06-30,2021-08-05,-112840000.0,48691445000.0,,,,,48.465,-24350000.0,1801786000.0,1801786000.0,0.0,159214000.0,,8.313,7526426000.0,,,7526426000.0,0.0,32042000.0,35306050000.0,0.02,0.43,245279000.0,277321000.0,0.468,277321000.0,245279000.0,245279000.0,1.44,1.43,1.44,5224702000.0,,5224702000.0,13606047231.0,14.0,12.638,154735000.0,1.435,1.0,592925000.0,1.0,2194181000.0,0.0,52221904000.0,,0.0,43152813000.0,,,43434649000.0,,,8313968231.0,66427000.0,-1668000.0,-110776000.0,425672000.0,-46496000.0,128140000.0,-240798000.0,-214780000.0,179085000.0,0.0,159214000.0,155607000.0,155607000.0,0.0,0.0,0.262,347612000.0,245313000.0,0.0,0.299,1.591,13.82,13.709,648731000.0,3607000.0,76.91,3.559,3.549,0.0,2828613000.0,592925000.0,592925000.0,0.0,,,,,3740000.0,277058000.0,1.0,108099964.0,107803000,109124000.0,5.5,46497264000.0,0.0,86065000.0,0.0,431.317,
57,ZION,MRQ,2007-03-31,2007-03-31,2007-03-31,2021-08-05,-69257000.0,48558866000.0,,,,,48.529,-20783000.0,2119535000.0,2119535000.0,0.0,153258000.0,,8.222,7411614000.0,,,7411614000.0,0.0,30605000.0,35184802000.0,0.018,0.39,242112000.0,272717000.0,0.46,272717000.0,242112000.0,242112000.0,1.38,1.36,1.38,5261170000.0,,5261170000.0,12952549389.0,14.0,12.269,106481000.0,0.982,1.0,593386000.0,1.0,2204566000.0,0.0,51646379000.0,,0.0,42610299000.0,,,43259005000.0,,,9296978389.0,-364291000.0,48907000.0,-68663000.0,21488000.0,-42750000.0,162787000.0,-654342000.0,-682466000.0,127264000.0,0.0,153258000.0,149655000.0,149655000.0,0.0,0.0,0.252,351979000.0,241407000.0,0.0,0.283,1.767,15.723,15.256,645391000.0,3603000.0,84.52,4.042,3.984,0.0,2719502000.0,593386000.0,593386000.0,0.0,,,,,-1351000.0,279484000.0,1.0,109997378.0,108414000,110107000.0,5.473,46354300000.0,0.0,88854000.0,0.0,427.567,
58,ZION,MRQ,2006-12-31,2006-12-31,2006-12-31,2021-08-05,-75849000.0,46970226000.0,,,,,46.843,-37031000.0,2037671000.0,2037671000.0,0.0,146508000.0,,8.41,7004228000.0,,,7004228000.0,0.0,32811000.0,34314262000.0,0.018,0.39,226589000.0,259400000.0,0.453,259400000.0,226589000.0,226589000.0,1.34,1.32,1.34,4987023000.0,,4987023000.0,13567660268.0,15.0,13.222,353829000.0,3.324,1.0,572245000.0,1.0,2062651000.0,0.0,49874132000.0,,0.0,41362671000.0,,,41940412000.0,,,8814972268.0,321900000.0,-11454000.0,-14054000.0,-583340000.0,-42109000.0,927384000.0,-996344000.0,-947859000.0,390860000.0,0.0,146508000.0,142673000.0,142673000.0,0.0,0.0,0.249,342926000.0,229319000.0,0.0,0.291,1.768,15.217,15.099,609472000.0,3835000.0,82.44,3.929,3.897,0.0,2602189000.0,572245000.0,572245000.0,0.0,,,,,4635000.0,264156000.0,1.0,106925913.0,106462000,108262000.0,5.375,44907575000.0,0.0,80081000.0,0.0,421.818,
59,ZION,MRQ,2006-09-30,2006-09-30,2006-09-30,2021-08-05,-89292000.0,45777747000.0,,,,,43.686,-31941000.0,1728828000.0,1728828000.0,0.0,153674000.0,,8.85,7598621000.0,,,7598621000.0,0.0,29694000.0,32837145000.0,0.018,0.36,237464000.0,267158000.0,0.463,267158000.0,237464000.0,237464000.0,1.45,1.42,1.45,4643166000.0,,4643166000.0,11795465928.0,14.0,11.853,156745000.0,1.475,1.0,577477000.0,1.0,2052463000.0,0.0,49595077000.0,,0.0,40445971000.0,,,41093423000.0,,,8513908928.0,-156919000.0,0.0,12988000.0,116177000.0,-38418000.0,480257000.0,-825862000.0,-793921000.0,188686000.0,0.0,153674000.0,153674000.0,153674000.0,0.0,0.0,0.266,330028000.0,247449000.0,0.0,0.248,1.834,15.076,14.59,587807000.0,0.0,79.81,3.954,3.939,0.0,2501625000.0,577477000.0,577477000.0,0.0,,,,,4023000.0,262987000.0,1.0,106677220.0,106285000,108061000.0,5.433,43725284000.0,0.0,83790000.0,0.0,411.397,
60,ZION,MRQ,2006-06-30,2006-06-30,2006-06-30,2021-08-05,-148327000.0,45142086000.0,,,,,41.956,-28418000.0,2124300000.0,2124300000.0,0.0,145310000.0,,9.144,6349478000.0,,,6349478000.0,0.0,32343000.0,33527437000.0,0.018,0.36,224131000.0,256474000.0,0.461,256474000.0,224131000.0,224131000.0,1.37,1.35,1.37,4447330000.0,,4447330000.0,11845953318.0,14.0,12.549,217169000.0,2.049,1.0,556816000.0,1.0,2058948000.0,0.0,47308316000.0,,0.0,39349478000.0,,,40666137000.0,,,8270307318.0,188972000.0,-1691000.0,13128000.0,1258007000.0,-38324000.0,1622176000.0,-1678791000.0,-1648682000.0,245587000.0,0.0,145310000.0,145310000.0,145310000.0,0.0,0.0,0.261,333028000.0,223788000.0,0.0,0.263,1.86,15.487,14.46,574154000.0,0.0,77.94,4.104,4.1,0.0,2386369000.0,556816000.0,556816000.0,0.0,,,,,-1782000.0,257394000.0,1.0,106111205.0,106001000,107883000.0,5.253,43083138000.0,0.0,78821000.0,0.0,406.441,
61,ZION,MRQ,2006-03-31,2006-03-31,2006-03-31,2021-08-05,-123099000.0,43318029000.0,,,,,41.185,-21410000.0,1815205000.0,1815205000.0,0.0,137633000.0,,8.966,6361089000.0,,,6361089000.0,0.0,32012000.0,31906734000.0,0.017,0.36,212891000.0,244903000.0,0.456,244903000.0,212891000.0,212891000.0,1.3,1.28,1.3,4343816000.0,,4343816000.0,11877092527.0,15.0,13.247,191474000.0,1.815,1.0,536823000.0,1.0,2072609000.0,0.0,45791304000.0,,0.0,37993511000.0,,,38945318000.0,,,8759126527.0,-121733000.0,0.0,40966000.0,159188000.0,-38135000.0,397501000.0,-732118000.0,-710708000.0,212884000.0,0.0,137633000.0,137633000.0,137633000.0,0.0,0.0,0.256,324455000.0,212368000.0,0.0,0.277,2.016,17.259,15.493,565327000.0,0.0,82.73,4.65,4.632,0.0,2279383000.0,536823000.0,536823000.0,0.0,,,,,-284000.0,255149000.0,1.0,105876061.0,105472000,107725000.0,5.09,41245420000.0,0.0,75258000.0,0.0,391.056,
62,ZION,MRQ,2005-12-31,2005-12-31,2005-12-31,2021-08-05,-83043000.0,42779639000.0,,,,,44.582,-16182000.0,2143050000.0,2143050000.0,0.0,128107000.0,,9.09,5261016000.0,,,5261016000.0,0.0,29391000.0,32661209000.0,0.019,0.36,197246000.0,226637000.0,0.47,226637000.0,197246000.0,197246000.0,1.35,1.32,1.35,4237264000.0,,4237264000.0,9640189656.0,13.0,11.419,377739000.0,3.974,1.0,482330000.0,1.0,2086754000.0,0.0,43810851000.0,,0.0,37014546000.0,,,38514824000.0,,,6810486656.0,597388000.0,-173442000.0,19877000.0,164207000.0,-32661000.0,1015258000.0,-811791000.0,-622167000.0,393921000.0,0.0,128107000.0,128107000.0,128107000.0,0.0,0.0,0.266,284391000.0,197939000.0,0.0,0.267,1.607,14.185,14.338,564745000.0,0.0,75.56,3.88,3.925,0.0,2179885000.0,482330000.0,482330000.0,0.0,,,,,-1020000.0,218478000.0,1.0,90133492.0,95045000,97158000.0,5.075,40692885000.0,0.0,69139000.0,0.0,428.143,
63,ZION,MRQ,2005-09-30,2005-09-30,2005-09-30,2021-08-05,-52088000.0,33422701000.0,,,,,33.332,-15719000.0,1582719000.0,1582719000.0,0.0,122970000.0,,10.135,4412422000.0,,,4412422000.0,0.0,24779000.0,25412804000.0,0.02,0.36,191170000.0,215949000.0,0.492,215949000.0,191170000.0,191170000.0,1.37,1.34,1.37,2999173000.0,,2999173000.0,9774349516.0,14.0,12.291,-30167000.0,-0.335,1.0,439040000.0,1.0,686790000.0,0.0,35565614000.0,,0.0,29872250000.0,,,30396809000.0,,,6415355516.0,-123325000.0,-200000.0,8058000.0,-517312000.0,-32546000.0,459406000.0,-568283000.0,-552364000.0,-14448000.0,0.0,122970000.0,122970000.0,122970000.0,0.0,0.0,0.28,247718000.0,191322000.0,0.0,0.263,2.139,14.038,13.992,410800000.0,0.0,71.22,3.846,3.842,0.0,2084439000.0,439040000.0,439040000.0,0.0,,,,,565000.0,199577000.0,1.0,90078005.0,89980000,91605000.0,4.879,32735911000.0,0.0,68200000.0,0.0,363.813,
64,ZION,MRQ,2005-06-30,2005-06-30,2005-06-30,2021-08-05,-12905000.0,32875294000.0,,,,,32.699,-17350000.0,1295858000.0,1295858000.0,0.0,118810000.0,,10.182,4654852000.0,,,4654852000.0,0.0,23950000.0,24713178000.0,0.018,0.36,185140000.0,209090000.0,0.491,209090000.0,185140000.0,185140000.0,1.32,1.3,1.32,2937908000.0,,2937908000.0,9827881861.0,15.0,12.84,96049000.0,1.069,1.0,425443000.0,1.0,690330000.0,0.0,35543958000.0,,0.0,29681229000.0,,,29912721000.0,,,6594823861.0,147045000.0,-16076000.0,-13486000.0,399387000.0,-32522000.0,896676000.0,-863030000.0,-829604000.0,113399000.0,0.0,118810000.0,118810000.0,118810000.0,0.0,0.0,0.279,242046000.0,183397000.0,0.0,0.273,2.245,15.108,15.13,409488000.0,0.0,73.53,4.061,4.068,0.0,1994015000.0,425443000.0,425443000.0,0.0,,,,,418000.0,193108000.0,1.0,89688887.0,89846000,91610000.0,4.735,32184964000.0,0.0,66330000.0,0.0,358.224,
65,ZION,MRQ,2005-03-31,2005-03-31,2005-03-31,2021-08-05,-50724000.0,31883486000.0,,,,,31.396,-13413000.0,1137373000.0,1137373000.0,0.0,110234000.0,,10.29,4370431000.0,,,4370431000.0,0.0,22547000.0,24040358000.0,0.019,0.36,169983000.0,192530000.0,0.471,192530000.0,169983000.0,169983000.0,1.23,1.2,1.23,2821766000.0,,2821766000.0,10138588908.0,16.0,13.8,247909000.0,2.758,1.0,408564000.0,1.0,690940000.0,0.0,34425604000.0,,0.0,28872945000.0,,,29035382000.0,,,6201766908.0,234484000.0,0.0,-5860000.0,-386790000.0,-32571000.0,161606000.0,-188444000.0,-175031000.0,261322000.0,0.0,110234000.0,110234000.0,110234000.0,0.0,0.0,0.27,239335000.0,169229000.0,0.0,0.293,2.198,14.888,14.875,407262000.0,0.0,69.02,3.926,3.927,0.0,1907727000.0,408564000.0,408564000.0,0.0,,,,,37000.0,191329000.0,1.0,89854635.0,89877000,91494000.0,4.546,31192546000.0,0.0,59749000.0,0.0,347.058,
66,ZION,MRQ,2004-12-31,2004-12-31,2004-12-31,2021-08-05,-7932000.0,31469834000.0,,,,,31.095,-20232000.0,982335000.0,982335000.0,0.0,104981000.0,,10.271,4919157000.0,,,4919157000.0,0.0,20040000.0,23308210000.0,0.019,0.32,157622000.0,177662000.0,0.45,177662000.0,157622000.0,157622000.0,1.17,1.16,1.17,2789979000.0,,2789979000.0,9182773597.0,15.0,12.738,98140000.0,1.094,1.0,395106000.0,1.0,698085000.0,0.0,34708571000.0,,0.0,28604167000.0,,,28656496000.0,,,6099772597.0,-215518000.0,0.0,3473000.0,660531000.0,-28851000.0,762283000.0,-1096173000.0,-1075941000.0,118372000.0,0.0,104981000.0,104981000.0,104981000.0,0.0,0.0,0.266,238106000.0,157000000.0,0.0,0.274,2.186,15.025,15.018,409210000.0,0.0,68.03,3.94,3.94,0.0,1830064000.0,395106000.0,395106000.0,0.0,,,,,0.0,193103000.0,1.0,89662981.0,89723000,91068000.0,4.404,30771749000.0,0.0,52641000.0,0.0,342.964,
67,ZION,MRQ,2004-09-30,2004-09-30,2004-09-30,2021-08-05,9240000.0,30731040000.0,,,,,30.399,-19438000.0,1176366000.0,1176366000.0,0.0,102495000.0,,10.272,4259367000.0,,,4259367000.0,0.0,25504000.0,23183237000.0,0.02,0.32,160635000.0,186139000.0,0.471,186139000.0,160635000.0,160635000.0,1.14,1.13,1.14,2724261000.0,,2724261000.0,9019683694.0,15.0,12.752,410920000.0,4.585,1.0,394908000.0,1.0,700310000.0,0.0,33113731000.0,,0.0,27661104000.0,,,27982298000.0,,,5464038694.0,-58316000.0,-998000.0,-10649000.0,-914985000.0,-28801000.0,-145557000.0,-343117000.0,-322681000.0,430358000.0,0.0,102495000.0,102495000.0,102495000.0,0.0,0.0,0.26,233415000.0,161493000.0,0.0,0.281,2.006,13.777,13.841,404226000.0,0.0,61.04,3.599,3.603,0.0,1753934000.0,394908000.0,394908000.0,0.0,,,,,0.0,186602000.0,1.0,89515706.0,89617000,90957000.0,4.407,30030730000.0,0.0,58140000.0,0.0,335.101,
68,ZION,MRQ,2004-06-30,2004-06-30,2004-06-30,2021-08-05,-14238000.0,30894325000.0,,,,,29.428,-12314000.0,1185714000.0,1185714000.0,0.0,98842000.0,,10.71,4741359000.0,,,4741359000.0,0.0,24896000.0,22887118000.0,0.02,0.32,153473000.0,178369000.0,0.468,178369000.0,153473000.0,153473000.0,1.1,1.09,1.1,2636451000.0,,2636451000.0,9019355691.0,15.0,13.285,-19235000.0,-0.215,1.0,381223000.0,1.0,712778000.0,0.0,33737192000.0,,0.0,27664287000.0,,,28236153000.0,,,5501581691.0,66097000.0,1076000.0,-1035000.0,-174083000.0,-28778000.0,780712000.0,-707694000.0,-696456000.0,-6921000.0,0.0,98842000.0,98842000.0,98842000.0,0.0,0.0,0.259,229976000.0,151247000.0,0.0,0.291,2.087,15.445,15.518,402203000.0,0.0,61.45,3.499,3.502,0.0,1680240000.0,381223000.0,381223000.0,0.0,,,,,0.0,186168000.0,1.0,89529401.0,89589000,90658000.0,4.255,30181547000.0,0.0,54631000.0,0.0,336.889,
69,ZION,MRQ,2004-03-31,2004-03-31,2004-03-31,2021-08-05,42226000.0,29789703000.0,,,,,29.223,-9004000.0,1122940000.0,1122940000.0,0.0,99669000.0,,10.352,4640714000.0,,,4640714000.0,0.0,24337000.0,21801856000.0,0.019,0.3,154383000.0,178720000.0,0.474,178720000.0,154383000.0,154383000.0,1.11,1.1,1.11,2621965000.0,,2621965000.0,8390206341.0,15.0,12.591,111559000.0,1.243,1.0,376989000.0,1.0,714599000.0,0.0,32592878000.0,,0.0,26582268000.0,,,27143891000.0,,,5120921341.0,-60616000.0,-16748000.0,-14420000.0,250541000.0,-28170000.0,847988000.0,-1029167000.0,-1008467000.0,120563000.0,0.0,99669000.0,99669000.0,99669000.0,0.0,0.0,0.264,222338000.0,154651000.0,0.0,0.27,1.953,14.64,14.679,404247000.0,0.0,57.1,3.309,3.31,0.0,1610176000.0,376989000.0,376989000.0,0.0,,,,,0.0,182743000.0,1.0,89683386.0,89724000,90905000.0,4.202,29075104000.0,0.0,54714000.0,0.0,324.05,
70,ZION,MRQ,2003-12-31,2003-12-31,2003-12-31,2021-08-05,19041000.0,28558238000.0,,,,,28.251,-19088000.0,1175085000.0,1175085000.0,0.0,95610000.0,,10.236,4444370000.0,,,4444370000.0,0.0,16607000.0,21112049000.0,0.017,0.3,147500000.0,164107000.0,0.45,164107000.0,147500000.0,147500000.0,1.06,1.05,1.06,2540023000.0,,2540023000.0,8066828552.0,15.0,12.485,166338000.0,1.85,1.0,365027000.0,1.0,722899000.0,0.0,31104624000.0,,0.0,25567209000.0,,,25998439000.0,,,5511984552.0,-49260000.0,0.0,-8528000.0,931232000.0,-26996000.0,918279000.0,-1152965000.0,-1097202000.0,185426000.0,0.0,95610000.0,95610000.0,95610000.0,1770000.0,0.0,0.262,219737000.0,145290000.0,0.0,0.283,2.17,16.316,16.357,407825000.0,0.0,61.34,3.637,3.644,0.0,1538677000.0,365027000.0,365027000.0,0.0,,,,,0.0,177186000.0,1.0,89859546.0,89910000,91073000.0,4.06,27835339000.0,0.0,51890000.0,0.0,309.591,
71,ZION,MRQ,2003-09-30,2003-09-30,2003-09-30,2021-08-05,27028000.0,27604188000.0,,,,,27.698,-17505000.0,1178578000.0,1178578000.0,0.0,62084000.0,,10.096,3733422000.0,,,3733422000.0,0.0,29133000.0,20889914000.0,0.016,0.3,128595000.0,157728000.0,0.351,157728000.0,128595000.0,128595000.0,0.69,0.68,0.69,2485971000.0,,2485971000.0,7605999124.0,14.0,11.961,135675000.0,1.512,1.0,448995000.0,1.0,726426000.0,0.0,29432606000.0,,0.0,24545937000.0,,,25098001000.0,,,5024252124.0,-56705000.0,0.0,3122000.0,-420578000.0,-26936000.0,-220224000.0,10339000.0,17731000.0,153180000.0,0.0,62084000.0,62084000.0,62084000.0,-2115000.0,0.0,0.138,296924000.0,152071000.0,0.0,0.435,2.021,15.238,15.34,403090000.0,0.0,55.99,3.35,3.35,0.0,1470063000.0,448995000.0,448995000.0,0.0,,,,,0.0,176133000.0,1.0,89734812.0,89754000,90811000.0,5.003,26877762000.0,0.0,66511000.0,0.0,299.46,
72,ZION,MRQ,2003-06-30,2003-06-30,2003-06-30,2021-08-05,60416000.0,27805628000.0,,,,,27.547,-19579000.0,1289167000.0,1289167000.0,0.0,92425000.0,,10.205,3870914000.0,,,3870914000.0,0.0,24426000.0,20892938000.0,0.016,0.21,141381000.0,165807000.0,0.465,165807000.0,141381000.0,141381000.0,1.03,1.02,1.03,2479421000.0,,2479421000.0,6503434633.0,14.0,11.366,-59183000.0,-0.658,1.0,356608000.0,1.0,805886000.0,0.0,29581489000.0,,0.0,24498838000.0,,,25303212000.0,,,4561141633.0,137406000.0,0.0,-26071000.0,641325000.0,-18924000.0,438461000.0,-261451000.0,-249315000.0,-39604000.0,0.0,92425000.0,92425000.0,92425000.0,17000.0,0.0,0.259,216403000.0,140205000.0,0.0,0.204,1.84,14.854,14.926,406952000.0,0.0,50.6,3.342,3.337,0.0,1434915000.0,356608000.0,356608000.0,0.0,,,,,0.0,172965000.0,1.0,90141139.0,90008000,90586000.0,3.962,26999742000.0,0.0,48956000.0,0.0,299.97,
73,ZION,MRQ,2003-03-31,2003-03-31,2003-03-31,2021-08-05,38558000.0,27208734000.0,,,,,26.649,-22428000.0,1543267000.0,1543267000.0,0.0,87704000.0,,10.269,3485560000.0,,,3485560000.0,0.0,21095000.0,20807607000.0,0.019,0.21,134098000.0,155193000.0,0.45,155193000.0,134098000.0,134098000.0,0.97,0.97,0.97,2412504000.0,,2412504000.0,6171303957.0,13.0,11.023,166288000.0,1.837,1.0,345019000.0,1.0,809437000.0,0.0,28341590000.0,,0.0,23803663000.0,,,24772945000.0,,,3869775957.0,614000.0,0.0,-22678000.0,-11986000.0,-19031000.0,596858000.0,-784960000.0,-781651000.0,188716000.0,0.0,87704000.0,87704000.0,87704000.0,-328000.0,0.0,0.254,213986000.0,131033000.0,0.0,0.216,1.604,13.042,13.163,401827000.0,0.0,42.78,2.86,2.862,0.0,1361414000.0,345019000.0,345019000.0,0.0,,,,,0.0,171783000.0,1.0,90457596.0,90529000,90648000.0,3.811,26399297000.0,0.0,46394000.0,0.0,291.611,
74,ZION,MRQ,2002-12-31,2002-12-31,2002-12-31,2021-08-05,46214000.0,26565689000.0,,,,,26.104,-19563000.0,1185063000.0,1185063000.0,0.0,87495000.0,,10.181,3486591000.0,,,3486591000.0,0.0,22741000.0,20147534000.0,0.02,0.2,134453000.0,157194000.0,0.45,157194000.0,134453000.0,134453000.0,0.96,0.95,0.96,2373843000.0,,2373843000.0,5592522420.0,13.0,10.734,11098000.0,0.122,1.0,349375000.0,1.0,812951000.0,0.0,28054266000.0,,0.0,23442837000.0,,,24169169000.0,,,3577589420.0,61849000.0,9690000.0,-31504000.0,-300852000.0,-18191000.0,212424000.0,-181236000.0,-175616000.0,30661000.0,0.0,87495000.0,87495000.0,87495000.0,3437000.0,0.0,0.25,218808000.0,130567000.0,0.0,0.208,1.507,13.96,14.054,393630000.0,0.0,39.35,2.67,2.689,0.0,1292741000.0,349375000.0,349375000.0,0.0,,,,,0.0,171680000.0,1.0,90917139.0,90939000,91044000.0,3.842,25752738000.0,0.0,46958000.0,0.0,283.187,
75,ZION,MRQ,2002-09-30,2002-09-30,2002-09-30,2021-08-05,85361000.0,26289314000.0,,,,,25.766,-39950000.0,1265593000.0,1265593000.0,0.0,39446000.0,,10.141,3280526000.0,,,3280526000.0,0.0,22789000.0,19993825000.0,0.018,0.2,71218000.0,94007000.0,0.3,94007000.0,71218000.0,71218000.0,0.43,0.43,0.43,2357601000.0,,2357601000.0,6307703028.0,16.0,12.569,123432000.0,1.349,1.0,313812000.0,1.0,806499000.0,0.0,27497748000.0,,0.0,23041909000.0,,,23908685000.0,,,3992054028.0,669000.0,0.0,-23464000.0,-369111000.0,-18299000.0,281729000.0,-444442000.0,-409208000.0,163382000.0,0.0,39446000.0,39446000.0,39446000.0,-25922000.0,0.0,0.126,219158000.0,94654000.0,0.0,0.465,1.693,16.587,16.615,386730000.0,0.0,43.53,3.03,3.023,0.0,1223437000.0,313812000.0,313812000.0,0.0,,,,,0.0,173351000.0,1.0,91708110.0,91499000,92017000.0,3.43,25482815000.0,0.0,31772000.0,0.0,278.504,
76,ZION,MRQ,2002-06-30,2002-06-30,2002-06-30,2021-08-05,62983000.0,25734714000.0,,,,,25.466,-10413000.0,1048342000.0,1048342000.0,0.0,82075000.0,,10.001,3363991000.0,,,3363991000.0,0.0,26431000.0,19560851000.0,0.015,0.2,127022000.0,153453000.0,0.445,153453000.0,127022000.0,127022000.0,0.89,0.89,0.89,2337278000.0,,2337278000.0,7443084652.0,17.0,13.41,27361000.0,0.298,1.0,344944000.0,1.0,836527000.0,0.0,27213836000.0,,0.0,22791237000.0,,,23374654000.0,,,4781008652.0,118167000.0,-48678000.0,-21777000.0,86269000.0,-18350000.0,834229000.0,-753836000.0,-703292000.0,37774000.0,0.0,82075000.0,82075000.0,82075000.0,-2789000.0,0.0,0.238,215708000.0,129236000.0,0.0,0.225,2.046,17.448,17.483,366169000.0,0.0,52.1,3.58,3.581,0.0,1202290000.0,344944000.0,344944000.0,0.0,,,,,0.0,173368000.0,1.0,91766001.0,91779000,92629000.0,3.758,24898187000.0,0.0,44947000.0,0.0,271.284,
77,ZION,MRQ,2002-03-31,2002-03-31,2002-03-31,2021-08-05,51700000.0,24804578000.0,,,,,24.8,-17858000.0,950601000.0,950601000.0,0.0,47262000.0,,9.856,3612677000.0,,,3612677000.0,0.0,19742000.0,18437809000.0,0.013,0.2,91287000.0,111029000.0,0.334,111029000.0,91287000.0,91287000.0,0.52,0.51,0.52,2283000000.0,,2283000000.0,7968834959.0,19.0,14.62,-8602000.0,-0.093,1.0,331946000.0,1.0,838910000.0,0.0,26627744000.0,,0.0,22032722000.0,,,22500809000.0,,,5452084959.0,-71998000.0,-19674000.0,-19563000.0,313086000.0,-18401000.0,516613000.0,-597867000.0,-564502000.0,9256000.0,0.0,47262000.0,47262000.0,47262000.0,-3186000.0,0.0,0.142,205254000.0,126692000.0,0.0,0.385,2.388,20.532,20.509,370472000.0,0.0,59.27,4.17,4.173,0.0,1138565000.0,331946000.0,331946000.0,0.0,,,,,0.0,165191000.0,1.0,91987261.0,92055000,92814000.0,3.606,23965668000.0,0.0,44025000.0,0.0,260.341,
78,ZION,MRQ,2001-12-31,2001-12-31,2001-12-31,2021-08-05,59951000.0,24304164000.0,,,,,24.78,-15536000.0,1039042000.0,1039042000.0,0.0,71886000.0,,9.649,3555792000.0,,,3555792000.0,0.0,32401000.0,18022956000.0,0.015,0.2,110937000.0,143338000.0,0.439,143338000.0,110937000.0,110937000.0,0.78,0.78,0.78,2280869000.0,,2280869000.0,7369139993.0,17.0,13.054,450911000.0,4.899,1.0,326857000.0,1.0,879911000.0,0.0,25941003000.0,,0.0,21354359000.0,,,22006973000.0,,,4823953993.0,68144000.0,-72617000.0,-16114000.0,-100714000.0,-18453000.0,23666000.0,-421969000.0,-344005000.0,466447000.0,0.0,71886000.0,71886000.0,71886000.0,-3034000.0,0.0,0.22,214046000.0,112811000.0,0.0,0.256,2.115,17.045,16.961,368076000.0,0.0,52.58,3.743,3.721,0.0,1109704000.0,326857000.0,326857000.0,0.0,,,,,0.0,161848000.0,1.0,91745036.0,92045000,92570000.0,3.551,23424253000.0,0.0,39051000.0,0.0,254.487,
79,ZION,MRQ,2001-09-30,2001-09-30,2001-09-30,2021-08-05,74618000.0,24255570000.0,,,,,24.215,-17194000.0,1037746000.0,1037746000.0,0.0,72797000.0,,9.846,3582932000.0,,,3582932000.0,0.0,31405000.0,17684229000.0,0.015,0.2,115828000.0,147233000.0,0.444,147233000.0,115828000.0,115828000.0,0.79,0.78,0.79,2235167000.0,,2235167000.0,7278382107.0,17.0,12.884,277791000.0,3.009,1.0,331692000.0,1.0,859699000.0,0.0,25941057000.0,,0.0,20718906000.0,,,22006789000.0,,,4956929107.0,-68373000.0,-47957000.0,-26225000.0,238228000.0,-18461000.0,457908000.0,-821266000.0,-761131000.0,294985000.0,0.0,72797000.0,72797000.0,72797000.0,-4533000.0,0.0,0.219,214582000.0,117110000.0,0.0,0.253,2.218,17.888,17.422,354637000.0,0.0,53.66,3.985,3.982,0.0,1056271000.0,331692000.0,331692000.0,0.0,,,,,0.0,163946000.0,1.0,92376614.0,92306000,93509000.0,3.593,23395871000.0,0.0,43031000.0,0.0,253.46,
80,ZION,MRQ,2001-06-30,2001-06-30,2001-06-30,2021-08-05,74796000.0,23487799000.0,,,,,23.846,-24609000.0,1006886000.0,1006886000.0,0.0,73595000.0,,9.68,3328339000.0,,,3328339000.0,0.0,30913000.0,17435359000.0,0.014,0.2,112549000.0,143462000.0,0.453,143462000.0,112549000.0,112549000.0,0.8,0.79,0.8,2197722000.0,,2197722000.0,7461339905.0,18.0,13.751,-91906000.0,-0.997,1.0,316857000.0,1.0,826021000.0,0.0,24983231000.0,,0.0,19906665000.0,,,21274003000.0,,,5435716905.0,-82287000.0,171710000.0,8799000.0,-261658000.0,-18527000.0,-460385000.0,445395000.0,292341000.0,-67297000.0,0.0,73595000.0,73595000.0,73595000.0,0.0,0.0,0.232,206091000.0,110766000.0,0.0,0.25,2.473,20.211,19.472,350715000.0,0.0,59.0,4.577,4.579,0.0,1001935000.0,316857000.0,316857000.0,0.0,,,,,0.0,157366000.0,1.0,92130795.0,92165000,93210000.0,3.438,22661778000.0,0.0,38954000.0,0.0,245.883,
81,ZION,MRQ,2001-03-31,2001-03-31,2001-03-31,2021-08-05,57985000.0,23548179000.0,,,,,23.979,-21529000.0,1391221000.0,1391221000.0,0.0,64742000.0,,10.103,3416844000.0,,,3416844000.0,0.0,24895000.0,17283228000.0,0.015,0.2,105880000.0,130775000.0,0.415,130775000.0,105880000.0,105880000.0,0.73,0.73,0.73,2116054000.0,,2116054000.0,6628325342.0,17.0,12.893,132774000.0,1.505,1.0,314925000.0,1.0,763394000.0,0.0,24810408000.0,,0.0,19723951000.0,,,21378514000.0,,,4531736342.0,13873000.0,92329000.0,2876000.0,-983524000.0,-18458000.0,-486202000.0,345772000.0,272699000.0,154303000.0,0.0,64742000.0,64742000.0,64742000.0,0.0,0.0,0.206,203490000.0,111435000.0,0.0,0.274,2.142,17.775,17.778,338048000.0,0.0,52.09,4.012,4.069,0.0,946867000.0,314925000.0,314925000.0,0.0,,,,,0.0,155449000.0,1.0,86998202.0,88247000,89495000.0,3.569,22784785000.0,0.0,41138000.0,0.0,258.193,
82,ZION,MRQ,2000-12-31,2000-12-31,2000-12-31,2021-08-05,-3644000.0,21939443000.0,,,,,20.443,-30471000.0,1100971000.0,1100971000.0,0.0,65974000.0,,11.311,3449512000.0,,,3449512000.0,0.0,42933000.0,16360943000.0,0.014,0.2,100499000.0,143432000.0,0.511,143432000.0,100499000.0,100499000.0,0.76,0.75,0.76,1778844000.0,,1778844000.0,7528756733.0,31.0,21.128,232845000.0,2.676,1.0,280514000.0,1.0,641440000.0,0.0,23646544000.0,,0.0,18827211000.0,,,20120742000.0,,,5432167733.0,104907000.0,-2060000.0,599000.0,178005000.0,-17401000.0,63511000.0,-221920000.0,-191547000.0,263316000.0,0.0,65974000.0,65974000.0,65974000.0,0.0,0.0,0.235,179735000.0,100779000.0,0.0,0.263,3.054,33.592,33.39,314938000.0,0.0,62.44,5.634,5.59,0.0,874884000.0,280514000.0,280514000.0,0.0,,,,,0.0,156555000.0,1.0,86998202.0,87013000,87972000.0,3.224,21298003000.0,0.0,34525000.0,0.0,244.768,
83,ZION,MRQ,2000-09-30,2000-09-30,2000-09-30,2021-08-05,-12185000.0,21924319000.0,,,,,19.741,-9733000.0,1084973000.0,1084973000.0,0.0,64644000.0,,11.756,3181562000.0,,,3181562000.0,0.0,24650000.0,16548580000.0,0.013,0.2,100290000.0,124940000.0,0.454,124940000.0,100290000.0,100290000.0,0.74,0.74,0.74,1715695000.0,,1715695000.0,6462502445.0,31.0,21.591,-69630000.0,-0.801,1.0,275259000.0,1.0,638257000.0,0.0,23382651000.0,,0.0,18760728000.0,,,20169048000.0,,,4443296445.0,60281000.0,13946000.0,1824000.0,-387697000.0,-17389000.0,27192000.0,92986000.0,85908000.0,-59897000.0,0.0,64644000.0,64644000.0,64644000.0,0.0,0.0,0.235,173926000.0,101333000.0,0.0,0.27,2.59,32.132,31.962,307905000.0,0.0,51.14,4.701,4.703,0.0,826311000.0,275259000.0,275259000.0,0.0,,,,,0.0,123932000.0,1.0,86884952.0,86909000,87610000.0,3.167,21286062000.0,0.0,35646000.0,0.0,244.924,
84,ZION,MRQ,2000-06-30,2000-06-30,2000-06-30,2021-08-05,-20322000.0,21458435000.0,,,,,19.065,-15358000.0,1111630000.0,1111630000.0,0.0,59583000.0,,12.108,3130836000.0,,,3130836000.0,0.0,23937000.0,16333311000.0,0.017,0.2,91028000.0,114965000.0,0.444,114965000.0,91028000.0,91028000.0,0.7,0.7,0.7,1633984000.0,,1633984000.0,6384509935.0,33.0,22.443,113010000.0,1.319,1.0,258983000.0,1.0,647564000.0,0.0,22830077000.0,,0.0,18404530000.0,,,19784025000.0,,,3932794935.0,-47699000.0,0.0,520000.0,563156000.0,-17141000.0,475742000.0,-651809000.0,-641139000.0,128368000.0,0.0,59583000.0,59583000.0,59583000.0,0.0,0.0,0.23,167312000.0,91671000.0,0.0,0.286,2.407,30.865,30.593,294628000.0,0.0,45.89,4.29,4.29,0.0,764884000.0,258983000.0,258983000.0,0.0,,,,,0.0,123514000.0,1.0,85700478.0,85707000,86323000.0,3.022,20810871000.0,0.0,31445000.0,0.0,242.814,
85,ZION,MRQ,2000-03-31,2000-03-31,2000-03-31,2021-08-05,-25500000.0,20996557000.0,,,,,18.515,-14647000.0,1133719000.0,1133719000.0,0.0,-28492000.0,,12.216,3585434000.0,,,3585434000.0,0.0,23452000.0,15386350000.0,0.021,0.29,-50447000.0,-26995000.0,-0.181,-26995000.0,-50447000.0,-50447000.0,-0.33,-0.33,-0.33,1585667000.0,,1585667000.0,5797173511.0,32.0,21.433,2753000.0,0.032,1.0,149433000.0,1.0,656930000.0,0.0,22791342000.0,,0.0,17840482000.0,,,19370811000.0,,,3564319511.0,31463000.0,0.0,-125000.0,114540000.0,-24831000.0,612421000.0,-598358000.0,-587927000.0,17400000.0,0.0,-28492000.0,-28492000.0,-28492000.0,0.0,0.0,-0.191,200312000.0,-50879000.0,0.0,-0.879,2.248,30.036,29.736,290752000.0,0.0,41.63,3.952,3.953,0.0,722442000.0,149433000.0,149433000.0,0.0,,,,,0.0,115678000.0,1.0,85619013.0,85642000,86459000.0,1.745,20339627000.0,0.0,-21955000.0,0.0,237.496,
86,ZION,MRQ,1999-12-31,1999-12-31,1999-12-31,2021-08-05,-4158000.0,20280900000.0,,,,,19.423,-14103000.0,1001569000.0,1001569000.0,0.0,42549000.0,,11.195,3234423000.0,,,3234423000.0,0.0,17305000.0,15099984000.0,0.012,0.0,69101000.0,86406000.0,0.331,86406000.0,69101000.0,69101000.0,0.49,0.52,0.49,1659838000.0,,1659838000.0,7169354433.0,24.0,18.192,-4384000.0,-0.051,1.0,261426000.0,1.0,666219000.0,0.0,21847535000.0,,0.0,17445650000.0,,,18581813000.0,,,5060900433.0,101952000.0,8255000.0,4211000.0,314061000.0,29000.0,228862000.0,-136629000.0,-112118000.0,9719000.0,0.0,42549000.0,42549000.0,42549000.0,0.0,0.0,0.163,190038000.0,71388000.0,0.0,0.0,3.049,26.079,25.847,287448000.0,0.0,59.19,5.112,5.058,0.0,775765000.0,261426000.0,261426000.0,0.0,,,,,0.0,120200000.0,1.0,85502626.0,85459000,86454000.0,3.059,19614681000.0,0.0,26552000.0,0.0,229.522,
87,ZION,MRQ,1999-09-30,1999-09-30,1999-09-30,2021-08-05,-12276000.0,20070668000.0,,,,,18.263,-24214000.0,1019946000.0,1019946000.0,0.0,53778000.0,,11.994,3097283000.0,,,3097283000.0,0.0,27048000.0,14807058000.0,0.018,0.29,83051000.0,110099000.0,0.446,110099000.0,83051000.0,83051000.0,0.64,0.63,0.64,1541645000.0,,1541645000.0,5898499819.0,20.0,14.959,122327000.0,1.449,1.0,246891000.0,1.0,634093000.0,0.0,21513912000.0,,0.0,17157357000.0,,,18490929000.0,,,4355307819.0,-144459000.0,0.0,-2975000.0,814528000.0,-22953000.0,704701000.0,-995701000.0,-974425000.0,146541000.0,0.0,53778000.0,53778000.0,53778000.0,0.0,0.0,0.218,163038000.0,83853000.0,0.0,0.453,2.825,22.568,25.289,281558000.0,0.0,55.13,4.329,4.625,0.0,733193000.0,246891000.0,246891000.0,0.0,,,,,0.0,118559000.0,1.0,79000686.0,84413000,85409000.0,2.925,19436575000.0,0.0,29273000.0,0.0,230.256,
88,ZION,MRQ,1999-06-30,1999-06-30,1999-06-30,2021-08-05,-4664000.0,19065289000.0,,,,,18.025,-25272000.0,1122114000.0,1122114000.0,0.0,50833000.0,,11.508,2607532000.0,,,2607532000.0,0.0,23187000.0,14566181000.0,0.013,0.29,77777000.0,100964000.0,0.414,100964000.0,77777000.0,77777000.0,0.6,0.59,0.6,1521250000.0,,1521250000.0,6155012310.0,23.0,17.027,-176609000.0,-2.093,1.0,244167000.0,1.0,642952000.0,0.0,19907755000.0,,0.0,16173023000.0,,,17506877000.0,,,5017079310.0,89689000.0,0.0,465000.0,738054000.0,-22930000.0,603926000.0,-362900000.0,-344990000.0,-151337000.0,0.0,50833000.0,50833000.0,50833000.0,0.0,0.0,0.208,165886000.0,78281000.0,0.0,0.483,3.298,28.423,31.436,268608000.0,0.0,63.5,5.36,5.726,0.0,702362000.0,244167000.0,244167000.0,0.0,,,,,0.0,121110000.0,1.0,79009123.0,84396000,85599000.0,2.893,18422337000.0,0.0,26944000.0,0.0,218.284,
89,ZION,MRQ,1999-03-31,1999-03-31,1999-03-31,2021-08-05,-1475000.0,18526417000.0,,,,,17.491,-12739000.0,1076410000.0,1076410000.0,0.0,48260000.0,,11.364,2147514000.0,,,2147514000.0,0.0,22982000.0,14399807000.0,0.01,0.14,74989000.0,97971000.0,0.412,97971000.0,74989000.0,74989000.0,0.56,0.55,0.56,1495381000.0,,1495381000.0,6001972282.0,25.0,18.52,3975000.0,0.046,1.0,237594000.0,1.0,651276000.0,0.0,18946245000.0,,0.0,15597274000.0,,,16993437000.0,,,5237055282.0,-71536000.0,592000.0,1402000.0,381490000.0,-11060000.0,291138000.0,-379388000.0,-383496000.0,16714000.0,0.0,48260000.0,48260000.0,48260000.0,0.0,0.0,0.203,162605000.0,74989000.0,0.0,0.25,3.502,33.446,36.339,253394000.0,0.0,66.5,6.113,6.636,0.0,674456000.0,237594000.0,237594000.0,0.0,,,,,0.0,116370000.0,1.0,78752711.0,85493000,85493000.0,2.779,17875141000.0,0.0,26729000.0,0.0,209.083,
90,ZION,MRQ,1998-12-31,1998-12-31,1998-12-31,2021-08-05,-3407000.0,18049623000.0,,,,,17.733,-37866000.0,1200084000.0,1200084000.0,0.0,40112000.0,,11.402,1919404000.0,,,1919404000.0,0.0,26886000.0,14321660000.0,0.009,0.28,58382000.0,85268000.0,0.307,85268000.0,58382000.0,58382000.0,0.38,0.39,0.38,1452631000.0,,1452631000.0,6094989187.0,29.0,20.777,97229000.0,1.187,1.0,277487000.0,1.0,663606000.0,0.0,18105337000.0,,0.0,15385872000.0,,,16562322000.0,,,4880202187.0,246536000.0,-342099000.0,1271000.0,-328110000.0,-11016000.0,71519000.0,39922000.0,415092000.0,135095000.0,0.0,40112000.0,40112000.0,40112000.0,0.0,0.0,0.145,218685000.0,58802000.0,0.0,0.737,3.36,34.043,35.26,249896000.0,0.0,62.41,6.337,6.639,0.0,659519000.0,277487000.0,277487000.0,0.0,,,,,0.0,134785000.0,1.0,78195837.0,81918000,81918000.0,3.387,17386017000.0,0.0,18270000.0,0.0,212.237,
91,ZION,MRQ,1998-09-30,1998-09-30,1998-09-30,2021-08-05,-2593000.0,12762145000.0,,,,,17.413,-12055000.0,1004261000.0,1004261000.0,0.0,37311000.0,,8.426,2219048000.0,,,2219048000.0,0.0,19049000.0,8958176000.0,0.012,0.14,58229000.0,77278000.0,0.437,77278000.0,58229000.0,58229000.0,0.48,0.47,0.48,1353979000.0,,1353979000.0,4422701692.0,23.0,16.843,-57775000.0,-0.743,1.0,176702000.0,1.0,566520000.0,0.0,13410412000.0,,0.0,10514199000.0,,,11408166000.0,,,3062737692.0,-78614000.0,6565000.0,-11199000.0,-1670000.0,-10869000.0,178801000.0,-211695000.0,-208800000.0,-45720000.0,0.0,37311000.0,37311000.0,37311000.0,0.0,0.0,0.211,118473000.0,58229000.0,0.0,0.292,2.262,23.173,21.593,179686000.0,0.0,40.81,5.092,5.276,0.0,609034000.0,176702000.0,176702000.0,0.0,,,,,0.0,82261000.0,1.0,75048706.0,77758000,79007000.0,2.272,12195625000.0,0.0,20918000.0,0.0,156.841,
92,ZION,MRQ,1998-06-30,1998-06-30,1998-06-30,2021-08-05,-291000.0,12502543000.0,,,,,17.835,-8932000.0,857111000.0,857111000.0,0.0,30900000.0,,8.407,2215867000.0,,,2215867000.0,0.0,18277000.0,8579288000.0,0.009,0.12,45287000.0,63564000.0,0.385,63564000.0,45287000.0,45287000.0,0.41,0.41,0.41,1329046000.0,,1329046000.0,4579265146.0,24.0,18.463,156323000.0,2.098,1.0,164983000.0,1.0,574268000.0,0.0,13287031000.0,,0.0,10561643000.0,,,11173497000.0,,,3675091146.0,54291000.0,37437000.0,12850000.0,1147277000.0,-24804000.0,706125000.0,-474745000.0,-503579000.0,165255000.0,0.0,30900000.0,30900000.0,30900000.0,0.0,0.0,0.187,119696000.0,45287000.0,0.0,0.293,2.765,28.149,27.817,171361000.0,0.0,53.13,6.446,6.944,0.0,574512000.0,164983000.0,164983000.0,0.0,,,,,0.0,75699000.0,1.0,69171676.0,74521000,75889000.0,2.214,11928275000.0,0.0,14387000.0,0.0,160.066,
93,ZION,MRQ,1998-03-31,1998-03-31,1998-03-31,2021-08-05,-356000.0,11224996000.0,,,,,14.577,-11220000.0,978575000.0,978575000.0,0.0,35030000.0,,9.882,1869902000.0,,,1869902000.0,0.0,16133000.0,8132281000.0,0.009,0.0,51087000.0,67220000.0,0.445,67220000.0,51087000.0,51087000.0,0.49,0.48,0.49,1031519000.0,,1031519000.0,4327918494.0,22.0,17.797,-275326000.0,-3.891,1.0,150933000.0,1.0,467035000.0,0.0,11649288000.0,,0.0,9273584000.0,,,10193477000.0,,,3634293494.0,-35965000.0,51612000.0,-11045000.0,-30411000.0,-9186000.0,122656000.0,105485000.0,62513000.0,-264106000.0,0.0,35030000.0,35030000.0,35030000.0,0.0,0.0,0.232,99846000.0,51087000.0,0.0,0.0,3.523,27.326,26.581,158893000.0,0.0,52.63,6.777,6.944,0.0,554240000.0,150933000.0,150933000.0,0.0,,,,,0.0,69387000.0,1.0,69053648.0,70763000,72218000.0,2.133,10757961000.0,0.0,16057000.0,0.0,152.028,
94,ZION,MRQ,1997-12-31,1997-12-31,1997-12-31,2021-08-05,3077000.0,9943447000.0,,,,,12.893,-7272000.0,1147658000.0,1147658000.0,0.0,28926000.0,,11.39,1821755000.0,,,1821755000.0,0.0,13796000.0,7150116000.0,0.013,0.24,40723000.0,54519000.0,0.501,54519000.0,40723000.0,40723000.0,0.51,0.52,0.51,802549000.0,,802549000.0,,,,135600000.0,2.178,1.0,108862000.0,1.0,294925000.0,0.0,10322619000.0,,0.0,8088142000.0,,,9140898000.0,,,3133654546.0,85660000.0,61194000.0,-24855000.0,-904955000.0,-6565000.0,-532889000.0,475677000.0,417898000.0,142872000.0,0.0,28926000.0,28926000.0,28926000.0,0.0,0.0,0.266,68139000.0,40723000.0,0.0,0.471,3.905,23.848,23.272,137030000.0,0.0,45.38,6.121,6.05,0.0,529113000.0,108862000.0,108862000.0,0.0,,,,,0.0,44251000.0,1.0,69053648.0,62249000,68258000.0,1.749,9648522000.0,0.0,11797000.0,0.0,154.999,
95,ZION,MRQ,1997-09-30,1997-09-30,1997-09-30,2021-08-05,-3125000.0,11141789000.0,,,,,10.135,-11374000.0,964437000.0,964437000.0,0.0,35704000.0,,14.502,2768698000.0,,,2768698000.0,0.0,7850000.0,7531258000.0,0.012,0.12,54873000.0,62723000.0,0.431,62723000.0,54873000.0,54873000.0,0.5,0.49,0.5,718718000.0,,718718000.0,,,,250503000.0,3.532,1.0,145380000.0,1.0,151375000.0,0.0,12794675000.0,,0.0,9648676000.0,,,10423071000.0,,,,126998000.0,-38607000.0,-39436000.0,518459000.0,-7343000.0,1037968000.0,-1172847000.0,-1120764000.0,261877000.0,0.0,35704000.0,35704000.0,35704000.0,0.0,0.0,0.246,90507000.0,54873000.0,0.0,0.24,,,,147343000.0,0.0,37.5,,,0.0,526165000.0,145380000.0,145380000.0,0.0,,,,,0.0,65136000.0,1.0,,70914000,73687000.0,2.05,10990414000.0,0.0,19169000.0,0.0,154.982,
96,ZION,MRQ,1997-06-30,1997-06-30,1997-06-30,2021-08-05,-2670000.0,9696279000.0,,,,,10.276,-7353000.0,797902000.0,797902000.0,0.0,33337000.0,,12.763,2243187000.0,,,2243187000.0,0.0,6679000.0,6623910000.0,0.011,0.11,52044000.0,58723000.0,0.448,58723000.0,52044000.0,52044000.0,0.48,0.47,0.48,704498000.0,,704498000.0,,,,-265559000.0,-3.874,1.0,131126000.0,1.0,121144000.0,0.0,11020420000.0,,0.0,8417226000.0,,,8991781000.0,,,,56991000.0,682000.0,-28605000.0,256506000.0,-7744000.0,350851000.0,-35654000.0,-29189000.0,-258206000.0,0.0,33337000.0,33337000.0,33337000.0,0.0,0.0,0.254,79082000.0,52044000.0,0.0,0.229,,,,139714000.0,0.0,37.63,,,0.0,487681000.0,131126000.0,131126000.0,0.0,,,,,0.0,57824000.0,1.0,,68556000,70755000.0,1.913,9575135000.0,0.0,18707000.0,0.0,139.669,
97,ZION,MRQ,1997-03-31,1997-03-31,1997-03-31,2021-08-05,-6612000.0,8508537000.0,,,,,8.918,-7863000.0,599287000.0,599287000.0,0.0,30585000.0,,13.383,2005124000.0,,,2005124000.0,0.0,5512000.0,5798480000.0,0.011,0.11,47023000.0,52535000.0,0.456,52535000.0,47023000.0,47023000.0,0.46,0.45,0.46,591581000.0,,591581000.0,,,,-128087000.0,-1.931,1.0,115199000.0,1.0,53949000.0,0.0,9860425000.0,,0.0,7548352000.0,,,7916956000.0,,,,,-7000.0,,,,,-697853000.0,-690248000.0,-120224000.0,,30585000.0,30585000.0,30585000.0,0.0,0.0,0.265,68176000.0,47023000.0,0.0,0.239,,,,118368000.0,0.0,29.7,,,0.0,464876000.0,115199000.0,115199000.0,0.0,,,,,0.0,50463000.0,1.0,,66334000,68025000.0,1.737,8454588000.0,0.0,16438000.0,0.0,127.455,
98,ZION,MRQ,1996-12-31,1996-12-31,1996-12-31,2021-08-05,-1807000.0,7116413000.0,,,,,9.096,,761759000.0,761759000.0,,,,11.831,1337094000.0,,,1337094000.0,0.0,,5134041000.0,0.012,0.11,,,,,,,,,,554610000.0,,554610000.0,,,,,,1.0,,,44885000.0,,7646863000.0,,0.0,6049649000.0,,,6561803000.0,,,,,,,,,,,,,,,,,,,,,,0.0,,,,14.943,102701000.0,,26.0,,4.184,0.0,436626000.0,,,,,,,,,,1.0,,60976000,,,7071528000.0,0.0,,0.0,115.972,
0,ZION,MRT,2021-06-30,2021-06-30,2021-06-30,2021-08-05,175000000.0,87208000000.0,83041250000.0,,,0.038,49.36,-173000000.0,10611000000.0,10611000000.0,0.0,1135000000.0,,9.856,2049000000.0,,,2049000000.0,0.0,12000000.0,76105000000.0,0.026,1.36,1440000000.0,1452000000.0,0.458,1452000000.0,1440000000.0,1440000000.0,6.65,6.63,6.65,8033000000.0,7880000000.0,8033000000.0,1987293303.0,1.0,1.369,431000000.0,2.648,1.0,3170000000.0,1.0,1015000000.0,0.0,77631000000.0,78831500000.0,0.0,72509000000.0,,,79175000000.0,,,8659293303.0,-45000000.0,0.0,-132000000.0,-118000000.0,-258000000.0,9777000000.0,-10426000000.0,-10272000000.0,604000000.0,0.0,1135000000.0,1101000000.0,1101000000.0,0.0,0.0,0.347,1730000000.0,1440000000.0,0.0,0.205,1.078,7.865,7.949,1239000000.0,34000000.0,52.86,2.732,2.714,0.0,4853000000.0,3170000000.0,3170000000.0,0.0,0.013,0.14,0.018,0.454,27000000.0,1327000000.0,1.0,163815613.0,162742000,163054000.0,19.479,86193000000.0,0.0,305000000.0,0.0,529.63,
1,ZION,MRT,2021-03-31,2021-03-31,2021-03-31,2021-08-05,148000000.0,85121000000.0,80351000000.0,,,0.035,48.505,-196000000.0,9003000000.0,9003000000.0,0.0,847000000.0,,9.73,2331000000.0,,,2331000000.0,0.0,38000000.0,73853000000.0,0.025,1.36,1067000000.0,1105000000.0,0.395,1105000000.0,1067000000.0,1067000000.0,4.91,4.89,4.91,7933000000.0,7765500000.0,7933000000.0,10316206936.0,10.0,9.336,854000000.0,5.222,1.0,2799000000.0,1.0,1016000000.0,0.0,77433000000.0,78298000000.0,0.0,72449000000.0,,,77188000000.0,,,9025206936.0,-154000000.0,0.0,-34000000.0,-3162000000.0,-259000000.0,12873000000.0,-14077000000.0,-13917000000.0,1050000000.0,0.0,847000000.0,813000000.0,813000000.0,0.0,0.0,0.29,1732000000.0,1067000000.0,0.0,0.277,1.138,11.101,11.193,1236000000.0,34000000.0,54.96,3.224,3.211,0.0,4566000000.0,2799000000.0,2799000000.0,0.0,0.01,0.105,0.014,0.381,27000000.0,1313000000.0,1.0,164214100.0,163551000,163887000.0,17.114,84105000000.0,0.0,220000000.0,0.0,514.243,
2,ZION,MRT,2020-12-31,2020-12-31,2020-12-31,2021-08-05,325000000.0,81479000000.0,76937500000.0,,,0.031,48.163,-171000000.0,1617000000.0,1617000000.0,0.0,539000000.0,,9.332,2908000000.0,,,2908000000.0,0.0,86000000.0,69653000000.0,0.031,1.36,672000000.0,758000000.0,0.319,758000000.0,672000000.0,672000000.0,3.06,3.02,3.06,7886000000.0,7650250000.0,7886000000.0,8291663687.0,12.0,10.939,548000000.0,3.347,1.0,2376000000.0,1.0,1016000000.0,0.0,81754000000.0,77454250000.0,0.0,75995000000.0,,,73593000000.0,,,7124663687.0,-162000000.0,0.0,-68000000.0,-910000000.0,-259000000.0,11323000000.0,-12204000000.0,-12075000000.0,719000000.0,0.0,539000000.0,505000000.0,505000000.0,0.0,0.0,0.213,1704000000.0,672000000.0,0.0,0.444,0.903,14.108,14.196,1209000000.0,34000000.0,43.44,2.999,2.994,0.0,4309000000.0,2376000000.0,2376000000.0,0.0,0.007,0.066,0.009,0.283,26000000.0,1288000000.0,1.0,164011595.0,163737000,165613000.0,14.511,80463000000.0,0.0,133000000.0,0.0,491.416,
3,ZION,MRT,2020-09-30,2020-09-30,2020-09-30,2021-08-05,332000000.0,78357000000.0,73860750000.0,,,0.031,46.868,-146000000.0,1432000000.0,1432000000.0,0.0,438000000.0,,9.219,2599000000.0,,,2599000000.0,0.0,120000000.0,67094000000.0,0.047,1.36,548000000.0,668000000.0,0.29,668000000.0,548000000.0,548000000.0,2.42,2.35,2.42,7668000000.0,7517000000.0,7668000000.0,4855516346.0,9.0,7.269,753000000.0,4.602,1.0,2300000000.0,1.0,1016000000.0,0.0,78508000000.0,74637250000.0,0.0,73067000000.0,,,70689000000.0,,,4791516346.0,-220000000.0,0.0,-341000000.0,-3261000000.0,-259000000.0,7084000000.0,-8203000000.0,-8091000000.0,899000000.0,0.0,438000000.0,404000000.0,404000000.0,0.0,0.0,0.176,1752000000.0,548000000.0,0.0,0.562,0.625,11.86,12.074,1187000000.0,34000000.0,29.22,2.083,2.079,0.0,4090000000.0,2300000000.0,2300000000.0,0.0,0.005,0.054,0.007,0.238,26000000.0,1311000000.0,1.0,163980710.0,163608000,163779000.0,14.058,77341000000.0,0.0,110000000.0,0.0,472.721,
4,ZION,MRT,2020-06-30,2020-06-30,2020-06-30,2021-08-05,355000000.0,76447000000.0,71861750000.0,,,0.033,46.318,-139000000.0,2149000000.0,2149000000.0,0.0,485000000.0,,9.092,2213000000.0,,,2213000000.0,0.0,158000000.0,65684000000.0,0.04,1.36,621000000.0,779000000.0,0.332,779000000.0,621000000.0,621000000.0,2.64,2.51,2.64,7575000000.0,7477250000.0,7575000000.0,9176306300.0,15.0,11.78,736000000.0,4.5,1.0,2346000000.0,1.0,1014000000.0,0.0,75497000000.0,73316000000.0,0.0,70502000000.0,,,68872000000.0,,,5571306300.0,32000000.0,0.0,-615000000.0,-5099000000.0,-263000000.0,5368000000.0,-6211000000.0,-6103000000.0,875000000.0,0.0,485000000.0,451000000.0,451000000.0,0.0,0.0,0.192,1725000000.0,621000000.0,0.0,0.515,0.735,12.353,12.879,1173000000.0,34000000.0,34.0,2.375,2.37,0.0,3979000000.0,2346000000.0,2346000000.0,0.0,0.006,0.06,0.008,0.265,27000000.0,1313000000.0,1.0,163861950.0,163542000,164425000.0,14.345,75433000000.0,0.0,136000000.0,0.0,461.245,
5,ZION,MRT,2020-03-31,2020-03-31,2020-03-31,2021-08-05,259000000.0,71467000000.0,70266250000.0,,,0.036,45.521,-120000000.0,1955000000.0,1955000000.0,0.0,617000000.0,,8.565,5560000000.0,,,5560000000.0,0.0,189000000.0,57518000000.0,0.049,1.32,795000000.0,984000000.0,0.391,984000000.0,795000000.0,795000000.0,3.35,3.16,3.35,7472000000.0,7483250000.0,7472000000.0,6741241886.0,8.0,6.851,772000000.0,4.703,1.0,2514000000.0,1.0,1014000000.0,0.0,74058000000.0,73226250000.0,0.0,65779000000.0,,,63995000000.0,,,4413241886.0,194000000.0,0.0,-889000000.0,-684000000.0,-260000000.0,1139000000.0,-1837000000.0,-1734000000.0,892000000.0,0.0,617000000.0,583000000.0,583000000.0,0.0,0.0,0.232,1719000000.0,795000000.0,0.0,0.394,0.591,7.57,7.988,1144000000.0,34000000.0,26.76,1.755,1.747,0.0,3979000000.0,2514000000.0,2514000000.0,0.0,0.008,0.078,0.011,0.316,26000000.0,1325000000.0,1.0,164919353.0,164143000,172998000.0,15.316,70453000000.0,0.0,178000000.0,0.0,429.217,
6,ZION,MRT,2019-12-31,2019-12-31,2019-12-31,2021-08-05,43000000.0,69172000000.0,69698250000.0,,,0.04,41.782,-117000000.0,1448000000.0,1448000000.0,0.0,816000000.0,,8.407,3776000000.0,,,3776000000.0,0.0,188000000.0,57085000000.0,0.025,1.28,1053000000.0,1241000000.0,0.444,1241000000.0,1053000000.0,1053000000.0,4.41,4.16,4.41,7353000000.0,7512250000.0,7353000000.0,12726483871.0,12.0,10.255,580000000.0,3.296,1.0,2795000000.0,1.0,1014000000.0,0.0,70486000000.0,72990500000.0,0.0,64224000000.0,,,61819000000.0,,,8850483871.0,91000000.0,0.0,-1088000000.0,-2608000000.0,-260000000.0,-981000000.0,375000000.0,490000000.0,697000000.0,0.0,816000000.0,782000000.0,782000000.0,0.0,0.0,0.28,1742000000.0,1053000000.0,0.0,0.29,1.204,11.318,11.773,1142000000.0,34000000.0,51.92,3.167,3.269,0.0,4009000000.0,2795000000.0,2795000000.0,0.0,0.011,0.104,0.014,0.377,27000000.0,1340000000.0,1.0,170463865.0,175984000,186504000.0,15.882,68158000000.0,0.0,237000000.0,0.0,387.297,
7,ZION,MRT,2019-09-30,2019-09-30,2019-09-30,2021-08-05,49000000.0,70361000000.0,69591750000.0,,,0.04,43.365,-133000000.0,1945000000.0,1945000000.0,0.0,859000000.0,,8.37,5821000000.0,,,5821000000.0,0.0,195000000.0,56139000000.0,0.028,1.24,1108000000.0,1303000000.0,0.466,1303000000.0,1108000000.0,1108000000.0,4.52,4.27,4.52,7509000000.0,7568500000.0,7509000000.0,13965392582.0,13.0,10.718,564000000.0,3.257,1.0,2797000000.0,1.0,1014000000.0,0.0,73223000000.0,73587750000.0,0.0,64923000000.0,,,62852000000.0,,,7878392582.0,279000000.0,0.0,-1055000000.0,1134000000.0,-260000000.0,2152000000.0,-2570000000.0,-2441000000.0,697000000.0,0.0,859000000.0,825000000.0,825000000.0,0.0,0.0,0.295,1689000000.0,1108000000.0,0.0,0.274,1.049,9.55,9.85,1146000000.0,34000000.0,44.52,2.817,2.756,0.0,3892000000.0,2797000000.0,2797000000.0,0.0,0.012,0.109,0.015,0.396,27000000.0,1310000000.0,1.0,176962996.0,173160000,181870000.0,16.153,69347000000.0,0.0,249000000.0,0.0,400.479,
8,ZION,MRT,2019-06-30,2019-06-30,2019-06-30,2021-08-05,25000000.0,70065000000.0,68684250000.0,,,0.041,42.416,-135000000.0,1172000000.0,1172000000.0,0.0,860000000.0,,8.22,7259000000.0,,,7259000000.0,0.0,194000000.0,54332000000.0,0.026,1.2,1112000000.0,1306000000.0,0.465,1306000000.0,1112000000.0,1112000000.0,4.4,4.14,4.4,7599000000.0,7579500000.0,7599000000.0,13328353827.0,12.0,10.205,823000000.0,4.594,1.0,2806000000.0,1.0,1014000000.0,0.0,75138000000.0,72599000000.0,0.0,65410000000.0,,,62466000000.0,,,8394353827.0,70000000.0,0.0,-965000000.0,2699000000.0,-259000000.0,2204000000.0,-3092000000.0,-2967000000.0,958000000.0,0.0,860000000.0,826000000.0,826000000.0,0.0,0.0,0.294,1694000000.0,1112000000.0,0.0,0.273,1.105,10.163,10.45,1133000000.0,34000000.0,45.98,2.992,2.936,0.0,3737000000.0,2806000000.0,2806000000.0,0.0,0.012,0.109,0.015,0.396,26000000.0,1304000000.0,1.0,182565329.0,179156000,189098000.0,15.662,69051000000.0,0.0,252000000.0,0.0,385.424,
9,ZION,MRT,2019-03-31,2019-03-31,2019-03-31,2021-08-05,-122000000.0,69195000000.0,67782250000.0,,,0.041,41.068,-126000000.0,1238000000.0,1238000000.0,0.0,859000000.0,,8.119,6172000000.0,,,6172000000.0,0.0,194000000.0,54535000000.0,0.025,1.14,1109000000.0,1303000000.0,0.465,1303000000.0,1109000000.0,1109000000.0,4.3,4.04,4.3,7588000000.0,7585000000.0,7588000000.0,13597509888.0,12.0,10.436,733000000.0,3.967,1.0,2800000000.0,1.0,1014000000.0,0.0,73115000000.0,71018750000.0,0.0,64593000000.0,,,61607000000.0,,,8453509888.0,66000000.0,0.0,-812000000.0,910000000.0,-253000000.0,1397000000.0,-2190000000.0,-2075000000.0,859000000.0,0.0,859000000.0,824000000.0,824000000.0,0.0,0.0,0.294,1691000000.0,1109000000.0,0.0,0.265,1.114,10.259,10.56,1125000000.0,35000000.0,45.41,3.019,2.997,0.0,3603000000.0,2800000000.0,2800000000.0,0.0,0.012,0.109,0.016,0.396,27000000.0,1299000000.0,1.0,186159654.0,184767000,195241000.0,15.154,68181000000.0,0.0,250000000.0,0.0,369.011,
10,ZION,MRT,2018-12-31,2018-12-31,2018-12-31,2021-08-05,-250000000.0,68746000000.0,67103750000.0,,,0.042,39.145,-129000000.0,1233000000.0,1233000000.0,0.0,884000000.0,,8.072,6377000000.0,,,6377000000.0,0.0,193000000.0,54101000000.0,0.026,1.04,1143000000.0,1336000000.0,0.473,1336000000.0,1143000000.0,1143000000.0,4.36,4.08,4.36,7578000000.0,7599000000.0,7578000000.0,11381621341.0,10.0,8.519,1047000000.0,5.408,1.0,2822000000.0,1.0,1015000000.0,0.0,72875000000.0,70122000000.0,0.0,64436000000.0,,,61168000000.0,,,7829621341.0,66000000.0,0.0,-652000000.0,1012000000.0,-236000000.0,1596000000.0,-2706000000.0,-2583000000.0,1176000000.0,0.0,884000000.0,850000000.0,850000000.0,0.0,0.0,0.301,1679000000.0,1143000000.0,0.0,0.239,1.033,9.211,9.344,1124000000.0,34000000.0,40.74,2.774,2.795,0.0,3456000000.0,2822000000.0,2822000000.0,0.0,0.013,0.112,0.016,0.405,26000000.0,1280000000.0,1.0,192185109.0,193589000,206501000.0,14.577,67731000000.0,0.0,259000000.0,0.0,349.87,
11,ZION,MRT,2018-09-30,2018-09-30,2018-09-30,2021-08-05,-361000000.0,66731000000.0,66489250000.0,,,0.042,39.14,-126000000.0,1107000000.0,1107000000.0,0.0,781000000.0,,7.835,4659000000.0,,,4659000000.0,0.0,189000000.0,53785000000.0,0.018,0.9,1113000000.0,1302000000.0,0.465,1302000000.0,1113000000.0,1113000000.0,3.79,3.56,3.79,7553000000.0,7624250000.0,7553000000.0,13124300972.0,12.0,10.08,824000000.0,4.27,1.0,2797000000.0,1.0,1015000000.0,0.0,69268000000.0,69228500000.0,0.0,62530000000.0,,,59178000000.0,,,9749300972.0,-24000000.0,0.0,-514000000.0,-347000000.0,-212000000.0,607000000.0,-1581000000.0,-1461000000.0,950000000.0,0.0,781000000.0,747000000.0,747000000.0,0.0,0.0,0.267,1684000000.0,1113000000.0,0.0,0.237,1.291,13.051,13.232,1111000000.0,34000000.0,50.15,3.486,3.46,0.0,3296000000.0,2797000000.0,2797000000.0,0.0,0.011,0.098,0.016,0.398,26000000.0,1253000000.0,1.0,194402811.0,192973000,205765000.0,14.494,65716000000.0,0.0,332000000.0,0.0,340.545,
12,ZION,MRT,2018-06-30,2018-06-30,2018-06-30,2021-08-05,-315000000.0,66457000000.0,66197500000.0,,,0.041,38.966,-129000000.0,1166000000.0,1166000000.0,0.0,718000000.0,,7.72,4541000000.0,,,4541000000.0,0.0,187000000.0,53580000000.0,0.014,0.72,1064000000.0,1251000000.0,0.456,1251000000.0,1064000000.0,1064000000.0,3.43,3.24,3.43,7621000000.0,7676250000.0,7621000000.0,14448988402.0,14.0,11.55,661000000.0,3.38,1.0,2741000000.0,1.0,1015000000.0,0.0,68817000000.0,68973500000.0,0.0,62148000000.0,,,58836000000.0,,,10385988402.0,-13000000.0,0.0,-443000000.0,-185000000.0,-178000000.0,392000000.0,-1195000000.0,-1074000000.0,790000000.0,0.0,718000000.0,684000000.0,684000000.0,0.0,0.0,0.25,1677000000.0,1064000000.0,0.0,0.21,1.363,15.184,15.362,1099000000.0,34000000.0,52.69,3.789,3.76,0.0,3139000000.0,2741000000.0,2741000000.0,0.0,0.01,0.089,0.015,0.388,26000000.0,1243000000.0,1.0,197114982.0,195583000,209247000.0,14.015,65442000000.0,0.0,346000000.0,0.0,334.6,
13,ZION,MRT,2018-03-31,2018-03-31,2018-03-31,2021-08-05,-267000000.0,66481000000.0,65944750000.0,,,0.041,38.857,-147000000.0,1187000000.0,1187000000.0,0.0,689000000.0,,7.697,5250000000.0,,,5250000000.0,0.0,185000000.0,52963000000.0,0.011,0.56,1059000000.0,1244000000.0,0.457,1244000000.0,1059000000.0,1059000000.0,3.24,3.08,3.24,7644000000.0,7708250000.0,7644000000.0,14391198775.0,14.0,11.568,675000000.0,3.431,1.0,2720000000.0,1.0,1016000000.0,0.0,69528000000.0,68645250000.0,0.0,62276000000.0,,,58837000000.0,,,10362198775.0,-96000000.0,0.0,-367000000.0,1729000000.0,-149000000.0,550000000.0,-1468000000.0,-1331000000.0,822000000.0,0.0,689000000.0,651000000.0,651000000.0,0.0,0.0,0.239,1661000000.0,1059000000.0,0.0,0.173,1.356,15.917,16.275,1098000000.0,38000000.0,52.73,3.81,3.814,0.0,2999000000.0,2720000000.0,2720000000.0,0.0,0.01,0.084,0.015,0.389,26000000.0,1216000000.0,1.0,196514295.0,196722000,210243000.0,13.827,65465000000.0,0.0,370000000.0,0.0,332.779,
14,ZION,MRT,2017-12-31,2017-12-31,2017-12-31,2021-08-05,-139000000.0,66288000000.0,65690250000.0,,,0.039,38.247,-169000000.0,1330000000.0,1330000000.0,0.0,592000000.0,,7.632,5359000000.0,,,5359000000.0,0.0,179000000.0,52621000000.0,0.009,0.44,936000000.0,1115000000.0,0.43,1115000000.0,936000000.0,936000000.0,2.71,2.6,2.71,7679000000.0,7729750000.0,7679000000.0,13853976134.0,15.0,12.425,759000000.0,3.78,1.0,2592000000.0,1.0,1016000000.0,0.0,69301000000.0,67672000000.0,0.0,61928000000.0,,,58609000000.0,,,10152976134.0,-189000000.0,0.0,-296000000.0,3996000000.0,-129000000.0,2802000000.0,-3919000000.0,-3766000000.0,928000000.0,0.0,592000000.0,550000000.0,550000000.0,0.0,0.0,0.212,1656000000.0,936000000.0,0.0,0.162,1.322,18.46,18.756,1094000000.0,42000000.0,50.83,3.917,3.937,0.0,2807000000.0,2592000000.0,2592000000.0,0.0,0.008,0.071,0.014,0.361,25000000.0,1214000000.0,1.0,199743776.0,200776000,209653000.0,12.91,65272000000.0,0.0,344000000.0,0.0,325.099,
15,ZION,MRT,2017-09-30,2017-09-30,2017-09-30,2021-08-05,-57000000.0,65564000000.0,64928000000.0,,,0.039,38.741,-186000000.0,1306000000.0,1306000000.0,0.0,604000000.0,,7.448,5007000000.0,,,5007000000.0,0.0,166000000.0,52099000000.0,0.008,0.36,882000000.0,1048000000.0,0.416,1048000000.0,882000000.0,882000000.0,2.75,2.66,2.75,7761000000.0,7718500000.0,7761000000.0,12615483830.0,14.0,12.038,797000000.0,3.978,1.0,2518000000.0,1.0,1017000000.0,0.0,68248000000.0,65704500000.0,0.0,61205000000.0,,,57803000000.0,,,9538483830.0,-12000000.0,0.0,-226000000.0,3321000000.0,-116000000.0,4087000000.0,-5082000000.0,-4907000000.0,983000000.0,0.0,604000000.0,560000000.0,560000000.0,0.0,0.0,0.222,1636000000.0,882000000.0,0.0,0.131,1.229,17.033,17.156,1083000000.0,44000000.0,47.18,3.788,3.754,0.0,2700000000.0,2518000000.0,2518000000.0,0.0,0.009,0.073,0.013,0.35,25000000.0,1204000000.0,1.0,202172188.0,200332000,209106000.0,12.569,64547000000.0,0.0,278000000.0,0.0,322.2,
16,ZION,MRT,2017-06-30,2017-06-30,2017-06-30,2021-08-05,-49000000.0,65446000000.0,63796715000.0,,,0.039,38.395,-198000000.0,1648000000.0,1648000000.0,0.0,571000000.0,,7.446,4725000000.0,,,4725000000.0,0.0,153000000.0,52378000000.0,0.007,0.32,831000000.0,984000000.0,0.4,984000000.0,831000000.0,831000000.0,2.57,2.51,2.57,7749000000.0,7698076750.0,7749000000.0,10090452519.0,12.0,10.255,771000000.0,3.82,1.0,2457000000.0,1.0,1019000000.0,0.0,67504000000.0,63557015500.0,0.0,60808000000.0,,,57697000000.0,,,8897452519.0,-79000000.0,0.0,-153000000.0,3755000000.0,-113000000.0,5451000000.0,-6499000000.0,-6310000000.0,969000000.0,0.0,571000000.0,525000000.0,525000000.0,0.0,0.0,0.214,1626000000.0,831000000.0,0.0,0.125,1.148,16.948,17.086,1069000000.0,46000000.0,43.91,3.621,3.607,0.0,2572000000.0,2457000000.0,2457000000.0,0.0,0.008,0.068,0.013,0.338,27000000.0,1192000000.0,1.0,202629299.0,201822000,208183000.0,12.174,64427000000.0,0.0,260000000.0,0.0,319.227,
17,ZION,MRT,2017-03-31,2017-03-31,2017-03-31,2021-08-05,-111000000.0,65463000000.0,62345963000.0,,,0.038,38.202,-206000000.0,2327000000.0,2327000000.0,0.0,517000000.0,,7.469,3520000000.0,,,3520000000.0,0.0,135000000.0,53475000000.0,0.007,0.3,757000000.0,892000000.0,0.378,892000000.0,757000000.0,757000000.0,2.25,2.22,2.25,7730000000.0,7667422500.0,7730000000.0,7715693568.0,10.0,8.65,564000000.0,2.787,1.0,2360000000.0,1.0,1021000000.0,0.0,65635000000.0,60898597500.0,0.0,60123000000.0,,,57733000000.0,,,8501753568.0,49000000.0,0.0,-113000000.0,2484000000.0,-110000000.0,5747000000.0,-6468000000.0,-6269000000.0,770000000.0,0.0,517000000.0,462000000.0,462000000.0,0.0,0.0,0.196,1603000000.0,757000000.0,0.0,0.133,1.1,18.402,18.667,1047000000.0,55000000.0,42.0,3.602,3.601,0.0,2435000000.0,2360000000.0,2360000000.0,0.0,0.007,0.06,0.012,0.321,27000000.0,1188000000.0,1.0,202422704.0,202347000,210405000.0,11.663,64442000000.0,0.0,240000000.0,0.0,318.473,
18,ZION,MRT,2016-12-31,2016-12-31,2016-12-31,2021-08-05,-122000000.0,63239000000.0,60775191250.0,,,0.038,37.448,-196000000.0,2148000000.0,2148000000.0,0.0,469000000.0,,7.284,1362000000.0,,,1362000000.0,0.0,123000000.0,53236000000.0,0.007,0.28,705000000.0,828000000.0,0.362,828000000.0,705000000.0,705000000.0,2.0,1.99,2.0,7634000000.0,7641356750.0,7634000000.0,8411683667.0,12.0,10.159,400000000.0,1.962,1.0,2290000000.0,1.0,1022000000.0,0.0,61431000000.0,58397164500.0,0.0,58061000000.0,,,55605000000.0,,,8768023667.0,-61000000.0,0.0,-72000000.0,200000000.0,-108000000.0,2779000000.0,-3436000000.0,-3247000000.0,596000000.0,0.0,469000000.0,411000000.0,411000000.0,0.0,0.0,0.179,1585000000.0,705000000.0,0.0,0.14,1.149,21.333,21.52,1020000000.0,58000000.0,43.04,3.829,3.831,0.0,2321000000.0,2290000000.0,2290000000.0,0.0,0.007,0.054,0.012,0.308,26000000.0,1181000000.0,1.0,203718022.0,203855000,204269000.0,11.233,62217000000.0,0.0,236000000.0,0.0,305.202,
19,ZION,MRT,2016-09-30,2016-09-30,2016-09-30,2021-08-05,10001000.0,61038860000.0,59881577000.0,,,0.037,37.586,-193885000.0,2042286000.0,2042286000.0,0.0,434016000.0,,6.948,1685946000.0,,,1685946000.0,0.0,64437000.0,50848661000.0,0.008,0.26,644561000.0,708998000.0,0.319,708998000.0,644561000.0,644561000.0,1.82,1.82,1.82,7679307000.0,7609736500.0,7679307000.0,4616285063.0,7.0,6.511,299745000.0,1.467,1.0,2223307000.0,1.0,1024458000.0,0.0,59658062000.0,56261177500.0,0.0,55853943000.0,,,53359553000.0,,,6362539063.0,-48752000.0,0.0,-47631000.0,474914000.0,-109301000.0,1973189000.0,-2515571000.0,-2297751000.0,493630000.0,0.0,434016000.0,375583000.0,375583000.0,0.0,0.0,0.169,1581141000.0,642166000.0,0.0,0.143,0.829,16.94,17.044,986553000.0,58433000.0,31.02,2.862,2.851,0.0,2211793000.0,2223307000.0,2223307000.0,0.0,0.006,0.049,0.011,0.29,47000000.0,1174500000.0,1.0,205110866.0,204312000,204714000.0,10.882,60014402000.0,0.0,210545000.0,0.0,293.739,
20,ZION,MRT,2016-06-30,2016-06-30,2016-06-30,2021-08-05,23652000.0,59642992000.0,59224593750.0,,,0.036,37.341,-181632000.0,2715221000.0,2715221000.0,0.0,408015000.0,,6.821,968967000.0,,,968967000.0,0.0,70718000.0,50270921000.0,0.01,0.24,594340000.0,665058000.0,0.308,665058000.0,594340000.0,594340000.0,1.66,1.66,1.66,7626383000.0,7599433500.0,7626383000.0,2619931605.0,4.0,3.939,311520000.0,1.525,1.0,2161366000.0,1.0,1026410000.0,0.0,56870328000.0,54205167750.0,0.0,53820045000.0,,,52016609000.0,,,5142188605.0,-197296000.0,0.0,5968000.0,-307296000.0,-105721000.0,655353000.0,-1345801000.0,-1155844000.0,493152000.0,0.0,408015000.0,342821000.0,342821000.0,0.0,0.0,0.159,1569421000.0,591945000.0,0.0,0.145,0.674,15.0,15.139,955540000.0,65194000.0,25.13,2.379,2.375,0.0,2110069000.0,2161366000.0,2161366000.0,0.0,0.006,0.045,0.011,0.275,41000000.0,1169835000.0,1.0,204623502.0,204236000,204536000.0,10.583,58616582000.0,0.0,186325000.0,0.0,287.004,
21,ZION,MRT,2016-03-31,2016-03-31,2016-03-31,2021-08-05,-11653000.0,59179913000.0,58905210500.0,,,0.034,37.387,-163467000.0,3556893000.0,3556893000.0,0.0,307975000.0,,6.761,1034636000.0,,,1034636000.0,0.0,76831000.0,49887857000.0,0.01,0.24,439799000.0,516630000.0,0.255,516630000.0,439799000.0,439799000.0,1.21,1.21,1.21,7625737000.0,7575381500.0,7625737000.0,-790997767.0,-2.0,-1.531,418716000.0,2.053,1.0,2023822000.0,1.0,1028388000.0,0.0,55629268000.0,52534835750.0,0.0,52757449000.0,,,51554176000.0,,,4951110233.0,-202916000.0,0.0,14038000.0,-262189000.0,-111766000.0,1228737000.0,-2013836000.0,-1867018000.0,582183000.0,0.0,307975000.0,250721000.0,250721000.0,0.0,0.0,0.124,1584023000.0,439799000.0,0.0,0.198,0.649,19.747,20.008,925430000.0,57254000.0,24.21,2.446,2.44,0.0,2031270000.0,2023822000.0,2023822000.0,0.0,0.004,0.033,0.008,0.217,36000000.0,1213931000.0,1.0,204506825.0,203967000,204096000.0,9.922,58151525000.0,0.0,131824000.0,0.0,285.103,
22,ZION,MRT,2015-12-31,2015-12-31,2015-12-31,2021-08-05,-54612000.0,59664543000.0,58499215000.0,,,0.035,36.935,-157000000.0,6906443000.0,6906443000.0,0.0,309000000.0,,6.947,1159353000.0,,,1159353000.0,0.0,86000000.0,50374091000.0,0.008,0.22,451000000.0,537000000.0,0.264,537000000.0,451000000.0,451000000.0,1.2,1.2,1.2,7507519000.0,7532521750.0,7507519000.0,-366988713.0,-1.0,-0.683,307000000.0,1.51,1.0,2032000000.0,1.0,1030401000.0,0.0,52887052000.0,51202253250.0,0.0,49898208000.0,,,52157024000.0,,,5577240287.0,-44000000.0,0.0,15000000.0,-185000000.0,-108000000.0,2071000000.0,-2579000000.0,-2440000000.0,464000000.0,0.0,309000000.0,247000000.0,247000000.0,0.0,0.0,0.122,1581000000.0,451000000.0,0.0,0.183,0.743,22.58,22.75,905462000.0,62000000.0,27.3,2.745,2.731,0.0,1966910000.0,2032000000.0,2032000000.0,0.0,0.004,0.033,0.009,0.222,25000000.0,1168000000.0,1.0,204294516.0,203265000,203698000.0,9.997,58634142000.0,0.0,142000000.0,0.0,288.462,
23,ZION,MRT,2015-09-30,2015-09-30,2015-09-30,2021-08-05,-16975000.0,58410927000.0,57885297750.0,,,0.035,37.503,-143030000.0,7161372000.0,7161372000.0,0.0,288798000.0,,6.647,1217143000.0,,,1217143000.0,0.0,69840000.0,48920147000.0,0.007,0.2,430012000.0,499852000.0,0.247,499852000.0,430012000.0,430012000.0,1.09,1.09,1.09,7638095000.0,7498024500.0,7638095000.0,-1518639141.0,-4.0,-3.038,271750000.0,1.334,1.0,2020007000.0,1.0,1032675000.0,0.0,51434023000.0,50351913000.0,0.0,48450231000.0,,,50772832000.0,,,5622847859.0,17022000.0,0.0,16400000.0,-110641000.0,-104638000.0,2453036000.0,-2850794000.0,-2769819000.0,414780000.0,0.0,288798000.0,225178000.0,225178000.0,0.0,0.0,0.111,1587600000.0,432407000.0,0.0,0.183,0.736,24.971,25.266,873800000.0,63620000.0,27.54,2.784,2.777,0.0,1894623000.0,2020007000.0,2020007000.0,0.0,0.004,0.03,0.009,0.213,0.0,1159761000.0,1.0,204170220.0,203668000,204155000.0,9.918,57378252000.0,0.0,141214000.0,0.0,281.724,
24,ZION,MRT,2015-06-30,2015-06-30,2015-06-30,2021-08-05,-35172000.0,58365459000.0,57147283500.0,,,0.036,37.115,-130436000.0,8419549000.0,8419549000.0,0.0,283687000.0,,6.751,1278062000.0,,,1278062000.0,0.0,63419000.0,48937124000.0,0.006,0.18,437230000.0,500649000.0,0.241,500649000.0,437230000.0,437230000.0,1.08,1.08,1.08,7530175000.0,7419040500.0,7530175000.0,229138788.0,1.0,0.458,280089000.0,1.381,1.0,2074481000.0,1.0,1034972000.0,0.0,50189000000.0,49410532250.0,0.0,47132549000.0,,,50835284000.0,,,6448840788.0,-623024000.0,0.0,522360000.0,-945998000.0,-100461000.0,2703720000.0,-3737269000.0,-3664077000.0,410525000.0,0.0,283687000.0,220067000.0,220067000.0,0.0,0.0,0.106,1590434000.0,484047000.0,0.0,0.167,0.856,29.304,29.384,856577000.0,63620000.0,31.735,3.109,3.104,0.0,1823043000.0,2074481000.0,2074481000.0,0.0,0.004,0.03,0.009,0.211,0.0,1194645000.0,1.0,203209100.0,202888000,202888000.0,10.225,57330487000.0,0.0,153543000.0,0.0,282.572,
25,ZION,MRT,2015-03-31,2015-03-31,2015-03-31,2021-08-05,-114909000.0,57555931000.0,56333737500.0,,,0.04,36.793,-132416000.0,7512620000.0,7512620000.0,0.0,389277000.0,,6.721,1292918000.0,,,1292918000.0,0.0,59456000.0,48123360000.0,0.006,0.16,607293000.0,666749000.0,0.296,666749000.0,607293000.0,607293000.0,1.65,1.65,1.65,7454298000.0,7211519250.0,7454298000.0,-1197315683.0,-2.0,-1.796,206471000.0,1.019,1.0,2251574000.0,1.0,1037291000.0,0.0,50298938000.0,48985125500.0,0.0,47191368000.0,,,50101633000.0,,,5486218317.0,-618072000.0,0.0,518931000.0,-1182945000.0,-95623000.0,796377000.0,-1753336000.0,-1653570000.0,338887000.0,0.0,389277000.0,325657000.0,325657000.0,0.0,0.0,0.145,1599859000.0,651715000.0,0.0,0.097,0.736,16.847,16.364,844900000.0,63620000.0,27.0,2.437,2.43,0.0,1836619000.0,2251574000.0,2251574000.0,0.0,0.006,0.045,0.012,0.27,0.0,1177208000.0,1.0,203193271.0,202603000,202944000.0,11.113,56518640000.0,0.0,218016000.0,0.0,278.963,
26,ZION,MRT,2014-12-31,2014-12-31,2014-12-31,2021-08-05,-128041000.0,57208874000.0,55964965750.0,,,0.041,38.342,-175799000.0,8020039000.0,8020039000.0,0.0,398462000.0,,6.763,1336505000.0,,,1336505000.0,0.0,57691000.0,47848075000.0,0.006,0.16,621423000.0,679114000.0,0.299,679114000.0,621423000.0,621423000.0,1.68,1.68,1.68,7369530000.0,6994498750.0,7369530000.0,-962482524.0,-2.0,-1.417,204542000.0,1.064,1.0,2270790000.0,1.0,1039649000.0,0.0,49485691000.0,48403524750.0,0.0,46405841000.0,,,49839344000.0,,,5785598476.0,-331115000.0,0.0,520849000.0,-1319400000.0,-96130000.0,557106000.0,-1268562000.0,-1127679000.0,380341000.0,0.0,398462000.0,326568000.0,326568000.0,0.0,0.0,0.144,1604945000.0,665845000.0,0.0,0.095,0.785,17.716,16.97,829809000.0,71894000.0,28.51,2.548,2.413,0.0,1769705000.0,2270790000.0,2270790000.0,0.0,0.006,0.047,0.013,0.274,0.0,1163223000.0,1.0,202932251.0,192207000,192789000.0,11.814,56169225000.0,0.0,222961000.0,0.0,292.233,
27,ZION,MRT,2014-09-30,2014-09-30,2014-09-30,2021-08-05,-110927000.0,55458870000.0,55670529000.0,,,0.039,37.227,-164026000.0,8053556000.0,8053556000.0,0.0,275176000.0,,6.574,1305475000.0,,,1305475000.0,0.0,125170000.0,46265336000.0,0.006,0.16,432523000.0,557693000.0,0.257,557693000.0,432523000.0,432523000.0,1.05,1.05,1.05,7322159000.0,6768257000.0,7322159000.0,313912247.0,1.0,0.563,260212000.0,1.323,1.0,2169899000.0,1.0,1042289000.0,0.0,47668500000.0,48093188500.0,0.0,44678829000.0,,,48136711000.0,,,5892859247.0,-778780000.0,0.0,525666000.0,-1378054000.0,-96637000.0,-416998000.0,-786020000.0,-640927000.0,424238000.0,0.0,275176000.0,200370000.0,200370000.0,0.0,0.0,0.092,1613044000.0,556855000.0,0.0,0.152,0.805,29.41,27.676,811127000.0,74806000.0,29.06,2.716,2.634,0.0,1711785000.0,2169899000.0,2169899000.0,0.0,0.004,0.03,0.009,0.199,0.0,1259162000.0,1.0,202782493.0,196687000,197271000.0,11.032,54416581000.0,0.0,157347000.0,0.0,276.666,
28,ZION,MRT,2014-06-30,2014-06-30,2014-06-30,2021-08-05,-136837000.0,55111275000.0,55602889500.0,,,0.038,36.282,-158778000.0,7770484000.0,7770484000.0,0.0,290802000.0,,7.225,2191537000.0,,,2191537000.0,0.0,133977000.0,45670614000.0,0.005,0.16,456147000.0,590124000.0,0.278,590124000.0,456147000.0,456147000.0,1.78,1.77,1.78,6700090000.0,6520919500.0,6700090000.0,-1611755483.0,-4.0,-2.731,330199000.0,1.788,1.0,2125650000.0,1.0,1044955000.0,0.0,48487373000.0,47967781000.0,0.0,44586828000.0,,,48411185000.0,,,5448862517.0,198795000.0,0.0,206147000.0,-343020000.0,-108329000.0,-420492000.0,130310000.0,279230000.0,488977000.0,0.0,290802000.0,330950000.0,330950000.0,0.0,0.0,0.156,1589593000.0,536057000.0,0.0,0.09,0.813,16.464,16.556,803214000.0,-40148000.0,29.47,2.563,2.56,0.0,1640785000.0,2125650000.0,2125650000.0,0.0,0.006,0.051,0.01,0.215,0.0,1240471000.0,1.0,184895233.0,184668000,185286000.0,11.511,54066320000.0,0.0,165345000.0,0.0,292.776,
29,ZION,MRT,2014-03-31,2014-03-31,2014-03-31,2021-08-05,-145462000.0,56080844000.0,55551205750.0,,,0.038,35.709,-149696000.0,9499156000.0,9499156000.0,0.0,254278000.0,,7.515,2438538000.0,,,2438538000.0,0.0,124762000.0,46532086000.0,0.005,0.16,392742000.0,517504000.0,0.246,517504000.0,392742000.0,392742000.0,1.52,1.51,1.52,6586216000.0,6560980000.0,6586216000.0,-1008931806.0,-3.0,-1.95,613391000.0,3.326,1.0,2107896000.0,1.0,1047691000.0,0.0,47972535000.0,47574401750.0,0.0,43901905000.0,,,49494628000.0,,,5727276194.0,410743000.0,0.0,627624000.0,-358365000.0,-119169000.0,1336699000.0,-1689043000.0,-1560471000.0,763087000.0,0.0,254278000.0,281845000.0,281845000.0,0.0,0.0,0.134,1594962000.0,512934000.0,0.0,0.105,0.87,20.321,20.382,785519000.0,-27567000.0,30.98,2.717,2.711,0.0,1542195000.0,2107896000.0,2107896000.0,0.0,0.005,0.043,0.008,0.186,0.0,1230592000.0,1.0,184870116.0,184440000,185123000.0,11.429,55033153000.0,0.0,138464000.0,0.0,298.38,
30,ZION,MRT,2013-12-31,2013-12-31,2013-12-31,2021-08-05,-192101000.0,56031127000.0,55058635750.0,,,0.039,35.163,-88580000.0,9350131000.0,9350131000.0,0.0,263455000.0,,7.667,2613923000.0,,,2613923000.0,0.0,130616000.0,46361880000.0,0.004,0.13,406768000.0,537384000.0,0.253,537384000.0,406768000.0,406768000.0,1.58,1.58,1.58,6464563000.0,6503277250.0,6464563000.0,-1436573589.0,-4.0,-2.673,746527000.0,4.061,1.0,2120871000.0,1.0,1050573000.0,0.0,48244346000.0,47834940000.0,0.0,43931718000.0,,,49566564000.0,,,5531072411.0,-668220000.0,0.0,794143000.0,-197988000.0,-119660000.0,-150332000.0,-1352995000.0,-1287310000.0,835107000.0,0.0,263791000.0,293979000.0,293979000.0,0.0,-336000.0,0.139,1594247000.0,526624000.0,0.0,0.082,0.856,18.815,18.962,726372000.0,-30188000.0,29.96,2.608,2.597,0.0,1473670000.0,2120871000.0,2120871000.0,0.0,0.005,0.045,0.009,0.192,0.0,1223164000.0,1.0,184615234.0,183844000,184297000.0,11.536,54980554000.0,0.0,142977000.0,0.0,299.061,
31,ZION,MRT,2013-09-30,2013-09-30,2013-09-30,2021-08-05,-384503000.0,55188312000.0,54928833500.0,,,0.04,34.397,-84370000.0,9545721000.0,9545721000.0,0.0,362613000.0,,7.715,2578075000.0,,,2578075000.0,0.0,120926000.0,45669366000.0,0.004,0.1,558164000.0,679090000.0,0.311,679090000.0,558164000.0,558164000.0,2.11,2.1,2.11,6332809000.0,6400153750.0,6332809000.0,-1873712368.0,-3.0,-2.759,812257000.0,4.412,1.0,2183965000.0,1.0,1053796000.0,0.0,47166870000.0,48102808750.0,0.0,42800452000.0,,,48855503000.0,,,5059603632.0,304164000.0,19901000.0,793281000.0,-292481000.0,-118707000.0,1448306000.0,-2040769000.0,-2020171000.0,896627000.0,0.0,363515000.0,389021000.0,389021000.0,0.0,-902000.0,0.178,1586421000.0,597544000.0,0.0,0.047,0.799,13.006,12.995,720365000.0,-25506000.0,27.42,2.317,2.312,0.0,1540455000.0,2183965000.0,2183965000.0,0.0,0.007,0.061,0.012,0.256,0.0,1208649000.0,1.0,184522379.0,184112000,184742000.0,11.862,54134516000.0,0.0,194649000.0,0.0,294.03,
32,ZION,MRT,2013-06-30,2013-06-30,2013-06-30,2021-08-05,-374556000.0,54904540000.0,54403505750.0,,,0.041,37.356,-78610000.0,9363107000.0,9363107000.0,0.0,360696000.0,,7.003,2429791000.0,,,2429791000.0,0.0,126069000.0,45016055000.0,0.002,0.07,556098000.0,682167000.0,0.309,682167000.0,556098000.0,556098000.0,1.32,1.32,1.32,6860332000.0,6297230750.0,6860332000.0,1293756811.0,2.0,1.897,638577000.0,3.477,1.0,2205957000.0,1.0,1057368000.0,0.0,46913856000.0,48371752750.0,0.0,42616541000.0,,,48044208000.0,,,5328503811.0,58424000.0,22568000.0,593754000.0,-777034000.0,-116542000.0,826807000.0,-1485570000.0,-1469675000.0,717187000.0,0.0,361852000.0,241636000.0,241636000.0,0.0,-1156000.0,0.11,1610733000.0,595224000.0,0.0,0.053,0.777,22.052,21.909,717299000.0,120216000.0,28.92,2.416,2.408,0.0,1338401000.0,2205957000.0,2205957000.0,0.0,0.004,0.038,0.011,0.252,0.0,1198142000.0,1.0,184249786.0,183647000,184062000.0,12.012,53847172000.0,0.0,194246000.0,0.0,293.21,
33,ZION,MRT,2013-03-31,2013-03-31,2013-03-31,2021-08-05,-406903000.0,54110564000.0,54029123750.0,,,0.04,34.654,-69532000.0,6714085000.0,6714085000.0,0.0,369134000.0,,7.515,2679338000.0,,,2679338000.0,0.0,166300000.0,44490195000.0,0.002,0.04,572754000.0,739054000.0,0.34,739054000.0,572754000.0,572754000.0,1.32,1.32,1.32,6355405000.0,6205140500.0,6355405000.0,-528289506.0,-1.0,-0.715,620859000.0,3.385,1.0,2172318000.0,1.0,1061129000.0,0.0,49014688000.0,48260144500.0,0.0,44330065000.0,,,47759911000.0,,,4602860494.0,-153369000.0,22568000.0,312297000.0,-174212000.0,-117017000.0,564244000.0,-1408004000.0,-1388541000.0,690391000.0,0.0,370563000.0,241466000.0,241466000.0,0.0,-1429000.0,0.111,1600993000.0,571325000.0,0.0,0.03,0.724,19.062,18.932,706746000.0,129097000.0,24.99,2.119,2.11,0.0,1290131000.0,2172318000.0,2172318000.0,0.0,0.004,0.039,0.012,0.264,0.0,1189163000.0,1.0,184188095.0,183396000,183655000.0,11.845,53049435000.0,0.0,202191000.0,0.0,289.262,
34,ZION,MRT,2012-12-31,2012-12-31,2012-12-31,2021-08-05,-446157000.0,55511918000.0,53725559500.0,,,0.04,33.057,-68894000.0,7820885000.0,7820885000.0,0.0,348150000.0,,8.173,2689735000.0,,,2689735000.0,0.0,185185000.0,46133073000.0,0.002,0.04,542932000.0,728117000.0,0.341,728117000.0,542932000.0,542932000.0,0.97,0.97,0.97,6052069000.0,6213567500.0,6052069000.0,167026226.0,0.0,0.229,667301000.0,3.645,1.0,2137583000.0,1.0,1064947000.0,0.0,49315821000.0,47492279250.0,0.0,44528136000.0,,,49463277000.0,,,3941218226.0,617557000.0,0.0,143240000.0,14455000.0,-133581000.0,1760904000.0,-1879542000.0,-1830761000.0,736195000.0,0.0,349516000.0,178631000.0,178631000.0,0.0,-1366000.0,0.084,1596017000.0,541566000.0,0.0,0.041,0.651,22.063,22.062,708882000.0,170885000.0,21.4,1.844,1.833,0.0,1203815000.0,2137583000.0,2137583000.0,0.0,0.003,0.029,0.011,0.254,0.0,1185827000.0,1.0,184169076.0,183081000,183236000.0,11.676,54446971000.0,0.0,193416000.0,0.0,297.393,
35,ZION,MRT,2012-09-30,2012-09-30,2012-09-30,2021-08-05,-534738000.0,53087001000.0,53134857250.0,,,0.041,32.314,-63402000.0,6580381000.0,6580381000.0,0.0,379235000.0,,7.966,2806189000.0,,,2806189000.0,0.0,159720000.0,43772537000.0,0.002,0.04,591759000.0,751479000.0,0.341,751479000.0,591759000.0,591759000.0,1.02,1.02,1.02,5921117000.0,6446877250.0,5921117000.0,-2060681663.0,-3.0,-2.742,776363000.0,4.237,1.0,2204629000.0,1.0,1070163000.0,0.0,48242646000.0,46787880000.0,0.0,43182808000.0,,,47168746000.0,,,3804501337.0,-41850000.0,-19901000.0,142558000.0,131016000.0,-150022000.0,1012320000.0,-1893935000.0,-1830039000.0,839765000.0,0.0,380283000.0,187446000.0,187446000.0,0.0,-1048000.0,0.085,1613918000.0,590711000.0,0.0,0.039,0.643,20.297,20.255,709188000.0,192837000.0,20.66,1.726,1.717,0.0,1170477000.0,2204629000.0,2204629000.0,0.0,0.004,0.029,0.013,0.268,0.0,1186081000.0,1.0,184148177.0,183237000,183383000.0,12.032,52016838000.0,0.0,211476000.0,0.0,283.877,
36,ZION,MRT,2012-06-30,2012-06-30,2012-06-30,2021-08-05,-576147000.0,53407012000.0,52745937000.0,,,0.042,35.478,-71006000.0,9011848000.0,9011848000.0,0.0,378356000.0,,7.227,3146665000.0,,,3146665000.0,0.0,164198000.0,43160247000.0,0.002,0.04,589645000.0,753843000.0,0.34,753843000.0,589645000.0,589645000.0,1.03,1.03,1.03,6491971000.0,6696789500.0,6491971000.0,-2297303240.0,-4.0,-3.047,891097000.0,4.87,1.0,2216437000.0,1.0,1074406000.0,0.0,46467423000.0,46454090000.0,0.0,40953435000.0,,,46917649000.0,,,3577109760.0,89645000.0,-22568000.0,142282000.0,462940000.0,-157549000.0,1596087000.0,-2468545000.0,-2394378000.0,962103000.0,0.0,379525000.0,190289000.0,190289000.0,0.0,-1169000.0,0.086,1627961000.0,588476000.0,0.0,0.039,0.551,18.798,18.854,714913000.0,189236000.0,19.42,1.614,1.603,0.0,1110120000.0,2216437000.0,2216437000.0,0.0,0.004,0.028,0.013,0.266,0.0,1178215000.0,1.0,184197207.0,182985000,183137000.0,12.113,52332606000.0,0.0,210120000.0,0.0,285.994,
37,ZION,MRT,2012-03-31,2012-03-31,2012-03-31,2021-08-05,-571567000.0,52896307000.0,52234537500.0,,,0.042,34.952,-72646000.0,8711585000.0,8711585000.0,0.0,359502000.0,,7.279,2837172000.0,,,2837172000.0,0.0,207822000.0,43099088000.0,0.002,0.04,574072000.0,781894000.0,0.353,781894000.0,574072000.0,574072000.0,0.89,0.89,0.89,6389113000.0,6802445000.0,6389113000.0,-1616063953.0,-3.0,-2.067,974976000.0,5.334,1.0,2215472000.0,1.0,1078667000.0,0.0,45943227000.0,46589551250.0,0.0,40732060000.0,,,46509529000.0,,,3951862047.0,133046000.0,-22568000.0,816000.0,-27297000.0,-162330000.0,1641924000.0,-2556500000.0,-2480693000.0,1047622000.0,0.0,360663000.0,164112000.0,164112000.0,0.0,-1161000.0,0.074,1642561000.0,572911000.0,0.0,0.045,0.619,24.08,24.112,715815000.0,196551000.0,21.46,1.784,1.771,0.0,1060525000.0,2215472000.0,2215472000.0,0.0,0.003,0.024,0.012,0.259,0.0,1172687000.0,1.0,184150142.0,182798000,182964000.0,12.12,51817640000.0,0.0,213409000.0,0.0,283.469,
38,ZION,MRT,2011-12-31,2011-12-31,2011-12-31,2021-08-05,-592084000.0,53149109000.0,51712387750.0,,,0.042,38.298,-77669000.0,8245245000.0,8245245000.0,0.0,322690000.0,,6.609,2677319000.0,,,2677319000.0,0.0,240485000.0,42875609000.0,0.002,0.04,522387000.0,762872000.0,0.35,762872000.0,522387000.0,522387000.0,0.83,0.83,0.83,6985308000.0,6891629750.0,6985308000.0,-535887362.0,-1.0,-0.702,991079000.0,5.434,1.0,2179837000.0,1.0,1082959000.0,0.0,46498224000.0,46852820750.0,0.0,41454076000.0,,,46165881000.0,,,3000246638.0,300224000.0,0.0,25686000.0,-111139000.0,-156135000.0,1695601000.0,-2464125000.0,-2405863000.0,1068748000.0,0.0,323804000.0,153390000.0,153390000.0,0.0,-1114000.0,0.07,1658564000.0,521273000.0,0.0,0.048,0.43,19.56,19.614,719276000.0,170414000.0,16.28,1.376,1.362,0.0,1036590000.0,2179837000.0,2179837000.0,0.0,0.003,0.022,0.011,0.24,0.0,1158689000.0,1.0,184290334.0,182393000,182605000.0,11.951,52066150000.0,0.0,198583000.0,0.0,285.461,
39,ZION,MRT,2011-09-30,2011-09-30,2011-09-30,2021-08-05,-588834000.0,51531320000.0,51183832000.0,,,0.038,37.885,-83077000.0,6220834000.0,6220834000.0,0.0,161525000.0,,6.446,2684700000.0,,,2684700000.0,0.0,412634000.0,41363148000.0,0.003,0.04,289194000.0,701828000.0,0.357,701828000.0,289194000.0,289194000.0,-0.02,-0.02,-0.02,6920766000.0,6807372500.0,6920766000.0,-664629303.0,-2.0,-0.947,1088719000.0,5.96,1.0,1964584000.0,1.0,1087700000.0,0.0,46907486000.0,47054643500.0,0.0,41572009000.0,,,44612403000.0,,,2595009697.0,42122000.0,-21149000.0,142026000.0,-120766000.0,-149884000.0,270819000.0,-1400493000.0,-1318346000.0,1171796000.0,0.0,162585000.0,-1317000.0,-1317000.0,0.0,-1060000.0,-0.001,1676450000.0,288134000.0,0.0,-2.0,0.375,-1970.395,-704.0,726503000.0,163902000.0,14.08,1.321,1.309,0.0,994380000.0,1964584000.0,1964584000.0,0.0,0.0,0.0,0.006,0.147,0.0,1139197000.0,1.0,184304666.0,182676000,183858000.0,10.754,50443620000.0,0.0,126609000.0,0.0,276.137,
40,ZION,MRT,2011-06-30,2011-06-30,2011-06-30,2021-08-05,-504491000.0,51361414000.0,51062946000.0,,,0.035,37.894,-85964000.0,5960020000.0,5960020000.0,0.0,5350000.0,,6.428,2700381000.0,,,2700381000.0,0.0,425834000.0,41191230000.0,0.002,0.04,42248000.0,468082000.0,0.265,468082000.0,42248000.0,42248000.0,-0.84,-0.84,-0.84,6914593000.0,6701039000.0,6914593000.0,1699593761.0,40.0,3.631,1242556000.0,6.81,1.0,1764907000.0,1.0,1092507000.0,0.0,47009268000.0,47169136750.0,0.0,41692414000.0,,,44448323000.0,,,4413636761.0,-33727000.0,0.0,251830000.0,-261802000.0,-139359000.0,-975587000.0,-386660000.0,-356939000.0,1328520000.0,0.0,6167000.0,-146951000.0,-146951000.0,0.0,-817000.0,-0.083,1723476000.0,41431000.0,0.0,-0.048,0.638,-30.035,-28.583,722600000.0,153118000.0,24.01,2.501,2.482,0.0,931345000.0,1764907000.0,1764907000.0,0.0,-0.003,-0.022,0.001,0.024,0.0,1128752000.0,1.0,183824938.0,182472000,182728000.0,9.672,50268907000.0,0.0,36081000.0,0.0,275.488,
41,ZION,MRT,2011-03-31,2011-03-31,2011-03-31,2021-08-05,-499163000.0,50807708000.0,51259416250.0,,,0.03,37.125,-83707000.0,5638463000.0,5638463000.0,0.0,-180621000.0,,6.532,2924420000.0,,,2924420000.0,0.0,416306000.0,40592434000.0,0.002,0.04,-220843000.0,195463000.0,0.129,195463000.0,-220843000.0,-220843000.0,-1.84,-1.84,-1.84,6745852000.0,6577851250.0,6745852000.0,1594062142.0,-7.0,8.155,986600000.0,5.43,1.0,1515812000.0,1.0,1097360000.0,0.0,46996305000.0,47473724250.0,0.0,41324731000.0,,,44063121000.0,,,4220374142.0,-96251000.0,0.0,852449000.0,-131729000.0,-121035000.0,-906909000.0,-259649000.0,-407817000.0,1070307000.0,0.0,-179701000.0,-311217000.0,-311217000.0,0.0,-920000.0,-0.205,1737575000.0,-221763000.0,0.0,-0.022,0.626,-13.561,-12.533,721487000.0,131516000.0,23.06,2.784,2.764,0.0,904247000.0,1515812000.0,1515812000.0,0.0,-0.006,-0.047,-0.005,-0.146,0.0,1112439000.0,1.0,183017092.0,181707000,181998000.0,8.342,49710348000.0,0.0,-41142000.0,0.0,273.574,
42,ZION,MRT,2010-12-31,2010-12-31,2010-12-31,2021-08-05,-461296000.0,51034886000.0,51485734500.0,,,0.026,40.037,-79071000.0,5500134000.0,5500134000.0,0.0,-296349000.0,,6.677,2873822000.0,,,2873822000.0,0.0,372754000.0,40935000000.0,0.002,0.04,-399547000.0,-26793000.0,-0.02,-26793000.0,-399547000.0,-399547000.0,-2.48,-2.48,-2.48,6648279000.0,6351939750.0,6648279000.0,1435356252.0,-4.0,-53.572,1392559000.0,8.386,1.0,1315158000.0,1.0,1103059000.0,0.0,47305515000.0,48057637000.0,0.0,41597099000.0,,,44387672000.0,,,4311917252.0,-446063000.0,0.0,977145000.0,57314000.0,-109316000.0,18640000.0,-1936333000.0,-2089137000.0,1471630000.0,0.0,-292728000.0,-412505000.0,-412505000.0,0.0,-3621000.0,-0.314,1718326000.0,-403168000.0,0.0,-0.016,0.649,-10.453,-9.77,720985000.0,119777000.0,24.23,3.279,3.059,0.0,889284000.0,1315158000.0,1315158000.0,0.0,-0.008,-0.065,-0.008,-0.304,0.0,1104324000.0,1.0,177957790.0,166054000,166054000.0,7.92,49931827000.0,0.0,-106819000.0,0.0,300.696,
43,ZION,MRT,2010-09-30,2010-09-30,2010-09-30,2021-08-05,-452553000.0,51047776000.0,51507764750.0,,,0.021,37.575,-89449000.0,5529424000.0,5529424000.0,0.0,-409442000.0,,6.859,2956396000.0,,,2956396000.0,0.0,260077000.0,40960140000.0,0.002,0.04,-613123000.0,-353046000.0,-0.321,-353046000.0,-613123000.0,-613123000.0,-2.93,-2.93,-2.93,6495432000.0,6113034500.0,6495432000.0,635156263.0,-1.0,-1.799,838143000.0,4.849,1.0,1100905000.0,1.0,1109289000.0,0.0,47365459000.0,48969986000.0,0.0,41391921000.0,,,44553185000.0,,,3702556263.0,67706000.0,20926000.0,1013614000.0,-864723000.0,-97734000.0,-1996574000.0,1136688000.0,995415000.0,927592000.0,0.0,-404592000.0,-478700000.0,-478700000.0,0.0,-4850000.0,-0.435,1718878000.0,-617973000.0,0.0,-0.014,0.57,-7.735,-7.29,719592000.0,74108000.0,21.36,3.363,3.354,0.0,1001559000.0,1100905000.0,1100905000.0,0.0,-0.009,-0.078,-0.013,-0.557,0.0,1101835000.0,1.0,173340649.0,172865000,172865000.0,6.369,49938487000.0,0.0,-208531000.0,0.0,288.887,
44,ZION,MRT,2010-06-30,2010-06-30,2010-06-30,2021-08-05,-433020000.0,52147295000.0,52070358250.0,,,0.017,39.688,-76775000.0,5930626000.0,5930626000.0,0.0,-519656000.0,,7.12,3126535000.0,,,3126535000.0,0.0,282439000.0,42013876000.0,0.002,0.04,-789941000.0,-507502000.0,-0.564,-507502000.0,-789941000.0,-789941000.0,-3.89,-3.89,-3.89,6421842000.0,5907353500.0,6421842000.0,1978060782.0,-3.0,-3.898,1225917000.0,7.576,1.0,900488000.0,1.0,1115586000.0,0.0,48227618000.0,50324936000.0,0.0,41953966000.0,,,45726193000.0,,,3456833782.0,-160450000.0,305241000.0,1091091000.0,-659945000.0,-90588000.0,-1723056000.0,259914000.0,-144184000.0,1302692000.0,0.0,-512544000.0,-580111000.0,-580111000.0,0.0,-7112000.0,-0.644,1697541000.0,-797053000.0,0.0,-0.01,0.538,-5.959,-5.545,705372000.0,67567000.0,21.57,3.839,3.876,0.0,1083845000.0,900488000.0,900488000.0,0.0,-0.011,-0.098,-0.016,-0.877,0.0,1096928000.0,1.0,160261186.0,161810000,161810000.0,5.565,51031709000.0,0.0,-277397000.0,0.0,315.38,
45,ZION,MRT,2010-03-31,2010-03-31,2010-03-31,2021-08-05,-428177000.0,51712981000.0,52225523000.0,,,0.018,38.671,-80124000.0,4455602000.0,4455602000.0,0.0,-458233000.0,,7.849,3196577000.0,,,3196577000.0,0.0,222898000.0,42095809000.0,0.003,0.07,-728540000.0,-505642000.0,-0.532,-505642000.0,-728540000.0,-728540000.0,-3.26,-3.26,-3.26,5842206000.0,5734561500.0,5842206000.0,4104079669.0,-6.0,-8.117,1360013000.0,9.002,1.0,950162000.0,1.0,1122000000.0,0.0,49331956000.0,51449877250.0,0.0,42982197000.0,,,45856069000.0,,,3284772669.0,-276581000.0,338721000.0,613041000.0,-1103093000.0,-73226000.0,-3489778000.0,1773060000.0,1514463000.0,1440137000.0,0.0,-450280000.0,-468641000.0,-468641000.0,0.0,-7953000.0,-0.493,1686655000.0,-736493000.0,0.0,-0.021,0.562,-7.009,-6.699,707387000.0,18361000.0,21.84,3.457,3.472,0.0,1220439000.0,950162000.0,950162000.0,0.0,-0.009,-0.082,-0.014,-0.767,7207000.0,1100120000.0,1.0,150401679.0,151073000,151073000.0,6.289,50590981000.0,0.0,-278260000.0,0.0,334.878,
46,ZION,MRT,2009-12-31,2009-12-31,2009-12-31,2021-08-05,-436899000.0,51123007000.0,52933530750.0,,,0.013,45.745,-97135000.0,2023153000.0,2023153000.0,0.0,-1221677000.0,,7.977,2983634000.0,,,2983634000.0,0.0,213040000.0,41840589000.0,0.008,0.1,-1617454000.0,-1404414000.0,-2.051,-1404414000.0,-1617454000.0,-1617454000.0,-9.92,-9.92,-9.92,5692658000.0,5662261500.0,5692658000.0,2679601966.0,-2.0,-1.908,961329000.0,7.725,1.0,684706000.0,1.0,1128577000.0,0.0,50954911000.0,52803808250.0,0.0,44593474000.0,,,45412750000.0,,,1773232966.0,-105787000.0,452192000.0,464110000.0,-2948382000.0,-96271000.0,-4806552000.0,3642301000.0,3287244000.0,1058464000.0,0.0,-1216111000.0,-1234447000.0,-1234447000.0,0.0,-5566000.0,-1.803,2307726000.0,-1623020000.0,0.0,-0.01,0.311,-1.436,-1.293,710534000.0,18336000.0,12.83,2.59,2.332,0.0,1308356000.0,684706000.0,684706000.0,0.0,-0.023,-0.218,-0.031,-2.362,0.0,1091095000.0,1.0,138209896.0,124443000,124443000.0,5.502,49994430000.0,0.0,-401343000.0,0.0,401.746,
47,ZION,MRT,2009-09-30,2009-09-30,2009-09-30,2021-08-05,-469112000.0,53298150000.0,53925976750.0,,,0.013,44.464,-94653000.0,3271333000.0,3271333000.0,0.0,-1520686000.0,,8.392,3899378000.0,,,3899378000.0,0.0,199342000.0,43053392000.0,0.023,0.41,-1917069000.0,-1717727000.0,-2.476,-1717727000.0,-1917069000.0,-1917069000.0,-13.73,-13.72,-13.73,5672708000.0,5864521000.0,5672708000.0,3651300319.0,-2.0,-2.126,1565212000.0,12.268,1.0,693612000.0,1.0,1140936000.0,0.0,52785259000.0,53555482500.0,0.0,45643685000.0,,,47603909000.0,,,2272047319.0,-449017000.0,452415000.0,1759346000.0,-4732160000.0,-90414000.0,-1467833000.0,-641049000.0,-998811000.0,1659865000.0,0.0,-1515023000.0,-1556049000.0,-1556049000.0,0.0,-5663000.0,-2.243,2616344000.0,-1922732000.0,0.0,-0.03,0.401,-1.46,-1.309,698225000.0,41026000.0,17.97,3.276,3.305,0.0,1502232000.0,693612000.0,693612000.0,0.0,-0.029,-0.265,-0.036,-2.764,-7401000.0,1075641000.0,1.0,126435577.0,127581000,127581000.0,5.437,52157214000.0,0.0,-402046000.0,0.0,408.816,
48,ZION,MRT,2009-06-30,2009-06-30,2009-06-30,2021-08-05,-368164000.0,52767954000.0,54094981250.0,,,0.017,49.442,-119584000.0,2624884000.0,2624884000.0,0.0,-1321498000.0,,8.204,3723373000.0,,,3723373000.0,0.0,149139000.0,42692343000.0,0.072,0.83,-1612772000.0,-1463633000.0,-1.554,-1463633000.0,-1612772000.0,-1612772000.0,-11.99,-11.98,-11.99,5730674000.0,5837850750.0,5730674000.0,2694555551.0,-2.0,-1.841,1287852000.0,11.111,1.0,941629000.0,1.0,1139060000.0,0.0,52727383000.0,53857220250.0,0.0,46335521000.0,,,47013259000.0,,,1332837551.0,-522519000.0,835891000.0,1816687000.0,-6819333000.0,-113330000.0,-2157799000.0,227844000.0,-488463000.0,1407436000.0,0.0,-1321986000.0,-1340818000.0,-1340818000.0,0.0,488000.0,-1.424,2553913000.0,-1612284000.0,0.0,-0.069,0.233,-0.994,-0.964,703613000.0,18832000.0,11.56,1.415,1.423,0.0,1685522000.0,941629000.0,941629000.0,0.0,-0.025,-0.23,-0.03,-1.713,1346000.0,1094002000.0,1.0,115297366.0,115908000,115908000.0,8.124,51628894000.0,0.0,-290786000.0,0.0,445.43,
49,ZION,MRT,2009-03-31,2009-03-31,2009-03-31,2021-08-05,-340727000.0,54545012000.0,54560713500.0,,,0.019,48.665,-116056000.0,3287804000.0,3287804000.0,0.0,-1203091000.0,,8.818,4649522000.0,,,4649522000.0,0.0,147983000.0,43736888000.0,0.124,1.22,-1444047000.0,-1296064000.0,-1.245,-1296064000.0,-1444047000.0,-1444047000.0,-11.13,-11.12,-11.13,5553006000.0,5723564750.0,5553006000.0,1779897873.0,-1.0,-1.373,1048205000.0,9.186,1.0,1040782000.0,1.0,1159050000.0,0.0,54747680000.0,54706214000.0,0.0,47344684000.0,,,48965178000.0,,,1133768873.0,-338567000.0,802411000.0,1691802000.0,-5023959000.0,-154274000.0,507590000.0,-2010418000.0,-2696773000.0,1164261000.0,0.0,-1199059000.0,-1247316000.0,-1247316000.0,0.0,-4032000.0,-1.198,2488861000.0,-1448079000.0,0.0,-0.11,0.204,-0.909,-0.883,701742000.0,48257000.0,9.83,1.089,1.078,0.0,1713897000.0,1040782000.0,1040782000.0,0.0,-0.023,-0.218,-0.026,-1.387,1781000.0,1098737000.0,1.0,115337627.0,114106000,114106000.0,9.121,53385962000.0,0.0,-244988000.0,0.0,467.863,
50,ZION,MRT,2008-12-31,2008-12-31,2008-12-31,2021-08-05,-98958000.0,55092791000.0,54276533750.0,,,0.028,59.699,-102016000.0,3892186000.0,3892186000.0,0.0,-271333000.0,,7.469,4538315000.0,,,4538315000.0,0.0,140201000.0,43356349000.0,0.066,1.61,-309634000.0,-169433000.0,-0.112,-169433000.0,-309634000.0,-309634000.0,-2.68,-2.68,-2.68,6501696000.0,5667263500.0,6501696000.0,7608280484.0,-25.0,-44.904,1082526000.0,9.94,1.0,1514069000.0,1.0,1777312000.0,0.0,53961608000.0,54566357000.0,0.0,47012164000.0,,,48563775000.0,,,2827070484.0,-379179000.0,688940000.0,1692907000.0,-3637275000.0,-195679000.0,1519136000.0,-3082857000.0,-3669781000.0,1184542000.0,0.0,-266269000.0,-290693000.0,-290693000.0,0.0,-5064000.0,-0.192,1828767000.0,-314698000.0,0.0,-0.601,0.435,-9.725,-9.146,687096000.0,24424000.0,24.51,1.867,1.763,0.0,2433363000.0,1514069000.0,1514069000.0,0.0,-0.005,-0.051,-0.006,-0.205,0.0,1101060000.0,1.0,115343553.0,108908000,108908000.0,13.902,53315479000.0,0.0,-43365000.0,0.0,489.546,
51,ZION,MRT,2008-09-30,2008-09-30,2008-09-30,2021-08-05,-157305000.0,53974168000.0,53740189500.0,,,0.033,51.344,-93854000.0,2284961000.0,2284961000.0,0.0,266720000.0,,8.692,4446496000.0,,,4446496000.0,0.0,132826000.0,43281685000.0,0.044,1.72,334360000.0,467186000.0,0.265,467186000.0,334360000.0,334360000.0,2.32,2.32,2.32,5566027000.0,5365039500.0,5566027000.0,10213066622.0,31.0,21.861,910474000.0,8.399,1.0,1761775000.0,1.0,2143493000.0,0.0,53992210000.0,54820739750.0,0.0,47373995000.0,,,48377853000.0,,,4163128622.0,-39281000.0,700103000.0,246719000.0,669634000.0,-183054000.0,3041176000.0,-4084785000.0,-4691034000.0,1004328000.0,0.0,262248000.0,249589000.0,249589000.0,0.0,4472000.0,0.142,1429762000.0,332013000.0,0.0,0.741,0.748,16.68,16.681,675480000.0,12659000.0,38.7,2.363,2.381,0.0,2968242000.0,1761775000.0,1761775000.0,0.0,0.005,0.047,0.006,0.19,31246000.0,1128202000.0,1.0,107574383.0,108407000,108497000.0,16.251,51830675000.0,0.0,72112000.0,0.0,478.112,
52,ZION,MRT,2008-06-30,2008-06-30,2008-06-30,2021-08-05,-158325000.0,54630883000.0,52757819000.0,,,0.036,49.473,-81332000.0,2530494000.0,2530494000.0,0.0,360935000.0,,9.355,6164961000.0,,,6164961000.0,0.0,126505000.0,42611052000.0,0.055,1.72,492971000.0,619476000.0,0.325,619476000.0,492971000.0,492971000.0,3.25,3.23,3.25,5273530000.0,5287777750.0,5273530000.0,8653739159.0,18.0,13.969,633799000.0,5.946,1.0,1903874000.0,1.0,2141992000.0,0.0,56123358000.0,54802051250.0,0.0,47746624000.0,,,49331825000.0,,,3386844159.0,110778000.0,-1807000.0,-84252000.0,4431018000.0,-183648000.0,5659281000.0,-6263634000.0,-6180495000.0,715131000.0,0.0,360220000.0,348200000.0,348200000.0,0.0,715000.0,0.183,1409517000.0,494357000.0,0.0,0.529,0.642,9.727,9.689,656013000.0,12020000.0,31.49,1.779,1.763,0.0,2981062000.0,1903874000.0,1903874000.0,0.0,0.007,0.066,0.009,0.259,28051000.0,1120291000.0,1.0,107553006.0,106595000,106712000.0,17.861,52488891000.0,0.0,132751000.0,0.0,492.414,
53,ZION,MRT,2008-03-31,2008-03-31,2008-03-31,2021-08-05,-76429000.0,53408293000.0,51272959500.0,,,0.04,50.02,-88823000.0,3026291000.0,3026291000.0,0.0,453680000.0,,9.019,5956439000.0,,,5956439000.0,0.0,122982000.0,41473112000.0,0.038,1.72,644015000.0,766997000.0,0.373,766997000.0,644015000.0,644015000.0,4.04,4.01,4.04,5327801000.0,5275570750.0,5327801000.0,11233955055.0,17.0,14.647,823110000.0,7.728,1.0,2053876000.0,1.0,2150189000.0,0.0,54188252000.0,53826687750.0,0.0,46210816000.0,,,48050079000.0,,,4880210055.0,86020000.0,-3475000.0,-192907000.0,3534991000.0,-184583000.0,4424570000.0,-5250483000.0,-5158185000.0,911933000.0,0.0,447236000.0,434063000.0,434063000.0,0.0,6444000.0,0.211,1402712000.0,651164000.0,0.0,0.426,0.916,11.243,11.275,657183000.0,13173000.0,45.55,2.376,2.362,0.0,2957511000.0,2053876000.0,2053876000.0,0.0,0.008,0.082,0.012,0.314,24149000.0,1115462000.0,1.0,107139628.0,106514000,106687000.0,19.283,51258104000.0,0.0,196779000.0,0.0,481.233,
54,ZION,MRT,2007-12-31,2007-12-31,2007-12-31,2021-08-05,-58835000.0,52947414000.0,50060602750.0,,,0.043,49.297,-91086000.0,2683826000.0,2683826000.0,0.0,501761000.0,,8.998,6874557000.0,,,6874557000.0,0.0,124973000.0,40104743000.0,0.036,1.68,729482000.0,854455000.0,0.399,854455000.0,729482000.0,729482000.0,4.45,4.4,4.45,5292800000.0,5258913000.0,5292800000.0,11061301855.0,15.0,12.945,641814000.0,5.978,1.0,2142086000.0,1.0,2159006000.0,0.0,54979139000.0,53191219500.0,0.0,46195252000.0,,,47623675000.0,,,4994872855.0,-83655000.0,45432000.0,-262552000.0,3755178000.0,-181327000.0,4239738000.0,-5056293000.0,-5010639000.0,732900000.0,0.0,493745000.0,479422000.0,479422000.0,0.0,8016000.0,0.224,1404588000.0,737498000.0,0.0,0.378,0.944,10.419,10.492,655712000.0,14323000.0,46.69,2.332,2.34,0.0,2910692000.0,2142086000.0,2142086000.0,0.0,0.01,0.091,0.014,0.341,16459000.0,1111035000.0,1.0,106979500.0,107365000,108408000.0,19.951,50788408000.0,0.0,235737000.0,0.0,473.044,
55,ZION,MRT,2007-09-30,2007-09-30,2007-09-30,2021-08-05,-86914000.0,50044686000.0,48566305750.0,,,0.048,49.216,-107535000.0,2018200000.0,2018200000.0,0.0,594712000.0,,8.513,8084629000.0,,,8084629000.0,0.0,126784000.0,36104813000.0,0.024,1.64,921565000.0,1048349000.0,0.451,1048349000.0,921565000.0,921565000.0,5.4,5.33,5.4,5256980000.0,5182468750.0,5256980000.0,13112026960.0,14.0,12.507,795776000.0,7.45,1.0,2325662000.0,1.0,2193659000.0,0.0,53917456000.0,51914967750.0,0.0,44193304000.0,,,44750295000.0,,,7387386960.0,-135672000.0,22815000.0,-279605000.0,1582611000.0,-177491000.0,2286184000.0,-3325167000.0,-3240447000.0,903311000.0,0.0,594712000.0,579897000.0,579897000.0,0.0,0.0,0.249,1394548000.0,931114000.0,0.0,0.304,1.405,12.739,12.717,658294000.0,14815000.0,68.67,3.176,3.154,0.0,2914439000.0,2325662000.0,2325662000.0,0.0,0.012,0.112,0.018,0.396,12576000.0,1103951000.0,1.0,107578083.0,106814000,107880000.0,21.773,47851027000.0,0.0,326853000.0,0.0,447.985,
56,ZION,MRT,2007-06-30,2007-06-30,2007-06-30,2021-08-05,-112840000.0,48691445000.0,47499571000.0,,,0.049,48.465,-114105000.0,1801786000.0,1801786000.0,0.0,612654000.0,,8.313,7526426000.0,,,7526426000.0,0.0,125152000.0,35306050000.0,0.02,1.57,951444000.0,1076596000.0,0.461,1076596000.0,951444000.0,951444000.0,5.61,5.53,5.61,5224702000.0,5029015250.0,5224702000.0,13606047231.0,14.0,12.638,771790000.0,7.159,1.0,2336033000.0,1.0,2194181000.0,0.0,52221904000.0,50834373000.0,0.0,43152813000.0,,,43434649000.0,,,8313968231.0,-132883000.0,35785000.0,-180505000.0,-20003000.0,-169773000.0,1698568000.0,-2717346000.0,-2639026000.0,885895000.0,0.0,612654000.0,601609000.0,601609000.0,0.0,0.0,0.258,1372545000.0,963488000.0,0.0,0.28,1.591,13.82,13.709,648731000.0,11045000.0,76.91,3.559,3.549,0.0,2828613000.0,2336033000.0,2336033000.0,0.0,0.013,0.12,0.019,0.407,11047000.0,1083685000.0,1.0,108099964.0,107803000,109124000.0,21.669,46497264000.0,0.0,338790000.0,0.0,431.317,
57,ZION,MRT,2007-03-31,2007-03-31,2007-03-31,2021-08-05,-69257000.0,48558866000.0,46612231250.0,,,0.049,48.529,-118173000.0,2119535000.0,2119535000.0,0.0,598750000.0,,8.222,7411614000.0,,,7411614000.0,0.0,125453000.0,35184802000.0,0.018,1.5,930296000.0,1055749000.0,0.459,1055749000.0,930296000.0,930296000.0,5.54,5.45,5.54,5261170000.0,4834672250.0,5261170000.0,12952549389.0,14.0,12.269,834224000.0,7.695,1.0,2299924000.0,1.0,2204566000.0,0.0,51646379000.0,49605976000.0,0.0,42610299000.0,,,43259005000.0,,,9296978389.0,-10338000.0,35762000.0,-56601000.0,812332000.0,-161601000.0,3192604000.0,-4155339000.0,-4072928000.0,952397000.0,0.0,598750000.0,591312000.0,591312000.0,0.0,0.0,0.257,1357961000.0,941963000.0,0.0,0.271,1.767,15.723,15.256,645391000.0,7438000.0,84.52,4.042,3.984,0.0,2719502000.0,2299924000.0,2299924000.0,0.0,0.013,0.122,0.019,0.404,5525000.0,1064021000.0,1.0,109997378.0,108414000,110107000.0,21.214,46354300000.0,0.0,331546000.0,0.0,427.567,
58,ZION,MRT,2006-12-31,2006-12-31,2006-12-31,2021-08-05,-75849000.0,46970226000.0,45302022000.0,,,0.05,47.022,-118800000.0,2037671000.0,2037671000.0,0.0,583125000.0,,8.41,7004228000.0,,,7004228000.0,0.0,125048000.0,34314262000.0,0.018,1.47,901075000.0,1026123000.0,0.457,1026123000.0,901075000.0,901075000.0,5.46,5.36,5.46,4987023000.0,4605333750.0,4987023000.0,13567660268.0,15.0,13.222,920482000.0,8.679,1.0,2243361000.0,1.0,2062651000.0,0.0,49874132000.0,48142207250.0,0.0,41362671000.0,,,41940412000.0,,,8814972268.0,232220000.0,-13145000.0,53028000.0,950032000.0,-156986000.0,3424241000.0,-4231303000.0,-4099358000.0,1039282000.0,0.0,583125000.0,579290000.0,579290000.0,0.0,0.0,0.258,1330437000.0,912924000.0,0.0,0.269,1.768,15.217,15.099,609472000.0,3835000.0,82.44,3.929,3.897,0.0,2602189000.0,2243361000.0,2243361000.0,0.0,0.013,0.126,0.019,0.402,9669000.0,1039686000.0,1.0,106925913.0,106057000,108028000.0,21.152,44907575000.0,0.0,317950000.0,0.0,423.429,
59,ZION,MRT,2006-09-30,2006-09-30,2006-09-30,2021-08-05,-89292000.0,45777747000.0,44254375250.0,,,0.049,43.686,-97951000.0,1728828000.0,1728828000.0,0.0,564724000.0,,8.85,7598621000.0,,,7598621000.0,0.0,123440000.0,32837145000.0,0.018,1.44,871732000.0,995172000.0,0.462,995172000.0,871732000.0,871732000.0,5.47,5.37,5.47,4643166000.0,4417894000.0,4643166000.0,11795465928.0,14.0,11.853,943127000.0,8.874,1.0,2153446000.0,1.0,2052463000.0,0.0,49595077000.0,46626387000.0,0.0,40445971000.0,,,41093423000.0,,,8513908928.0,507708000.0,-175133000.0,86959000.0,1697579000.0,-147538000.0,3515192000.0,-4048562000.0,-3775478000.0,1041078000.0,0.0,564724000.0,564724000.0,564724000.0,0.0,0.0,0.262,1271902000.0,881544000.0,0.0,0.263,1.834,15.076,14.59,587807000.0,0.0,79.81,3.954,3.939,0.0,2501625000.0,2153446000.0,2153446000.0,0.0,0.013,0.128,0.019,0.405,937000.0,994008000.0,1.0,106677220.0,106285000,108061000.0,20.261,43725284000.0,0.0,307008000.0,0.0,411.397,
60,ZION,MRT,2006-06-30,2006-06-30,2006-06-30,2021-08-05,-148327000.0,45142086000.0,41165613750.0,,,0.049,41.956,-81729000.0,2124300000.0,2124300000.0,0.0,534020000.0,,9.144,6349478000.0,,,6349478000.0,0.0,118525000.0,33527437000.0,0.018,1.44,825438000.0,943963000.0,0.468,943963000.0,825438000.0,825438000.0,5.39,5.29,5.39,4447330000.0,4006895750.0,4447330000.0,11845953318.0,14.0,12.549,756215000.0,7.134,1.0,2015009000.0,1.0,2058948000.0,0.0,47308316000.0,43119021250.0,0.0,39349478000.0,,,40666137000.0,,,8270307318.0,541302000.0,-175333000.0,82029000.0,1064090000.0,-141666000.0,3494341000.0,-3790983000.0,-3533921000.0,837944000.0,0.0,534020000.0,534020000.0,534020000.0,0.0,0.0,0.265,1189592000.0,825417000.0,0.0,0.267,1.86,15.487,14.46,574154000.0,0.0,77.94,4.104,4.1,0.0,2386369000.0,2015009000.0,2015009000.0,0.0,0.013,0.133,0.019,0.41,-2521000.0,930598000.0,1.0,106111205.0,106001000,107883000.0,19.009,43083138000.0,0.0,291418000.0,0.0,406.441,
61,ZION,MRT,2006-03-31,2006-03-31,2006-03-31,2021-08-05,-123099000.0,43318029000.0,38098915750.0,,,0.049,41.185,-70661000.0,1815205000.0,1815205000.0,0.0,507520000.0,,8.966,6361089000.0,,,6361089000.0,0.0,110132000.0,31906734000.0,0.017,1.44,786447000.0,896579000.0,0.476,896579000.0,786447000.0,786447000.0,5.34,5.24,5.34,4343816000.0,3629540250.0,4343816000.0,11877092527.0,15.0,13.247,635095000.0,6.021,1.0,1883636000.0,1.0,2072609000.0,0.0,45791304000.0,40177931750.0,0.0,37993511000.0,,,38945318000.0,,,8759126527.0,499375000.0,-189718000.0,55415000.0,205470000.0,-135864000.0,2768841000.0,-2975222000.0,-2714843000.0,705756000.0,0.0,507520000.0,507520000.0,507520000.0,0.0,0.0,0.269,1098610000.0,785026000.0,0.0,0.27,2.016,17.259,15.493,565327000.0,0.0,82.73,4.65,4.632,0.0,2279383000.0,1883636000.0,1883636000.0,0.0,0.013,0.14,0.02,0.418,-321000.0,866312000.0,1.0,105876061.0,105472000,107725000.0,17.859,41245420000.0,0.0,278927000.0,0.0,391.056,
62,ZION,MRT,2005-12-31,2005-12-31,2005-12-31,2021-08-05,-83043000.0,42779639000.0,35240280000.0,,,0.05,46.468,-62664000.0,2143050000.0,2143050000.0,0.0,480121000.0,,9.09,5261016000.0,,,5261016000.0,0.0,100667000.0,32661209000.0,0.019,1.44,743539000.0,844206000.0,0.481,844206000.0,743539000.0,743539000.0,5.27,5.16,5.27,4237264000.0,3249027750.0,4237264000.0,9640189656.0,13.0,11.419,691530000.0,7.584,1.0,1755280000.0,1.0,2086754000.0,0.0,43810851000.0,37336506750.0,0.0,37014546000.0,,,38514824000.0,,,6810486656.0,855592000.0,-189718000.0,8589000.0,-340508000.0,-130300000.0,2532946000.0,-2431548000.0,-2179166000.0,754194000.0,0.0,480121000.0,480121000.0,480121000.0,0.0,0.0,0.274,1013393000.0,741887000.0,0.0,0.273,1.607,14.185,14.338,564745000.0,0.0,75.56,3.88,3.925,0.0,2179885000.0,1755280000.0,1755280000.0,0.0,0.014,0.148,0.02,0.424,0.0,802492000.0,1.0,90133492.0,91187000,92994000.0,19.249,40692885000.0,0.0,263418000.0,0.0,446.258,
63,ZION,MRT,2005-09-30,2005-09-30,2005-09-30,2021-08-05,-52088000.0,33422701000.0,32412828750.0,,,0.051,33.332,-66714000.0,1582719000.0,1582719000.0,0.0,456995000.0,,10.135,4412422000.0,,,4412422000.0,0.0,91316000.0,25412804000.0,0.02,1.4,703915000.0,795231000.0,0.477,795231000.0,703915000.0,703915000.0,5.09,5.0,5.09,2999173000.0,2887206500.0,2999173000.0,9774349516.0,14.0,12.291,411931000.0,4.578,1.0,1668153000.0,1.0,686790000.0,0.0,35565614000.0,35060936750.0,0.0,29872250000.0,,,30396809000.0,,,6415355516.0,42686000.0,-16276000.0,-7815000.0,155816000.0,-126490000.0,2279971000.0,-2715930000.0,-2632940000.0,478645000.0,0.0,456995000.0,456995000.0,456995000.0,0.0,0.0,0.274,967205000.0,700948000.0,0.0,0.275,2.139,14.038,13.992,410800000.0,0.0,71.22,3.846,3.842,0.0,2084439000.0,1668153000.0,1668153000.0,0.0,0.014,0.158,0.02,0.422,1020000.0,777117000.0,1.0,90078005.0,89980000,91605000.0,18.539,32735911000.0,0.0,246920000.0,0.0,363.813,
64,ZION,MRT,2005-06-30,2005-06-30,2005-06-30,2021-08-05,-12905000.0,32875294000.0,31739913500.0,,,0.051,32.699,-70433000.0,1295858000.0,1295858000.0,0.0,436520000.0,,10.182,4654852000.0,,,4654852000.0,0.0,92041000.0,24713178000.0,0.018,1.36,673380000.0,765421000.0,0.471,765421000.0,673380000.0,673380000.0,4.86,4.79,4.86,2937908000.0,2818478500.0,2937908000.0,9827881861.0,15.0,12.84,853018000.0,9.494,1.0,1624021000.0,1.0,690330000.0,0.0,35543958000.0,34447966000.0,0.0,29681229000.0,,,29912721000.0,,,6594823861.0,107695000.0,-17074000.0,-26522000.0,-241857000.0,-122745000.0,1675008000.0,-2490764000.0,-2403257000.0,923451000.0,0.0,436520000.0,436520000.0,436520000.0,0.0,0.0,0.269,952902000.0,671119000.0,0.0,0.28,2.245,15.108,15.13,409488000.0,0.0,73.53,4.061,4.068,0.0,1994015000.0,1624021000.0,1624021000.0,0.0,0.014,0.155,0.02,0.415,455000.0,764142000.0,1.0,89688887.0,89846000,91610000.0,18.076,32184964000.0,0.0,236860000.0,0.0,358.224,
65,ZION,MRT,2005-03-31,2005-03-31,2005-03-31,2021-08-05,-50724000.0,31883486000.0,31244671250.0,,,0.051,31.396,-65397000.0,1137373000.0,1137373000.0,0.0,416552000.0,,10.29,4370431000.0,,,4370431000.0,0.0,92987000.0,24040358000.0,0.019,1.32,641713000.0,734700000.0,0.465,734700000.0,641713000.0,641713000.0,4.64,4.58,4.64,2821766000.0,2743114250.0,2821766000.0,10138588908.0,16.0,13.8,737734000.0,8.208,1.0,1579801000.0,1.0,690940000.0,0.0,34425604000.0,33996274500.0,0.0,28872945000.0,,,29035382000.0,,,6201766908.0,26747000.0,78000.0,-14071000.0,-815327000.0,-119001000.0,1559044000.0,-2335428000.0,-2270109000.0,803131000.0,0.0,416552000.0,416552000.0,416552000.0,0.0,0.0,0.264,940832000.0,638969000.0,0.0,0.284,2.198,14.888,14.875,407262000.0,0.0,69.02,3.926,3.927,0.0,1907727000.0,1579801000.0,1579801000.0,0.0,0.013,0.152,0.019,0.406,37000.0,757202000.0,1.0,89854635.0,89877000,91494000.0,17.577,31192546000.0,0.0,225161000.0,0.0,347.058,
66,ZION,MRT,2004-12-31,2004-12-31,2004-12-31,2021-08-05,-7932000.0,31469834000.0,30721225500.0,,,0.05,31.116,-60988000.0,982335000.0,982335000.0,0.0,405987000.0,,10.271,4919157000.0,,,4919157000.0,0.0,94777000.0,23308210000.0,0.019,1.26,626113000.0,720890000.0,0.466,720890000.0,626113000.0,626113000.0,4.53,4.47,4.53,2789979000.0,2693164000.0,2789979000.0,9182773597.0,15.0,12.738,601384000.0,6.707,1.0,1548226000.0,1.0,698085000.0,0.0,34708571000.0,33538093000.0,0.0,28604167000.0,,,28656496000.0,,,6099772597.0,-268353000.0,-16670000.0,-22631000.0,-177996000.0,-114600000.0,2245426000.0,-3176151000.0,-3098493000.0,662372000.0,0.0,405987000.0,405987000.0,405987000.0,0.0,0.0,0.262,923835000.0,624391000.0,0.0,0.278,2.186,15.025,15.018,409210000.0,0.0,68.03,3.94,3.94,0.0,1830064000.0,1548226000.0,1548226000.0,0.0,0.013,0.151,0.019,0.404,0.0,748616000.0,1.0,89662981.0,89663000,90882000.0,17.267,30771749000.0,0.0,220126000.0,0.0,343.193,
67,ZION,MRT,2004-09-30,2004-09-30,2004-09-30,2021-08-05,9240000.0,30731040000.0,29993326500.0,,,0.051,30.399,-59844000.0,1176366000.0,1176366000.0,0.0,396616000.0,,10.272,4259367000.0,,,4259367000.0,0.0,91344000.0,23183237000.0,0.02,1.24,615991000.0,707335000.0,0.466,707335000.0,615991000.0,615991000.0,4.41,4.37,4.41,2724261000.0,2630675000.0,2724261000.0,9019683694.0,15.0,12.752,669582000.0,7.472,1.0,1518147000.0,1.0,700310000.0,0.0,33113731000.0,32637106250.0,0.0,27661104000.0,,,27982298000.0,,,5464038694.0,-102095000.0,-16670000.0,-34632000.0,92705000.0,-112745000.0,2401422000.0,-3232943000.0,-3124806000.0,729426000.0,0.0,396616000.0,396616000.0,396616000.0,1770000.0,0.0,0.261,905466000.0,612681000.0,0.0,0.281,2.006,13.777,13.841,404226000.0,0.0,61.04,3.599,3.603,0.0,1753934000.0,1518147000.0,1518147000.0,0.0,0.013,0.151,0.019,0.406,0.0,732699000.0,1.0,89515706.0,89617000,90957000.0,16.94,30030730000.0,0.0,219375000.0,0.0,335.101,
68,ZION,MRT,2004-06-30,2004-06-30,2004-06-30,2021-08-05,-14238000.0,30894325000.0,29211613500.0,,,0.054,29.428,-57911000.0,1185714000.0,1185714000.0,0.0,356205000.0,,10.71,4741359000.0,,,4741359000.0,0.0,94973000.0,22887118000.0,0.02,1.22,583951000.0,678924000.0,0.432,678924000.0,583951000.0,583951000.0,3.96,3.92,3.96,2636451000.0,2571102500.0,2636451000.0,9019355691.0,15.0,13.285,394337000.0,4.402,1.0,1572234000.0,1.0,712778000.0,0.0,33737192000.0,31716825000.0,0.0,27664287000.0,,,28236153000.0,,,5501581691.0,-100484000.0,-15672000.0,-20861000.0,587112000.0,-110880000.0,2326755000.0,-2879487000.0,-2784394000.0,452248000.0,0.0,356205000.0,356205000.0,356205000.0,-345000.0,0.0,0.227,968975000.0,603259000.0,0.0,0.308,2.087,15.445,15.518,402203000.0,0.0,61.45,3.499,3.502,0.0,1680240000.0,1572234000.0,1572234000.0,0.0,0.012,0.139,0.018,0.371,0.0,722230000.0,1.0,89529401.0,89589000,90658000.0,17.549,30181547000.0,0.0,227746000.0,0.0,336.889,
69,ZION,MRT,2004-03-31,2004-03-31,2004-03-31,2021-08-05,42226000.0,29789703000.0,28439439250.0,,,0.054,29.223,-65176000.0,1122940000.0,1122940000.0,0.0,349788000.0,,10.352,4640714000.0,,,4640714000.0,0.0,94503000.0,21801856000.0,0.019,1.11,571859000.0,666362000.0,0.431,666362000.0,571859000.0,571859000.0,3.89,3.85,3.89,2621965000.0,2531845000.0,2621965000.0,8390206341.0,15.0,12.591,354389000.0,3.95,1.0,1547619000.0,1.0,714599000.0,0.0,32592878000.0,30677899250.0,0.0,26582268000.0,,,27143891000.0,,,5120921341.0,-29175000.0,-16748000.0,-45897000.0,1402520000.0,-101026000.0,1984504000.0,-2433244000.0,-2337253000.0,419565000.0,0.0,349788000.0,349788000.0,349788000.0,-328000.0,0.0,0.226,955402000.0,592217000.0,0.0,0.285,1.953,14.64,14.679,404247000.0,0.0,57.1,3.309,3.31,0.0,1610176000.0,1547619000.0,1547619000.0,0.0,0.012,0.138,0.019,0.37,0.0,709027000.0,1.0,89683386.0,89724000,90905000.0,17.249,29075104000.0,0.0,222071000.0,0.0,324.05,
70,ZION,MRT,2003-12-31,2003-12-31,2003-12-31,2021-08-05,19041000.0,28558238000.0,27794197000.0,,,0.055,28.207,-78600000.0,1175085000.0,1175085000.0,0.0,337823000.0,,10.236,4444370000.0,,,4444370000.0,0.0,94536000.0,21112049000.0,0.017,1.02,551574000.0,646110000.0,0.426,646110000.0,551574000.0,551574000.0,3.75,3.72,3.75,2540023000.0,2479479750.0,2540023000.0,8066828552.0,15.0,12.485,404836000.0,4.496,1.0,1515649000.0,1.0,722899000.0,0.0,31104624000.0,29615077250.0,0.0,25567209000.0,,,25998439000.0,,,5511984552.0,32055000.0,0.0,-54155000.0,1140847000.0,-91887000.0,1734228000.0,-2185609000.0,-2107009000.0,483436000.0,0.0,337823000.0,337823000.0,337823000.0,0.0,0.0,0.223,947050000.0,568599000.0,0.0,0.272,2.17,16.316,16.357,407825000.0,0.0,61.34,3.637,3.644,0.0,1538677000.0,1515649000.0,1515649000.0,0.0,0.012,0.136,0.019,0.364,0.0,698067000.0,1.0,89859546.0,90048000,90734000.0,16.832,27835339000.0,0.0,213751000.0,0.0,309.117,
71,ZION,MRT,2003-09-30,2003-09-30,2003-09-30,2021-08-05,27028000.0,27604188000.0,27296059750.0,,,0.055,27.698,-79075000.0,1178578000.0,1178578000.0,0.0,329708000.0,,10.096,3733422000.0,,,3733422000.0,0.0,97395000.0,20889914000.0,0.016,0.92,538527000.0,635922000.0,0.424,635922000.0,538527000.0,538527000.0,3.65,3.62,3.65,2485971000.0,2437934750.0,2485971000.0,7605999124.0,14.0,11.961,253878000.0,2.829,1.0,1499997000.0,1.0,726426000.0,0.0,29432606000.0,28852487750.0,0.0,24545937000.0,,,25098001000.0,,,5024252124.0,143164000.0,9690000.0,-77131000.0,-92091000.0,-83082000.0,1027519000.0,-1217308000.0,-1188851000.0,332953000.0,0.0,329708000.0,329708000.0,329708000.0,1011000.0,0.0,0.22,946121000.0,553876000.0,0.0,0.252,2.021,15.238,15.34,403090000.0,0.0,55.99,3.35,3.35,0.0,1470063000.0,1499997000.0,1499997000.0,0.0,0.012,0.135,0.019,0.359,0.0,692561000.0,1.0,89734812.0,89754000,90811000.0,16.712,26877762000.0,0.0,208819000.0,0.0,299.46,
72,ZION,MRT,2003-06-30,2003-06-30,2003-06-30,2021-08-05,60416000.0,27805628000.0,26967341250.0,,,0.051,27.547,-101520000.0,1289167000.0,1289167000.0,0.0,307070000.0,,10.205,3870914000.0,,,3870914000.0,0.0,91051000.0,20892938000.0,0.016,0.82,481150000.0,572201000.0,0.419,572201000.0,481150000.0,481150000.0,3.39,3.37,3.39,2479421000.0,2405842250.0,2479421000.0,6503434633.0,14.0,11.366,241635000.0,2.685,1.0,1364814000.0,1.0,805886000.0,0.0,29581489000.0,28368773250.0,0.0,24498838000.0,,,25303212000.0,,,4561141633.0,200538000.0,9690000.0,-103717000.0,-40624000.0,-74445000.0,1529472000.0,-1672089000.0,-1615790000.0,343155000.0,0.0,307070000.0,307070000.0,307070000.0,-22796000.0,0.0,0.225,868355000.0,496459000.0,0.0,0.242,1.84,14.854,14.926,406952000.0,0.0,50.6,3.342,3.337,0.0,1434915000.0,1364814000.0,1364814000.0,0.0,0.011,0.128,0.017,0.353,0.0,689779000.0,1.0,90141139.0,90008000,90586000.0,15.163,26999742000.0,0.0,174080000.0,0.0,299.97,
73,ZION,MRT,2003-03-31,2003-03-31,2003-03-31,2021-08-05,38558000.0,27208734000.0,26449612750.0,,,0.051,26.649,-92354000.0,1543267000.0,1543267000.0,0.0,296720000.0,,10.269,3485560000.0,,,3485560000.0,0.0,93056000.0,20807607000.0,0.019,0.81,466791000.0,559847000.0,0.414,559847000.0,466791000.0,466791000.0,3.25,3.24,3.25,2412504000.0,2370306500.0,2412504000.0,6171303957.0,13.0,11.023,328179000.0,3.625,1.0,1353150000.0,1.0,809437000.0,0.0,28341590000.0,27776860000.0,0.0,23803663000.0,,,24772945000.0,,,3869775957.0,181299000.0,-38988000.0,-99423000.0,-595680000.0,-73871000.0,1925240000.0,-2164474000.0,-2069767000.0,420533000.0,0.0,296720000.0,296720000.0,296720000.0,-25602000.0,0.0,0.219,867660000.0,485490000.0,0.0,0.249,1.604,13.042,13.163,401827000.0,0.0,42.78,2.86,2.862,0.0,1361414000.0,1353150000.0,1353150000.0,0.0,0.011,0.125,0.017,0.345,0.0,690182000.0,1.0,90457596.0,90529000,90648000.0,14.947,26399297000.0,0.0,170071000.0,0.0,291.611,
74,ZION,MRT,2002-12-31,2002-12-31,2002-12-31,2021-08-05,46214000.0,26565689000.0,25848573750.0,,,0.052,25.925,-87784000.0,1185063000.0,1185063000.0,0.0,256278000.0,,10.181,3486591000.0,,,3486591000.0,0.0,97037000.0,20147534000.0,0.02,0.8,423980000.0,521017000.0,0.389,521017000.0,423980000.0,423980000.0,2.8,2.78,2.8,2373843000.0,2337930500.0,2373843000.0,5592522420.0,13.0,10.734,158970000.0,1.736,1.0,1340077000.0,1.0,812951000.0,0.0,28054266000.0,27348398500.0,0.0,23442837000.0,,,24169169000.0,,,3577589420.0,108687000.0,-58662000.0,-96308000.0,-270955000.0,-73241000.0,1844648000.0,-1982715000.0,-1857952000.0,246754000.0,0.0,256278000.0,256278000.0,256278000.0,-28460000.0,0.0,0.191,858928000.0,481149000.0,0.0,0.286,1.507,13.96,14.054,393630000.0,0.0,39.35,2.67,2.689,0.0,1292741000.0,1340077000.0,1340077000.0,0.0,0.01,0.11,0.016,0.316,0.0,683590000.0,1.0,90917139.0,91566000,92079000.0,14.635,25752738000.0,0.0,167702000.0,0.0,281.248,
75,ZION,MRT,2002-09-30,2002-09-30,2002-09-30,2021-08-05,85361000.0,26289314000.0,25283192500.0,,,0.052,25.766,-83757000.0,1265593000.0,1265593000.0,0.0,240669000.0,,10.141,3280526000.0,,,3280526000.0,0.0,101363000.0,19993825000.0,0.018,0.8,400464000.0,501827000.0,0.381,501827000.0,400464000.0,400464000.0,2.62,2.61,2.62,2357601000.0,2314687000.0,2357601000.0,6307703028.0,16.0,12.569,593102000.0,6.482,1.0,1317559000.0,1.0,806499000.0,0.0,27497748000.0,26820082750.0,0.0,23041909000.0,,,23908685000.0,,,3992054028.0,114982000.0,-140969000.0,-80918000.0,-70470000.0,-73503000.0,1656237000.0,-2218114000.0,-2021007000.0,676859000.0,0.0,240669000.0,240669000.0,240669000.0,-34931000.0,0.0,0.183,854166000.0,463393000.0,0.0,0.305,1.693,16.587,16.615,386730000.0,0.0,43.53,3.03,3.023,0.0,1223437000.0,1317559000.0,1317559000.0,0.0,0.01,0.104,0.015,0.304,0.0,673758000.0,1.0,91708110.0,91499000,92017000.0,14.4,25482815000.0,0.0,159795000.0,0.0,278.504,
76,ZION,MRT,2002-06-30,2002-06-30,2002-06-30,2021-08-05,62983000.0,25734714000.0,24774756500.0,,,0.054,25.466,-61001000.0,1048342000.0,1048342000.0,0.0,274020000.0,,10.001,3363991000.0,,,3363991000.0,0.0,109979000.0,19560851000.0,0.015,0.8,445074000.0,555053000.0,0.416,555053000.0,445074000.0,445074000.0,2.98,2.96,2.98,2337278000.0,2284078500.0,2337278000.0,7443084652.0,17.0,13.41,747461000.0,8.144,1.0,1335439000.0,1.0,836527000.0,0.0,27213836000.0,26430910000.0,0.0,22791237000.0,,,23374654000.0,,,4781008652.0,45940000.0,-188926000.0,-83679000.0,536869000.0,-73665000.0,1832416000.0,-2594938000.0,-2372930000.0,808462000.0,0.0,274020000.0,274020000.0,274020000.0,-13542000.0,0.0,0.205,849590000.0,485849000.0,0.0,0.268,2.046,17.448,17.483,366169000.0,0.0,52.1,3.58,3.581,0.0,1202290000.0,1335439000.0,1335439000.0,0.0,0.011,0.12,0.017,0.333,0.0,664353000.0,1.0,91766001.0,91779000,92629000.0,14.551,24898187000.0,0.0,171054000.0,0.0,271.284,
77,ZION,MRT,2002-03-31,2002-03-31,2002-03-31,2021-08-05,51700000.0,24804578000.0,24213027750.0,,,0.054,24.8,-75197000.0,950601000.0,950601000.0,0.0,265540000.0,,9.856,3612677000.0,,,3612677000.0,0.0,114461000.0,18437809000.0,0.013,0.8,430601000.0,545062000.0,0.417,545062000.0,430601000.0,430601000.0,2.89,2.86,2.89,2283000000.0,2249189500.0,2283000000.0,7968834959.0,19.0,14.62,628194000.0,6.824,1.0,1307352000.0,1.0,838910000.0,0.0,26627744000.0,25873258750.0,0.0,22032722000.0,,,22500809000.0,,,5452084959.0,-154514000.0,31462000.0,-53103000.0,188942000.0,-73842000.0,537802000.0,-1395707000.0,-1377297000.0,703391000.0,0.0,265540000.0,265540000.0,265540000.0,-10753000.0,0.0,0.203,839973000.0,467379000.0,0.0,0.277,2.388,20.532,20.509,370472000.0,0.0,59.27,4.17,4.173,0.0,1138565000.0,1307352000.0,1307352000.0,0.0,0.011,0.118,0.017,0.329,0.0,648351000.0,1.0,91987261.0,92055000,92814000.0,14.202,23965668000.0,0.0,165061000.0,0.0,260.341,
78,ZION,MRT,2001-12-31,2001-12-31,2001-12-31,2021-08-05,59951000.0,24304164000.0,23898928000.0,,,0.054,25.009,-78868000.0,1039042000.0,1039042000.0,0.0,283020000.0,,9.649,3555792000.0,,,3555792000.0,0.0,119614000.0,18022956000.0,0.015,0.8,444887000.0,564501000.0,0.438,564501000.0,444887000.0,444887000.0,3.1,3.07,3.1,2280869000.0,2207453000.0,2280869000.0,7369139993.0,17.0,13.054,769570000.0,8.438,1.0,1288761000.0,1.0,879911000.0,0.0,25941003000.0,25418924750.0,0.0,21354359000.0,,,22006973000.0,,,4823953993.0,-68643000.0,143465000.0,-30664000.0,-1107668000.0,-73899000.0,-465013000.0,-452068000.0,-540096000.0,848438000.0,0.0,283020000.0,283020000.0,283020000.0,-8420000.0,0.0,0.22,836093000.0,452668000.0,0.0,0.258,2.115,17.045,16.961,368076000.0,0.0,52.58,3.743,3.721,0.0,1109704000.0,1288761000.0,1288761000.0,0.0,0.012,0.128,0.018,0.345,0.0,637996000.0,1.0,91745036.0,91202000,92174000.0,14.131,23424253000.0,0.0,161867000.0,0.0,256.839,
79,ZION,MRT,2001-09-30,2001-09-30,2001-09-30,2021-08-05,74618000.0,24255570000.0,23307747750.0,,,0.053,24.215,-93803000.0,1037746000.0,1037746000.0,0.0,277108000.0,,9.846,3582932000.0,,,3582932000.0,0.0,130146000.0,17684229000.0,0.015,0.8,434756000.0,564902000.0,0.454,564902000.0,434756000.0,434756000.0,3.08,3.05,3.08,2235167000.0,2081946750.0,2235167000.0,7278382107.0,17.0,12.884,551504000.0,5.975,1.0,1243988000.0,1.0,859699000.0,0.0,25941057000.0,24845310000.0,0.0,20718906000.0,,,22006789000.0,,,4956929107.0,-31880000.0,214022000.0,-13951000.0,-828949000.0,-72847000.0,-425168000.0,-252019000.0,-387638000.0,645307000.0,0.0,277108000.0,277108000.0,277108000.0,-4533000.0,0.0,0.223,803898000.0,440090000.0,0.0,0.26,2.218,17.888,17.422,354637000.0,0.0,53.66,3.985,3.982,0.0,1056271000.0,1243988000.0,1243988000.0,0.0,0.012,0.133,0.017,0.349,0.0,633316000.0,1.0,92376614.0,92306000,93509000.0,13.477,23395871000.0,0.0,157648000.0,0.0,253.46,
80,ZION,MRT,2001-06-30,2001-06-30,2001-06-30,2021-08-05,74796000.0,23487799000.0,22724935000.0,,,0.052,23.846,-86342000.0,1006886000.0,1006886000.0,0.0,268955000.0,,9.68,3328339000.0,,,3328339000.0,0.0,123391000.0,17435359000.0,0.014,0.8,419218000.0,542609000.0,0.457,542609000.0,419218000.0,419218000.0,3.03,3.01,3.03,2197722000.0,1952078750.0,2197722000.0,7461339905.0,18.0,13.751,204083000.0,2.214,1.0,1187555000.0,1.0,826021000.0,0.0,24983231000.0,24205708500.0,0.0,19906665000.0,,,21274003000.0,,,5435716905.0,96774000.0,275925000.0,14098000.0,-1454874000.0,-71775000.0,-855884000.0,662233000.0,459401000.0,290425000.0,0.0,268955000.0,268955000.0,268955000.0,0.0,0.0,0.226,763242000.0,424313000.0,0.0,0.264,2.473,20.211,19.472,350715000.0,0.0,59.0,4.577,4.579,0.0,1001935000.0,1187555000.0,1187555000.0,0.0,0.012,0.138,0.017,0.353,0.0,593302000.0,1.0,92130795.0,92165000,93210000.0,12.885,22661778000.0,0.0,150263000.0,0.0,245.883,
81,ZION,MRT,2001-03-31,2001-03-31,2001-03-31,2021-08-05,57985000.0,23548179000.0,22217594000.0,,,0.051,23.979,-77091000.0,1391221000.0,1391221000.0,0.0,254943000.0,,10.103,3416844000.0,,,3416844000.0,0.0,116415000.0,17283228000.0,0.015,0.8,397697000.0,514112000.0,0.455,514112000.0,397697000.0,397697000.0,2.93,2.92,2.93,2116054000.0,1811144250.0,2116054000.0,6628325342.0,17.0,12.893,408999000.0,4.635,1.0,1129681000.0,1.0,763394000.0,0.0,24810408000.0,23667420000.0,0.0,19723951000.0,,,21378514000.0,,,4531736342.0,131362000.0,104215000.0,5819000.0,-630060000.0,-70389000.0,80243000.0,-434971000.0,-474079000.0,486090000.0,0.0,254943000.0,254943000.0,254943000.0,0.0,0.0,0.226,724463000.0,405218000.0,0.0,0.273,2.142,17.775,17.778,338048000.0,0.0,52.09,4.012,4.069,0.0,946867000.0,1129681000.0,1129681000.0,0.0,0.011,0.141,0.017,0.352,0.0,559450000.0,1.0,86998202.0,88247000,89495000.0,12.801,22784785000.0,0.0,142754000.0,0.0,258.193,
82,ZION,MRT,2000-12-31,2000-12-31,2000-12-31,2021-08-05,-3644000.0,21939443000.0,21579688500.0,,,0.045,20.608,-70209000.0,1100971000.0,1100971000.0,0.0,161709000.0,,11.311,3449512000.0,,,3449512000.0,0.0,114972000.0,16360943000.0,0.014,0.89,241370000.0,356342000.0,0.37,356342000.0,241370000.0,241370000.0,1.87,1.86,1.87,1778844000.0,1678547500.0,1778844000.0,7528756733.0,31.0,21.128,278978000.0,3.232,1.0,964189000.0,1.0,641440000.0,0.0,23646544000.0,23162653500.0,0.0,18827211000.0,,,20120742000.0,,,5432167733.0,148952000.0,11886000.0,2818000.0,468004000.0,-76762000.0,1178866000.0,-1379101000.0,-1334705000.0,349187000.0,0.0,161709000.0,161709000.0,161709000.0,0.0,0.0,0.168,721285000.0,242904000.0,0.0,0.476,3.054,33.592,33.39,314938000.0,0.0,62.44,5.634,5.59,0.0,874884000.0,964189000.0,964189000.0,0.0,0.007,0.096,0.01,0.25,0.0,519679000.0,1.0,86998202.0,86320000,87120000.0,11.17,21298003000.0,0.0,79661000.0,0.0,246.733,
83,ZION,MRT,2000-09-30,2000-09-30,2000-09-30,2021-08-05,-12185000.0,21924319000.0,21165052750.0,,,0.045,19.741,-53841000.0,1084973000.0,1084973000.0,0.0,138284000.0,,11.756,3181562000.0,,,3181562000.0,0.0,89344000.0,16548580000.0,0.013,0.69,209972000.0,299316000.0,0.317,299316000.0,209972000.0,209972000.0,1.6,1.63,1.6,1715695000.0,1648796000.0,1715695000.0,6462502445.0,31.0,21.591,41749000.0,0.48,1.0,945101000.0,1.0,638257000.0,0.0,23382651000.0,22712901250.0,0.0,18760728000.0,,,20169048000.0,,,4443296445.0,145997000.0,22201000.0,6430000.0,604060000.0,-59332000.0,1344217000.0,-1293810000.0,-1255276000.0,95590000.0,0.0,138284000.0,138284000.0,138284000.0,0.0,0.0,0.146,731588000.0,213513000.0,0.0,0.431,2.59,32.132,31.962,307905000.0,0.0,51.14,4.701,4.703,0.0,826311000.0,945101000.0,945101000.0,0.0,0.007,0.084,0.009,0.222,0.0,483324000.0,1.0,86884952.0,86909000,87610000.0,10.875,21286062000.0,0.0,71688000.0,0.0,244.924,
84,ZION,MRT,2000-06-30,2000-06-30,2000-06-30,2021-08-05,-20322000.0,21458435000.0,20701640000.0,,,0.044,19.065,-68322000.0,1111630000.0,1111630000.0,0.0,127418000.0,,12.108,3130836000.0,,,3130836000.0,0.0,91742000.0,16333311000.0,0.017,0.78,192733000.0,284475000.0,0.31,284475000.0,192733000.0,192733000.0,1.5,1.52,1.5,1633984000.0,1605283500.0,1633984000.0,6384509935.0,33.0,22.443,233706000.0,2.727,1.0,916733000.0,1.0,647564000.0,0.0,22830077000.0,22245716500.0,0.0,18404530000.0,,,19784025000.0,,,3932794935.0,-58743000.0,8255000.0,1631000.0,1806285000.0,-64896000.0,2021726000.0,-2382497000.0,-2315609000.0,302028000.0,0.0,127418000.0,127418000.0,127418000.0,0.0,0.0,0.139,720700000.0,196033000.0,0.0,0.52,2.407,30.865,30.593,294628000.0,0.0,45.89,4.29,4.29,0.0,764884000.0,916733000.0,916733000.0,0.0,0.006,0.079,0.009,0.21,0.0,477951000.0,1.0,85700478.0,85707000,86323000.0,10.696,20810871000.0,0.0,65315000.0,0.0,242.814,
85,ZION,MRT,2000-03-31,2000-03-31,2000-03-31,2021-08-05,-25500000.0,20996557000.0,20103353500.0,,,0.045,18.515,-78236000.0,1133719000.0,1133719000.0,0.0,118668000.0,,12.216,3585434000.0,,,3585434000.0,0.0,90992000.0,15386350000.0,0.021,0.87,179482000.0,270474000.0,0.3,270474000.0,179482000.0,179482000.0,1.4,1.41,1.4,1585667000.0,1577100000.0,1585667000.0,5797173511.0,32.0,21.433,-55913000.0,-0.653,1.0,901917000.0,1.0,656930000.0,0.0,22791342000.0,21515136000.0,0.0,17840482000.0,,,19370811000.0,,,3564319511.0,78645000.0,8255000.0,1576000.0,1981183000.0,-70685000.0,2149910000.0,-2093588000.0,-2019460000.0,22323000.0,0.0,118668000.0,118668000.0,118668000.0,0.0,0.0,0.132,719274000.0,182643000.0,0.0,0.621,2.248,30.036,29.736,290752000.0,0.0,41.63,3.952,3.953,0.0,722442000.0,901917000.0,901917000.0,0.0,0.006,0.075,0.008,0.199,0.0,475547000.0,1.0,85619013.0,85642000,86459000.0,10.531,20339627000.0,0.0,60814000.0,0.0,237.496,
86,ZION,MRT,1999-12-31,1999-12-31,1999-12-31,2021-08-05,-4158000.0,20280900000.0,19485818500.0,,,0.051,19.617,-76328000.0,1001569000.0,1001569000.0,0.0,194064000.0,,11.195,3234423000.0,,,3234423000.0,0.0,90522000.0,15099984000.0,0.012,0.72,303562000.0,394084000.0,0.398,394084000.0,303562000.0,303562000.0,2.29,2.29,2.29,1659838000.0,1554528500.0,1659838000.0,7169354433.0,24.0,18.192,-54691000.0,-0.646,1.0,990078000.0,1.0,666219000.0,0.0,21847535000.0,20553861750.0,0.0,17445650000.0,,,18581813000.0,,,5060900433.0,-24354000.0,8847000.0,3103000.0,2248133000.0,-56914000.0,1828627000.0,-1874618000.0,-1815029000.0,21637000.0,0.0,194064000.0,194064000.0,194064000.0,0.0,0.0,0.196,681567000.0,308511000.0,0.0,0.314,3.049,26.079,25.847,287448000.0,0.0,59.19,5.112,5.058,0.0,775765000.0,990078000.0,990078000.0,0.0,0.01,0.125,0.015,0.307,0.0,476238000.0,1.0,85502626.0,84613000,85695000.0,11.701,19614681000.0,0.0,109498000.0,0.0,231.816,
87,ZION,MRT,1999-09-30,1999-09-30,1999-09-30,2021-08-05,-12276000.0,20070668000.0,18927999250.0,,,0.053,18.263,-100091000.0,1019946000.0,1019946000.0,0.0,192983000.0,,11.994,3097283000.0,,,3097283000.0,0.0,100103000.0,14807058000.0,0.018,1.0,294199000.0,394302000.0,0.392,394302000.0,294199000.0,294199000.0,2.18,2.16,2.18,1541645000.0,1502726750.0,1541645000.0,5898499819.0,20.0,14.959,46922000.0,0.556,1.0,1006139000.0,1.0,634093000.0,0.0,21513912000.0,19618312250.0,0.0,17157357000.0,,,18490929000.0,,,4355307819.0,120230000.0,-341507000.0,163000.0,1605962000.0,-67959000.0,1671284000.0,-1698067000.0,-1287819000.0,147013000.0,0.0,192983000.0,192983000.0,192983000.0,0.0,0.0,0.192,710214000.0,295925000.0,0.0,0.459,2.825,22.568,25.289,281558000.0,0.0,55.13,4.329,4.625,0.0,733193000.0,1006139000.0,1006139000.0,0.0,0.01,0.128,0.015,0.292,0.0,490824000.0,1.0,79000686.0,84413000,85409000.0,11.919,19436575000.0,0.0,101216000.0,0.0,230.256,
88,ZION,MRT,1999-06-30,1999-06-30,1999-06-30,2021-08-05,-4664000.0,19065289000.0,17100868500.0,,,0.055,18.025,-87932000.0,1122114000.0,1122114000.0,0.0,176516000.0,,11.508,2607532000.0,,,2607532000.0,0.0,92104000.0,14566181000.0,0.013,0.85,269377000.0,361481000.0,0.386,361481000.0,269377000.0,269377000.0,2.02,2.0,2.02,1521250000.0,1455810250.0,1521250000.0,6155012310.0,23.0,17.027,-133180000.0,-1.578,1.0,935950000.0,1.0,642952000.0,0.0,19907755000.0,17592437250.0,0.0,16173023000.0,,,17506877000.0,,,5017079310.0,186075000.0,-334942000.0,-8061000.0,789764000.0,-55875000.0,1145384000.0,-914061000.0,-522194000.0,-45248000.0,0.0,176516000.0,176516000.0,176516000.0,0.0,0.0,0.189,665649000.0,270301000.0,0.0,0.421,3.298,28.423,31.436,268608000.0,0.0,63.5,5.36,5.726,0.0,702362000.0,935950000.0,935950000.0,0.0,0.01,0.121,0.015,0.288,0.0,454526000.0,1.0,79009123.0,84396000,85599000.0,11.09,18422337000.0,0.0,92861000.0,0.0,218.284,
89,ZION,MRT,1999-03-31,1999-03-31,1999-03-31,2021-08-05,-1475000.0,18526417000.0,15460182000.0,,,0.055,17.491,-71592000.0,1076410000.0,1076410000.0,0.0,156583000.0,,11.364,2147514000.0,,,2147514000.0,0.0,87194000.0,14399807000.0,0.01,0.68,236887000.0,324081000.0,0.378,324081000.0,236887000.0,236887000.0,1.83,1.82,1.83,1495381000.0,1407759250.0,1495381000.0,6001972282.0,25.0,18.52,199752000.0,2.336,1.0,856766000.0,1.0,651276000.0,0.0,18946245000.0,15937256250.0,0.0,15597274000.0,,,16993437000.0,,,5237055282.0,150677000.0,-297505000.0,4324000.0,1198987000.0,-57749000.0,1247583000.0,-1025906000.0,-680783000.0,271344000.0,0.0,156583000.0,156583000.0,156583000.0,0.0,0.0,0.183,619459000.0,237307000.0,0.0,0.372,3.502,33.446,36.339,253394000.0,0.0,66.5,6.113,6.636,0.0,674456000.0,856766000.0,856766000.0,0.0,0.01,0.111,0.015,0.276,0.0,409115000.0,1.0,78752711.0,85493000,85493000.0,10.021,17875141000.0,0.0,80304000.0,0.0,209.083,
90,ZION,MRT,1998-12-31,1998-12-31,1998-12-31,2021-08-05,-3407000.0,18049623000.0,13634826750.0,,,0.056,17.733,-70091000.0,1200084000.0,1200084000.0,0.0,143353000.0,,11.402,1919404000.0,,,1919404000.0,0.0,80367000.0,14321660000.0,0.009,0.54,212985000.0,293352000.0,0.381,293352000.0,212985000.0,212985000.0,1.77,1.75,1.77,1452631000.0,1291793750.0,1452631000.0,6094989187.0,29.0,20.777,-80193000.0,-0.979,1.0,770105000.0,1.0,663606000.0,0.0,18105337000.0,14113017000.0,0.0,15385872000.0,,,16562322000.0,,,4880202187.0,221694000.0,-246485000.0,111660000.0,-80008000.0,-41600000.0,772377000.0,-540581000.0,-234304000.0,-10102000.0,0.0,143353000.0,143353000.0,143353000.0,0.0,0.0,0.186,556700000.0,213405000.0,0.0,0.305,3.36,34.043,35.26,249896000.0,0.0,62.41,6.337,6.639,0.0,659519000.0,770105000.0,770105000.0,0.0,0.011,0.111,0.015,0.277,0.0,362132000.0,1.0,78195837.0,81918000,81918000.0,9.401,17386017000.0,0.0,69632000.0,0.0,212.237,
91,ZION,MRT,1998-09-30,1998-09-30,1998-09-30,2021-08-05,-2593000.0,12762145000.0,11608282750.0,,,0.052,17.413,-39479000.0,1004261000.0,1004261000.0,0.0,132167000.0,,8.426,2219048000.0,,,2219048000.0,0.0,67255000.0,8958176000.0,0.012,0.5,195326000.0,262581000.0,0.437,262581000.0,195326000.0,195326000.0,1.89,1.88,1.89,1353979000.0,1129273250.0,1353979000.0,4422701692.0,23.0,16.843,-41178000.0,-0.53,1.0,601480000.0,1.0,566520000.0,0.0,13410412000.0,12167337500.0,0.0,10514199000.0,,,11408166000.0,,,3062737692.0,25372000.0,156808000.0,-34249000.0,210241000.0,-51424000.0,474693000.0,-105278000.0,-231968000.0,-1699000.0,0.0,132167000.0,132167000.0,132167000.0,0.0,0.0,0.22,406154000.0,195326000.0,0.0,0.265,2.262,23.173,21.593,179686000.0,0.0,40.81,5.092,5.276,0.0,609034000.0,601480000.0,601480000.0,0.0,0.011,0.117,0.016,0.325,0.0,271598000.0,1.0,75048706.0,77758000,79007000.0,7.735,12195625000.0,0.0,63159000.0,0.0,156.841,
92,ZION,MRT,1998-06-30,1998-06-30,1998-06-30,2021-08-05,-291000.0,12502543000.0,11203193750.0,,,0.051,17.835,-38798000.0,857111000.0,857111000.0,0.0,130560000.0,,8.407,2215867000.0,,,2215867000.0,0.0,56056000.0,8579288000.0,0.009,0.48,191970000.0,248026000.0,0.435,248026000.0,191970000.0,191970000.0,1.91,1.9,1.91,1329046000.0,970458000.0,1329046000.0,4579265146.0,24.0,18.463,267100000.0,3.584,1.0,570158000.0,1.0,574268000.0,0.0,13287031000.0,12013403250.0,0.0,10561643000.0,,,11173497000.0,,,3675091146.0,230984000.0,111636000.0,-62486000.0,730370000.0,-47898000.0,1333860000.0,-1066430000.0,-1143932000.0,305898000.0,0.0,130560000.0,130560000.0,130560000.0,0.0,0.0,0.229,378188000.0,191970000.0,0.0,0.251,2.765,28.149,27.817,171361000.0,0.0,53.13,6.446,6.944,0.0,574512000.0,570158000.0,570158000.0,0.0,0.012,0.135,0.016,0.337,0.0,254473000.0,1.0,69171676.0,74521000,75889000.0,7.651,11928275000.0,0.0,61410000.0,0.0,160.066,
93,ZION,MRT,1998-03-31,1998-03-31,1998-03-31,2021-08-05,-356000.0,11224996000.0,10501627750.0,,,0.051,14.577,-37219000.0,978575000.0,978575000.0,0.0,132997000.0,,9.882,1869902000.0,,,1869902000.0,0.0,44458000.0,8132281000.0,0.009,0.47,198727000.0,243185000.0,0.453,243185000.0,198727000.0,198727000.0,1.98,1.96,1.98,1031519000.0,814321000.0,1031519000.0,4327918494.0,22.0,17.797,-154782000.0,-2.187,1.0,536301000.0,1.0,467035000.0,0.0,11649288000.0,11446750500.0,0.0,9273584000.0,,,10193477000.0,,,3634293494.0,233684000.0,74881000.0,-103941000.0,-160401000.0,-30838000.0,978586000.0,-627339000.0,-669542000.0,-117563000.0,0.0,132997000.0,132997000.0,132997000.0,0.0,0.0,0.248,337574000.0,198727000.0,0.0,0.237,3.523,27.326,26.581,158893000.0,0.0,52.63,6.777,6.944,0.0,554240000.0,536301000.0,536301000.0,0.0,0.013,0.163,0.017,0.371,0.0,236598000.0,1.0,69053648.0,70763000,72218000.0,7.579,10757961000.0,0.0,65730000.0,0.0,152.028,
94,ZION,MRT,1997-12-31,1997-12-31,1997-12-31,2021-08-05,3077000.0,9943447000.0,9822513000.0,,,0.052,11.758,-34317000.0,1147658000.0,1147658000.0,0.0,131403000.0,,11.39,1821755000.0,,,1821755000.0,0.0,34270000.0,7150116000.0,0.013,0.58,199070000.0,233340000.0,0.456,233340000.0,199070000.0,199070000.0,1.95,1.92,1.95,802549000.0,704336500.0,802549000.0,,,,-4227000.0,-0.062,1.0,511984000.0,1.0,294925000.0,0.0,10322619000.0,10999534750.0,0.0,8088142000.0,,,9140898000.0,,,3133654546.0,225055000.0,37304000.0,-117633000.0,518738000.0,-29040000.0,1658881000.0,-1463916000.0,-1469129000.0,30090000.0,0.0,131403000.0,131403000.0,131403000.0,0.0,0.0,0.257,312914000.0,199070000.0,0.0,0.297,3.905,23.848,23.272,137030000.0,0.0,45.38,6.121,6.05,0.0,529113000.0,511984000.0,511984000.0,0.0,0.013,0.187,0.018,0.389,0.0,222820000.0,1.0,69053648.0,68258000,68258000.0,7.501,9648522000.0,0.0,67667000.0,0.0,141.354,
95,ZION,MRT,1997-09-30,1997-09-30,1997-09-30,2021-08-05,-3125000.0,11141789000.0,9115754500.0,,,,10.135,,964437000.0,964437000.0,,,,14.502,2768698000.0,,,2768698000.0,0.0,,7531258000.0,0.012,0.45,,,,,,,,,,718718000.0,642351750.0,718718000.0,,,,,,1.0,,,151375000.0,,12794675000.0,10330595750.0,0.0,9648676000.0,,,10423071000.0,,,,,,,,,,,,,,,,,,,,,,0.0,,,,,147343000.0,,37.5,,,0.0,526165000.0,,,,,,,,,,1.0,,70914000,,,10990414000.0,0.0,,0.0,154.982,
96,ZION,MRT,1997-06-30,1997-06-30,1997-06-30,2021-08-05,-2670000.0,9696279000.0,,,,,10.276,,797902000.0,797902000.0,,,,12.763,2243187000.0,,,2243187000.0,0.0,,6623910000.0,0.011,0.432,,,,,,,,,,704498000.0,,704498000.0,,,,,,1.0,,,121144000.0,,11020420000.0,,0.0,8417226000.0,,,8991781000.0,,,,,,,,,,,,,,,,,,,,,,0.0,,,,,139714000.0,,37.63,,,0.0,487681000.0,,,,,,,,,,1.0,,68556000,,,9575135000.0,0.0,,0.0,139.669,
97,ZION,MRT,1997-03-31,1997-03-31,1997-03-31,2021-08-05,-6612000.0,8508537000.0,,,,,8.918,,599287000.0,599287000.0,,,,13.383,2005124000.0,,,2005124000.0,0.0,,5798480000.0,0.011,0.323,,,,,,,,,,591581000.0,,591581000.0,,,,,,1.0,,,53949000.0,,9860425000.0,,0.0,7548352000.0,,,7916956000.0,,,,,,,,,,,,,,,,,,,,,,0.0,,,,,118368000.0,,29.7,,,0.0,464876000.0,,,,,,,,,,1.0,,66334000,,,8454588000.0,0.0,,0.0,127.455,
98,ZION,MRT,1996-12-31,1996-12-31,1996-12-31,2021-08-05,-1807000.0,7116413000.0,,,,,9.096,-20019000.0,761759000.0,761759000.0,0.0,104692000.0,,11.831,1337094000.0,,,1337094000.0,0.0,22243000.0,5134041000.0,0.012,0.315,158379000.0,180622000.0,0.477,180622000.0,158379000.0,158379000.0,1.74,1.72,1.74,554610000.0,,554610000.0,,,,135317000.0,2.219,1.0,378893000.0,1.0,44885000.0,0.0,7646863000.0,,0.0,6049649000.0,,,6561803000.0,,,,-5226000.0,3540000.0,-22183000.0,333635000.0,-25033000.0,668245000.0,-828807000.0,-787008000.0,155336000.0,0.0,104692000.0,104692000.0,104692000.0,0.0,0.0,0.276,220514000.0,158379000.0,0.0,0.181,,,14.943,102701000.0,0.0,26.0,,4.184,0.0,436626000.0,378893000.0,378893000.0,0.0,,,,0.418,0.0,159516000.0,1.0,,60976000,60976000.0,6.214,7071528000.0,0.0,53687000.0,0.0,115.972,
99,ZION,MRT,1995-12-31,1995-12-31,1995-12-31,2021-08-05,,,,,,,,-17237000.0,,,0.0,82385000.0,,,,,,,,14758000.0,,0.018,0.352,124172000.0,138930000.0,0.435,138930000.0,124172000.0,124172000.0,1.39,1.37,1.39,,,,,,,193486000.0,3.224,1.0,319358000.0,1.0,,0.0,,,,,,,,,,,96313000.0,1568000.0,-17232000.0,233269000.0,-20592000.0,547766000.0,-662176000.0,-647892000.0,210723000.0,0.0,82385000.0,82385000.0,82385000.0,0.0,0.0,0.258,195186000.0,124172000.0,,0.253,,,14.433,,0.0,20.062,,3.77,,,319358000.0,319358000.0,0.0,,,,0.389,0.0,139656000.0,1.0,,60013000,60013000.0,5.321,,,41787000.0,,,
