None,ticker,dimension,calendardate,datekey,reportperiod,lastupdated,accoci,assets,assetsavg,assetsc,assetsnc,assetturnover,bvps,capex,cashneq,cashnequsd,cor,consolinc,currentratio,de,debt,debtc,debtnc,debtusd,deferredrev,depamor,deposits,divyield,dps,ebit,ebitda,ebitdamargin,ebitdausd,ebitusd,ebt,eps,epsdil,epsusd,equity,equityavg,equityusd,ev,evebit,evebitda,fcf,fcfps,fxusd,gp,grossmargin,intangibles,intexp,invcap,invcapavg,inventory,investments,investmentsc,investmentsnc,liabilities,liabilitiesc,liabilitiesnc,marketcap,ncf,ncfbus,ncfcommon,ncfdebt,ncfdiv,ncff,ncfi,ncfinv,ncfo,ncfx,netinc,netinccmn,netinccmnusd,netincdis,netincnci,netmargin,opex,opinc,payables,payoutratio,pb,pe,pe1,ppnenet,prefdivis,price,ps,ps1,receivables,retearn,revenue,revenueusd,rnd,roa,roe,roic,ros,sbcomp,sgna,sharefactor,sharesbas,shareswa,shareswadil,sps,tangibles,taxassets,taxexp,taxliabilities,tbvps,workingcapital
0,SLG,MRY,2020-12-31,2020-12-31,2020-12-31,2021-08-06,-67247000.0,11707567000.0,12580944250.0,,,0.084,67.672,-544986000.0,372795000.0,372795000.0,359515000.0,414758000.0,,1.265,5420707000.0,,,5420707000.0,118572000.0,337446000.0,53836000.0,0.078,4.791,487734000.0,825180000.0,0.784,825180000.0,487734000.0,371055000.0,4.88,4.87,4.88,4909763000.0,5087328250.0,4909763000.0,9971819444.0,20.0,12.084,9250000.0,0.127,1.0,693229000.0,0.658,0.0,116679000.0,16755479000.0,18146380500.0,0.0,4928434000.0,,,6211341000.0,,,4323694444.0,131365000.0,1166639000.0,-527477000.0,-385769000.0,-293996000.0,-1479301000.0,1056430000.0,434777000.0,554236000.0,0.0,371055000.0,356105000.0,356105000.0,0.0,43703000.0,0.338,435040000.0,258189000.0,300603000.0,0.982,0.881,12.142,12.565,5399002000.0,14950000.0,61.319,4.107,4.226,381955000.0,1015462000.0,1052744000.0,1052744000.0,0.0,0.028,0.07,0.027,0.463,0.0,91826000.0,1.0,70511996.0,72552000.0,77243000.0,14.51,11707567000.0,0.0,0.0,0.0,161.368,
1,SLG,MRY,2019-12-31,2019-12-31,2019-12-31,2021-08-06,-28485000.0,12766320000.0,13269254750.0,,,0.093,68.517,-515577000.0,241430000.0,241430000.0,425440000.0,291487000.0,,1.205,5934256000.0,,,5934256000.0,114052000.0,297755000.0,62252000.0,0.037,3.535,460955000.0,758710000.0,0.612,758710000.0,460955000.0,270434000.0,3.2,3.19,3.2,5441315000.0,5685296000.0,5441315000.0,13408668067.0,29.0,17.673,-139104000.0,-1.752,1.0,813555000.0,0.657,0.0,190521000.0,18459146000.0,19279823000.0,0.0,4523035000.0,,,6555975000.0,,,7360532067.0,-37683000.0,153401000.0,-384065000.0,262908000.0,-306386000.0,-528650000.0,114494000.0,476670000.0,376473000.0,0.0,270434000.0,255484000.0,255484000.0,0.0,21053000.0,0.206,407150000.0,406405000.0,246187000.0,1.105,1.353,28.81,29.55,6724007000.0,14950000.0,94.561,5.941,6.061,348100000.0,1084719000.0,1238995000.0,1238995000.0,0.0,0.019,0.045,0.024,0.372,0.0,100875000.0,1.0,77838908.0,79415000.0,84234000.0,15.602,12766320000.0,0.0,0.0,0.0,160.755,
2,SLG,MRY,2018-12-31,2018-12-31,2018-12-31,2021-08-06,15108000.0,12751358000.0,13325290000.0,,,0.092,70.181,-314946000.0,279113000.0,279113000.0,415698000.0,270856000.0,,1.036,5588920000.0,,,5588920000.0,94453000.0,291915000.0,64688000.0,0.042,3.383,455931000.0,747846000.0,0.609,747846000.0,455931000.0,247262000.0,2.75,2.75,2.75,5901521000.0,6198695000.0,5901521000.0,12068831012.0,26.0,16.138,126591000.0,1.505,1.0,811694000.0,0.661,0.0,208669000.0,18061165000.0,18636060250.0,0.0,5147051000.0,,,6115271000.0,,,6743209012.0,29087000.0,1063693000.0,-950493000.0,241631000.0,-313230000.0,-1094112000.0,681662000.0,-67085000.0,441537000.0,0.0,247262000.0,232312000.0,232312000.0,0.0,23594000.0,0.189,406202000.0,405492000.0,227490000.0,1.23,1.143,29.027,29.595,6414798000.0,14950000.0,81.388,5.494,5.576,405607000.0,1278998000.0,1227392000.0,1227392000.0,0.0,0.017,0.037,0.024,0.371,0.0,92631000.0,1.0,82853045.0,84090000.0,89071000.0,14.596,12751358000.0,0.0,0.0,0.0,151.639,
3,SLG,MRY,2017-12-31,2017-12-31,2017-12-31,2021-08-06,18604000.0,13982904000.0,15069938000.0,,,0.1,64.996,-364681000.0,250026000.0,250026000.0,537687000.0,101069000.0,,1.065,5897975000.0,,,5897975000.0,208119000.0,419818000.0,67927000.0,0.031,3.23,358419000.0,778237000.0,0.515,778237000.0,358419000.0,101374000.0,0.895,0.895,0.895,6225093000.0,6810487750.0,6225093000.0,16036422615.0,45.0,20.606,178320000.0,1.862,1.0,973786000.0,0.644,0.0,257045000.0,19630853000.0,21041628750.0,0.0,4505609000.0,,,6629761000.0,,,9917958615.0,-119941000.0,623292000.0,-782765000.0,475816000.0,-333543000.0,-684956000.0,22014000.0,-236597000.0,543001000.0,0.0,101374000.0,86424000.0,86424000.0,0.0,-305000.0,0.057,461974000.0,511812000.0,225519000.0,3.609,1.593,114.759,116.062,7906006000.0,14950000.0,103.875,6.562,6.582,446020000.0,1139329000.0,1511473000.0,1511473000.0,0.0,0.006,0.013,0.017,0.237,0.0,100498000.0,1.0,95479587.0,95776216.0,100471215.0,15.781,13982904000.0,0.0,0.0,0.0,145.996,
4,SLG,MRY,2016-12-31,2016-12-31,2016-12-31,2021-08-06,22137000.0,15857787000.0,17194730000.0,,,0.108,75.243,-451840000.0,369967000.0,369967000.0,594508000.0,278911000.0,,1.001,6523798000.0,,,6523798000.0,217955000.0,845605000.0,66504000.0,0.027,3.021,571095000.0,1416700000.0,0.76,1416700000.0,571095000.0,249896000.0,2.408,2.408,2.408,7324475000.0,7301122000.0,7324475000.0,16790873427.0,29.0,11.852,192170000.0,1.974,1.0,1269473000.0,0.681,0.0,321199000.0,22011618000.0,24110300250.0,0.0,3615708000.0,,,7330984000.0,,,10897201427.0,-119010000.0,2526790000.0,15109000.0,-2364164000.0,-314079000.0,-2736402000.0,1973382000.0,-101568000.0,644010000.0,0.0,249896000.0,234946000.0,234946000.0,0.0,29015000.0,0.126,690212000.0,579261000.0,280437000.0,1.255,1.488,46.382,45.967,10478638000.0,14950000.0,110.688,5.846,5.781,511807000.0,1578893000.0,1863981000.0,1863981000.0,0.0,0.014,0.032,0.024,0.306,0.0,99759000.0,1.0,98449401.0,97344455.0,101907309.0,19.148,15857787000.0,0.0,0.0,0.0,162.904,
5,SLG,MRY,2015-12-31,2015-12-31,2015-12-31,2021-08-06,-8749000.0,19727646000.0,18391476250.0,,,0.09,75.496,-3059753000.0,488977000.0,488977000.0,567160000.0,317459000.0,,1.551,10316813000.0,,,10316813000.0,399102000.0,588238000.0,68023000.0,0.022,2.594,607954000.0,1196192000.0,0.719,1196192000.0,607954000.0,284084000.0,2.789,2.779,2.789,7287465000.0,7197557250.0,7287465000.0,20912173154.0,34.0,17.482,-2533269000.0,-26.244,1.0,1095669000.0,0.659,0.0,323870000.0,29555482000.0,27143681750.0,0.0,2919016000.0,,,11301607000.0,,,11264451154.0,-26010000.0,1153712000.0,240678000.0,1902050000.0,-257378000.0,1713417000.0,-2265911000.0,-258870000.0,526484000.0,0.0,284084000.0,269132000.0,269132000.0,-14549000.0,33375000.0,0.162,667190000.0,428479000.0,277786000.0,0.93,1.546,41.855,41.691,14620896000.0,14952000.0,116.277,6.774,6.75,572917000.0,1643546000.0,1662829000.0,1662829000.0,0.0,0.015,0.037,0.022,0.366,0.0,94873000.0,1.0,96876174.0,96528271.0,100792830.0,17.226,19727646000.0,0.0,0.0,0.0,204.372,
6,SLG,MRY,2014-12-31,2014-12-31,2014-12-31,2021-08-06,-6980000.0,17096587000.0,16603680250.0,,,0.092,74.549,-1409417000.0,430585000.0,430585000.0,532433000.0,545863000.0,,1.311,8199609000.0,,,8199609000.0,187148000.0,400001000.0,66614000.0,0.018,2.161,835456000.0,1235457000.0,0.813,1235457000.0,835456000.0,518056000.0,5.403,5.383,5.403,6937374000.0,6796953000.0,6937374000.0,19384251329.0,23.0,15.69,-919036000.0,-9.876,1.0,987545000.0,0.65,0.0,317400000.0,24865611000.0,24104148750.0,0.0,2620253000.0,,,9096732000.0,,,11487396329.0,74717000.0,674770000.0,210596000.0,420866000.0,-206974000.0,381171000.0,-796835000.0,-53727000.0,490381000.0,0.0,518056000.0,503104000.0,503104000.0,-182134000.0,27807000.0,0.331,472805000.0,514740000.0,238854000.0,0.4,1.656,22.833,22.671,12163976000.0,14952000.0,122.493,7.558,7.499,444048000.0,1607689000.0,1519978000.0,1519978000.0,0.0,0.03,0.074,0.035,0.55,0.0,92488000.0,1.0,93779988.0,93058520.0,96869319.0,16.334,17096587000.0,0.0,0.0,0.0,183.719,
7,SLG,MRY,2013-12-31,2013-12-31,2013-12-31,2021-08-06,-15211000.0,14959001000.0,14619952500.0,,,0.094,72.785,-791166000.0,348743000.0,348743000.0,511616000.0,151283000.0,,1.169,6967579000.0,,,6967579000.0,263261000.0,357599000.0,61308000.0,0.016,1.533,446265000.0,803864000.0,0.586,803864000.0,446265000.0,135371000.0,1.132,1.132,1.132,6525405000.0,6364615500.0,6525405000.0,14824177879.0,33.0,18.441,-404963000.0,-4.517,1.0,859449000.0,0.627,0.0,310894000.0,21577837000.0,21049796750.0,0.0,2450106000.0,,,7627099000.0,,,8523000879.0,16708000.0,120061000.0,310790000.0,315737000.0,-148407000.0,258940000.0,-628435000.0,50342000.0,386203000.0,0.0,135371000.0,101330000.0,101330000.0,-40587000.0,15912000.0,0.074,414638000.0,444811000.0,220329000.0,1.354,1.306,84.111,83.989,10687540000.0,34041000.0,95.076,6.216,6.217,455431000.0,1619150000.0,1371065000.0,1371065000.0,0.0,0.007,0.016,0.021,0.325,0.0,86192000.0,1.0,89644384.0,89652897.0,92564923.0,15.293,14959001000.0,0.0,0.0,0.0,166.855,
8,SLG,MRY,2012-12-31,2012-12-31,2012-12-31,2021-08-06,-30649000.0,14386296000.0,14143015250.0,,,0.091,76.426,-692716000.0,326055000.0,326055000.0,501747000.0,209700000.0,,1.088,6557938000.0,,,6557938000.0,312995000.0,351539000.0,46253000.0,0.014,1.112,506086000.0,857625000.0,0.665,857625000.0,506086000.0,196405000.0,1.801,1.791,1.801,6632709000.0,6372195750.0,6632709000.0,12963823915.0,26.0,15.116,-345963000.0,-3.986,1.0,788305000.0,0.611,0.0,309681000.0,20618179000.0,20136052750.0,0.0,2402106000.0,,,7216736000.0,,,6926592915.0,51792000.0,91187000.0,299872000.0,717028000.0,-121238000.0,868442000.0,-1163403000.0,-491794000.0,346753000.0,0.0,196405000.0,155984000.0,155984000.0,0.0,13295000.0,0.121,400102000.0,388203000.0,218334000.0,0.617,1.044,44.406,43.802,10269630000.0,40421000.0,78.887,5.369,5.307,404133000.0,1701092000.0,1290052000.0,1290052000.0,0.0,0.011,0.024,0.025,0.392,0.0,82840000.0,1.0,87804347.0,86786538.0,90239772.0,14.865,14386296000.0,0.0,0.0,0.0,165.766,
9,SLG,MRY,2011-12-31,2011-12-31,2011-12-31,2021-08-06,-28445000.0,13483852000.0,12683235250.0,,,0.098,73.421,-605856000.0,224776000.0,224776000.0,464011000.0,677122000.0,,1.144,6052509000.0,,,6052509000.0,357193000.0,292311000.0,46367000.0,0.008,0.566,932658000.0,1224969000.0,0.982,1224969000.0,932658000.0,647410000.0,7.585,7.544,7.585,5975547000.0,5742287250.0,5975547000.0,11147959009.0,12.0,9.101,-298738000.0,-3.671,1.0,782848000.0,0.628,0.0,285248000.0,19311585000.0,17920164250.0,0.0,1905198000.0,,,6833513000.0,,,5741013009.0,-194638000.0,162987000.0,520893000.0,-45604000.0,-64593000.0,232099000.0,-733855000.0,-320267000.0,307118000.0,0.0,647410000.0,617232000.0,617232000.0,0.0,29712000.0,0.495,356970000.0,425878000.0,189321000.0,0.075,0.961,9.301,9.042,10010548000.0,30178000.0,68.585,4.604,4.477,318082000.0,1704506000.0,1246859000.0,1246859000.0,0.0,0.049,0.107,0.052,0.748,0.0,80103000.0,1.0,83707054.0,81387096.0,83798724.0,15.32,13483852000.0,0.0,0.0,0.0,165.676,
10,SLG,MRY,2010-12-31,2010-12-31,2010-12-31,2021-08-06,-22659000.0,11300294000.0,10702610750.0,,,0.101,64.294,-378759000.0,470503000.0,470503000.0,401714000.0,319156000.0,,1.193,5268057000.0,,,5268057000.0,307678000.0,240445000.0,38690000.0,0.006,0.412,531223000.0,771668000.0,0.712,771668000.0,531223000.0,300575000.0,3.571,3.551,3.571,4879084000.0,4722360000.0,4879084000.0,9504153768.0,18.0,12.316,-57701000.0,-0.76,1.0,682672000.0,0.63,0.0,230648000.0,16097848000.0,15090738750.0,0.0,1629394000.0,,,5818412000.0,,,5283388768.0,-10885000.0,588197000.0,14535000.0,-357106000.0,-58984000.0,-350758000.0,18815000.0,-150408000.0,321058000.0,0.0,300575000.0,270826000.0,270826000.0,0.0,18581000.0,0.25,312988000.0,369684000.0,165838000.0,0.115,1.083,19.508,19.457,7973771000.0,29749000.0,69.48,4.872,4.862,234666000.0,1172963000.0,1084386000.0,1084386000.0,0.0,0.025,0.057,0.035,0.49,0.0,75946000.0,1.0,76041903.0,75886602.0,77499536.0,14.29,11300294000.0,0.0,0.0,0.0,148.91,
11,SLG,MRY,2009-12-31,2009-12-31,2009-12-31,2021-08-06,-33538000.0,10487577000.0,10529423500.0,,,0.093,64.767,-107030000.0,438210000.0,438210000.0,377734000.0,71665000.0,,1.251,4909571000.0,,,4909571000.0,349669000.0,235200000.0,39855000.0,0.014,0.7,290199000.0,525399000.0,0.537,525399000.0,290199000.0,57544000.0,0.556,0.556,0.556,4388438000.0,4279081750.0,4388438000.0,8086776999.0,28.0,15.392,168181000.0,2.482,1.0,600627000.0,0.614,0.0,232655000.0,14958938000.0,14930884750.0,0.0,1901774000.0,,,5489830000.0,,,3879699999.0,-383174000.0,-40924000.0,387757000.0,-593173000.0,-78321000.0,-313006000.0,-345379000.0,-192107000.0,275211000.0,0.0,57544000.0,37669000.0,37669000.0,-477000.0,14121000.0,0.039,294388000.0,306239000.0,156001000.0,1.259,0.884,102.995,92.996,7518678000.0,19875000.0,51.706,3.966,3.581,198034000.0,949669000.0,978361000.0,978361000.0,0.0,0.004,0.009,0.019,0.297,0.0,73992000.0,1.0,75033815.0,67757804.0,70001336.0,14.439,10487577000.0,0.0,0.0,0.0,154.78,
12,SLG,MRY,2008-12-31,2008-12-31,2008-12-31,2021-08-06,-54747000.0,10984353000.0,11268550750.0,,,0.095,70.105,6656000.0,832843000.0,832843000.0,380407000.0,404048000.0,,1.624,5598263000.0,,,5598263000.0,427936000.0,229510000.0,34561000.0,0.106,2.83,672346000.0,901856000.0,0.847,901856000.0,672346000.0,380810000.0,6.402,6.381,6.402,3950552000.0,3913833500.0,3950552000.0,6553072387.0,10.0,7.266,302667000.0,5.371,1.0,684608000.0,0.643,0.0,291536000.0,15749773000.0,16441473000.0,0.0,1664867000.0,,,6415063000.0,,,1477423387.0,680925000.0,412460000.0,-144614000.0,365202000.0,-203134000.0,-11305000.0,396219000.0,-34273000.0,296011000.0,0.0,380810000.0,360935000.0,360935000.0,-359082000.0,23238000.0,0.339,318784000.0,365824000.0,177077000.0,0.442,0.374,4.093,4.164,7655244000.0,19875000.0,26.656,1.387,1.41,184119000.0,979939000.0,1065015000.0,1065015000.0,0.0,0.032,0.092,0.041,0.631,0.0,104583000.0,1.0,55426023.0,56351639.0,58879865.0,18.899,10984353000.0,0.0,0.0,0.0,194.925,
13,SLG,MRY,2007-12-31,2007-12-31,2007-12-31,2021-08-06,4745000.0,11430078000.0,10256099250.0,,,0.095,68.193,-3260364000.0,151439000.0,151439000.0,361339000.0,682697000.0,,1.753,5674691000.0,,,5674691000.0,819022000.0,204831000.0,35021000.0,0.031,2.974,903171000.0,1108002000.0,1.137,1108002000.0,903171000.0,646230000.0,10.971,10.848,10.971,3892200000.0,3758254500.0,3892200000.0,10664307085.0,12.0,9.625,-2853659000.0,-49.997,1.0,613491000.0,0.629,0.0,256941000.0,16953330000.0,15118051750.0,0.0,2243338000.0,,,6823863000.0,,,5535826085.0,-71214000.0,-740594000.0,-137802000.0,1682101000.0,-181315000.0,1856418000.0,-2334337000.0,-447630000.0,406705000.0,0.0,646230000.0,626355000.0,626355000.0,-531068000.0,36467000.0,0.643,267302000.0,346189000.0,249935000.0,0.271,1.422,8.838,8.767,8240986000.0,19875000.0,96.187,5.679,5.632,198692000.0,777681000.0,974830000.0,974830000.0,0.0,0.061,0.167,0.06,0.926,0.0,93045000.0,1.0,57552630.0,57076488.0,60130375.0,17.079,11430078000.0,0.0,0.0,0.0,200.259,
14,SLG,MRY,2006-12-31,2006-12-31,2006-12-31,2021-08-06,13971000.0,4632227000.0,4008379250.0,,,0.113,55.272,-421691000.0,369450000.0,369450000.0,185613000.0,237358000.0,,0.881,1831773000.0,,,1831773000.0,43721000.0,80230000.0,27913000.0,0.019,2.573,310113000.0,390343000.0,0.865,390343000.0,310113000.0,220719000.0,4.631,4.508,4.631,2394883000.0,1808615250.0,2394883000.0,7576547725.0,24.0,19.41,-196047000.0,-4.525,1.0,265409000.0,0.588,0.0,89394000.0,6094550000.0,5579473750.0,0.0,1131095000.0,,,2109451000.0,,,6083789725.0,93074000.0,-125044000.0,814726000.0,-70002000.0,-112071000.0,654342000.0,-786912000.0,-56057000.0,225644000.0,0.0,220719000.0,200844000.0,200844000.0,-141909000.0,16639000.0,0.445,120373000.0,145036000.0,196036000.0,0.556,2.54,30.291,29.509,2775723000.0,19875000.0,136.655,13.489,13.128,138302000.0,322219000.0,451022000.0,451022000.0,0.0,0.05,0.111,0.056,0.688,0.0,57850000.0,1.0,44519476.0,43328655.0,47120021.0,10.409,4632227000.0,0.0,0.0,0.0,106.909,
15,SLG,MRY,2005-12-31,2005-12-31,2005-12-31,2021-08-06,15316000.0,3309777000.0,3187478500.0,,,0.116,35.94,-424780000.0,84854000.0,84854000.0,150570000.0,157419000.0,,1.2,1558512000.0,,,1558512000.0,25691000.0,65218000.0,24556000.0,0.029,2.285,229171000.0,294389000.0,0.798,294389000.0,229171000.0,157419000.0,3.386,3.293,3.386,1459441000.0,1420624500.0,1459441000.0,4791031801.0,21.0,16.274,-286382000.0,-7.052,1.0,218114000.0,0.592,0.0,71752000.0,4783435000.0,4626034250.0,0.0,943265000.0,,,1751275000.0,,,3218571801.0,-11691000.0,24817000.0,24184000.0,391876000.0,-94740000.0,315585000.0,-465674000.0,-73150000.0,138398000.0,0.0,157419000.0,137544000.0,137544000.0,-53564000.0,0.0,0.373,93113000.0,125001000.0,134805000.0,0.675,2.205,23.4,23.219,2003627000.0,19875000.0,78.619,8.73,8.659,106723000.0,235540000.0,368684000.0,368684000.0,0.0,0.043,0.097,0.05,0.622,0.0,44215000.0,1.0,40938809.0,40608043.0,44213825.0,9.079,3309777000.0,0.0,0.0,0.0,81.505,
16,SLG,MRY,2004-12-31,2004-12-31,2004-12-31,2021-08-06,5647000.0,2751881000.0,2473950750.0,,,0.133,35.414,-199152000.0,92212000.0,92212000.0,141555000.0,209430000.0,,0.986,1168165000.0,,,1168165000.0,18648000.0,49481000.0,22056000.0,0.034,2.1,271066000.0,320547000.0,0.974,320547000.0,271066000.0,209430000.0,5.074,4.889,5.074,1347880000.0,1189419500.0,1347880000.0,3539141621.0,13.0,11.041,-34694000.0,-0.912,1.0,187450000.0,0.57,0.0,61636000.0,3827834000.0,3474696000.0,0.0,907116000.0,,,1328937000.0,,,2459917621.0,-2751000.0,65123000.0,260334000.0,-71073000.0,-85240000.0,101836000.0,-269045000.0,-132889000.0,164458000.0,0.0,209430000.0,193172000.0,193172000.0,-102647000.0,0.0,0.587,76485000.0,110965000.0,115574000.0,0.414,1.825,12.734,12.282,1579866000.0,16258000.0,62.317,7.477,7.209,81577000.0,191182000.0,329005000.0,329005000.0,0.0,0.078,0.162,0.078,0.824,0.0,30279000.0,1.0,39474345.0,38060385.0,41856609.0,8.644,2751881000.0,0.0,0.0,0.0,72.303,
17,SLG,MRY,2003-12-31,2003-12-31,2003-12-31,2021-08-06,-961000.0,2261841000.0,1877097500.0,,,0.15,30.328,15329000.0,98088000.0,98088000.0,125640000.0,98159000.0,,1.321,1144626000.0,,,1144626000.0,8526000.0,41628000.0,21968000.0,0.047,1.966,142563000.0,184191000.0,0.654,184191000.0,142563000.0,98159000.0,2.882,2.738,2.882,950782000.0,761703250.0,950782000.0,2164416826.0,15.0,11.751,111450000.0,3.555,1.0,156030000.0,0.554,0.0,44404000.0,3308379000.0,2668263750.0,0.0,809053000.0,,,1256268000.0,,,1475320826.0,-19474000.0,-364108000.0,163782000.0,309012000.0,-70868000.0,393645000.0,-509240000.0,-126688000.0,96121000.0,0.0,98159000.0,90447000.0,90447000.0,-31647000.0,0.0,0.321,54915000.0,101115000.0,77648000.0,0.682,1.552,16.311,14.659,1189663000.0,7712000.0,42.248,5.238,4.702,82906000.0,78966000.0,281670000.0,281670000.0,0.0,0.048,0.119,0.053,0.506,0.0,17131000.0,1.0,34920610.0,31350190.0,37865084.0,8.985,2261841000.0,0.0,0.0,0.0,72.148,
18,SLG,MRY,2002-12-31,2002-12-31,2002-12-31,2021-08-06,-10740000.0,1473170000.0,1447055250.0,,,0.149,21.33,-26675000.0,87102000.0,87102000.0,87762000.0,74331000.0,,1.101,568327000.0,,,568327000.0,3096000.0,32790000.0,20948000.0,0.057,1.842,109752000.0,142542000.0,0.662,142542000.0,109752000.0,74331000.0,2.202,2.151,2.202,626645000.0,623415000.0,626645000.0,1487152599.0,14.0,10.433,75273000.0,2.562,1.0,127479000.0,0.592,0.0,35421000.0,1954395000.0,1955237500.0,0.0,364263000.0,,,690086000.0,,,959974599.0,44827000.0,-71150000.0,6647000.0,57861000.0,-66592000.0,-4793000.0,-52328000.0,42610000.0,101948000.0,0.0,74331000.0,64641000.0,64641000.0,-13441000.0,0.0,0.3,46072000.0,81407000.0,73259000.0,0.837,1.532,14.851,14.769,849108000.0,9690000.0,32.522,4.46,4.439,67186000.0,50058000.0,215241000.0,215241000.0,0.0,0.045,0.104,0.056,0.51,1419000.0,13282000.0,1.0,29517609.0,29378719.0,36714654.0,7.326,1473170000.0,0.0,0.0,0.0,50.144,
19,SLG,MRY,2001-12-31,2001-12-31,2001-12-31,2021-08-06,-2911000.0,1371577000.0,1370488500.0,,,0.176,23.369,-322707000.0,51617000.0,51617000.0,96675000.0,63001000.0,,0.981,523610000.0,,,523610000.0,1381000.0,35845000.0,18829000.0,0.052,1.657,106870000.0,142715000.0,0.593,142715000.0,106870000.0,63001000.0,2.038,1.997,2.038,612908000.0,535867750.0,612908000.0,1381559831.0,13.0,9.681,-242119000.0,-9.231,1.0,144093000.0,0.598,0.0,43869000.0,1843570000.0,1916951750.0,0.0,320318000.0,,,601008000.0,,,920031831.0,2400000.0,-3815000.0,153659000.0,246328000.0,-53062000.0,341873000.0,-420061000.0,-137345000.0,80588000.0,0.0,63001000.0,53343000.0,53343000.0,-6103000.0,0.0,0.222,51219000.0,92874000.0,53475000.0,0.813,1.501,17.247,15.508,883599000.0,9658000.0,31.606,3.821,3.443,64146000.0,39684000.0,240768000.0,240768000.0,0.0,0.039,0.1,0.056,0.444,1627000.0,15374000.0,1.0,29109286.0,26227667.0,28962854.0,9.18,1371577000.0,0.0,0.0,0.0,52.295,
20,SLG,MRY,2000-12-31,2000-12-31,2000-12-31,2021-08-06,0.0,1161154000.0,1149912000.0,,,0.194,19.216,65610000.0,97616000.0,97616000.0,93754000.0,86217000.0,,1.213,476019000.0,,,476019000.0,1112000.0,31525000.0,19014000.0,0.053,1.513,126004000.0,157529000.0,0.708,157529000.0,126004000.0,86217000.0,3.232,3.015,3.232,455073000.0,435021250.0,455073000.0,1124162388.0,9.0,7.136,119416000.0,5.042,1.0,128777000.0,0.579,0.0,39787000.0,1539557000.0,1579440250.0,0.0,122697000.0,,,551981000.0,,,685464388.0,-10768000.0,-26385000.0,4361000.0,25309000.0,-47942000.0,-25875000.0,-38699000.0,-27769000.0,53806000.0,0.0,86217000.0,76591000.0,76591000.0,-2590000.0,0.0,0.344,43086000.0,85691000.0,50654000.0,0.468,1.506,8.95,8.916,828273000.0,9626000.0,28.817,3.08,3.067,54313000.0,31166000.0,222531000.0,222531000.0,0.0,0.067,0.176,0.08,0.566,1632000.0,11561000.0,1.0,23786765.0,23681952.0,30915864.0,9.397,1161154000.0,0.0,0.0,0.0,49.031,
21,SLG,MRY,1999-12-31,1999-12-31,1999-12-31,2021-08-06,0.0,1071242000.0,1013347750.0,,,0.203,17.277,-223240000.0,55729000.0,55729000.0,91366000.0,42856000.0,,1.264,450710000.0,,,450710000.0,306000.0,27260000.0,18905000.0,0.065,1.451,71736000.0,98996000.0,0.481,98996000.0,71736000.0,43126000.0,1.41,1.41,1.41,406104000.0,405456750.0,406104000.0,903225018.0,13.0,9.124,-175227000.0,-7.455,1.0,114651000.0,0.557,0.0,28610000.0,1466223000.0,1367360750.0,0.0,48419000.0,,,513296000.0,,,526429018.0,15325000.0,-11839000.0,0.0,249607000.0,-46389000.0,195990000.0,-228678000.0,6401000.0,48013000.0,0.0,43126000.0,33528000.0,33528000.0,0.0,-270000.0,0.163,38182000.0,76469000.0,40725000.0,1.029,1.296,15.701,15.876,877718000.0,9598000.0,22.385,2.555,2.554,6210000.0,-9422000.0,206017000.0,206017000.0,0.0,0.033,0.083,0.052,0.348,0.0,10922000.0,1.0,23517387.0,23506084.0,25923542.0,8.764,1071242000.0,0.0,0.0,0.0,45.573,
22,SLG,MRY,1998-12-31,1998-12-31,1998-12-31,2021-08-06,0.0,777796000.0,690121250.0,,,0.195,21.176,-357243000.0,24871000.0,24871000.0,66431000.0,29452000.0,,0.547,176903000.0,,,176903000.0,0.0,15404000.0,16949000.0,0.065,1.441,42538000.0,57942000.0,0.431,57942000.0,42538000.0,29452000.0,1.225,1.225,1.225,404826000.0,348180500.0,404826000.0,645395478.0,15.0,11.139,-334578000.0,-17.501,1.0,68121000.0,0.506,0.0,13086000.0,929828000.0,832678750.0,0.0,37095000.0,,,221529000.0,,,517838478.0,-6546000.0,-8449000.0,242055000.0,33593000.0,-32144000.0,347382000.0,-376593000.0,-10901000.0,22665000.0,0.0,29452000.0,23482000.0,23482000.0,0.0,0.0,0.175,22405000.0,45716000.0,27183000.0,1.176,1.279,22.053,18.164,659744000.0,5970000.0,22.251,3.849,3.161,4196000.0,-8559000.0,134552000.0,134552000.0,0.0,0.034,0.067,0.051,0.316,0.0,5760000.0,1.0,23272720.0,19117155.0,21517123.0,7.038,777796000.0,0.0,0.0,0.0,40.686,
23,SLG,MRY,1997-12-31,1997-12-31,1997-12-31,2021-08-06,0.0,382775000.0,,,,,14.753,-217165000.0,23092000.0,23092000.0,10575000.0,3685000.0,,0.98,143310000.0,,,143310000.0,0.0,2815000.0,11475000.0,0.02,0.525,5820000.0,8635000.0,0.372,8635000.0,5820000.0,3685000.0,0.309,0.309,0.309,176208000.0,,176208000.0,,,,-211452000.0,-17.704,1.0,12632000.0,0.544,0.0,2135000.0,502993000.0,,0.0,18226000.0,,,172661000.0,,,318862547.0,12782000.0,0.0,228704000.0,20236000.0,-2348000.0,224234000.0,-217165000.0,0.0,5713000.0,0.0,3685000.0,3685000.0,3685000.0,0.0,0.0,0.159,3763000.0,8869000.0,17324000.0,1.699,1.81,86.53,86.398,315018000.0,0.0,26.697,13.74,13.74,1463000.0,-2584000.0,23207000.0,23207000.0,0.0,,,,0.251,0.0,948000.0,1.0,11943787.0,11943485.0,12052309.0,1.943,382775000.0,0.0,0.0,0.0,32.049,
24,SLG,MRY,1996-12-31,1997-01-01,1997-01-01,2021-08-06,,,,,,,,-10725000.0,,,3900000.0,8253000.0,,,,,,,,975000.0,,,0.0,9610000.0,10585000.0,1.04,10585000.0,9610000.0,8253000.0,,,,,,,,,,-10453000.0,,1.0,6282000.0,0.617,,1357000.0,,,,,,,,,,,-143000.0,0.0,0.0,9770000.0,0.0,11960000.0,-12375000.0,-1650000.0,272000.0,0.0,8253000.0,8253000.0,8253000.0,0.0,0.0,0.811,4225000.0,2057000.0,,,,,,,0.0,,,,,,10182000.0,10182000.0,0.0,,,,0.944,0.0,3250000.0,1.0,,,,,,,0.0,,,
25,SLG,MRY,1995-12-31,1995-12-31,1995-12-31,2021-08-06,,,,,,,,-690000.0,,,2878000.0,-3153000.0,,,,,,,,3768000.0,,,0.0,4632000.0,8400000.0,0.468,8400000.0,4632000.0,-3153000.0,,,,,,,,,,859000.0,,1.0,15074000.0,0.84,,7785000.0,,,,,,,,,,,985000.0,0.0,0.0,1000.0,0.0,126000.0,-690000.0,0.0,1549000.0,0.0,-3153000.0,-3153000.0,-3153000.0,0.0,0.0,-0.176,10442000.0,4632000.0,,,,,,,0.0,,,,,,17952000.0,17952000.0,0.0,,,,0.258,0.0,0.0,1.0,,,,,,,0.0,,,
0,SLG,MRQ,2021-06-30,2021-06-30,2021-06-30,2021-08-06,-66863000.0,11166164000.0,,,,,69.428,-97436000.0,316501000.0,316501000.0,87651000.0,117134000.0,,1.211,5270942000.0,,,5270942000.0,114536000.0,64810000.0,54797000.0,0.067,0.91,128029000.0,192839000.0,0.884,192839000.0,128029000.0,109069000.0,1.52,1.51,1.52,4789132000.0,,4789132000.0,11073469440.0,28.0,16.151,-12774000.0,-0.185,1.0,130456000.0,0.598,0.0,18960000.0,16120605000.0,,0.0,4314201000.0,,,5798703000.0,,,5548317440.0,-85106000.0,715967000.0,-94461000.0,-623250000.0,-76711000.0,-791108000.0,621340000.0,2809000.0,84662000.0,0.0,109069000.0,105332000.0,105332000.0,0.0,8065000.0,0.483,86035000.0,44421000.0,151336000.0,0.599,1.159,19.624,20.131,5655976000.0,3737000.0,80.0,5.973,5.94,380717000.0,,218107000.0,218107000.0,0.0,,,,,0.0,22064000.0,1.0,69353968.0,68980000.0,73727000.0,3.162,11166164000.0,0.0,0.0,0.0,161.875,
1,SLG,MRQ,2021-03-31,2021-03-31,2021-03-31,2021-08-06,-18897000.0,12044045000.0,,,,,71.164,-49328000.0,401607000.0,401607000.0,87695000.0,-3855000.0,,1.331,5926759000.0,,,5926759000.0,119215000.0,70145000.0,54181000.0,0.077,0.91,19662000.0,89807000.0,0.397,89807000.0,19662000.0,-3726000.0,-0.11,-0.11,-0.11,4911026000.0,,4911026000.0,9901776522.0,28.0,14.46,-30726000.0,-0.445,1.0,138407000.0,0.612,0.0,23388000.0,17569197000.0,,0.0,4819687000.0,,,6535798000.0,,,4853864522.0,28812000.0,70940000.0,-83738000.0,167594000.0,-69772000.0,-9971000.0,20181000.0,-1431000.0,18602000.0,0.0,-3726000.0,-7464000.0,-7464000.0,0.0,-129000.0,-0.033,94030000.0,44377000.0,144939000.0,-8.273,0.988,20.757,21.777,5825629000.0,3738000.0,69.99,5.032,5.008,381235000.0,,226102000.0,226102000.0,0.0,,,,,0.0,22885000.0,1.0,69350829.0,69010000.0,74070000.0,3.276,12044045000.0,0.0,0.0,0.0,174.526,
2,SLG,MRQ,2020-12-31,2020-12-31,2020-12-31,2021-08-06,-67247000.0,11707567000.0,,,,,70.071,-176489000.0,372795000.0,372795000.0,87037000.0,200340000.0,,1.265,5420707000.0,,,5420707000.0,118572000.0,62663000.0,53836000.0,0.078,2.666,200317000.0,262980000.0,1.12,262980000.0,200317000.0,174738000.0,2.369,2.359,2.369,4909763000.0,,4909763000.0,9971819444.0,20.0,12.084,49804000.0,0.711,1.0,147861000.0,0.629,0.0,25579000.0,16755479000.0,,0.0,4928434000.0,,,6211341000.0,,,4323694444.0,68346000.0,769026000.0,-146051000.0,-503612000.0,-69849000.0,-839354000.0,681407000.0,88870000.0,226293000.0,0.0,174738000.0,171001000.0,171001000.0,0.0,25602000.0,0.728,88968000.0,58893000.0,300603000.0,1.125,0.881,12.142,12.565,5399002000.0,3737000.0,61.319,4.107,4.226,381955000.0,1015462000.0,234898000.0,234898000.0,0.0,,,,,0.0,25144000.0,1.0,70511996.0,70068741.0,75528950.0,3.352,11707567000.0,0.0,0.0,0.0,167.087,
3,SLG,MRQ,2020-09-30,2020-09-30,2020-09-30,2021-08-06,-76200000.0,12324039000.0,,,,,71.263,-98354000.0,304449000.0,304449000.0,89432000.0,20677000.0,,1.312,5952574000.0,,,5952574000.0,117615000.0,98855000.0,56212000.0,0.064,0.911,41133000.0,139988000.0,0.56,139988000.0,41133000.0,17597000.0,0.196,0.196,0.196,5056112000.0,,5056112000.0,8933805832.0,25.0,12.785,5284000.0,0.074,1.0,160412000.0,0.642,0.0,23536000.0,17972164000.0,,0.0,4127770000.0,,,6634385000.0,,,3396630832.0,-796834000.0,90020000.0,-29742000.0,-717228000.0,-70673000.0,-871676000.0,-28796000.0,-20462000.0,103638000.0,0.0,17597000.0,13859000.0,13859000.0,0.0,3080000.0,0.055,123136000.0,37276000.0,178469000.0,4.648,0.672,16.771,17.597,6761243000.0,3738000.0,47.723,3.017,3.007,409415000.0,,249844000.0,249844000.0,0.0,,,,,0.0,23602000.0,1.0,71173736.0,70949664.0,75293898.0,3.521,12324039000.0,0.0,0.0,0.0,173.701,
4,SLG,MRQ,2020-06-30,2020-06-30,2020-06-30,2021-08-06,-82371000.0,13071564000.0,,,,,69.623,-81571000.0,1101283000.0,1101283000.0,82558000.0,66627000.0,,1.422,6638458000.0,,,6638458000.0,99655000.0,101759000.0,58486000.0,0.059,0.911,90251000.0,192010000.0,0.757,192010000.0,90251000.0,60181000.0,0.76,0.76,0.76,5119972000.0,,5119972000.0,9801120742.0,25.0,13.597,100708000.0,1.369,1.0,171141000.0,0.675,0.0,30070000.0,18608739000.0,,0.0,4201962000.0,,,7281652000.0,,,3772587742.0,480261000.0,171827000.0,-132274000.0,26745000.0,-78922000.0,-235255000.0,533237000.0,442981000.0,182279000.0,0.0,60181000.0,56444000.0,56444000.0,0.0,6446000.0,0.222,127655000.0,43486000.0,191176000.0,1.199,0.737,17.006,17.325,6804052000.0,3737000.0,50.728,3.171,3.136,410018000.0,,253699000.0,253699000.0,0.0,,,,,0.0,23510000.0,1.0,74368504.0,73538000.0,78066000.0,3.45,13071564000.0,0.0,0.0,0.0,177.753,
5,SLG,MRQ,2020-03-31,2020-03-31,2020-03-31,2021-08-06,-80868000.0,13220607000.0,,,,,69.571,-188572000.0,621022000.0,621022000.0,100488000.0,127114000.0,,1.378,6649555000.0,,,6649555000.0,116197000.0,74169000.0,59318000.0,0.067,0.304,156033000.0,230202000.0,0.732,230202000.0,156033000.0,118539000.0,1.51,1.51,1.51,5263466000.0,,5263466000.0,9051845878.0,17.0,11.088,-146546000.0,-1.937,1.0,213815000.0,0.68,0.0,37494000.0,19249140000.0,,0.0,4657052000.0,,,7251728000.0,,,3359019878.0,379592000.0,135766000.0,-219410000.0,808326000.0,-79662000.0,466984000.0,-129418000.0,-76612000.0,42026000.0,0.0,118539000.0,114801000.0,114801000.0,0.0,8575000.0,0.365,22645000.0,191170000.0,185313000.0,0.201,0.638,10.288,10.65,6931798000.0,3738000.0,44.358,2.689,2.687,424817000.0,,314303000.0,314303000.0,0.0,,,,,0.0,19570000.0,1.0,75725791.0,75656000.0,80352000.0,4.154,13220607000.0,0.0,0.0,0.0,174.746,
6,SLG,MRQ,2019-12-31,2019-12-31,2019-12-31,2021-08-06,-28485000.0,12766320000.0,,,,,71.462,-103239000.0,241430000.0,241430000.0,106570000.0,24255000.0,,1.205,5934256000.0,,,5934256000.0,114052000.0,70666000.0,62252000.0,0.037,0.911,65893000.0,136559000.0,0.443,136559000.0,65893000.0,21169000.0,0.246,0.236,0.246,5441315000.0,,5441315000.0,13408668067.0,29.0,17.673,-26199000.0,-0.344,1.0,201512000.0,0.654,0.0,44724000.0,18459146000.0,,0.0,4523035000.0,,,6555975000.0,,,7360532067.0,24886000.0,66155000.0,-209362000.0,-109140000.0,-75582000.0,-407548000.0,355394000.0,392478000.0,77040000.0,0.0,21169000.0,17432000.0,17432000.0,0.0,3086000.0,0.057,98331000.0,103181000.0,246187000.0,3.703,1.353,28.81,29.55,6724007000.0,3737000.0,94.561,5.941,6.061,348100000.0,1084719000.0,308082000.0,308082000.0,0.0,,,,,0.0,25575000.0,1.0,77838908.0,76142564.0,82435416.0,4.046,12766320000.0,0.0,0.0,0.0,167.663,
7,SLG,MRQ,2019-09-30,2019-09-30,2019-09-30,2021-08-06,-40132000.0,13294984000.0,,,,,71.189,-56982000.0,216544000.0,216544000.0,109473000.0,40722000.0,,1.202,6264680000.0,,,6264680000.0,126321000.0,77033000.0,62166000.0,0.042,0.875,85007000.0,162040000.0,0.517,162040000.0,85007000.0,36895000.0,0.412,0.412,0.412,5692148000.0,,5692148000.0,13010853199.0,33.0,18.835,24536000.0,0.307,1.0,204161000.0,0.651,0.0,48112000.0,19343120000.0,,0.0,4908359000.0,,,6843536000.0,,,6737575199.0,-24603000.0,1154000.0,-65653000.0,-181674000.0,-76344000.0,-331625000.0,225504000.0,281332000.0,81518000.0,0.0,36895000.0,33157000.0,33157000.0,0.0,3827000.0,0.106,102644000.0,101517000.0,221902000.0,2.124,1.184,38.101,37.294,6941094000.0,3738000.0,84.135,5.399,5.391,371411000.0,,313634000.0,313634000.0,0.0,,,,,0.0,23841000.0,1.0,80080058.0,79958775.0,84255398.0,3.922,13294984000.0,0.0,0.0,0.0,166.273,
8,SLG,MRQ,2019-06-30,2019-06-30,2019-06-30,2021-08-06,-28395000.0,13629941000.0,,,,,72.067,-315832000.0,241147000.0,241147000.0,105011000.0,173741000.0,,1.216,6514425000.0,,,6514425000.0,122941000.0,75590000.0,62735000.0,0.042,0.875,212000000.0,287590000.0,0.919,287590000.0,212000000.0,164840000.0,1.997,1.997,1.997,5809922000.0,,5809922000.0,12805414002.0,28.0,17.091,-160230000.0,-1.988,1.0,208013000.0,0.665,0.0,47160000.0,19903219000.0,,0.0,5196043000.0,,,7062331000.0,,,6777381002.0,-54564000.0,126200000.0,-74854000.0,154977000.0,-77061000.0,-35605000.0,-174561000.0,15071000.0,155602000.0,0.0,164840000.0,161103000.0,161103000.0,0.0,8901000.0,0.515,103500000.0,104513000.0,212745000.0,0.438,1.167,29.227,28.483,7333209000.0,3737000.0,82.715,5.457,5.37,403615000.0,,313024000.0,313024000.0,0.0,,,,,0.0,25480000.0,1.0,81936319.0,80618523.0,84920005.0,3.883,13629941000.0,0.0,0.0,0.0,169.067,
9,SLG,MRQ,2019-03-31,2019-03-31,2019-03-31,2021-08-06,-4005000.0,13385774000.0,,,,,71.621,-39524000.0,295711000.0,295711000.0,104386000.0,52769000.0,,1.18,6323744000.0,,,6323744000.0,102598000.0,74466000.0,61139000.0,0.037,0.875,98055000.0,172521000.0,0.567,172521000.0,98055000.0,47530000.0,0.535,0.535,0.535,5797799000.0,,5797799000.0,12888747205.0,32.0,18.571,22789000.0,0.282,1.0,199869000.0,0.657,0.0,50525000.0,19413807000.0,,0.0,5357015000.0,,,6843805000.0,,,7582543205.0,16598000.0,-40108000.0,-34196000.0,398745000.0,-77399000.0,246128000.0,-291843000.0,-212211000.0,62313000.0,0.0,47530000.0,43792000.0,43792000.0,0.0,5239000.0,0.144,102675000.0,97194000.0,191946000.0,1.636,1.308,43.493,43.407,6782418000.0,3738000.0,92.544,6.165,6.091,414386000.0,,304255000.0,304255000.0,0.0,,,,,0.0,25979000.0,1.0,81934557.0,80950827.0,85320323.0,3.759,13385774000.0,0.0,0.0,0.0,165.357,
10,SLG,MRQ,2018-12-31,2018-12-31,2018-12-31,2021-08-06,15108000.0,12751358000.0,,,,,73.09,-110917000.0,279113000.0,279113000.0,103039000.0,-58320000.0,,1.036,5588920000.0,,,5588920000.0,94453000.0,74153000.0,64688000.0,0.042,0.875,-5508000.0,68645000.0,0.217,68645000.0,-5508000.0,-57482000.0,-0.687,-0.687,-0.687,5901521000.0,,5901521000.0,12068831012.0,26.0,16.138,13075000.0,0.162,1.0,213997000.0,0.675,0.0,51974000.0,18061165000.0,,0.0,5147051000.0,,,6115271000.0,,,6743209012.0,20521000.0,261455000.0,-206109000.0,48586000.0,-76223000.0,-284901000.0,181430000.0,30892000.0,123992000.0,0.0,-57482000.0,-61219000.0,-61219000.0,0.0,-838000.0,-0.193,104218000.0,109779000.0,227490000.0,-1.274,1.143,29.027,29.595,6414798000.0,3737000.0,81.388,5.494,5.576,405607000.0,1278998000.0,317036000.0,317036000.0,0.0,,,,,0.0,26030000.0,1.0,82853045.0,80742993.0,86418763.0,3.926,12751358000.0,0.0,0.0,0.0,157.925,
11,SLG,MRQ,2018-09-30,2018-09-30,2018-09-30,2021-08-06,36299000.0,13455004000.0,,,,,74.749,-97719000.0,258592000.0,258592000.0,105657000.0,99454000.0,,1.033,5584214000.0,,,5584214000.0,110283000.0,73377000.0,64501000.0,0.033,0.836,147115000.0,220492000.0,0.717,220492000.0,147115000.0,91947000.0,1.06,1.06,1.06,6214658000.0,,6214658000.0,13963502056.0,25.0,16.226,-26386000.0,-0.317,1.0,201888000.0,0.656,0.0,55168000.0,18780626000.0,,0.0,5076420000.0,,,6418801000.0,,,8442850056.0,-121388000.0,118836000.0,-25389000.0,-314666000.0,-76308000.0,-424889000.0,232168000.0,211051000.0,71333000.0,0.0,91947000.0,88209000.0,88209000.0,0.0,7507000.0,0.287,101011000.0,100877000.0,223978000.0,0.789,1.359,26.26,26.939,6524929000.0,3738000.0,100.376,6.639,6.562,395364000.0,,307545000.0,307545000.0,0.0,,,,,0.0,20594000.0,1.0,84112272.0,83139947.0,87864095.0,3.699,13455004000.0,0.0,0.0,0.0,161.836,
12,SLG,MRQ,2018-06-30,2018-06-30,2018-06-30,2021-08-06,32622000.0,13713928000.0,,,,,73.087,-53403000.0,379980000.0,379980000.0,101559000.0,115899000.0,,1.08,5900632000.0,,,5900632000.0,95756000.0,71460000.0,63872000.0,0.032,0.836,160904000.0,232364000.0,0.772,232364000.0,160904000.0,107293000.0,1.225,1.225,1.225,6190816000.0,,6190816000.0,13976141169.0,27.0,16.559,98263000.0,1.16,1.0,199557000.0,0.663,0.0,53611000.0,19234580000.0,,0.0,5257070000.0,,,6683877000.0,,,8889141169.0,1715000.0,185019000.0,-337087000.0,458002000.0,-78970000.0,37987000.0,-187938000.0,-319554000.0,151666000.0,0.0,107293000.0,103556000.0,103556000.0,0.0,8606000.0,0.344,114377000.0,85180000.0,223824000.0,0.682,1.436,32.66,33.625,6595221000.0,3737000.0,103.464,6.64,6.546,397992000.0,,301116000.0,301116000.0,0.0,,,,,0.0,22479000.0,1.0,85915720.0,84704299.0,89472171.0,3.555,13713928000.0,0.0,0.0,0.0,161.904,
13,SLG,MRQ,2018-03-31,2018-03-31,2018-03-31,2021-08-06,28573000.0,13380870000.0,,,,,73.764,-52907000.0,378265000.0,378265000.0,105443000.0,113823000.0,,0.935,5465265000.0,,,5465265000.0,177896000.0,72925000.0,64647000.0,0.033,0.836,153420000.0,226345000.0,0.75,226345000.0,153420000.0,105504000.0,1.153,1.153,1.153,6487785000.0,,6487785000.0,14394321899.0,33.0,17.448,41639000.0,0.473,1.0,196252000.0,0.65,0.0,47916000.0,18467870000.0,,0.0,5148719000.0,,,6065849000.0,,,8746372899.0,128239000.0,498383000.0,-381908000.0,49709000.0,-81729000.0,-422309000.0,456002000.0,10526000.0,94546000.0,0.0,105504000.0,101766000.0,101766000.0,0.0,8319000.0,0.337,77865000.0,118387000.0,217537000.0,0.725,1.348,49.46,51.502,6828550000.0,3738000.0,99.656,6.092,6.105,401404000.0,,301695000.0,301695000.0,0.0,,,,,0.0,23528000.0,1.0,87766054.0,87953486.0,92555207.0,3.43,13380870000.0,0.0,0.0,0.0,152.136,
14,SLG,MRQ,2017-12-31,2017-12-31,2017-12-31,2021-08-06,18604000.0,13982904000.0,,,,,66.743,-87661000.0,250026000.0,250026000.0,105306000.0,38335000.0,,1.065,5897975000.0,,,5897975000.0,208119000.0,88701000.0,67927000.0,0.031,0.837,92652000.0,181353000.0,0.502,181353000.0,92652000.0,31719000.0,0.288,0.288,0.288,6225093000.0,,6225093000.0,16036422615.0,45.0,20.606,43088000.0,0.462,1.0,256036000.0,0.709,0.0,60933000.0,19630853000.0,,0.0,4505609000.0,,,6629761000.0,,,9917958615.0,-99226000.0,295862000.0,-445249000.0,225226000.0,-81842000.0,-327543000.0,97568000.0,-110633000.0,130749000.0,0.0,31719000.0,27982000.0,27982000.0,0.0,6616000.0,0.077,67075000.0,188961000.0,225519000.0,2.906,1.593,114.759,116.062,7906006000.0,3737000.0,103.875,6.562,6.582,446020000.0,1139329000.0,361342000.0,361342000.0,0.0,,,,,0.0,28136000.0,1.0,95479587.0,93269365.0,97914813.0,3.874,13982904000.0,0.0,0.0,0.0,149.92,
15,SLG,MRQ,2017-09-30,2017-09-30,2017-09-30,2021-08-06,14185000.0,15109870000.0,,,,,71.759,-111739000.0,349252000.0,349252000.0,148394000.0,45795000.0,,1.049,6467716000.0,,,6467716000.0,252779000.0,95736000.0,68465000.0,0.031,0.798,108241000.0,203977000.0,0.545,203977000.0,108241000.0,42607000.0,0.412,0.412,0.412,6817885000.0,,6817885000.0,16065295482.0,42.0,19.642,-10337000.0,-0.109,1.0,226206000.0,0.604,0.0,65634000.0,21228334000.0,,0.0,4095337000.0,,,7153035000.0,,,10027485482.0,-31672000.0,265676000.0,-137623000.0,-32912000.0,-83023000.0,-295107000.0,162033000.0,8096000.0,101402000.0,0.0,42607000.0,38869000.0,38869000.0,0.0,3188000.0,0.104,115877000.0,110329000.0,232849000.0,1.937,1.471,97.869,99.311,9421501000.0,3738000.0,104.277,6.578,6.499,472524000.0,,374600000.0,374600000.0,0.0,,,,,0.0,23963000.0,1.0,96162418.0,95010559.0,99661833.0,3.943,15109870000.0,0.0,0.0,0.0,159.034,
16,SLG,MRQ,2017-06-30,2017-06-30,2017-06-30,2021-08-06,14354000.0,15309707000.0,,,,,71.452,-64191000.0,380924000.0,380924000.0,140105000.0,16015000.0,,1.034,6418734000.0,,,6418734000.0,229692000.0,136486000.0,68286000.0,0.029,0.798,76815000.0,213301000.0,0.536,213301000.0,76815000.0,11959000.0,0.082,0.082,0.082,6935712000.0,,6935712000.0,16850286015.0,44.0,20.013,133510000.0,1.375,1.0,258045000.0,0.648,0.0,64856000.0,21347517000.0,,0.0,4235308000.0,,,7172522000.0,,,10767746015.0,-158326000.0,28943000.0,-208599000.0,185629000.0,-84499000.0,-101119000.0,-254908000.0,-219660000.0,197701000.0,0.0,11959000.0,8222000.0,8222000.0,0.0,4056000.0,0.021,161179000.0,96866000.0,223286000.0,9.732,1.553,110.054,110.21,9504720000.0,3737000.0,108.887,6.874,6.747,459711000.0,,398150000.0,398150000.0,0.0,,,,,0.0,24256000.0,1.0,98888924.0,97067535.0,101762534.0,4.102,15309707000.0,0.0,0.0,0.0,157.722,
17,SLG,MRQ,2017-03-31,2017-03-31,2017-03-31,2021-08-06,16511000.0,15877271000.0,,,,,74.274,-101090000.0,539250000.0,539250000.0,143882000.0,924000.0,,1.016,6621790000.0,,,6621790000.0,235208000.0,98895000.0,66807000.0,0.028,0.798,80711000.0,179606000.0,0.476,179606000.0,80711000.0,15089000.0,0.113,0.113,0.113,7263261000.0,,7263261000.0,16877640107.0,32.0,13.11,12059000.0,0.123,1.0,233499000.0,0.619,0.0,65622000.0,21959811000.0,,0.0,3518173000.0,,,7380279000.0,,,10723809107.0,169283000.0,32811000.0,8706000.0,97873000.0,-84179000.0,38813000.0,17321000.0,85600000.0,113149000.0,0.0,15089000.0,11351000.0,11351000.0,0.0,-14165000.0,0.03,118410000.0,115089000.0,259608000.0,7.062,1.476,48.072,48.255,10387209000.0,3738000.0,109.731,6.005,6.008,525011000.0,,377381000.0,377381000.0,0.0,,,,,0.0,24143000.0,1.0,97727977.0,97789469.0,102561227.0,3.859,15877271000.0,0.0,0.0,0.0,162.362,
18,SLG,MRQ,2016-12-31,2016-12-31,2016-12-31,2021-08-06,22137000.0,15857787000.0,,,,,75.142,-144653000.0,369967000.0,369967000.0,147355000.0,53970000.0,,1.001,6523798000.0,,,6523798000.0,217955000.0,108410000.0,66504000.0,0.027,0.798,112626000.0,221036000.0,0.591,221036000.0,112626000.0,47753000.0,0.443,0.453,0.443,7324475000.0,,7324475000.0,16790873427.0,29.0,11.852,-9435000.0,-0.097,1.0,226887000.0,0.606,0.0,64873000.0,22011618000.0,,0.0,3615708000.0,,,7330984000.0,,,10897201427.0,-269507000.0,4899000.0,2705000.0,174967000.0,-79278000.0,27066000.0,-431791000.0,-206054000.0,135218000.0,0.0,47753000.0,44016000.0,44016000.0,0.0,6217000.0,0.118,-106764000.0,333651000.0,280437000.0,1.801,1.488,46.382,45.967,10478638000.0,3737000.0,110.688,5.846,5.781,511807000.0,1578893000.0,374242000.0,374242000.0,0.0,,,,,0.0,25785000.0,1.0,98449401.0,97475627.0,102257103.0,3.839,15857787000.0,0.0,0.0,0.0,162.685,
19,SLG,MRQ,2016-09-30,2016-09-30,2016-09-30,2021-08-06,-14074000.0,15790942000.0,,,,,74.889,-112341000.0,506091000.0,506091000.0,151896000.0,43343000.0,,0.998,6399763000.0,,,6399763000.0,237548000.0,117480000.0,67709000.0,0.027,0.741,110555000.0,228035000.0,0.547,228035000.0,110555000.0,37990000.0,0.35,0.35,0.35,7293555000.0,,7293555000.0,18405408759.0,28.0,12.243,23073000.0,0.237,1.0,264785000.0,0.635,0.0,72565000.0,21684614000.0,,0.0,3374498000.0,,,7275544000.0,,,10844568759.0,129670000.0,469555000.0,7973000.0,-161733000.0,-78567000.0,-284170000.0,278426000.0,-88551000.0,135414000.0,0.0,37990000.0,34252000.0,34252000.0,0.0,5353000.0,0.082,140716000.0,124069000.0,262757000.0,2.117,1.487,37.109,37.023,10418719000.0,3738000.0,111.254,5.663,5.658,501458000.0,,416681000.0,416681000.0,0.0,,,,,0.0,25458000.0,1.0,97475418.0,97391094.0,102161881.0,4.278,15790942000.0,0.0,0.0,0.0,162.139,
20,SLG,MRQ,2016-06-30,2016-06-30,2016-06-30,2021-08-06,-16558000.0,17544223000.0,,,,,75.218,-94618000.0,443131000.0,443131000.0,145755000.0,149095000.0,,1.231,8003971000.0,,,8003971000.0,384145000.0,432475000.0,68199000.0,0.026,0.741,226283000.0,658758000.0,1.067,658758000.0,226283000.0,137194000.0,1.369,1.369,1.369,7318290000.0,,7318290000.0,18726141366.0,24.0,11.146,164670000.0,1.692,1.0,471859000.0,0.764,0.0,89089000.0,25105063000.0,,0.0,2523006000.0,,,9008192000.0,,,10672203366.0,-39979000.0,1824341000.0,3175000.0,-2079799000.0,-78131000.0,-2087157000.0,1787890000.0,42006000.0,259288000.0,0.0,137194000.0,133457000.0,133457000.0,0.0,11901000.0,0.216,255061000.0,216798000.0,272481000.0,0.541,1.458,25.311,25.231,12788076000.0,3737000.0,109.577,5.528,5.523,514591000.0,,617614000.0,617614000.0,0.0,,,,,0.0,24484000.0,1.0,97394706.0,97294901.0,101820832.0,6.348,17544223000.0,0.0,0.0,0.0,180.32,
21,SLG,MRQ,2016-03-31,2016-03-31,2016-03-31,2021-08-06,-17222000.0,19585968000.0,,,,,74.764,-100228000.0,496143000.0,496143000.0,149502000.0,32503000.0,,1.538,8550081000.0,,,8550081000.0,414686000.0,187240000.0,67001000.0,0.027,0.741,121631000.0,308871000.0,0.678,308871000.0,121631000.0,26959000.0,0.237,0.237,0.237,7268168000.0,,7268168000.0,19651462791.0,32.0,15.507,13862000.0,0.143,1.0,305942000.0,0.672,0.0,94672000.0,27639906000.0,,0.0,2568616000.0,,,11179030000.0,,,9693331791.0,60806000.0,227995000.0,1256000.0,-297599000.0,-78103000.0,-392141000.0,338857000.0,151031000.0,114090000.0,0.0,26959000.0,23221000.0,23221000.0,0.0,5544000.0,0.051,204619000.0,101323000.0,250370000.0,3.127,1.334,38.917,38.751,12828941000.0,3738000.0,99.707,5.629,5.629,498923000.0,1620669000.0,455444000.0,455444000.0,0.0,,,,,0.0,24032000.0,1.0,97218175.0,97214254.0,101302945.0,4.685,19585968000.0,0.0,0.0,0.0,201.472,
22,SLG,MRQ,2015-12-31,2015-12-31,2015-12-31,2021-08-06,-8749000.0,19727646000.0,,,,,75.178,-265306000.0,488977000.0,488977000.0,144077000.0,114249000.0,,1.551,10316813000.0,,,10316813000.0,399102000.0,114421000.0,68023000.0,0.022,0.741,193217000.0,307638000.0,0.723,307638000.0,193217000.0,105041000.0,1.05,1.05,1.05,7287465000.0,,7287465000.0,20912173154.0,34.0,17.482,-61821000.0,-0.638,1.0,281313000.0,0.661,0.0,88176000.0,29555482000.0,,0.0,2919016000.0,,,11301607000.0,,,11264451154.0,11039000.0,120261000.0,3485000.0,188325000.0,-65458000.0,87039000.0,-279485000.0,-150466000.0,203485000.0,0.0,105041000.0,101303000.0,101303000.0,-1139000.0,9208000.0,0.238,130925000.0,150388000.0,277786000.0,0.706,1.546,41.855,41.691,14620896000.0,3738000.0,116.277,6.774,6.75,572917000.0,1643546000.0,425390000.0,425390000.0,0.0,,,,,0.0,22734000.0,1.0,96876174.0,96936361.0,101157198.0,4.388,19727646000.0,0.0,0.0,0.0,203.511,
23,SLG,MRQ,2015-09-30,2015-09-30,2015-09-30,2021-08-06,-15821000.0,19490569000.0,,,,,74.779,-2629371000.0,523952000.0,523952000.0,147909000.0,176753000.0,,1.535,10171674000.0,,,10171674000.0,428334000.0,153345000.0,66654000.0,0.022,0.618,251537000.0,404882000.0,0.937,404882000.0,251537000.0,167396000.0,1.688,1.688,1.688,7238320000.0,,7238320000.0,18657161586.0,34.0,16.45,-2539831000.0,-26.239,1.0,284157000.0,0.658,0.0,84141000.0,29138291000.0,,0.0,2787059000.0,,,11112874000.0,,,10774294586.0,28464000.0,601929000.0,887000.0,1751449000.0,-64610000.0,1667417000.0,-1728493000.0,186122000.0,89540000.0,0.0,167396000.0,163658000.0,163658000.0,0.0,9357000.0,0.379,175489000.0,108668000.0,241894000.0,0.366,1.489,47.968,47.857,14261102000.0,3738000.0,111.316,6.634,6.635,545612000.0,1772833000.0,432066000.0,432066000.0,0.0,,,,,0.0,23475000.0,1.0,96790043.0,96796446.0,100982301.0,4.464,19490569000.0,0.0,0.0,0.0,201.356,
24,SLG,MRQ,2015-06-30,2015-06-30,2015-06-30,2021-08-06,-10906000.0,17266958000.0,,,,,73.541,-111669000.0,344130000.0,344130000.0,134486000.0,-29179000.0,,1.291,8226997000.0,,,8226997000.0,337571000.0,205517000.0,67985000.0,0.021,0.618,40378000.0,245895000.0,0.601,245895000.0,40378000.0,-35368000.0,-0.401,-0.401,-0.401,7115509000.0,,7115509000.0,18593502980.0,41.0,18.935,30831000.0,0.319,1.0,274588000.0,0.671,0.0,75746000.0,25149825000.0,,0.0,2994208000.0,,,9186434000.0,,,10943105980.0,-114874000.0,-15792000.0,5869000.0,283884000.0,-64407000.0,230856000.0,-488230000.0,-134000000.0,142500000.0,0.0,-35368000.0,-39106000.0,-39106000.0,0.0,6189000.0,-0.096,225832000.0,48756000.0,214441000.0,-1.541,1.538,87.096,84.527,11524226000.0,3738000.0,113.097,6.916,6.916,510267000.0,1657911000.0,409074000.0,409074000.0,0.0,,,,,0.0,23200000.0,1.0,96758905.0,96755637.0,96755637.0,4.228,17266958000.0,0.0,0.0,0.0,178.459,
25,SLG,MRQ,2015-03-31,2015-03-31,2015-03-31,2021-08-06,-11810000.0,17080732000.0,,,,,74.77,-53407000.0,459604000.0,459604000.0,140688000.0,55636000.0,,1.249,8110001000.0,,,8110001000.0,369626000.0,114955000.0,66427000.0,0.017,0.618,122822000.0,237777000.0,0.6,237777000.0,122822000.0,47015000.0,0.453,0.453,0.453,7148935000.0,,7148935000.0,20430615502.0,28.0,17.711,37552000.0,0.393,1.0,255611000.0,0.645,0.0,75807000.0,24731129000.0,,0.0,2840640000.0,,,8927560000.0,,,12661591502.0,49361000.0,447314000.0,230437000.0,-321608000.0,-62903000.0,-271895000.0,230297000.0,-160526000.0,90959000.0,0.0,47015000.0,43277000.0,43277000.0,-13410000.0,8621000.0,0.109,134944000.0,120667000.0,218596000.0,1.364,1.771,31.631,30.863,12004790000.0,3738000.0,132.126,8.149,8.13,470473000.0,1690578000.0,396299000.0,396299000.0,0.0,,,,,0.0,25464000.0,1.0,95829548.0,95612008.0,100098102.0,4.145,17080732000.0,0.0,0.0,0.0,178.646,
26,SLG,MRQ,2014-12-31,2014-12-31,2014-12-31,2021-08-06,-6980000.0,17096587000.0,,,,,73.77,-415033000.0,430585000.0,430585000.0,137452000.0,65325000.0,,1.311,8199609000.0,,,8199609000.0,187148000.0,104124000.0,66614000.0,0.018,0.618,141499000.0,245623000.0,0.635,245623000.0,141499000.0,60523000.0,0.587,0.587,0.587,6937374000.0,,6937374000.0,19384251329.0,23.0,15.69,-301858000.0,-3.21,1.0,249175000.0,0.644,0.0,80976000.0,24865611000.0,,0.0,2620253000.0,,,9096732000.0,,,11487396329.0,27889000.0,375722000.0,147349000.0,-199351000.0,-52067000.0,-113714000.0,28428000.0,8332000.0,113175000.0,0.0,60523000.0,56785000.0,56785000.0,-22443000.0,4802000.0,0.147,122136000.0,127039000.0,238854000.0,1.053,1.656,22.833,22.671,12163976000.0,3738000.0,122.493,7.558,7.499,444048000.0,1607689000.0,386627000.0,386627000.0,0.0,,,,,0.0,22710000.0,1.0,93779988.0,94040855.0,97959507.0,4.111,17096587000.0,0.0,0.0,0.0,181.8,
27,SLG,MRQ,2014-09-30,2014-09-30,2014-09-30,2021-08-06,-2896000.0,17237109000.0,,,,,73.583,-651521000.0,412823000.0,412823000.0,135747000.0,73594000.0,,1.376,8309678000.0,,,8309678000.0,215527000.0,101848000.0,66659000.0,0.02,0.515,150802000.0,252650000.0,0.647,252650000.0,150802000.0,68426000.0,0.7,0.7,0.7,6844624000.0,,6844624000.0,17407828516.0,21.0,14.489,-550877000.0,-5.922,1.0,254527000.0,0.652,0.0,82376000.0,25133964000.0,,0.0,2469086000.0,,,9419267000.0,,,9686139516.0,-54583000.0,53805000.0,34720000.0,352528000.0,-51964000.0,351995000.0,-507222000.0,120135000.0,100644000.0,0.0,68426000.0,64688000.0,64688000.0,-33542000.0,5168000.0,0.166,119475000.0,135052000.0,237701000.0,0.736,1.415,20.036,19.904,12119615000.0,3738000.0,104.277,6.528,6.537,441730000.0,1813956000.0,390274000.0,390274000.0,0.0,,,,,0.0,22649000.0,1.0,92888950.0,93019654.0,96879036.0,4.196,17237109000.0,0.0,0.0,0.0,185.306,
28,SLG,MRQ,2014-06-30,2014-06-30,2014-06-30,2021-08-06,-6196000.0,16717736000.0,,,,,73.102,-294650000.0,465328000.0,465328000.0,128942000.0,250332000.0,,1.33,8187017000.0,,,8187017000.0,223394000.0,100349000.0,65166000.0,0.017,0.515,317149000.0,417498000.0,1.097,417498000.0,317149000.0,239279000.0,2.542,2.532,2.542,6780122000.0,,6780122000.0,17056266968.0,22.0,14.708,-106236000.0,-1.145,1.0,251690000.0,0.661,0.0,77870000.0,24439425000.0,,0.0,2559646000.0,,,9016134000.0,,,10441960968.0,-139059000.0,82455000.0,19511000.0,-5065000.0,-51291000.0,-81233000.0,-246240000.0,-30679000.0,188414000.0,0.0,239279000.0,235541000.0,235541000.0,-120380000.0,11053000.0,0.619,118948000.0,132742000.0,218452000.0,0.203,1.54,22.91,22.748,11957923000.0,3738000.0,112.603,7.29,7.292,415147000.0,1797580000.0,380632000.0,380632000.0,0.0,,,,,0.0,23872000.0,1.0,92732840.0,92748564.0,96663330.0,4.104,16717736000.0,0.0,0.0,0.0,180.248,
29,SLG,MRQ,2014-03-31,2014-03-31,2014-03-31,2021-08-06,-14872000.0,15363289000.0,,,,,71.691,-48213000.0,601654000.0,601654000.0,130292000.0,156612000.0,,1.192,7215960000.0,,,7215960000.0,259929000.0,93680000.0,65077000.0,0.016,0.515,226006000.0,319686000.0,0.882,319686000.0,226006000.0,149828000.0,1.585,1.575,1.585,6625692000.0,,6625692000.0,16182525713.0,28.0,17.271,39935000.0,0.432,1.0,232153000.0,0.641,0.0,76178000.0,21977595000.0,,0.0,2587559000.0,,,7897297000.0,,,9563689713.0,240470000.0,162788000.0,9016000.0,272754000.0,-51652000.0,224123000.0,-71801000.0,-151515000.0,88148000.0,0.0,149828000.0,146090000.0,146090000.0,0.0,6784000.0,0.403,112246000.0,119907000.0,193775000.0,0.325,1.443,41.852,41.406,10586513000.0,3738000.0,103.556,6.804,6.809,446223000.0,1688211000.0,362445000.0,362445000.0,0.0,,,,,0.0,23257000.0,1.0,92352717.0,92420148.0,95917105.0,3.922,15363289000.0,0.0,0.0,0.0,166.233,
30,SLG,MRQ,2013-12-31,2013-12-31,2013-12-31,2021-08-06,-15211000.0,14959001000.0,,,,,71.427,-624132000.0,348743000.0,348743000.0,131850000.0,44362000.0,,1.169,6967579000.0,,,6967579000.0,263261000.0,92766000.0,61308000.0,0.016,0.515,118889000.0,211655000.0,0.604,211655000.0,118889000.0,40857000.0,0.412,0.412,0.412,6525405000.0,,6525405000.0,14824177879.0,33.0,18.441,-548459000.0,-6.003,1.0,218601000.0,0.624,0.0,78032000.0,21577837000.0,,0.0,2450106000.0,,,7627099000.0,,,8523000879.0,-2406000.0,1695000.0,252515000.0,97575000.0,-35215000.0,307815000.0,-385894000.0,-2467000.0,75673000.0,0.0,40857000.0,37120000.0,37120000.0,-40587000.0,5197000.0,0.106,111805000.0,106796000.0,220329000.0,1.25,1.306,84.111,83.989,10687540000.0,2045000.0,95.076,6.216,6.217,455431000.0,1619150000.0,350451000.0,350451000.0,0.0,,,,,0.0,22742000.0,1.0,89644384.0,91358136.0,94415911.0,3.836,14959001000.0,0.0,0.0,0.0,163.74,
31,SLG,MRQ,2013-09-30,2013-09-30,2013-09-30,2021-08-06,-19249000.0,14574919000.0,,,,,70.273,-52969000.0,565942000.0,565942000.0,132243000.0,45336000.0,,1.195,6867119000.0,,,6867119000.0,293393000.0,91804000.0,54824000.0,0.015,0.34,118989000.0,210793000.0,0.622,210793000.0,118989000.0,40763000.0,0.412,0.412,0.412,6281015000.0,,6281015000.0,14599428520.0,35.0,18.51,47873000.0,0.536,1.0,206539000.0,0.61,0.0,78226000.0,20876096000.0,,0.0,2458229000.0,,,7508229000.0,,,8171204520.0,10129000.0,183310000.0,40793000.0,106527000.0,-33658000.0,109106000.0,-199819000.0,-83872000.0,100842000.0,0.0,40763000.0,37025000.0,37025000.0,0.0,4011000.0,0.109,102663000.0,103876000.0,223534000.0,0.825,1.301,97.084,96.55,10139703000.0,4300000.0,91.432,6.254,6.255,433769000.0,1636584000.0,338782000.0,338782000.0,0.0,,,,,0.0,20869000.0,1.0,89368824.0,89379864.0,92322011.0,3.79,14574919000.0,0.0,0.0,0.0,163.067,
32,SLG,MRQ,2013-06-30,2013-06-30,2013-06-30,2021-08-06,-18622000.0,14401925000.0,,,,,70.006,-53948000.0,329452000.0,329452000.0,128290000.0,31248000.0,,1.185,6757676000.0,,,6757676000.0,296930000.0,87883000.0,53604000.0,0.014,0.34,106986000.0,194869000.0,0.551,194869000.0,106986000.0,27435000.0,0.093,0.093,0.093,6234796000.0,,6234796000.0,14449149982.0,35.0,18.592,66184000.0,0.743,1.0,225654000.0,0.638,0.0,79551000.0,20830149000.0,,0.0,2339480000.0,,,7385236000.0,,,8078009982.0,-21135000.0,-26133000.0,12960000.0,-43406000.0,-40943000.0,-267621000.0,126354000.0,207020000.0,120132000.0,0.0,27435000.0,8276000.0,8276000.0,0.0,3248000.0,0.023,104797000.0,120857000.0,192717000.0,3.656,1.296,147.213,144.528,10160569000.0,19724000.0,90.763,6.097,6.102,419445000.0,1631287000.0,353944000.0,353944000.0,0.0,,,,,0.0,21514000.0,1.0,89000728.0,89061164.0,91855621.0,3.974,14401925000.0,0.0,0.0,0.0,161.708,
33,SLG,MRQ,2013-03-31,2013-03-31,2013-03-31,2021-08-06,-26117000.0,14543965000.0,,,,,72.26,-60117000.0,350337000.0,350337000.0,131742000.0,30337000.0,,1.148,6721477000.0,,,6721477000.0,322317000.0,85146000.0,49803000.0,0.013,0.34,107091000.0,192237000.0,0.534,192237000.0,107091000.0,26316000.0,0.216,0.216,0.216,6417246000.0,,6417246000.0,14091176541.0,28.0,16.453,29439000.0,0.331,1.0,228211000.0,0.634,0.0,80775000.0,20915105000.0,,0.0,2539958000.0,,,7368562000.0,,,7859293541.0,30120000.0,-38811000.0,4522000.0,155041000.0,-38591000.0,109640000.0,-169076000.0,-70339000.0,89556000.0,0.0,26316000.0,18909000.0,18909000.0,0.0,3456000.0,0.053,101048000.0,127163000.0,201299000.0,1.574,1.225,52.522,51.555,10270331000.0,7972000.0,88.623,5.975,5.983,408369000.0,1665468000.0,359953000.0,359953000.0,0.0,,,,,0.0,21067000.0,1.0,88682604.0,88807564.0,91628255.0,4.053,14543965000.0,0.0,0.0,0.0,163.769,
34,SLG,MRQ,2012-12-31,2012-12-31,2012-12-31,2021-08-06,-30649000.0,14386296000.0,,,,,75.437,-179973000.0,326055000.0,326055000.0,96761000.0,27457000.0,,1.088,6557938000.0,,,6557938000.0,312995000.0,101589000.0,46253000.0,0.014,0.34,89255000.0,190844000.0,0.752,190844000.0,89255000.0,27363000.0,0.226,0.226,0.226,6632709000.0,,6632709000.0,12963823915.0,26.0,15.116,-103414000.0,-1.176,1.0,157161000.0,0.619,0.0,61892000.0,20618179000.0,,0.0,2402106000.0,,,7216736000.0,,,6926592915.0,27621000.0,131834000.0,-224922000.0,340500000.0,-29966000.0,291061000.0,-339999000.0,-290472000.0,76559000.0,0.0,27363000.0,19956000.0,19956000.0,0.0,1627000.0,0.079,100669000.0,56492000.0,218334000.0,1.504,1.044,44.406,43.802,10269630000.0,5874000.0,78.887,5.369,5.307,404133000.0,1701092000.0,253922000.0,253922000.0,0.0,,,,,0.0,21371000.0,1.0,87804347.0,87923364.0,91370769.0,2.888,14386296000.0,0.0,0.0,0.0,163.623,
35,SLG,MRQ,2012-09-30,2012-09-30,2012-09-30,2021-08-06,-29281000.0,14284939000.0,,,,,72.67,-187690000.0,305421000.0,305421000.0,144518000.0,28630000.0,,1.116,6342652000.0,,,6342652000.0,360752000.0,87922000.0,47698000.0,0.012,0.257,111316000.0,199238000.0,0.558,199238000.0,111316000.0,25657000.0,0.093,0.093,0.093,6371912000.0,,6371912000.0,13055615490.0,26.0,15.631,-115431000.0,-1.316,1.0,212493000.0,0.595,0.0,85659000.0,20322170000.0,,0.0,2113980000.0,,,7110271000.0,,,7218527490.0,-94436000.0,20902000.0,229450000.0,107770000.0,-32117000.0,98662000.0,-265357000.0,-94907000.0,72259000.0,0.0,25657000.0,7732000.0,7732000.0,0.0,2402000.0,0.022,103750000.0,108743000.0,195439000.0,2.763,1.133,51.993,53.372,10380304000.0,18496000.0,82.406,5.335,5.34,365664000.0,1728150000.0,357011000.0,357011000.0,0.0,,,,,0.0,20551000.0,1.0,87596610.0,87682397.0,91228908.0,4.072,14284939000.0,0.0,0.0,0.0,162.917,
36,SLG,MRQ,2012-06-30,2012-06-30,2012-06-30,2021-08-06,-28413000.0,14139113000.0,,,,,72.462,-146934000.0,395292000.0,395292000.0,128580000.0,118457000.0,,1.107,6232380000.0,,,6232380000.0,352151000.0,81365000.0,47463000.0,0.011,0.257,192743000.0,274108000.0,0.796,274108000.0,192743000.0,110584000.0,1.184,1.173,1.184,6321812000.0,,6321812000.0,13058210330.0,27.0,16.293,-5830000.0,-0.067,1.0,215955000.0,0.627,0.0,82159000.0,19976201000.0,,0.0,2019753000.0,,,6998546000.0,,,7192262330.0,123134000.0,4344000.0,81460000.0,226238000.0,-30702000.0,245885000.0,-263855000.0,-57768000.0,141104000.0,0.0,110584000.0,103040000.0,103040000.0,0.0,7308000.0,0.299,98898000.0,117057000.0,189757000.0,0.217,1.138,52.048,53.869,10242225000.0,8109000.0,82.581,5.521,5.531,356221000.0,1741160000.0,344535000.0,344535000.0,0.0,,,,,0.0,20721000.0,1.0,87092973.0,87243212.0,90704219.0,3.949,14139113000.0,0.0,0.0,0.0,162.065,
37,SLG,MRQ,2012-03-31,2012-03-31,2012-03-31,2021-08-06,-24376000.0,13761713000.0,,,,,73.114,-178119000.0,232228000.0,232228000.0,133540000.0,35157000.0,,1.107,6098176000.0,,,6098176000.0,373573000.0,80663000.0,47996000.0,0.009,0.257,112938000.0,193601000.0,0.571,193601000.0,112938000.0,32801000.0,0.298,0.298,0.298,6162350000.0,,6162350000.0,12525606065.0,14.0,10.456,-121288000.0,-1.439,1.0,205593000.0,0.606,0.0,80137000.0,19627661000.0,,0.0,2048193000.0,,,6822003000.0,,,6697873065.0,-4527000.0,-65893000.0,213884000.0,42520000.0,-28453000.0,232834000.0,-294192000.0,-48647000.0,56831000.0,0.0,32801000.0,25256000.0,25256000.0,0.0,1959000.0,0.074,98321000.0,107272000.0,185760000.0,0.862,1.087,11.926,11.679,10135913000.0,7942000.0,79.813,5.329,5.353,337104000.0,1665547000.0,339133000.0,339133000.0,0.0,,,,,0.0,20196000.0,1.0,83919642.0,84284547.0,87616325.0,4.024,13761713000.0,0.0,0.0,0.0,163.277,
38,SLG,MRQ,2011-12-31,2011-12-31,2011-12-31,2021-08-06,-28445000.0,13483852000.0,,,,,71.473,-162399000.0,224776000.0,224776000.0,119152000.0,17555000.0,,1.144,6052509000.0,,,6052509000.0,357193000.0,79753000.0,46367000.0,0.008,0.257,88559000.0,168312000.0,0.539,168312000.0,88559000.0,10353000.0,-0.031,-0.031,-0.031,5975547000.0,,5975547000.0,11147959009.0,12.0,9.101,-92977000.0,-1.112,1.0,193156000.0,0.618,0.0,78206000.0,19311585000.0,,0.0,1905198000.0,,,6833513000.0,,,5741013009.0,-256313000.0,-9703000.0,578000.0,-39170000.0,-16909000.0,-93399000.0,-232336000.0,-49629000.0,69422000.0,0.0,10353000.0,2809000.0,2809000.0,0.0,7202000.0,0.009,89381000.0,103775000.0,189321000.0,-8.29,0.961,9.301,9.042,10010548000.0,7544000.0,68.585,4.604,4.477,318082000.0,1704506000.0,312308000.0,312308000.0,0.0,,,,,0.0,18728000.0,1.0,83707054.0,83605365.0,86305575.0,3.736,13483852000.0,0.0,0.0,0.0,161.28,
39,SLG,MRQ,2011-09-30,2011-09-30,2011-09-30,2021-08-06,-24462000.0,13162645000.0,,,,,72.401,-54043000.0,496589000.0,496589000.0,122471000.0,16488000.0,,1.101,5903535000.0,,,5903535000.0,381211000.0,76203000.0,44312000.0,0.007,0.103,89227000.0,165430000.0,0.54,165430000.0,89227000.0,14624000.0,0.082,0.082,0.082,6028544000.0,,6028544000.0,10108848156.0,11.0,8.467,6805000.0,0.082,1.0,184152000.0,0.601,0.0,74603000.0,18569591000.0,,0.0,1873136000.0,,,6635292000.0,,,4969785156.0,4276000.0,-19971000.0,97952000.0,285755000.0,-16022000.0,380214000.0,-436786000.0,-355797000.0,60848000.0,0.0,14624000.0,7079000.0,7079000.0,0.0,1864000.0,0.023,92427000.0,91725000.0,179829000.0,1.256,0.824,7.995,7.763,9548019000.0,7545000.0,59.847,4.151,4.162,300473000.0,1763403000.0,306623000.0,306623000.0,0.0,,,,,0.0,18900000.0,1.0,83041734.0,83266261.0,85583639.0,3.682,13162645000.0,0.0,0.0,0.0,158.079,
40,SLG,MRQ,2011-06-30,2011-06-30,2011-06-30,2021-08-06,-21589000.0,12644078000.0,,,,,72.272,-358018000.0,475599000.0,475599000.0,114183000.0,549187000.0,,1.061,5614662000.0,,,5614662000.0,300093000.0,68376000.0,43032000.0,0.005,0.103,602176000.0,670552000.0,2.245,670552000.0,602176000.0,534003000.0,6.484,6.443,6.484,5869095000.0,,5869095000.0,11443042859.0,11.0,9.052,-257829000.0,-3.175,1.0,184522000.0,0.618,0.0,68173000.0,17783141000.0,,0.0,1534416000.0,,,6224415000.0,,,6869068859.0,156220000.0,128256000.0,256847000.0,51395000.0,-15980000.0,154913000.0,-98882000.0,129994000.0,100189000.0,0.0,534003000.0,526458000.0,526458000.0,0.0,15184000.0,1.762,89210000.0,95312000.0,163918000.0,0.016,1.17,9.461,9.374,9601596000.0,7545000.0,85.288,5.678,5.725,275039000.0,1721440000.0,298705000.0,298705000.0,0.0,,,,,0.0,22454000.0,1.0,80539522.0,81208313.0,83571358.0,3.678,12644078000.0,0.0,0.0,0.0,155.699,
41,SLG,MRQ,2011-03-31,2011-03-31,2011-03-31,2021-08-06,-13011000.0,11442366000.0,,,,,66.053,-31396000.0,341844000.0,341844000.0,108199000.0,93894000.0,,1.115,4915818000.0,,,4915818000.0,294634000.0,67979000.0,43196000.0,0.005,0.103,152698000.0,220677000.0,0.67,220677000.0,152698000.0,88432000.0,1.05,1.039,1.05,5095963000.0,,5095963000.0,10733182270.0,18.0,12.571,45263000.0,0.587,1.0,221022000.0,0.671,0.0,64266000.0,16016340000.0,,0.0,1560327000.0,,,5682787000.0,,,5935628270.0,-98821000.0,64405000.0,165516000.0,-343584000.0,-15682000.0,-209629000.0,34149000.0,-44835000.0,76659000.0,0.0,88432000.0,80887000.0,80887000.0,0.0,5462000.0,0.246,85952000.0,135070000.0,156609000.0,0.098,1.165,17.632,17.49,8307552000.0,7545000.0,77.394,5.105,5.135,253519000.0,1207504000.0,329221000.0,329221000.0,0.0,,,,,0.0,20021000.0,1.0,76693290.0,77149743.0,79328176.0,4.267,11442366000.0,0.0,0.0,0.0,148.314,
42,SLG,MRQ,2010-12-31,2010-12-31,2010-12-31,2021-08-06,-22659000.0,11300294000.0,,,,,64.129,-139620000.0,470503000.0,470503000.0,100780000.0,17959000.0,,1.193,5268057000.0,,,5268057000.0,307678000.0,62041000.0,38690000.0,0.006,0.103,75230000.0,137271000.0,0.522,137271000.0,75230000.0,14753000.0,0.093,0.093,0.093,4879084000.0,,4879084000.0,9504153768.0,18.0,12.316,-72611000.0,-0.954,1.0,162002000.0,0.616,0.0,60477000.0,16097848000.0,,0.0,1629394000.0,,,5818412000.0,,,5283388768.0,62027000.0,33271000.0,807000.0,180523000.0,-15377000.0,151193000.0,-156175000.0,-15590000.0,67009000.0,0.0,14753000.0,7209000.0,7209000.0,42016000.0,3206000.0,0.027,82412000.0,79590000.0,165838000.0,1.108,1.083,19.508,19.457,7973771000.0,7544000.0,69.48,4.872,4.862,234666000.0,1172963000.0,262782000.0,262782000.0,0.0,,,,,0.0,20695000.0,1.0,76041903.0,76081902.0,77613218.0,3.454,11300294000.0,0.0,0.0,0.0,148.528,
43,SLG,MRQ,2010-09-30,2010-09-30,2010-09-30,2021-08-06,-30936000.0,10587875000.0,,,,,62.998,-204545000.0,424470000.0,424470000.0,101734000.0,124566000.0,,1.086,4645235000.0,,,4645235000.0,320712000.0,60139000.0,38019000.0,0.006,0.103,175487000.0,235626000.0,0.738,235626000.0,175487000.0,119045000.0,1.472,1.461,1.472,4788398000.0,,4788398000.0,9032242261.0,18.0,12.091,-103150000.0,-1.357,1.0,217417000.0,0.681,0.0,56442000.0,14808640000.0,,0.0,1757582000.0,,,5202544000.0,,,4953408261.0,-68774000.0,122318000.0,-261000.0,-78261000.0,-15384000.0,-98260000.0,-71909000.0,-37779000.0,101395000.0,0.0,119045000.0,111500000.0,111500000.0,-37696000.0,5521000.0,0.349,77739000.0,139678000.0,177221000.0,0.07,1.034,19.162,19.306,7727764000.0,7545000.0,65.178,4.73,4.731,227039000.0,1180667000.0,319151000.0,319151000.0,0.0,,,,,0.0,18474000.0,1.0,75998173.0,76009030.0,77518969.0,4.199,10587875000.0,0.0,0.0,0.0,139.298,
44,SLG,MRQ,2010-06-30,2010-06-30,2010-06-30,2021-08-06,-30305000.0,10408034000.0,,,,,61.767,-20737000.0,497092000.0,497092000.0,97621000.0,150499000.0,,1.098,4575926000.0,,,4575926000.0,325228000.0,58697000.0,39617000.0,0.007,0.103,201524000.0,260221000.0,1.034,260221000.0,201524000.0,144583000.0,1.811,1.801,1.811,4684002000.0,,4684002000.0,8746458482.0,22.0,13.682,65235000.0,0.86,1.0,153951000.0,0.612,0.0,56941000.0,14486868000.0,,0.0,1716151000.0,,,5141952000.0,,,4291099482.0,171923000.0,425537000.0,1825000.0,-201824000.0,-15388000.0,-221191000.0,307142000.0,-55588000.0,85972000.0,0.0,144583000.0,137038000.0,137038000.0,0.0,5916000.0,0.545,77856000.0,76095000.0,176536000.0,0.057,0.916,29.701,30.244,7500874000.0,7545000.0,56.646,4.407,4.411,213499000.0,1081895000.0,251572000.0,251572000.0,0.0,,,,,0.0,18379000.0,1.0,75752797.0,75833162.0,77528686.0,3.317,10408034000.0,0.0,0.0,0.0,137.249,
45,SLG,MRQ,2010-03-31,2010-03-31,2010-03-31,2021-08-06,-21902000.0,10514240000.0,,,,,60.013,-13857000.0,337972000.0,337972000.0,101579000.0,26134000.0,,1.183,4793331000.0,,,4793331000.0,344772000.0,59568000.0,39903000.0,0.007,0.103,78982000.0,138550000.0,0.552,138550000.0,78982000.0,22195000.0,0.196,0.196,0.196,4537956000.0,,4537956000.0,8928580754.0,33.0,17.531,52825000.0,0.699,1.0,149302000.0,0.595,0.0,56787000.0,14969599000.0,,0.0,1917940000.0,,,5370610000.0,,,4457219754.0,-176061000.0,7071000.0,12164000.0,-257544000.0,-12835000.0,-182500000.0,-60243000.0,-41451000.0,66682000.0,0.0,22195000.0,15079000.0,15079000.0,-1917000.0,3939000.0,0.06,74981000.0,74321000.0,169602000.0,0.526,0.982,223.084,229.343,7596931000.0,7116000.0,58.941,4.575,4.575,202799000.0,949083000.0,250881000.0,250881000.0,0.0,,,,,0.0,18398000.0,1.0,75621516.0,75616484.0,77498565.0,3.318,10514240000.0,0.0,0.0,0.0,139.047,
46,SLG,MRQ,2009-12-31,2009-12-31,2009-12-31,2021-08-06,-33538000.0,10487577000.0,,,,,58.389,-63821000.0,438210000.0,438210000.0,87577000.0,2962000.0,,1.251,4909571000.0,,,4909571000.0,349669000.0,62204000.0,39855000.0,0.014,0.103,50397000.0,112601000.0,0.499,112601000.0,50397000.0,-153000.0,-0.103,-0.103,-0.103,4388438000.0,,4388438000.0,8086776999.0,28.0,15.392,-3422000.0,-0.046,1.0,137977000.0,0.612,0.0,50550000.0,14958938000.0,,0.0,1901774000.0,,,5489830000.0,,,3879699999.0,-290357000.0,-53033000.0,249000.0,-23974000.0,-12747000.0,-42790000.0,-307966000.0,-191631000.0,60399000.0,0.0,-153000.0,-5122000.0,-5122000.0,-1554000.0,3115000.0,-0.023,75175000.0,62802000.0,156001000.0,-1.0,0.884,102.995,92.996,7518678000.0,4969000.0,51.706,3.966,3.581,198034000.0,949669000.0,225554000.0,225554000.0,0.0,,,,,0.0,19256000.0,1.0,75033815.0,75158840.0,77183750.0,3.001,10487577000.0,0.0,0.0,0.0,139.539,
47,SLG,MRQ,2009-09-30,2009-09-30,2009-09-30,2021-08-06,-42497000.0,10533934000.0,,,,,58.49,-22528000.0,725427000.0,725427000.0,96447000.0,4593000.0,,1.268,4932504000.0,,,4932504000.0,368753000.0,60100000.0,40574000.0,0.022,0.103,67815000.0,127915000.0,0.52,127915000.0,67815000.0,2449000.0,-0.031,-0.031,-0.031,4366493000.0,,4366493000.0,7584651650.0,19.0,12.184,39910000.0,0.535,1.0,149322000.0,0.608,0.0,65366000.0,14741011000.0,,0.0,1638630000.0,,,5538371000.0,,,3369151650.0,-42696000.0,11452000.0,184000.0,-21740000.0,-12752000.0,-42551000.0,-62583000.0,-51684000.0,62438000.0,0.0,2449000.0,-2520000.0,-2520000.0,9966000.0,2144000.0,-0.01,75233000.0,74089000.0,151803000.0,-3.323,0.772,28.211,21.188,7529171000.0,4969000.0,45.13,3.32,3.32,197288000.0,973554000.0,245769000.0,245769000.0,0.0,,,,,0.0,18869000.0,1.0,74655099.0,74653582.0,76923350.0,3.292,10533934000.0,0.0,0.0,0.0,141.104,
48,SLG,MRQ,2009-06-30,2009-06-30,2009-06-30,2021-08-06,-32285000.0,10595050000.0,,,,,67.097,-20265000.0,763922000.0,763922000.0,96675000.0,21577000.0,,1.272,4979422000.0,,,4979422000.0,376143000.0,55979000.0,36737000.0,0.072,0.103,74255000.0,130234000.0,0.517,130234000.0,74255000.0,17512000.0,0.196,0.185,0.196,4391683000.0,,4391683000.0,6025608172.0,14.0,9.171,76660000.0,1.171,1.0,155330000.0,0.616,0.0,56743000.0,14810550000.0,,0.0,1512858000.0,,,5585591000.0,,,1313701172.0,243114000.0,2485000.0,387324000.0,-236301000.0,-26381000.0,117783000.0,28406000.0,52737000.0,96925000.0,0.0,17512000.0,12543000.0,12543000.0,705000.0,4065000.0,0.05,72834000.0,82496000.0,155112000.0,0.526,0.299,8.713,8.823,7590963000.0,4969000.0,23.609,1.266,1.49,197870000.0,996051000.0,252005000.0,252005000.0,0.0,,,,,0.0,17946000.0,1.0,55643147.0,65453057.0,67764605.0,3.85,10595050000.0,0.0,0.0,0.0,161.873,
49,SLG,MRQ,2009-03-31,2009-03-31,2009-03-31,2021-08-06,-53089000.0,10501133000.0,,,,,71.453,-416000.0,531055000.0,531055000.0,99888000.0,42534000.0,,1.489,5242962000.0,,,5242962000.0,401848000.0,56917000.0,34865000.0,0.217,0.391,97734000.0,154651000.0,0.589,154651000.0,97734000.0,37737000.0,0.587,0.587,0.587,3969713000.0,,3969713000.0,5418628565.0,10.0,6.796,55033000.0,0.991,1.0,162549000.0,0.619,0.0,59997000.0,15213040000.0,,0.0,1565839000.0,,,5912250000.0,,,618394565.0,-293235000.0,-1828000.0,0.0,-311158000.0,-26441000.0,-345448000.0,-3236000.0,-1529000.0,55449000.0,0.0,37737000.0,32768000.0,32768000.0,0.0,4797000.0,0.125,72387000.0,90162000.0,178097000.0,0.666,0.156,2.27,2.293,7614375000.0,4969000.0,11.115,0.575,0.574,199704000.0,989476000.0,262437000.0,262437000.0,0.0,,,,,0.0,17922000.0,1.0,55635298.0,55556832.0,57866437.0,4.724,10501133000.0,0.0,0.0,0.0,189.016,
50,SLG,MRQ,2008-12-31,2008-12-31,2008-12-31,2021-08-06,-54747000.0,10984353000.0,,,,,71.252,13708000.0,832843000.0,832843000.0,92019000.0,88051000.0,,1.624,5598263000.0,,,5598263000.0,427936000.0,57319000.0,34561000.0,0.106,0.391,152395000.0,209714000.0,0.824,209714000.0,152395000.0,81606000.0,1.379,1.389,1.379,3950552000.0,,3950552000.0,6553072387.0,10.0,7.266,96381000.0,1.738,1.0,162599000.0,0.639,0.0,70789000.0,15749773000.0,,0.0,1664867000.0,,,6415063000.0,,,1477423387.0,15742000.0,-11795000.0,-35298000.0,-80743000.0,-50945000.0,-196341000.0,129410000.0,117185000.0,82673000.0,0.0,81606000.0,76637000.0,76637000.0,-245999000.0,6445000.0,0.301,86802000.0,75797000.0,177077000.0,0.284,0.374,4.093,4.164,7655244000.0,4969000.0,26.656,1.387,1.41,184119000.0,979939000.0,254618000.0,254618000.0,0.0,,,,,0.0,33770000.0,1.0,55426023.0,55445090.0,57751784.0,4.592,10984353000.0,0.0,0.0,0.0,198.112,
51,SLG,MRQ,2008-09-30,2008-09-30,2008-09-30,2021-08-06,-13728000.0,11491229000.0,,,,,68.919,-26993000.0,816981000.0,816981000.0,99812000.0,33539000.0,,1.787,5892630000.0,,,5892630000.0,462734000.0,56992000.0,34105000.0,0.049,0.813,105442000.0,162434000.0,0.605,162434000.0,105442000.0,33796000.0,0.515,0.504,0.515,3891520000.0,,3891520000.0,9034868072.0,13.0,9.597,48747000.0,0.863,1.0,168501000.0,0.628,0.0,71646000.0,16566878000.0,,0.0,2066849000.0,,,6954987000.0,,,3768129072.0,657580000.0,26652000.0,-48368000.0,763934000.0,-50333000.0,661027000.0,-79187000.0,-76821000.0,75740000.0,0.0,33796000.0,28827000.0,28827000.0,-63000.0,-257000.0,0.107,74455000.0,94046000.0,222985000.0,1.579,0.968,9.454,9.53,7755813000.0,4969000.0,66.691,3.701,3.698,202328000.0,952912000.0,268313000.0,268313000.0,0.0,,,,,0.0,20920000.0,1.0,56501409.0,56465322.0,58994519.0,4.752,11491229000.0,0.0,0.0,0.0,203.509,
52,SLG,MRQ,2008-06-30,2008-06-30,2008-06-30,2021-08-06,-7576000.0,11149587000.0,,,,,69.651,-76391000.0,155355000.0,155355000.0,95330000.0,148000000.0,,1.643,5422094000.0,,,5422094000.0,789525000.0,57705000.0,33595000.0,0.037,0.813,212764000.0,270469000.0,0.93,270469000.0,212764000.0,139160000.0,2.367,2.357,2.367,3947504000.0,,3947504000.0,10412282721.0,13.0,10.427,40830000.0,0.72,1.0,195392000.0,0.672,0.0,73604000.0,16416326000.0,,0.0,1972155000.0,,,6486249000.0,,,4828401721.0,6774000.0,396524000.0,-11635000.0,-352937000.0,-50866000.0,-414551000.0,304104000.0,-63446000.0,117221000.0,0.0,139160000.0,134191000.0,134191000.0,-1566000.0,8840000.0,0.462,80119000.0,115273000.0,200168000.0,0.343,1.223,10.31,10.392,8267327000.0,4969000.0,85.134,4.852,4.848,209082000.0,964704000.0,290722000.0,290722000.0,0.0,,,,,0.0,25434000.0,1.0,56715450.0,56675198.0,59284070.0,5.13,11149587000.0,0.0,0.0,0.0,196.728,
53,SLG,MRQ,2008-03-31,2008-03-31,2008-03-31,2021-08-06,2143000.0,11449034000.0,,,,,68.031,96332000.0,190920000.0,190920000.0,94445000.0,135852000.0,,1.775,5774801000.0,,,5774801000.0,808262000.0,57494000.0,34067000.0,0.037,0.813,202109000.0,259603000.0,1.019,259603000.0,202109000.0,126063000.0,2.13,2.12,2.13,3865758000.0,,3865758000.0,10384787057.0,12.0,9.309,116709000.0,2.054,1.0,160257000.0,0.629,0.0,76046000.0,17032915000.0,,0.0,2207650000.0,,,6861109000.0,,,4796602057.0,829000.0,1079000.0,-49313000.0,34948000.0,-50990000.0,-61440000.0,41892000.0,-11191000.0,20377000.0,0.0,126063000.0,121094000.0,121094000.0,-112992000.0,9789000.0,0.475,77894000.0,82363000.0,204284000.0,0.382,1.241,7.994,8.042,8277668000.0,4969000.0,83.847,5.016,4.982,208129000.0,871731000.0,254702000.0,254702000.0,0.0,,,,,0.0,24460000.0,1.0,57206383.0,56823860.0,59485201.0,4.482,11449034000.0,0.0,0.0,0.0,201.483,
54,SLG,MRQ,2007-12-31,2007-12-31,2007-12-31,2021-08-06,4745000.0,11430078000.0,,,,,67.87,139180000.0,151439000.0,151439000.0,94377000.0,155914000.0,,1.753,5674691000.0,,,5674691000.0,819022000.0,58848000.0,35021000.0,0.031,0.813,190037000.0,248885000.0,1.217,248885000.0,190037000.0,119447000.0,1.986,1.976,1.986,3892200000.0,,3892200000.0,10664307085.0,12.0,9.625,227498000.0,3.967,1.0,110115000.0,0.538,0.0,70590000.0,16953330000.0,,0.0,2243338000.0,,,6823863000.0,,,5535826085.0,-52135000.0,-534229000.0,-54679000.0,393266000.0,-47658000.0,280046000.0,-420499000.0,-39733000.0,88318000.0,0.0,119447000.0,114479000.0,114479000.0,-148536000.0,36467000.0,0.56,61717000.0,48398000.0,249935000.0,0.409,1.422,8.838,8.767,8240986000.0,4968000.0,96.187,5.679,5.632,198692000.0,777681000.0,204492000.0,204492000.0,0.0,,,,,0.0,12443000.0,1.0,57552630.0,57347577.0,60042928.0,3.566,11430078000.0,0.0,0.0,0.0,199.312,
55,SLG,MRQ,2007-09-30,2007-09-30,2007-09-30,2021-08-06,6961000.0,10516189000.0,,,,,65.633,243733000.0,217652000.0,217652000.0,94497000.0,103537000.0,,1.597,5346133000.0,,,5346133000.0,385840000.0,49957000.0,35789000.0,0.024,0.72,169702000.0,219659000.0,0.896,219659000.0,169702000.0,103537000.0,1.708,1.688,1.708,3790111000.0,,3790111000.0,11407252696.0,15.0,12.036,312649000.0,5.414,1.0,150754000.0,0.615,0.0,66165000.0,15644670000.0,,0.0,1569756000.0,,,6051418000.0,,,6948959696.0,17799000.0,-88281000.0,-53262000.0,-545000.0,-48237000.0,-94135000.0,43018000.0,-124342000.0,68916000.0,0.0,103537000.0,98568000.0,98568000.0,-82761000.0,0.0,0.402,69470000.0,81284000.0,233399000.0,0.422,1.833,12.839,12.542,8090300000.0,4969000.0,120.177,8.001,7.99,216345000.0,709474000.0,245251000.0,245251000.0,0.0,,,,,0.0,22224000.0,1.0,57822522.0,57746925.0,60641461.0,4.247,10516189000.0,0.0,0.0,0.0,182.108,
56,SLG,MRQ,2007-06-30,2007-06-30,2007-06-30,2021-08-06,9287000.0,9452345000.0,,,,,65.299,23245000.0,211547000.0,211547000.0,94504000.0,270850000.0,,1.326,4669840000.0,,,4669840000.0,42382000.0,54015000.0,39475000.0,0.022,0.72,333445000.0,387460000.0,1.539,387460000.0,333445000.0,270850000.0,4.6,4.508,4.6,3775940000.0,,3775940000.0,11698587681.0,16.0,13.053,137469000.0,2.377,1.0,157307000.0,0.625,0.0,62595000.0,13910638000.0,,0.0,1500807000.0,,,5006527000.0,,,7360803681.0,-419428000.0,-83664000.0,-38585000.0,-394544000.0,-45744000.0,-483586000.0,-50066000.0,30725000.0,114224000.0,0.0,270850000.0,265881000.0,265881000.0,-246414000.0,0.0,1.056,67441000.0,89866000.0,212544000.0,0.157,1.949,13.112,12.063,7257911000.0,4969000.0,127.505,9.777,9.793,164340000.0,652356000.0,251811000.0,251811000.0,0.0,,,,,0.0,24131000.0,1.0,57729460.0,57825628.0,61480964.0,4.355,9452345000.0,0.0,0.0,0.0,163.463,
57,SLG,MRQ,2007-03-31,2007-03-31,2007-03-31,2021-08-06,11568000.0,9625785000.0,,,,,64.945,-3666522000.0,627951000.0,627951000.0,83342000.0,152396000.0,,1.509,4965735000.0,,,4965735000.0,44082000.0,42011000.0,39103000.0,0.019,0.72,209987000.0,251998000.0,0.881,251998000.0,209987000.0,152396000.0,2.676,2.604,2.676,3574767000.0,,3574767000.0,9579261817.0,20.0,16.501,-3531275000.0,-64.155,1.0,202576000.0,0.709,0.0,57591000.0,13963569000.0,,0.0,1432281000.0,,,5394598000.0,,,8116938817.0,382550000.0,-34420000.0,8724000.0,1683924000.0,-39676000.0,2154093000.0,-1906790000.0,-314280000.0,135247000.0,0.0,152396000.0,147427000.0,147427000.0,-3581000.0,0.0,0.516,70307000.0,132269000.0,234258000.0,0.269,2.271,25.011,21.202,6974383000.0,4969000.0,141.183,12.993,12.439,171245000.0,428213000.0,285918000.0,285918000.0,0.0,,,,,0.0,34247000.0,1.0,57492340.0,55042831.0,59202452.0,5.194,9625785000.0,0.0,0.0,0.0,174.878,
58,SLG,MRQ,2006-12-31,2006-12-31,2006-12-31,2021-08-06,13971000.0,4632227000.0,,,,,52.42,-77560000.0,369450000.0,369450000.0,34019000.0,50971000.0,,0.881,1831773000.0,,,1831773000.0,43721000.0,27321000.0,27913000.0,0.019,0.72,61321000.0,88642000.0,1.036,88642000.0,61321000.0,34332000.0,0.597,0.618,0.597,2394883000.0,,2394883000.0,7576547725.0,24.0,19.41,5773000.0,0.126,1.0,51557000.0,0.602,0.0,26989000.0,6094550000.0,,0.0,1131095000.0,,,2109451000.0,,,6083789725.0,-59266000.0,-108664000.0,532711000.0,-363043000.0,-24383000.0,139496000.0,-282095000.0,-81307000.0,83333000.0,0.0,34332000.0,29363000.0,29363000.0,-37425000.0,16639000.0,0.343,30488000.0,21069000.0,196036000.0,1.206,2.54,30.291,29.509,2775723000.0,4969000.0,136.655,13.489,13.128,138302000.0,322219000.0,85576000.0,85576000.0,0.0,,,,,0.0,17778000.0,1.0,44519476.0,45686844.0,49384928.0,1.873,4632227000.0,0.0,0.0,0.0,101.391,
59,SLG,MRQ,2006-09-30,2006-09-30,2006-09-30,2021-08-06,13060000.0,4226806000.0,,,,,42.235,-72523000.0,403926000.0,403926000.0,54365000.0,123658000.0,,1.206,1896684000.0,,,1896684000.0,63358000.0,21116000.0,28368000.0,0.021,0.618,147044000.0,168160000.0,1.298,168160000.0,147044000.0,123658000.0,2.696,2.604,2.696,1858055000.0,,1858055000.0,6811655239.0,24.0,18.876,-33288000.0,-0.757,1.0,75223000.0,0.58,0.0,23386000.0,5719564000.0,,0.0,896598000.0,,,2239912000.0,,,5112533239.0,162260000.0,2311000.0,269011000.0,121680000.0,-28191000.0,377741000.0,-254716000.0,-13435000.0,39235000.0,0.0,123658000.0,118689000.0,118689000.0,-97769000.0,0.0,0.916,31849000.0,43374000.0,146770000.0,0.229,2.752,26.584,25.799,2485279000.0,4969000.0,114.959,12.051,11.922,126842000.0,327744000.0,129588000.0,129588000.0,0.0,,,,,0.0,13829000.0,1.0,44472494.0,43993261.0,47819607.0,2.946,4226806000.0,0.0,0.0,0.0,96.078,
60,SLG,MRQ,2006-06-30,2006-06-30,2006-06-30,2021-08-06,20009000.0,3691952000.0,,,,,35.66,-24462000.0,75847000.0,75847000.0,48854000.0,34029000.0,,1.397,1774969000.0,,,1774969000.0,49045000.0,16157000.0,30075000.0,0.021,0.618,55557000.0,71714000.0,0.58,71714000.0,55557000.0,34029000.0,0.69,0.669,0.69,1496504000.0,,1496504000.0,6359644739.0,31.0,23.362,45215000.0,1.077,1.0,74786000.0,0.605,0.0,21528000.0,5391074000.0,,0.0,905407000.0,,,2090786000.0,,,4729469739.0,-6351000.0,-35264000.0,1427000.0,-101153000.0,-30977000.0,-132430000.0,56402000.0,117285000.0,69677000.0,0.0,34029000.0,29060000.0,29060000.0,-3818000.0,0.0,0.235,29977000.0,44809000.0,133327000.0,0.896,3.16,42.624,42.102,2259251000.0,4969000.0,112.664,11.529,11.525,117006000.0,236520000.0,123640000.0,123640000.0,0.0,,,,,0.0,13257000.0,1.0,41978397.0,41966406.0,45571216.0,2.946,3691952000.0,0.0,0.0,0.0,87.974,
61,SLG,MRQ,2006-03-31,2006-03-31,2006-03-31,2021-08-06,19750000.0,3482532000.0,,,,,35.661,-247146000.0,80024000.0,80024000.0,50424000.0,28701000.0,,1.275,1710199000.0,,,1710199000.0,30759000.0,15636000.0,28218000.0,0.022,0.618,46192000.0,61828000.0,0.531,61828000.0,46192000.0,28701000.0,0.566,0.556,0.566,1485019000.0,,1485019000.0,5834909493.0,25.0,19.692,-213747000.0,-5.133,1.0,65942000.0,0.567,0.0,17491000.0,5112707000.0,,0.0,999318000.0,,,1893838000.0,,,4361251493.0,-3569000.0,16573000.0,11577000.0,272514000.0,-28520000.0,269535000.0,-306503000.0,-78600000.0,33399000.0,0.0,28701000.0,23732000.0,23732000.0,-1659000.0,0.0,0.204,28622000.0,37320000.0,116956000.0,1.092,2.937,31.519,30.942,2112153000.0,4969000.0,104.462,11.222,11.193,107589000.0,233392000.0,116366000.0,116366000.0,0.0,,,,,0.0,12986000.0,1.0,41749723.0,41642847.0,45286523.0,2.794,3482532000.0,0.0,0.0,0.0,83.629,
62,SLG,MRQ,2005-12-31,2005-12-31,2005-12-31,2021-08-06,15316000.0,3309777000.0,,,,,35.635,-31780000.0,84854000.0,84854000.0,20399000.0,25805000.0,,1.2,1558512000.0,,,1558512000.0,25691000.0,18853000.0,24556000.0,0.029,0.618,40304000.0,59157000.0,1.083,59157000.0,40304000.0,25805000.0,0.504,0.494,0.504,1459441000.0,,1459441000.0,4791031801.0,21.0,16.274,-12377000.0,-0.302,1.0,34232000.0,0.627,0.0,14499000.0,4783435000.0,,0.0,943265000.0,,,1751275000.0,,,3218571801.0,9911000.0,113399000.0,8396000.0,-84388000.0,-22308000.0,-88462000.0,78970000.0,-2409000.0,19403000.0,0.0,25805000.0,20836000.0,20836000.0,-15178000.0,0.0,0.381,18084000.0,16148000.0,134805000.0,1.226,2.205,23.4,23.219,2003627000.0,4969000.0,78.619,8.73,8.659,106723000.0,235540000.0,54631000.0,54631000.0,0.0,,,,,0.0,11965000.0,1.0,40938809.0,40954921.0,44441189.0,1.334,3309777000.0,0.0,0.0,0.0,80.815,
63,SLG,MRQ,2005-09-30,2005-09-30,2005-09-30,2021-08-06,13691000.0,3352330000.0,,,,,35.339,-134299000.0,70408000.0,70408000.0,46686000.0,42299000.0,,1.265,1642868000.0,,,1642868000.0,25596000.0,16649000.0,23962000.0,0.032,0.556,62879000.0,79528000.0,0.688,79528000.0,62879000.0,42299000.0,0.916,0.895,0.916,1439513000.0,,1439513000.0,4305971210.0,13.0,11.289,-90579000.0,-2.224,1.0,68912000.0,0.596,0.0,20580000.0,4924790000.0,,0.0,1059909000.0,,,1821699000.0,,,2859088210.0,12215000.0,5527000.0,289000.0,132887000.0,-22941000.0,102571000.0,-134076000.0,-24218000.0,43720000.0,0.0,42299000.0,37330000.0,37330000.0,-1415000.0,0.0,0.323,28181000.0,40731000.0,121684000.0,0.607,1.986,12.527,12.132,1977824000.0,4969000.0,70.17,7.199,7.197,99509000.0,240178000.0,115598000.0,115598000.0,0.0,,,,,0.0,13418000.0,1.0,40745446.0,40734357.0,44379005.0,2.838,3352330000.0,0.0,0.0,0.0,82.297,
64,SLG,MRQ,2005-06-30,2005-06-30,2005-06-30,2021-08-06,6118000.0,3154845000.0,,,,,34.706,-145917000.0,64114000.0,64114000.0,42665000.0,61439000.0,,1.184,1510997000.0,,,1510997000.0,16406000.0,14882000.0,23588000.0,0.033,0.556,80918000.0,95800000.0,0.939,95800000.0,80918000.0,61439000.0,1.389,1.348,1.389,1409236000.0,,1409236000.0,3957167587.0,13.0,11.114,-98159000.0,-2.417,1.0,59391000.0,0.582,0.0,19479000.0,4601728000.0,,0.0,1035198000.0,,,1668824000.0,,,2695945587.0,-14811000.0,-72776000.0,1571000.0,178438000.0,-22227000.0,154864000.0,-217433000.0,-21718000.0,47758000.0,0.0,61439000.0,56470000.0,56470000.0,-35425000.0,0.0,0.553,25024000.0,34367000.0,110924000.0,0.4,1.913,12.764,12.286,1857571000.0,4969000.0,66.382,7.337,7.336,92053000.0,225498000.0,102056000.0,102056000.0,0.0,,,,,0.0,10594000.0,1.0,40612518.0,40605128.0,44214797.0,2.513,3154845000.0,0.0,0.0,0.0,77.696,
65,SLG,MRQ,2005-03-31,2005-03-31,2005-03-31,2021-08-06,15164000.0,2932962000.0,,,,,34.246,-112784000.0,70199000.0,70199000.0,42829000.0,27879000.0,,1.079,1331421000.0,,,1331421000.0,19558000.0,14834000.0,21870000.0,0.037,0.556,45073000.0,59907000.0,0.598,59907000.0,45073000.0,27879000.0,0.576,0.556,0.576,1374308000.0,,1374308000.0,3414149715.0,12.0,10.184,-85267000.0,-2.125,1.0,57283000.0,0.572,0.0,17194000.0,4194184000.0,,0.0,954293000.0,,,1483395000.0,,,2338196715.0,-19006000.0,-21333000.0,13928000.0,164939000.0,-27264000.0,146612000.0,-193135000.0,-24805000.0,27517000.0,0.0,27879000.0,22910000.0,22910000.0,-379000.0,0.0,0.229,22279000.0,35004000.0,104778000.0,0.965,1.701,11.684,11.067,1665847000.0,4969000.0,57.861,6.717,6.671,84767000.0,191616000.0,100112000.0,100112000.0,0.0,,,,,0.0,8238000.0,1.0,40410918.0,40130964.0,43879579.0,2.495,2932962000.0,0.0,0.0,0.0,73.085,
66,SLG,MRQ,2004-12-31,2004-12-31,2004-12-31,2021-08-06,5647000.0,2751881000.0,,,,,34.106,96127000.0,92212000.0,92212000.0,32103000.0,116494000.0,,0.986,1168165000.0,,,1168165000.0,18648000.0,12920000.0,22056000.0,0.034,0.556,133291000.0,146211000.0,1.841,146211000.0,133291000.0,116494000.0,2.902,2.799,2.902,1347880000.0,,1347880000.0,3539141621.0,13.0,11.041,178143000.0,4.508,1.0,47297000.0,0.596,0.0,16797000.0,3827834000.0,,0.0,907116000.0,,,1328937000.0,,,2459917621.0,-17998000.0,-36561000.0,103476000.0,-78878000.0,-23808000.0,-92490000.0,22970000.0,-24124000.0,82016000.0,0.0,116494000.0,111525000.0,111525000.0,-97115000.0,0.0,1.405,18980000.0,28317000.0,115574000.0,0.192,1.825,12.734,12.282,1579866000.0,4969000.0,62.317,7.477,7.209,81577000.0,191182000.0,79400000.0,79400000.0,0.0,,,,,0.0,9335000.0,1.0,39474345.0,39520773.0,43349058.0,2.009,2751881000.0,0.0,0.0,0.0,69.631,
67,SLG,MRQ,2004-09-30,2004-09-30,2004-09-30,2021-08-06,2548000.0,2591425000.0,,,,,32.514,-255925000.0,69237000.0,69237000.0,38178000.0,25150000.0,,1.039,1148461000.0,,,1148461000.0,13156000.0,13024000.0,20473000.0,0.039,0.515,41119000.0,54143000.0,0.631,54143000.0,41119000.0,25150000.0,0.535,0.504,0.535,1244294000.0,,1244294000.0,2837546589.0,17.0,12.973,-243861000.0,-6.372,1.0,47690000.0,0.555,0.0,15969000.0,3670649000.0,,0.0,875461000.0,,,1292834000.0,,,2007774589.0,-11252000.0,-30736000.0,74005000.0,208174000.0,-21505000.0,294293000.0,-348103000.0,-61414000.0,12064000.0,0.0,25150000.0,20307000.0,20307000.0,-2428000.0,0.0,0.236,18599000.0,29091000.0,103907000.0,0.963,1.614,19.451,19.187,1336316000.0,4843000.0,53.322,6.163,6.264,80779000.0,101730000.0,85868000.0,85868000.0,0.0,,,,,0.0,5574000.0,1.0,37653892.0,38269289.0,42088833.0,2.244,2591425000.0,0.0,0.0,0.0,67.716,
68,SLG,MRQ,2004-06-30,2004-06-30,2004-06-30,2021-08-06,6337000.0,2256614000.0,,,,,30.18,-36920000.0,106913000.0,106913000.0,35141000.0,48831000.0,,0.944,936685000.0,,,936685000.0,8599000.0,11851000.0,23182000.0,0.042,0.515,63141000.0,74992000.0,0.907,74992000.0,63141000.0,48831000.0,1.214,1.163,1.214,1133039000.0,,1133039000.0,2825403259.0,17.0,13.671,2769000.0,0.074,1.0,47570000.0,0.575,0.0,14310000.0,3086386000.0,,0.0,766954000.0,,,1069335000.0,,,1807371259.0,42652000.0,131808000.0,2119000.0,-141427000.0,-21899000.0,-102010000.0,104973000.0,10154000.0,39689000.0,0.0,48831000.0,45385000.0,45385000.0,-1594000.0,0.0,0.549,16318000.0,31252000.0,96734000.0,0.424,1.595,17.662,16.713,1194728000.0,3446000.0,48.166,5.723,5.725,85667000.0,101691000.0,82711000.0,82711000.0,0.0,,,,,-4900000.0,4467000.0,1.0,37524078.0,37542497.0,41252245.0,2.203,2256614000.0,0.0,0.0,0.0,60.108,
69,SLG,MRQ,2004-03-31,2004-03-31,2004-03-31,2021-08-06,-3704000.0,2295883000.0,,,,,27.979,-2434000.0,70161000.0,70161000.0,36132000.0,18955000.0,,1.173,1088193000.0,,,1088193000.0,8623000.0,11686000.0,22776000.0,0.041,0.515,33516000.0,45202000.0,0.558,45202000.0,33516000.0,18955000.0,0.432,0.412,0.432,1032465000.0,,1032465000.0,2871791522.0,22.0,16.619,28255000.0,0.766,1.0,44894000.0,0.554,0.0,14561000.0,3313915000.0,,0.0,876540000.0,,,1210662000.0,,,1825253522.0,-16153000.0,612000.0,80734000.0,-58942000.0,-18028000.0,2043000.0,-48885000.0,-57505000.0,30689000.0,0.0,18955000.0,15955000.0,15955000.0,-1512000.0,0.0,0.197,22589000.0,22305000.0,86282000.0,1.192,1.768,25.18,22.499,1190547000.0,3000000.0,49.092,5.936,5.892,82419000.0,75603000.0,81026000.0,81026000.0,0.0,,,,,4900000.0,10903000.0,1.0,37180338.0,36901210.0,40818890.0,2.196,2295883000.0,0.0,0.0,0.0,62.217,
70,SLG,MRQ,2003-12-31,2003-12-31,2003-12-31,2021-08-06,-961000.0,2261841000.0,,,,,27.184,-80356000.0,98088000.0,98088000.0,32035000.0,22198000.0,,1.321,1144626000.0,,,1144626000.0,8526000.0,10600000.0,21968000.0,0.047,0.515,33793000.0,44393000.0,0.583,44393000.0,33793000.0,22198000.0,0.597,0.587,0.597,950782000.0,,950782000.0,2164416826.0,15.0,11.751,-50340000.0,-1.439,1.0,44139000.0,0.579,0.0,11595000.0,3308379000.0,,0.0,809053000.0,,,1256268000.0,,,1475320826.0,24375000.0,-389018000.0,156898000.0,327102000.0,-17972000.0,462080000.0,-467721000.0,-50994000.0,30016000.0,0.0,22198000.0,21573000.0,21573000.0,-2623000.0,0.0,0.283,14903000.0,29236000.0,77648000.0,0.863,1.552,16.311,14.659,1189663000.0,625000.0,42.248,5.238,4.702,82906000.0,78966000.0,76174000.0,76174000.0,0.0,,,,,-1847000.0,8147000.0,1.0,34920610.0,34976374.0,38512202.0,2.178,2261841000.0,0.0,0.0,0.0,64.668,
71,SLG,MRQ,2003-09-30,2003-09-30,2003-09-30,2021-08-06,-5382000.0,1765147000.0,,,,,25.801,47797000.0,124810000.0,124810000.0,35929000.0,21641000.0,,1.182,813906000.0,,,813906000.0,9267000.0,8865000.0,21110000.0,0.052,0.484,33225000.0,42090000.0,0.554,42090000.0,33225000.0,21641000.0,0.638,0.607,0.638,783884000.0,,783884000.0,1921785358.0,14.0,11.089,69028000.0,2.272,1.0,39991000.0,0.527,0.0,11584000.0,2454243000.0,,0.0,373775000.0,,,926791000.0,,,1209059358.0,-2639000.0,15739000.0,110000.0,29973000.0,-17868000.0,11066000.0,-34936000.0,-42396000.0,21231000.0,0.0,21641000.0,19417000.0,19417000.0,-5390000.0,0.0,0.256,14305000.0,25686000.0,79955000.0,0.759,1.542,14.121,12.99,1126523000.0,2224000.0,37.164,4.725,4.413,82451000.0,75405000.0,75920000.0,75920000.0,0.0,,,,,615000.0,2994000.0,1.0,32533340.0,30382430.0,38074959.0,2.499,1765147000.0,0.0,0.0,0.0,58.098,
72,SLG,MRQ,2003-06-30,2003-06-30,2003-06-30,2021-08-06,-12702000.0,1725583000.0,,,,,21.821,8498000.0,78645000.0,78645000.0,33534000.0,17973000.0,,1.366,791371000.0,,,791371000.0,6464000.0,11573000.0,20872000.0,0.053,0.484,29547000.0,41120000.0,0.553,41120000.0,29547000.0,17973000.0,0.515,0.504,0.515,659002000.0,,659002000.0,1800300317.0,14.0,10.644,28387000.0,0.94,1.0,40817000.0,0.549,0.0,11574000.0,2438309000.0,,0.0,345270000.0,,,900433000.0,,,1083995317.0,-7809000.0,3456000.0,3189000.0,-9883000.0,-17624000.0,-25139000.0,-2559000.0,-10982000.0,19889000.0,0.0,17973000.0,15542000.0,15542000.0,-658000.0,0.0,0.209,14377000.0,26440000.0,77820000.0,0.94,1.645,13.026,12.829,1129640000.0,2431000.0,35.908,4.502,4.504,73227000.0,70680000.0,74351000.0,74351000.0,0.0,,,,,616000.0,2804000.0,1.0,30188042.0,30200732.0,37718365.0,2.462,1725583000.0,0.0,0.0,0.0,57.137,
73,SLG,MRQ,2003-03-31,2003-03-31,2003-03-31,2021-08-06,-11375000.0,1755819000.0,,,,,21.892,39390000.0,83654000.0,83654000.0,29478000.0,36347000.0,,1.432,799959000.0,,,799959000.0,27337000.0,10590000.0,20928000.0,0.06,0.484,45998000.0,56588000.0,0.849,56588000.0,45998000.0,36347000.0,1.142,1.039,1.142,653145000.0,,653145000.0,1422839414.0,11.0,8.686,64375000.0,2.158,1.0,37200000.0,0.558,0.0,9651000.0,2472124000.0,,0.0,332031000.0,,,935513000.0,,,941614414.0,-33401000.0,5715000.0,3585000.0,-38180000.0,-17404000.0,-54362000.0,-4024000.0,-22316000.0,24985000.0,0.0,36347000.0,33916000.0,33916000.0,-19557000.0,0.0,0.509,13776000.0,23424000.0,69551000.0,0.424,1.442,11.297,11.153,1196389000.0,2431000.0,31.452,4.197,4.183,71357000.0,69528000.0,66678000.0,66678000.0,0.0,,,,,616000.0,3186000.0,1.0,29938378.0,29835393.0,37099426.0,2.235,1755819000.0,0.0,0.0,0.0,58.85,
74,SLG,MRQ,2002-12-31,2002-12-31,2002-12-31,2021-08-06,-10740000.0,1473170000.0,,,,,21.223,-8659000.0,87102000.0,87102000.0,15309000.0,19167000.0,,1.101,568327000.0,,,568327000.0,3096000.0,5230000.0,20948000.0,0.057,0.484,28280000.0,33510000.0,0.861,33510000.0,28280000.0,19167000.0,0.566,0.556,0.566,626645000.0,,626645000.0,1487152599.0,14.0,10.433,12974000.0,0.439,1.0,23631000.0,0.607,0.0,9113000.0,1954395000.0,,0.0,364263000.0,,,690086000.0,,,959974599.0,44570000.0,7163000.0,497000.0,-7360000.0,-16700000.0,-25351000.0,48288000.0,48970000.0,21633000.0,0.0,19167000.0,16745000.0,16745000.0,-8711000.0,0.0,0.43,8793000.0,14838000.0,73259000.0,0.855,1.532,14.851,14.769,849108000.0,2422000.0,32.522,4.46,4.439,67186000.0,50058000.0,38940000.0,38940000.0,0.0,,,,,425000.0,3563000.0,1.0,29517609.0,29527381.0,36714654.0,1.319,1473170000.0,0.0,0.0,0.0,49.892,
75,SLG,MRQ,2002-09-30,2002-09-30,2002-09-30,2021-08-06,-8279000.0,1467192000.0,,,,,21.195,-9168000.0,45988000.0,45988000.0,26136000.0,19436000.0,,1.096,573166000.0,,,573166000.0,3777000.0,9421000.0,19420000.0,0.057,0.453,28505000.0,37926000.0,0.624,37926000.0,28505000.0,19436000.0,0.576,0.556,0.576,625165000.0,,625165000.0,1493091506.0,14.0,10.556,23440000.0,0.795,1.0,34667000.0,0.57,0.0,9069000.0,1994370000.0,,0.0,414963000.0,,,685487000.0,,,931973506.0,-7036000.0,9668000.0,512000.0,-25478000.0,-16712000.0,-41767000.0,2123000.0,250000.0,32608000.0,0.0,19436000.0,17013000.0,17013000.0,-1715000.0,0.0,0.28,12581000.0,22086000.0,65094000.0,0.786,1.491,15.158,15.065,847640000.0,2423000.0,31.637,4.06,4.065,67890000.0,47460000.0,60803000.0,60803000.0,0.0,,,,,178000.0,3160000.0,1.0,29458336.0,29496288.0,36738945.0,2.061,1467192000.0,0.0,0.0,0.0,49.742,
76,SLG,MRQ,2002-06-30,2002-06-30,2002-06-30,2021-08-06,-4709000.0,1479874000.0,,,,,21.248,-3087000.0,54977000.0,54977000.0,23408000.0,18098000.0,,1.122,616095000.0,,,616095000.0,2920000.0,8872000.0,19261000.0,0.048,0.453,26919000.0,35791000.0,0.618,35791000.0,26919000.0,18098000.0,0.535,0.525,0.535,623487000.0,,623487000.0,1535522104.0,15.0,11.219,19920000.0,0.679,1.0,34511000.0,0.596,0.0,8821000.0,2040992000.0,,0.0,421551000.0,,,699269000.0,,,1072314104.0,8057000.0,-91619000.0,3478000.0,100343000.0,-18903000.0,84086000.0,-99036000.0,-6128000.0,23007000.0,0.0,18098000.0,15675000.0,15675000.0,-1625000.0,0.0,0.271,12489000.0,22022000.0,58371000.0,0.847,1.72,18.68,18.474,881975000.0,2423000.0,36.69,4.692,4.711,68109000.0,43861000.0,57919000.0,57919000.0,0.0,,,,,995000.0,3357000.0,1.0,29226109.0,29343739.0,32242162.0,1.974,1479874000.0,0.0,0.0,0.0,50.432,
77,SLG,MRQ,2002-03-31,2002-03-31,2002-03-31,2021-08-06,-1709000.0,1367985000.0,,,,,21.219,-5761000.0,49555000.0,49555000.0,23541000.0,17636000.0,,0.956,512763000.0,,,512763000.0,1676000.0,9267000.0,19019000.0,0.049,0.453,26054000.0,35321000.0,0.595,35321000.0,26054000.0,17636000.0,0.525,0.515,0.525,618363000.0,,618363000.0,1480232870.0,14.0,10.47,18939000.0,0.65,1.0,35831000.0,0.603,0.0,8418000.0,1831193000.0,,0.0,316889000.0,,,590974000.0,,,1008239870.0,-764000.0,3638000.0,2160000.0,-9644000.0,-14277000.0,-21761000.0,-3703000.0,-482000.0,24700000.0,0.0,17636000.0,15213000.0,15213000.0,-553000.0,0.0,0.256,12469000.0,23362000.0,55228000.0,0.863,1.63,17.609,16.467,887133000.0,2423000.0,34.58,4.252,4.25,64987000.0,41598000.0,59372000.0,59372000.0,0.0,,,,,-179000.0,3202000.0,1.0,29156347.0,29141637.0,31972045.0,2.037,1367985000.0,0.0,0.0,0.0,46.943,
78,SLG,MRQ,2001-12-31,2001-12-31,2001-12-31,2021-08-06,-2911000.0,1371577000.0,,,,,21.021,-8684000.0,51617000.0,51617000.0,20577000.0,15997000.0,,0.981,523610000.0,,,523610000.0,1381000.0,8653000.0,18829000.0,0.052,0.453,23750000.0,32403000.0,0.63,32403000.0,23750000.0,15997000.0,0.463,0.453,0.463,612908000.0,,612908000.0,1381559831.0,13.0,9.681,12134000.0,0.416,1.0,30881000.0,0.6,0.0,7753000.0,1843570000.0,,0.0,320318000.0,,,601008000.0,,,920031831.0,7202000.0,22504000.0,-84000.0,20768000.0,-14786000.0,4971000.0,-18587000.0,-33019000.0,20818000.0,0.0,15997000.0,13582000.0,13582000.0,-4027000.0,0.0,0.264,12696000.0,18185000.0,53475000.0,0.978,1.501,17.247,15.508,883599000.0,2415000.0,31.606,3.821,3.443,64146000.0,39684000.0,51458000.0,51458000.0,0.0,,,,,1627000.0,4043000.0,1.0,29109286.0,29157182.0,31924436.0,1.765,1371577000.0,0.0,0.0,0.0,47.041,
79,SLG,MRQ,2001-09-30,2001-09-30,2001-09-30,2021-08-06,-4500000.0,1346171000.0,,,,,22.034,9080000.0,43095000.0,43095000.0,24994000.0,15347000.0,,0.947,504623000.0,,,504623000.0,1363000.0,8283000.0,18903000.0,0.05,0.401,25071000.0,33354000.0,0.558,33354000.0,25071000.0,15347000.0,0.463,0.453,0.463,610390000.0,,610390000.0,1486510600.0,12.0,9.534,33678000.0,1.216,1.0,34801000.0,0.582,0.0,9724000.0,1807699000.0,,0.0,309520000.0,,,578190000.0,,,941299600.0,-37751000.0,-16498000.0,150378000.0,-132199000.0,-12819000.0,2214000.0,-64563000.0,-55682000.0,24598000.0,0.0,15347000.0,12933000.0,12933000.0,-786000.0,0.0,0.216,12908000.0,21893000.0,49528000.0,0.866,1.542,14.319,12.122,880225000.0,2414000.0,32.44,3.863,3.688,14112000.0,40116000.0,59795000.0,59795000.0,0.0,,,,,0.0,4116000.0,1.0,29016844.0,27702628.0,30483481.0,2.158,1346171000.0,0.0,0.0,0.0,48.594,
80,SLG,MRQ,2001-06-30,2001-06-30,2001-06-30,2021-08-06,-1896000.0,1320693000.0,,,,,19.385,-43271000.0,81258000.0,81258000.0,25198000.0,17945000.0,,1.506,626469000.0,,,626469000.0,1587000.0,9189000.0,20776000.0,0.05,0.401,31116000.0,40305000.0,0.606,40305000.0,31116000.0,17945000.0,0.648,0.618,0.648,465358000.0,,465358000.0,1455934491.0,12.0,9.102,-24661000.0,-1.027,1.0,41278000.0,0.621,0.0,13171000.0,1865904000.0,,0.0,230259000.0,,,700787000.0,,,748813491.0,35664000.0,-2877000.0,2744000.0,77948000.0,-12757000.0,68659000.0,-51605000.0,-7714000.0,18610000.0,0.0,17945000.0,15530000.0,15530000.0,0.0,0.0,0.234,12857000.0,28421000.0,47584000.0,0.619,1.609,10.884,10.824,891839000.0,2415000.0,31.194,3.06,3.06,8991000.0,38787000.0,66476000.0,66476000.0,0.0,,,,,0.0,3668000.0,1.0,24004698.0,24005511.0,31270515.0,2.769,1320693000.0,0.0,0.0,0.0,55.016,
81,SLG,MRQ,2001-03-31,2001-03-31,2001-03-31,2021-08-06,-2409000.0,1443513000.0,,,,,18.998,-279832000.0,51523000.0,51523000.0,27165000.0,13712000.0,,1.835,758644000.0,,,758644000.0,2073000.0,9720000.0,20137000.0,0.055,0.401,27609000.0,37329000.0,0.557,37329000.0,27609000.0,13712000.0,0.473,0.463,0.473,454815000.0,,454815000.0,1052131106.0,9.0,6.854,-263270000.0,-10.997,1.0,39829000.0,0.595,0.0,13897000.0,2150634000.0,,0.0,172574000.0,,,834748000.0,,,673728106.0,-2715000.0,-6944000.0,621000.0,279811000.0,-12700000.0,266029000.0,-285306000.0,-40930000.0,16562000.0,0.0,13712000.0,11298000.0,11298000.0,0.0,0.0,0.169,13267000.0,26562000.0,48380000.0,0.848,1.481,10.169,10.166,1104997000.0,2414000.0,28.251,2.87,2.881,9986000.0,32894000.0,66994000.0,66994000.0,0.0,,,,,0.0,3547000.0,1.0,23847938.0,23940410.0,26626043.0,2.798,1443513000.0,0.0,0.0,0.0,60.296,
82,SLG,MRQ,2000-12-31,2000-12-31,2000-12-31,2021-08-06,0.0,1161154000.0,,,,,19.113,58892000.0,97616000.0,97616000.0,20668000.0,28384000.0,,1.213,476019000.0,,,476019000.0,1112000.0,7006000.0,19014000.0,0.053,0.401,37928000.0,44934000.0,0.891,44934000.0,37928000.0,28384000.0,1.091,0.978,1.091,455073000.0,,455073000.0,1124162388.0,9.0,7.136,69838000.0,2.933,1.0,29735000.0,0.59,0.0,9544000.0,1539557000.0,,0.0,122697000.0,,,551981000.0,,,685464388.0,-3271000.0,2928000.0,556000.0,-11326000.0,-12024000.0,-25611000.0,11394000.0,-271000.0,10946000.0,0.0,28384000.0,25978000.0,25978000.0,-2590000.0,0.0,0.515,10050000.0,19685000.0,50654000.0,0.368,1.506,8.95,8.916,828273000.0,2406000.0,28.817,3.08,3.067,54313000.0,31166000.0,50403000.0,50403000.0,0.0,,,,,1632000.0,3044000.0,1.0,23786765.0,23810208.0,31079100.0,2.117,1161154000.0,0.0,0.0,0.0,48.767,
83,SLG,MRQ,2000-09-30,2000-09-30,2000-09-30,2021-08-06,0.0,1153718000.0,,,,,18.413,-25447000.0,48647000.0,48647000.0,25723000.0,18398000.0,,1.288,487345000.0,,,487345000.0,1444000.0,8300000.0,18951000.0,0.051,0.371,29096000.0,37396000.0,0.614,37396000.0,29096000.0,18398000.0,0.669,0.638,0.669,437574000.0,,437574000.0,1145339065.0,11.0,8.164,-2646000.0,-0.111,1.0,35151000.0,0.577,0.0,10698000.0,1592416000.0,,0.0,117478000.0,,,563724000.0,,,684571065.0,-1253000.0,4460000.0,953000.0,-19866000.0,-12005000.0,-31400000.0,7346000.0,28333000.0,22801000.0,0.0,18398000.0,15991000.0,15991000.0,0.0,0.0,0.263,10840000.0,24311000.0,50082000.0,0.555,1.564,11.512,11.593,862021000.0,2407000.0,28.879,3.029,3.036,10096000.0,14633000.0,60874000.0,60874000.0,0.0,,,,,-787000.0,2540000.0,1.0,23704969.0,23764542.0,31091732.0,2.562,1153718000.0,0.0,0.0,0.0,48.548,
84,SLG,MRQ,2000-06-30,2000-06-30,2000-06-30,2021-08-06,0.0,1160842000.0,,,,,18.095,3084000.0,46443000.0,46443000.0,23655000.0,15395000.0,,1.358,507211000.0,,,507211000.0,1838000.0,8403000.0,18104000.0,0.054,0.371,25448000.0,33851000.0,0.599,33851000.0,25448000.0,15395000.0,0.545,0.545,0.545,427407000.0,,427407000.0,1088236990.0,11.0,8.434,6082000.0,0.257,1.0,32839000.0,0.581,0.0,10053000.0,1621610000.0,,0.0,148339000.0,,,580330000.0,,,647992990.0,5170000.0,4523000.0,2472000.0,18107000.0,-11959000.0,4741000.0,-2569000.0,-10176000.0,2998000.0,0.0,15395000.0,12988000.0,12988000.0,0.0,0.0,0.23,11593000.0,21246000.0,51354000.0,0.681,1.516,12.571,12.73,857582000.0,2407000.0,27.51,2.948,2.956,7632000.0,7565000.0,56494000.0,56494000.0,0.0,,,,,787000.0,3190000.0,1.0,23554824.0,23619767.0,30843962.0,2.392,1160842000.0,0.0,0.0,0.0,49.147,
85,SLG,MRQ,2000-03-31,2000-03-31,2000-03-31,2021-08-06,0.0,1123934000.0,,,,,17.848,29081000.0,48860000.0,48860000.0,23708000.0,24040000.0,,1.312,489104000.0,,,489104000.0,1480000.0,7816000.0,17510000.0,0.06,0.371,33532000.0,41348000.0,0.755,41348000.0,33532000.0,24040000.0,0.916,0.854,0.916,420031000.0,,420031000.0,970443429.0,11.0,8.152,46142000.0,1.961,1.0,31051000.0,0.567,0.0,9492000.0,1564178000.0,,0.0,133396000.0,,,551019000.0,,,575462429.0,-11414000.0,-38296000.0,380000.0,38394000.0,-11954000.0,26395000.0,-54870000.0,-45655000.0,17061000.0,0.0,24040000.0,21633000.0,21633000.0,0.0,0.0,0.395,10604000.0,20447000.0,39767000.0,0.405,1.37,12.26,12.37,852796000.0,2407000.0,24.443,2.688,2.687,5525000.0,3418000.0,54759000.0,54759000.0,0.0,,,,,0.0,2788000.0,1.0,23543004.0,23533290.0,30637002.0,2.327,1123934000.0,0.0,0.0,0.0,47.759,
86,SLG,MRQ,1999-12-31,1999-12-31,1999-12-31,2021-08-06,0.0,1071242000.0,,,,,17.283,-40252000.0,55729000.0,55729000.0,23112000.0,10984000.0,,1.264,450710000.0,,,450710000.0,306000.0,7555000.0,18905000.0,0.065,0.371,20142000.0,27697000.0,0.514,27697000.0,20142000.0,11254000.0,0.36,0.36,0.36,406104000.0,,406104000.0,903225018.0,13.0,9.124,-31580000.0,-1.344,1.0,30777000.0,0.571,0.0,8888000.0,1466223000.0,,0.0,48419000.0,,,513296000.0,,,526429018.0,13152000.0,-594000.0,0.0,37574000.0,-11621000.0,24425000.0,-19945000.0,20901000.0,8672000.0,0.0,11254000.0,8854000.0,8854000.0,0.0,-270000.0,0.164,10090000.0,20687000.0,40725000.0,1.031,1.296,15.701,15.876,877718000.0,2400000.0,22.385,2.555,2.554,6210000.0,-9422000.0,53889000.0,53889000.0,0.0,,,,,0.0,2535000.0,1.0,23517387.0,23497339.0,25906052.0,2.293,1071242000.0,0.0,0.0,0.0,45.59,
87,SLG,MRQ,1999-09-30,1999-09-30,1999-09-30,2021-08-06,0.0,1030241000.0,,,,,17.247,-10804000.0,36340000.0,36340000.0,24957000.0,10472000.0,,1.156,413136000.0,,,413136000.0,0.0,7888000.0,18481000.0,0.068,0.36,18244000.0,26132000.0,0.478,26132000.0,18244000.0,10472000.0,0.34,0.34,0.34,405541000.0,,405541000.0,876095433.0,14.0,9.896,11075000.0,0.471,1.0,29695000.0,0.543,0.0,7772000.0,1407037000.0,,0.0,68321000.0,,,468894000.0,,,495932433.0,-1659000.0,-17553000.0,0.0,16757000.0,-11618000.0,4819000.0,-28357000.0,0.0,21879000.0,0.0,10472000.0,8073000.0,8073000.0,0.0,0.0,0.148,10656000.0,19039000.0,34936000.0,1.059,1.223,15.707,15.768,841877000.0,2399000.0,21.098,2.59,2.591,42935000.0,-9290000.0,54652000.0,54652000.0,0.0,,,,,0.0,2979000.0,1.0,23505915.0,23513857.0,25948805.0,2.324,1030241000.0,0.0,0.0,0.0,43.814,
88,SLG,MRQ,1999-06-30,1999-06-30,1999-06-30,2021-08-06,0.0,1031601000.0,,,,,17.241,-99854000.0,37016000.0,37016000.0,21786000.0,10776000.0,,1.161,417179000.0,,,417179000.0,0.0,6379000.0,16847000.0,0.069,0.36,17487000.0,23866000.0,0.47,23866000.0,17487000.0,10776000.0,0.36,0.36,0.36,405261000.0,,405261000.0,758592923.0,13.0,9.585,-95313000.0,-4.055,1.0,29023000.0,0.571,0.0,6711000.0,1411764000.0,,0.0,45615000.0,,,470545000.0,,,494480923.0,-11343000.0,4660000.0,0.0,107793000.0,-11617000.0,93810000.0,-109694000.0,-14500000.0,4541000.0,0.0,10776000.0,8377000.0,8377000.0,0.0,0.0,0.165,9361000.0,19662000.0,34165000.0,1.0,1.22,15.786,15.722,866305000.0,2399000.0,21.036,2.801,2.801,35997000.0,-8894000.0,50809000.0,50809000.0,0.0,,,,,0.0,2771000.0,1.0,23505915.0,23506084.0,25931315.0,2.162,1031601000.0,0.0,0.0,0.0,43.887,
89,SLG,MRQ,1999-03-31,1999-03-31,1999-03-31,2021-08-06,0.0,920307000.0,,,,,17.226,-72330000.0,45274000.0,45274000.0,21510000.0,10613000.0,,0.89,309386000.0,,,309386000.0,0.0,5438000.0,17805000.0,0.074,0.36,15851000.0,21289000.0,0.456,21289000.0,15851000.0,10613000.0,0.35,0.35,0.35,404921000.0,,404921000.0,607080247.0,12.0,8.804,-59409000.0,-2.527,1.0,25152000.0,0.539,0.0,5238000.0,1184419000.0,,0.0,35650000.0,,,360388000.0,,,455048247.0,15175000.0,1648000.0,0.0,87483000.0,-11533000.0,72936000.0,-70682000.0,0.0,12921000.0,0.0,10613000.0,8214000.0,8214000.0,0.0,0.0,0.176,8083000.0,17069000.0,31486000.0,1.029,1.124,16.484,15.675,772507000.0,2399000.0,19.359,2.855,2.855,32149000.0,-8811000.0,46662000.0,46662000.0,0.0,,,,,0.0,2645000.0,1.0,23505915.0,23506084.0,25907996.0,1.985,920307000.0,0.0,0.0,0.0,39.152,
90,SLG,MRQ,1998-12-31,1998-12-31,1998-12-31,2021-08-06,0.0,777796000.0,,,,,21.176,-7824000.0,24871000.0,24871000.0,18806000.0,9256000.0,,0.547,176903000.0,,,176903000.0,0.0,4690000.0,16949000.0,0.065,0.36,12552000.0,17242000.0,0.438,17242000.0,12552000.0,9256000.0,0.288,0.288,0.288,404826000.0,,404826000.0,645395478.0,15.0,11.139,-3501000.0,-0.183,1.0,20521000.0,0.522,0.0,3296000.0,929828000.0,,0.0,37095000.0,,,221529000.0,,,517838478.0,5260000.0,-2290000.0,-893000.0,28858000.0,-11586000.0,11051000.0,-10114000.0,0.0,4323000.0,0.0,9256000.0,6910000.0,6910000.0,0.0,0.0,0.176,7737000.0,12784000.0,27183000.0,1.25,1.279,22.053,18.164,659744000.0,2346000.0,22.251,3.849,3.161,4196000.0,-8559000.0,39327000.0,39327000.0,0.0,,,,,0.0,1806000.0,1.0,23272720.0,19117155.0,21517123.0,2.057,777796000.0,0.0,0.0,0.0,40.686,
91,SLG,MRQ,1998-09-30,1998-09-30,1998-09-30,2021-08-06,0.0,753929000.0,,,,,17.468,-104455000.0,20488000.0,20488000.0,20611000.0,10256000.0,,0.484,148045000.0,,,148045000.0,0.0,4070000.0,17666000.0,0.074,0.36,12675000.0,16745000.0,0.421,16745000.0,12675000.0,10256000.0,0.34,0.34,0.34,406018000.0,,406018000.0,507395531.0,15.0,11.155,-97798000.0,-4.207,1.0,19139000.0,0.481,0.0,2419000.0,881486000.0,,0.0,33970000.0,,,196355000.0,,,499638531.0,-37502000.0,-6159000.0,-162000.0,81572000.0,-10285000.0,71087000.0,-115246000.0,-4632000.0,6657000.0,0.0,10256000.0,7823000.0,7823000.0,0.0,0.0,0.197,5640000.0,13499000.0,30263000.0,1.059,1.231,26.923,,656060000.0,2433000.0,21.613,4.789,4.815,23081000.0,-7085000.0,39750000.0,39750000.0,0.0,,,,,0.0,1571000.0,1.0,23117728.0,23243740.0,23249569.0,1.71,753929000.0,0.0,0.0,0.0,32.436,
92,SLG,MRQ,1998-06-30,1998-06-30,1998-06-30,2021-08-06,0.0,672406000.0,,,,,22.792,-76080000.0,58715000.0,58715000.0,17266000.0,5850000.0,,0.284,66472000.0,,,66472000.0,0.0,3951000.0,16140000.0,0.054,0.36,9727000.0,13678000.0,0.406,13678000.0,9727000.0,5850000.0,0.257,0.257,0.257,406547000.0,,406547000.0,559460997.0,27.0,18.798,-74258000.0,-4.163,1.0,16397000.0,0.487,0.0,3877000.0,680163000.0,,0.0,23201000.0,,,115389000.0,,,276576997.0,27853000.0,0.0,243110000.0,-240378000.0,-5137000.0,108380000.0,-82349000.0,-6269000.0,1822000.0,0.0,5850000.0,4659000.0,4659000.0,0.0,0.0,0.138,5295000.0,11102000.0,32414000.0,1.401,0.68,25.335,,554260000.0,1191000.0,23.157,3.856,5.758,20639000.0,-6468000.0,33663000.0,33663000.0,0.0,,,,,0.0,1344000.0,1.0,11943787.0,17837496.0,17897738.0,1.887,672406000.0,0.0,0.0,0.0,37.696,
93,SLG,MRQ,1998-03-31,1998-03-31,1998-03-31,2021-08-06,0.0,556354000.0,,,,,14.68,-168884000.0,23966000.0,23966000.0,10135000.0,4089000.0,,1.98,306850000.0,,,306850000.0,0.0,2693000.0,15452000.0,0.034,0.36,7583000.0,10276000.0,0.463,10276000.0,7583000.0,4089000.0,0.34,0.34,0.34,175331000.0,,175331000.0,399472469.0,33.0,23.252,-159021000.0,-13.314,1.0,12062000.0,0.543,0.0,3494000.0,839238000.0,,0.0,17023000.0,,,347159000.0,,,314191469.0,-2157000.0,0.0,0.0,163541000.0,-5136000.0,156864000.0,-168884000.0,0.0,9863000.0,0.0,4089000.0,4089000.0,4089000.0,0.0,0.0,0.184,3731000.0,8331000.0,23841000.0,1.059,1.792,47.183,,481590000.0,0.0,26.306,7.583,7.583,17630000.0,-2800000.0,22197000.0,22197000.0,0.0,,,,,0.0,1038000.0,1.0,11943787.0,11943485.0,12052309.0,1.859,556354000.0,0.0,0.0,0.0,46.582,
94,SLG,MRQ,1997-12-31,1997-12-31,1997-12-31,2021-08-06,0.0,382775000.0,,,,,14.753,-70835000.0,23092000.0,23092000.0,5778000.0,1987000.0,,0.98,143310000.0,,,143310000.0,0.0,1969000.0,11475000.0,0.02,0.525,2816000.0,4785000.0,0.548,4785000.0,2816000.0,1987000.0,,,,176208000.0,,176208000.0,,,,-66490000.0,-5.567,1.0,2946000.0,0.338,0.0,829000.0,502993000.0,,0.0,18226000.0,,,172661000.0,,,318862547.0,-2581000.0,0.0,0.0,82625000.0,-2348000.0,63909000.0,-70835000.0,0.0,4345000.0,0.0,1987000.0,1987000.0,1987000.0,0.0,0.0,0.228,46000.0,2900000.0,17324000.0,,1.81,86.53,86.398,315018000.0,0.0,26.697,13.74,13.74,1463000.0,-2584000.0,8724000.0,8724000.0,0.0,,,,,0.0,-1324000.0,1.0,11943787.0,11943485.0,,0.73,382775000.0,0.0,0.0,0.0,32.049,
95,SLG,MRQ,1997-09-30,1997-09-30,1997-09-30,2021-08-06,,,,,,,,-139124000.0,,,2690000.0,182000.0,,,,,,,,247000.0,,0.0,0.0,775000.0,1022000.0,0.143,1022000.0,775000.0,182000.0,0.01,0.01,0.01,,,,,,,-138896000.0,-11.629,1.0,4459000.0,0.624,,593000.0,,,,,,,,,,,14793000.0,-61000.0,228704000.0,-69225000.0,0.0,153750000.0,-139185000.0,0.0,228000.0,0.0,182000.0,182000.0,182000.0,0.0,0.0,0.025,1283000.0,3176000.0,,0.0,,,,,0.0,26.635,,,,,7149000.0,7149000.0,0.0,,,,,0.0,437000.0,1.0,,11943485.0,12064941.0,0.599,,,0.0,,,
96,SLG,MRQ,1997-06-30,1997-06-30,1997-06-30,2021-08-06,,,,,,,,-7094000.0,,,1050000.0,401000.0,,,,,,,,328000.0,,,0.0,769000.0,1097000.0,0.326,1097000.0,769000.0,401000.0,,,,,,,,,,-6723000.0,,1.0,2313000.0,0.688,,368000.0,,,,,,,,,,,252000.0,61000.0,0.0,6902000.0,0.0,6914000.0,-7033000.0,0.0,371000.0,0.0,401000.0,401000.0,401000.0,0.0,0.0,0.119,1267000.0,1046000.0,,,,,,,0.0,,,,,,3363000.0,3363000.0,0.0,,,,,0.0,939000.0,1.0,,,,,,,0.0,,,
97,SLG,MRQ,1997-03-31,1997-03-31,1997-03-31,2021-08-06,,,,,,,,-112000.0,,,1057000.0,1115000.0,,,,,,,,271000.0,,,0.0,1460000.0,1731000.0,0.436,1731000.0,1460000.0,1115000.0,,,,,,,,,,657000.0,,1.0,2914000.0,0.734,,345000.0,,,,,,,,,,,318000.0,0.0,0.0,-66000.0,0.0,-339000.0,-112000.0,0.0,769000.0,0.0,1115000.0,1115000.0,1115000.0,0.0,0.0,0.281,1167000.0,1747000.0,,,,,,,0.0,,,,,,3971000.0,3971000.0,0.0,,,,,0.0,896000.0,1.0,,,,,,,0.0,,,
0,SLG,MRT,2021-06-30,2021-06-30,2021-06-30,2021-08-06,-66863000.0,11166164000.0,11810453750.0,,,0.079,69.428,-421607000.0,316501000.0,316501000.0,351815000.0,334296000.0,,1.211,5270942000.0,,,5270942000.0,114536000.0,296473000.0,54797000.0,0.067,5.396,389141000.0,685614000.0,0.738,685614000.0,389141000.0,297678000.0,3.974,3.954,3.974,4789132000.0,4916508250.0,4789132000.0,11073469440.0,28.0,16.151,11588000.0,0.168,1.0,577136000.0,0.621,0.0,91463000.0,16120605000.0,17104361250.0,0.0,4314201000.0,,,5798703000.0,,,5548317440.0,-784782000.0,1645953000.0,-353992000.0,-1676496000.0,-287005000.0,-2512109000.0,1294132000.0,69786000.0,433195000.0,0.0,297678000.0,282728000.0,282728000.0,0.0,36618000.0,0.304,392169000.0,184967000.0,151336000.0,1.358,1.159,19.624,20.131,5655976000.0,14950000.0,80.0,5.973,5.94,380717000.0,,928951000.0,928951000.0,0.0,0.024,0.058,0.023,0.419,0.0,93695000.0,1.0,69353968.0,68980000.0,73727000.0,13.467,11166164000.0,0.0,0.0,0.0,161.875,
1,SLG,MRT,2021-03-31,2021-03-31,2021-03-31,2021-08-06,-18897000.0,12044045000.0,12286803750.0,,,0.079,71.164,-405742000.0,401607000.0,401607000.0,346722000.0,283789000.0,,1.331,5926759000.0,,,5926759000.0,119215000.0,333422000.0,54181000.0,0.077,5.397,351363000.0,684785000.0,0.71,684785000.0,351363000.0,248790000.0,3.214,3.204,3.214,4911026000.0,4999218250.0,4911026000.0,9901776522.0,28.0,14.46,125070000.0,1.812,1.0,617821000.0,0.641,0.0,102573000.0,17569197000.0,17726394750.0,0.0,4819687000.0,,,6535798000.0,,,4853864522.0,-219415000.0,1101813000.0,-391805000.0,-1026501000.0,-289216000.0,-1956256000.0,1206029000.0,509958000.0,530812000.0,0.0,248790000.0,233840000.0,233840000.0,0.0,34999000.0,0.242,433789000.0,184032000.0,144939000.0,1.679,0.988,20.757,21.777,5825629000.0,14950000.0,69.99,5.032,5.008,381235000.0,,964543000.0,964543000.0,0.0,0.019,0.047,0.02,0.364,0.0,95141000.0,1.0,69350829.0,69010000.0,74070000.0,13.977,12044045000.0,0.0,0.0,0.0,174.526,
2,SLG,MRT,2020-12-31,2020-12-31,2020-12-31,2021-08-06,-67247000.0,11707567000.0,12580944250.0,,,0.084,67.672,-544986000.0,372795000.0,372795000.0,359515000.0,414758000.0,,1.265,5420707000.0,,,5420707000.0,118572000.0,337446000.0,53836000.0,0.078,4.791,487734000.0,825180000.0,0.784,825180000.0,487734000.0,371055000.0,4.88,4.87,4.88,4909763000.0,5087328250.0,4909763000.0,9971819444.0,20.0,12.084,9250000.0,0.127,1.0,693229000.0,0.658,0.0,116679000.0,16755479000.0,18146380500.0,0.0,4928434000.0,,,6211341000.0,,,4323694444.0,131365000.0,1166639000.0,-527477000.0,-385769000.0,-293996000.0,-1479301000.0,1056430000.0,434777000.0,554236000.0,0.0,371055000.0,356105000.0,356105000.0,0.0,43703000.0,0.338,435040000.0,258189000.0,300603000.0,0.982,0.881,12.142,12.565,5399002000.0,14950000.0,61.319,4.107,4.226,381955000.0,1015462000.0,1052744000.0,1052744000.0,0.0,0.028,0.07,0.027,0.463,0.0,91826000.0,1.0,70511996.0,72552000.0,77243000.0,14.51,11707567000.0,0.0,0.0,0.0,161.368,
3,SLG,MRT,2020-09-30,2020-09-30,2020-09-30,2021-08-06,-76200000.0,12324039000.0,12845632500.0,,,0.088,71.263,-471736000.0,304449000.0,304449000.0,379048000.0,238673000.0,,1.312,5952574000.0,,,5952574000.0,117615000.0,345449000.0,56212000.0,0.064,3.036,353310000.0,698759000.0,0.621,698759000.0,353310000.0,217486000.0,2.712,2.702,2.712,5056112000.0,5220216250.0,5056112000.0,8933805832.0,25.0,12.785,-66753000.0,-0.941,1.0,746880000.0,0.663,0.0,135824000.0,17972164000.0,18572297250.0,0.0,4127770000.0,,,6634385000.0,,,3396630832.0,87905000.0,463768000.0,-590788000.0,8703000.0,-304839000.0,-1047495000.0,730417000.0,738385000.0,404983000.0,0.0,217486000.0,202536000.0,202536000.0,0.0,21187000.0,0.18,371767000.0,375113000.0,178469000.0,1.119,0.672,16.771,17.597,6761243000.0,14950000.0,47.723,3.017,3.007,409415000.0,,1125928000.0,1125928000.0,0.0,0.016,0.039,0.019,0.314,0.0,92257000.0,1.0,71173736.0,70949664.0,75293898.0,15.869,12324039000.0,0.0,0.0,0.0,173.701,
4,SLG,MRT,2020-06-30,2020-06-30,2020-06-30,2021-08-06,-82371000.0,13071564000.0,13088368750.0,,,0.091,69.623,-430364000.0,1101283000.0,1101283000.0,399089000.0,258718000.0,,1.422,6638458000.0,,,6638458000.0,99655000.0,323627000.0,58486000.0,0.059,3.0,397184000.0,720811000.0,0.606,720811000.0,397184000.0,236784000.0,2.928,2.918,2.928,5119972000.0,5379225250.0,5119972000.0,9801120742.0,25.0,13.597,-47501000.0,-0.646,1.0,790629000.0,0.665,0.0,160400000.0,18608739000.0,18915036250.0,0.0,4201962000.0,,,7281652000.0,,,3772587742.0,860136000.0,374902000.0,-626699000.0,544257000.0,-310510000.0,-507444000.0,984717000.0,1040179000.0,382863000.0,0.0,236784000.0,221834000.0,221834000.0,0.0,21934000.0,0.186,351275000.0,439354000.0,191176000.0,1.025,0.737,17.006,17.325,6804052000.0,14950000.0,50.728,3.171,3.136,410018000.0,,1189718000.0,1189718000.0,0.0,0.017,0.041,0.021,0.334,0.0,92496000.0,1.0,74368504.0,73538000.0,78066000.0,16.178,13071564000.0,0.0,0.0,0.0,177.753,
5,SLG,MRT,2020-03-31,2020-03-31,2020-03-31,2021-08-06,-80868000.0,13220607000.0,13227963000.0,,,0.094,69.571,-664625000.0,621022000.0,621022000.0,421542000.0,365832000.0,,1.378,6649555000.0,,,6649555000.0,116197000.0,297458000.0,59318000.0,0.067,2.964,518933000.0,816391000.0,0.654,816391000.0,518933000.0,341443000.0,4.165,4.155,4.165,5263466000.0,5551712750.0,5263466000.0,9051845878.0,17.0,11.088,-308439000.0,-4.077,1.0,827501000.0,0.663,0.0,177490000.0,19249140000.0,19238656250.0,0.0,4657052000.0,,,7251728000.0,,,3359019878.0,325311000.0,329275000.0,-569279000.0,672489000.0,-308649000.0,-307794000.0,276919000.0,612269000.0,356186000.0,0.0,341443000.0,326493000.0,326493000.0,0.0,24389000.0,0.261,327120000.0,500381000.0,185313000.0,0.712,0.638,10.288,10.65,6931798000.0,14950000.0,44.358,2.689,2.687,424817000.0,,1249043000.0,1249043000.0,0.0,0.025,0.059,0.027,0.415,0.0,94466000.0,1.0,75725791.0,75656000.0,80352000.0,16.51,13220607000.0,0.0,0.0,0.0,174.746,
6,SLG,MRT,2019-12-31,2019-12-31,2019-12-31,2021-08-06,-28485000.0,12766320000.0,13269254750.0,,,0.093,68.517,-515577000.0,241430000.0,241430000.0,425440000.0,291487000.0,,1.205,5934256000.0,,,5934256000.0,114052000.0,297755000.0,62252000.0,0.037,3.535,460955000.0,758710000.0,0.612,758710000.0,460955000.0,270434000.0,3.2,3.19,3.2,5441315000.0,5685296000.0,5441315000.0,13408668067.0,29.0,17.673,-139104000.0,-1.752,1.0,813555000.0,0.657,0.0,190521000.0,18459146000.0,19279823000.0,0.0,4523035000.0,,,6555975000.0,,,7360532067.0,-37683000.0,153401000.0,-384065000.0,262908000.0,-306386000.0,-528650000.0,114494000.0,476670000.0,376473000.0,0.0,270434000.0,255484000.0,255484000.0,0.0,21053000.0,0.206,407150000.0,406405000.0,246187000.0,1.105,1.353,28.81,29.55,6724007000.0,14950000.0,94.561,5.941,6.061,348100000.0,1084719000.0,1238995000.0,1238995000.0,0.0,0.019,0.045,0.024,0.372,0.0,100875000.0,1.0,77838908.0,79415000.0,84234000.0,15.602,12766320000.0,0.0,0.0,0.0,160.755,
7,SLG,MRT,2019-09-30,2019-09-30,2019-09-30,2021-08-06,-40132000.0,13294984000.0,13265514250.0,,,0.094,71.189,-523255000.0,216544000.0,216544000.0,421909000.0,208912000.0,,1.202,6264680000.0,,,6264680000.0,126321000.0,301242000.0,62166000.0,0.042,3.499,389554000.0,690796000.0,0.554,690796000.0,389554000.0,191783000.0,2.256,2.256,2.256,5692148000.0,5800347500.0,5692148000.0,13010853199.0,33.0,18.835,-99830000.0,-1.249,1.0,826040000.0,0.662,0.0,197771000.0,19343120000.0,19180327750.0,0.0,4908359000.0,,,6843536000.0,,,6737575199.0,-42048000.0,348701000.0,-380812000.0,420634000.0,-307027000.0,-406003000.0,-59470000.0,115084000.0,423425000.0,0.0,191783000.0,176833000.0,176833000.0,0.0,17129000.0,0.142,413037000.0,413003000.0,221902000.0,1.551,1.184,38.101,37.294,6941094000.0,14950000.0,84.135,5.399,5.391,371411000.0,,1247949000.0,1247949000.0,0.0,0.013,0.03,0.02,0.312,0.0,101330000.0,1.0,80080058.0,79958775.0,84255398.0,15.607,13294984000.0,0.0,0.0,0.0,166.273,
8,SLG,MRT,2019-06-30,2019-06-30,2019-06-30,2021-08-06,-28395000.0,13629941000.0,13305519250.0,,,0.093,72.067,-563992000.0,241147000.0,241147000.0,418093000.0,267644000.0,,1.216,6514425000.0,,,6514425000.0,122941000.0,297586000.0,62735000.0,0.042,3.461,451662000.0,749248000.0,0.603,749248000.0,451662000.0,246835000.0,2.904,2.904,2.904,5809922000.0,5930975000.0,5809922000.0,12805414002.0,28.0,17.091,-150752000.0,-1.87,1.0,823767000.0,0.663,0.0,204827000.0,19903219000.0,19039704250.0,0.0,5196043000.0,,,7062331000.0,,,6777381002.0,-138833000.0,466383000.0,-340548000.0,287642000.0,-306991000.0,-499267000.0,-52806000.0,44803000.0,413240000.0,0.0,246835000.0,231885000.0,231885000.0,0.0,20809000.0,0.187,411404000.0,412363000.0,212745000.0,1.192,1.167,29.227,28.483,7333209000.0,14950000.0,82.715,5.457,5.37,403615000.0,,1241860000.0,1241860000.0,0.0,0.017,0.039,0.024,0.364,0.0,98083000.0,1.0,81936319.0,80618523.0,84920005.0,15.404,13629941000.0,0.0,0.0,0.0,169.067,
9,SLG,MRT,2019-03-31,2019-03-31,2019-03-31,2021-08-06,-4005000.0,13385774000.0,13326516000.0,,,0.092,71.621,-301563000.0,295711000.0,295711000.0,414641000.0,209802000.0,,1.18,6323744000.0,,,6323744000.0,102598000.0,293456000.0,61139000.0,0.037,3.422,400566000.0,694022000.0,0.564,694022000.0,400566000.0,189288000.0,2.132,2.132,2.132,5797799000.0,6026198500.0,5797799000.0,12888747205.0,32.0,18.571,107741000.0,1.331,1.0,815311000.0,0.663,0.0,211278000.0,19413807000.0,18872544500.0,0.0,5357015000.0,,,6843805000.0,,,7582543205.0,-82554000.0,525202000.0,-602781000.0,590667000.0,-308900000.0,-425675000.0,-66183000.0,-289822000.0,409304000.0,0.0,189288000.0,174338000.0,174338000.0,0.0,20514000.0,0.142,422281000.0,393030000.0,191946000.0,1.605,1.308,43.493,43.407,6782418000.0,14950000.0,92.544,6.165,6.091,414386000.0,,1229952000.0,1229952000.0,0.0,0.013,0.029,0.021,0.326,0.0,95082000.0,1.0,81934557.0,80950827.0,85320323.0,15.194,13385774000.0,0.0,0.0,0.0,165.357,
10,SLG,MRT,2018-12-31,2018-12-31,2018-12-31,2021-08-06,15108000.0,12751358000.0,13325290000.0,,,0.092,70.181,-314946000.0,279113000.0,279113000.0,415698000.0,270856000.0,,1.036,5588920000.0,,,5588920000.0,94453000.0,291915000.0,64688000.0,0.042,3.383,455931000.0,747846000.0,0.609,747846000.0,455931000.0,247262000.0,2.75,2.75,2.75,5901521000.0,6198695000.0,5901521000.0,12068831012.0,26.0,16.138,126591000.0,1.505,1.0,811694000.0,0.661,0.0,208669000.0,18061165000.0,18636060250.0,0.0,5147051000.0,,,6115271000.0,,,6743209012.0,29087000.0,1063693000.0,-950493000.0,241631000.0,-313230000.0,-1094112000.0,681662000.0,-67085000.0,441537000.0,0.0,247262000.0,232312000.0,232312000.0,0.0,23594000.0,0.189,406202000.0,405492000.0,227490000.0,1.23,1.143,29.027,29.595,6414798000.0,14950000.0,81.388,5.494,5.576,405607000.0,1278998000.0,1227392000.0,1227392000.0,0.0,0.017,0.037,0.024,0.371,0.0,92631000.0,1.0,82853045.0,84090000.0,89071000.0,14.596,12751358000.0,0.0,0.0,0.0,151.639,
11,SLG,MRT,2018-09-30,2018-09-30,2018-09-30,2021-08-06,36299000.0,13455004000.0,13633176500.0,,,0.093,74.749,-291690000.0,258592000.0,258592000.0,417965000.0,367511000.0,,1.033,5584214000.0,,,5584214000.0,110283000.0,306463000.0,64501000.0,0.033,3.345,554091000.0,860554000.0,0.677,860554000.0,554091000.0,336463000.0,3.726,3.726,3.726,6214658000.0,6279588000.0,6214658000.0,13963502056.0,25.0,16.226,156604000.0,1.884,1.0,853733000.0,0.671,0.0,217628000.0,18780626000.0,19028482250.0,0.0,5076420000.0,,,6418801000.0,,,8442850056.0,-90660000.0,1098100000.0,-1189633000.0,418271000.0,-318849000.0,-1136754000.0,597800000.0,-208610000.0,448294000.0,0.0,336463000.0,321513000.0,321513000.0,0.0,31048000.0,0.253,360328000.0,493405000.0,223978000.0,0.898,1.359,26.26,26.939,6524929000.0,14950000.0,100.376,6.639,6.562,395364000.0,,1271698000.0,1271698000.0,0.0,0.024,0.051,0.029,0.436,0.0,94737000.0,1.0,84112272.0,83139947.0,87864095.0,15.296,13455004000.0,0.0,0.0,0.0,161.836,
12,SLG,MRT,2018-06-30,2018-06-30,2018-06-30,2021-08-06,32622000.0,13713928000.0,14046893000.0,,,0.095,73.087,-305710000.0,379980000.0,379980000.0,460702000.0,313852000.0,,1.08,5900632000.0,,,5900632000.0,95756000.0,328822000.0,63872000.0,0.032,3.307,515217000.0,844039000.0,0.63,844039000.0,515217000.0,287123000.0,3.077,3.077,3.077,6190816000.0,6430394750.0,6190816000.0,13976141169.0,27.0,16.559,172653000.0,2.038,1.0,878051000.0,0.656,0.0,228094000.0,19234580000.0,19640409250.0,0.0,5257070000.0,,,6683877000.0,,,8889141169.0,-944000.0,1244940000.0,-1301867000.0,700025000.0,-325564000.0,-1006972000.0,527665000.0,-411565000.0,478363000.0,0.0,287123000.0,272173000.0,272173000.0,0.0,26729000.0,0.203,375194000.0,502857000.0,223824000.0,1.075,1.436,32.66,33.625,6595221000.0,14950000.0,103.464,6.64,6.546,397992000.0,,1338753000.0,1338753000.0,0.0,0.019,0.042,0.026,0.385,0.0,98106000.0,1.0,85915720.0,84704299.0,89472171.0,15.805,13713928000.0,0.0,0.0,0.0,161.904,
13,SLG,MRT,2018-03-31,2018-03-31,2018-03-31,2021-08-06,28573000.0,13380870000.0,14445837750.0,,,0.099,73.764,-316498000.0,378265000.0,378265000.0,499248000.0,213968000.0,,0.935,5465265000.0,,,5465265000.0,177896000.0,393848000.0,64647000.0,0.033,3.268,431128000.0,824976000.0,0.575,824976000.0,431128000.0,191789000.0,1.935,1.935,1.935,6487785000.0,6616618750.0,6487785000.0,14394321899.0,33.0,17.448,207900000.0,2.364,1.0,936539000.0,0.652,0.0,239339000.0,18467870000.0,20168643500.0,0.0,5148719000.0,,,6065849000.0,,,8746372899.0,-160985000.0,1088864000.0,-1173379000.0,427652000.0,-331093000.0,-1146078000.0,460695000.0,-311671000.0,524398000.0,0.0,191789000.0,176839000.0,176839000.0,0.0,22179000.0,0.123,421996000.0,514543000.0,217537000.0,1.689,1.348,49.46,51.502,6828550000.0,14950000.0,99.656,6.092,6.105,401404000.0,,1435787000.0,1435787000.0,0.0,0.012,0.027,0.021,0.3,0.0,99883000.0,1.0,87766054.0,87953486.0,92555207.0,16.324,13380870000.0,0.0,0.0,0.0,152.136,
14,SLG,MRT,2017-12-31,2017-12-31,2017-12-31,2021-08-06,18604000.0,13982904000.0,15069938000.0,,,0.1,64.996,-364681000.0,250026000.0,250026000.0,537687000.0,101069000.0,,1.065,5897975000.0,,,5897975000.0,208119000.0,419818000.0,67927000.0,0.031,3.23,358419000.0,778237000.0,0.515,778237000.0,358419000.0,101374000.0,0.895,0.895,0.895,6225093000.0,6810487750.0,6225093000.0,16036422615.0,45.0,20.606,178320000.0,1.862,1.0,973786000.0,0.644,0.0,257045000.0,19630853000.0,21041628750.0,0.0,4505609000.0,,,6629761000.0,,,9917958615.0,-119941000.0,623292000.0,-782765000.0,475816000.0,-333543000.0,-684956000.0,22014000.0,-236597000.0,543001000.0,0.0,101374000.0,86424000.0,86424000.0,0.0,-305000.0,0.057,461974000.0,511812000.0,225519000.0,3.609,1.593,114.759,116.062,7906006000.0,14950000.0,103.875,6.562,6.582,446020000.0,1139329000.0,1511473000.0,1511473000.0,0.0,0.006,0.013,0.017,0.237,0.0,100498000.0,1.0,95479587.0,95776216.0,100471215.0,15.781,13982904000.0,0.0,0.0,0.0,145.996,
15,SLG,MRT,2017-09-30,2017-09-30,2017-09-30,2021-08-06,14185000.0,15109870000.0,15538658750.0,,,0.098,71.759,-421673000.0,349252000.0,349252000.0,579736000.0,116704000.0,,1.049,6467716000.0,,,6467716000.0,252779000.0,439527000.0,68465000.0,0.031,3.19,378393000.0,817920000.0,0.537,817920000.0,378393000.0,117408000.0,1.05,1.06,1.05,6817885000.0,7085333250.0,6817885000.0,16065295482.0,42.0,19.642,125797000.0,1.324,1.0,944637000.0,0.62,0.0,260985000.0,21228334000.0,21636820000.0,0.0,4095337000.0,,,7153035000.0,,,10027485482.0,-290222000.0,332329000.0,-334811000.0,425557000.0,-330979000.0,-330347000.0,-507345000.0,-332018000.0,547470000.0,0.0,117408000.0,102458000.0,102458000.0,0.0,-704000.0,0.067,288702000.0,655935000.0,232849000.0,3.038,1.471,97.869,99.311,9421501000.0,14950000.0,104.277,6.578,6.499,472524000.0,,1524373000.0,1524373000.0,0.0,0.007,0.014,0.017,0.248,0.0,98147000.0,1.0,96162418.0,95010559.0,99661833.0,16.044,15109870000.0,0.0,0.0,0.0,159.034,
16,SLG,MRT,2017-06-30,2017-06-30,2017-06-30,2021-08-06,14354000.0,15309707000.0,15708926750.0,,,0.1,71.452,-422275000.0,380924000.0,380924000.0,583238000.0,114252000.0,,1.034,6418734000.0,,,6418734000.0,229692000.0,461271000.0,68286000.0,0.029,3.134,380707000.0,841978000.0,0.538,841978000.0,380707000.0,112791000.0,0.988,0.998,0.988,6935712000.0,7204250750.0,6935712000.0,16850286015.0,44.0,20.013,159207000.0,1.64,1.0,983216000.0,0.628,0.0,267916000.0,21347517000.0,21750890000.0,0.0,4235308000.0,,,7172522000.0,,,10767746015.0,-128880000.0,536208000.0,-189215000.0,296736000.0,-326523000.0,-319410000.0,-390952000.0,-428665000.0,581482000.0,0.0,112791000.0,97841000.0,97841000.0,0.0,1461000.0,0.062,313541000.0,669675000.0,223286000.0,3.172,1.553,110.054,110.21,9504720000.0,14950000.0,108.887,6.874,6.747,459711000.0,,1566454000.0,1566454000.0,0.0,0.006,0.014,0.018,0.243,0.0,99642000.0,1.0,98888924.0,97067535.0,101762534.0,16.138,15309707000.0,0.0,0.0,0.0,157.722,
17,SLG,MRT,2017-03-31,2017-03-31,2017-03-31,2021-08-06,16511000.0,15877271000.0,16267555750.0,,,0.11,74.274,-452702000.0,539250000.0,539250000.0,588888000.0,247332000.0,,1.016,6621790000.0,,,6621790000.0,235208000.0,757260000.0,66807000.0,0.028,3.077,530175000.0,1287435000.0,0.721,1287435000.0,530175000.0,238026000.0,2.274,2.285,2.274,7263261000.0,7299895250.0,7263261000.0,16877640107.0,32.0,13.11,190367000.0,1.947,1.0,1197030000.0,0.67,0.0,292149000.0,21959811000.0,22690276500.0,0.0,3518173000.0,,,7380279000.0,,,10723809107.0,-10533000.0,2331606000.0,22559000.0,-1968692000.0,-320155000.0,-2305448000.0,1651846000.0,-166999000.0,643069000.0,0.0,238026000.0,223076000.0,223076000.0,0.0,9306000.0,0.125,407423000.0,789607000.0,259608000.0,1.353,1.476,48.072,48.255,10387209000.0,14950000.0,109.731,6.005,6.008,525011000.0,,1785918000.0,1785918000.0,0.0,0.014,0.031,0.023,0.297,0.0,99870000.0,1.0,97727977.0,97789469.0,102561227.0,18.263,15877271000.0,0.0,0.0,0.0,162.362,
18,SLG,MRT,2016-12-31,2016-12-31,2016-12-31,2021-08-06,22137000.0,15857787000.0,17194730000.0,,,0.108,75.243,-451840000.0,369967000.0,369967000.0,594508000.0,278911000.0,,1.001,6523798000.0,,,6523798000.0,217955000.0,845605000.0,66504000.0,0.027,3.021,571095000.0,1416700000.0,0.76,1416700000.0,571095000.0,249896000.0,2.408,2.408,2.408,7324475000.0,7301122000.0,7324475000.0,16790873427.0,29.0,11.852,192170000.0,1.974,1.0,1269473000.0,0.681,0.0,321199000.0,22011618000.0,24110300250.0,0.0,3615708000.0,,,7330984000.0,,,10897201427.0,-119010000.0,2526790000.0,15109000.0,-2364164000.0,-314079000.0,-2736402000.0,1973382000.0,-101568000.0,644010000.0,0.0,249896000.0,234946000.0,234946000.0,0.0,29015000.0,0.126,690212000.0,579261000.0,280437000.0,1.255,1.488,46.382,45.967,10478638000.0,14950000.0,110.688,5.846,5.781,511807000.0,1578893000.0,1863981000.0,1863981000.0,0.0,0.014,0.032,0.024,0.306,0.0,99759000.0,1.0,98449401.0,97344455.0,101907309.0,19.148,15857787000.0,0.0,0.0,0.0,162.904,
19,SLG,MRT,2016-09-30,2016-09-30,2016-09-30,2021-08-06,-14074000.0,15790942000.0,18162194750.0,,,0.105,74.889,-572493000.0,506091000.0,506091000.0,591230000.0,339190000.0,,0.998,6399763000.0,,,6399763000.0,237548000.0,851616000.0,67709000.0,0.027,2.964,651686000.0,1503302000.0,0.785,1503302000.0,651686000.0,307184000.0,3.005,3.005,3.005,7293555000.0,7291869500.0,7293555000.0,18405408759.0,28.0,12.243,139784000.0,1.435,1.0,1323899000.0,0.691,0.0,344502000.0,21684614000.0,25996266250.0,0.0,3374498000.0,,,7275544000.0,,,10844568759.0,161536000.0,2642152000.0,15889000.0,-2350806000.0,-300259000.0,-2676429000.0,2125688000.0,-45980000.0,712277000.0,0.0,307184000.0,292233000.0,292233000.0,-1139000.0,32006000.0,0.153,731321000.0,592578000.0,262757000.0,0.986,1.487,37.109,37.023,10418719000.0,14951000.0,111.254,5.663,5.658,501458000.0,,1915129000.0,1915129000.0,0.0,0.016,0.04,0.025,0.34,0.0,96708000.0,1.0,97475418.0,97391094.0,102161881.0,19.664,15790942000.0,0.0,0.0,0.0,162.139,
20,SLG,MRT,2016-06-30,2016-06-30,2016-06-30,2021-08-06,-16558000.0,17544223000.0,19087101500.0,,,0.101,75.218,-3089523000.0,443131000.0,443131000.0,587243000.0,472600000.0,,1.231,8003971000.0,,,8003971000.0,384145000.0,887481000.0,68199000.0,0.026,2.841,792668000.0,1680149000.0,0.87,1680149000.0,792668000.0,436590000.0,4.343,4.343,4.343,7318290000.0,7278060750.0,7318290000.0,18726141366.0,24.0,11.146,-2423120000.0,-24.905,1.0,1343271000.0,0.696,0.0,356078000.0,25105063000.0,27859685500.0,0.0,2523006000.0,,,9008192000.0,,,10672203366.0,60330000.0,2774526000.0,8803000.0,-437624000.0,-286302000.0,-724842000.0,118769000.0,228693000.0,666403000.0,0.0,436590000.0,421639000.0,421639000.0,-1139000.0,36010000.0,0.218,766094000.0,577177000.0,272481000.0,0.654,1.458,25.311,25.231,12788076000.0,14951000.0,109.577,5.528,5.523,514591000.0,,1930514000.0,1930514000.0,0.0,0.022,0.058,0.028,0.411,0.0,94725000.0,1.0,97394706.0,97294901.0,101820832.0,19.842,17544223000.0,0.0,0.0,0.0,180.32,
21,SLG,MRT,2016-03-31,2016-03-31,2016-03-31,2021-08-06,-17222000.0,19585968000.0,19017785250.0,,,0.091,74.764,-3106574000.0,496143000.0,496143000.0,575974000.0,294326000.0,,1.538,8550081000.0,,,8550081000.0,414686000.0,660523000.0,67001000.0,0.027,2.717,606763000.0,1267286000.0,0.736,1267286000.0,606763000.0,264028000.0,2.573,2.573,2.573,7268168000.0,7227365500.0,7268168000.0,19651462791.0,32.0,15.507,-2556959000.0,-26.302,1.0,1146000000.0,0.666,0.0,342735000.0,27639906000.0,27870876000.0,0.0,2568616000.0,,,11179030000.0,,,9693331791.0,-14565000.0,934393000.0,11497000.0,1926059000.0,-272578000.0,1593171000.0,-2157351000.0,52687000.0,549615000.0,0.0,264028000.0,249076000.0,249076000.0,-1139000.0,30298000.0,0.145,736865000.0,409135000.0,250370000.0,1.056,1.334,38.917,38.751,12828941000.0,14952000.0,99.707,5.629,5.629,498923000.0,1620669000.0,1721974000.0,1721974000.0,0.0,0.013,0.034,0.022,0.352,0.0,93441000.0,1.0,97218175.0,97214254.0,101302945.0,17.713,19585968000.0,0.0,0.0,0.0,201.472,
22,SLG,MRT,2015-12-31,2015-12-31,2015-12-31,2021-08-06,-8749000.0,19727646000.0,18391476250.0,,,0.09,75.496,-3059753000.0,488977000.0,488977000.0,567160000.0,317459000.0,,1.551,10316813000.0,,,10316813000.0,399102000.0,588238000.0,68023000.0,0.022,2.594,607954000.0,1196192000.0,0.719,1196192000.0,607954000.0,284084000.0,2.789,2.779,2.789,7287465000.0,7197557250.0,7287465000.0,20912173154.0,34.0,17.482,-2533269000.0,-26.244,1.0,1095669000.0,0.659,0.0,323870000.0,29555482000.0,27143681750.0,0.0,2919016000.0,,,11301607000.0,,,11264451154.0,-26010000.0,1153712000.0,240678000.0,1902050000.0,-257378000.0,1713417000.0,-2265911000.0,-258870000.0,526484000.0,0.0,284084000.0,269132000.0,269132000.0,-14549000.0,33375000.0,0.162,667190000.0,428479000.0,277786000.0,0.93,1.546,41.855,41.691,14620896000.0,14952000.0,116.277,6.774,6.75,572917000.0,1643546000.0,1662829000.0,1662829000.0,0.0,0.015,0.037,0.022,0.366,0.0,94873000.0,1.0,96876174.0,96528271.0,100792830.0,17.226,19727646000.0,0.0,0.0,0.0,204.372,
23,SLG,MRT,2015-09-30,2015-09-30,2015-09-30,2021-08-06,-15821000.0,19490569000.0,17733711500.0,,,0.092,74.779,-3209480000.0,523952000.0,523952000.0,560535000.0,268535000.0,,1.535,10171674000.0,,,10171674000.0,428334000.0,577941000.0,66654000.0,0.022,2.47,556236000.0,1134177000.0,0.698,1134177000.0,556236000.0,239566000.0,2.326,2.326,2.326,7238320000.0,7110034500.0,7238320000.0,18657161586.0,34.0,16.45,-2773306000.0,-28.651,1.0,1063531000.0,0.655,0.0,316670000.0,29138291000.0,25971214000.0,0.0,2787059000.0,,,11112874000.0,,,10774294586.0,-9160000.0,1409173000.0,384542000.0,1514374000.0,-243987000.0,1512664000.0,-1957998000.0,-100072000.0,436174000.0,0.0,239566000.0,224614000.0,224614000.0,-35853000.0,28969000.0,0.138,658401000.0,405130000.0,241894000.0,1.062,1.489,47.968,47.857,14261102000.0,14952000.0,111.316,6.634,6.635,545612000.0,1772833000.0,1624066000.0,1624066000.0,0.0,0.013,0.032,0.021,0.342,0.0,94849000.0,1.0,96790043.0,96796446.0,100982301.0,16.778,19490569000.0,0.0,0.0,0.0,201.356,
24,SLG,MRT,2015-06-30,2015-06-30,2015-06-30,2021-08-06,-10906000.0,17266958000.0,17170346500.0,,,0.092,73.541,-1231630000.0,344130000.0,344130000.0,548373000.0,165376000.0,,1.291,8226997000.0,,,8226997000.0,337571000.0,526444000.0,67985000.0,0.021,2.367,455501000.0,981945000.0,0.621,981945000.0,455501000.0,140596000.0,1.338,1.338,1.338,7115509000.0,7011610500.0,7115509000.0,18593502980.0,41.0,18.935,-784352000.0,-8.107,1.0,1033901000.0,0.653,0.0,314905000.0,25149825000.0,24970132250.0,0.0,2994208000.0,,,9186434000.0,,,10943105980.0,-92207000.0,861049000.0,418375000.0,115453000.0,-231341000.0,197242000.0,-736727000.0,-166059000.0,447278000.0,0.0,140596000.0,125644000.0,125644000.0,-69395000.0,24780000.0,0.079,602387000.0,431514000.0,214441000.0,1.769,1.538,87.096,84.527,11524226000.0,14952000.0,113.097,6.916,6.916,510267000.0,1657911000.0,1582274000.0,1582274000.0,0.0,0.007,0.018,0.018,0.288,0.0,94023000.0,1.0,96758905.0,96755637.0,96755637.0,16.353,17266958000.0,0.0,0.0,0.0,178.459,
25,SLG,MRT,2015-03-31,2015-03-31,2015-03-31,2021-08-06,-11810000.0,17080732000.0,17033041000.0,,,0.091,74.77,-1414611000.0,459604000.0,459604000.0,542829000.0,444887000.0,,1.249,8110001000.0,,,8110001000.0,369626000.0,421276000.0,66427000.0,0.017,2.264,732272000.0,1153548000.0,0.742,1153548000.0,732272000.0,415243000.0,4.281,4.271,4.281,7148935000.0,6927763750.0,7148935000.0,20430615502.0,28.0,17.711,-921419000.0,-9.637,1.0,1011003000.0,0.651,0.0,317029000.0,24731129000.0,24792532250.0,0.0,2840640000.0,,,8927560000.0,,,12661591502.0,-116392000.0,959296000.0,432017000.0,-173496000.0,-218225000.0,-114847000.0,-494737000.0,-62738000.0,493192000.0,0.0,415243000.0,400291000.0,400291000.0,-189775000.0,29644000.0,0.258,495503000.0,515500000.0,218596000.0,0.529,1.771,31.631,30.863,12004790000.0,14952000.0,132.126,8.149,8.13,470473000.0,1690578000.0,1553832000.0,1553832000.0,0.0,0.024,0.058,0.03,0.471,0.0,94695000.0,1.0,95829548.0,95612008.0,100098102.0,16.251,17080732000.0,0.0,0.0,0.0,178.646,
26,SLG,MRT,2014-12-31,2014-12-31,2014-12-31,2021-08-06,-6980000.0,17096587000.0,16603680250.0,,,0.092,74.549,-1409417000.0,430585000.0,430585000.0,532433000.0,545863000.0,,1.311,8199609000.0,,,8199609000.0,187148000.0,400001000.0,66614000.0,0.018,2.161,835456000.0,1235457000.0,0.813,1235457000.0,835456000.0,518056000.0,5.403,5.383,5.403,6937374000.0,6796953000.0,6937374000.0,19384251329.0,23.0,15.69,-919036000.0,-9.876,1.0,987545000.0,0.65,0.0,317400000.0,24865611000.0,24104148750.0,0.0,2620253000.0,,,9096732000.0,,,11487396329.0,74717000.0,674770000.0,210596000.0,420866000.0,-206974000.0,381171000.0,-796835000.0,-53727000.0,490381000.0,0.0,518056000.0,503104000.0,503104000.0,-182134000.0,27807000.0,0.331,472805000.0,514740000.0,238854000.0,0.4,1.656,22.833,22.671,12163976000.0,14952000.0,122.493,7.558,7.499,444048000.0,1607689000.0,1519978000.0,1519978000.0,0.0,0.03,0.074,0.035,0.55,0.0,92488000.0,1.0,93779988.0,93058520.0,96869319.0,16.334,17096587000.0,0.0,0.0,0.0,183.719,
27,SLG,MRT,2014-09-30,2014-09-30,2014-09-30,2021-08-06,-2896000.0,17237109000.0,16069283750.0,,,0.092,73.583,-1618516000.0,412823000.0,412823000.0,526831000.0,524900000.0,,1.376,8309678000.0,,,8309678000.0,215527000.0,388643000.0,66659000.0,0.02,2.058,812846000.0,1201489000.0,0.81,1201489000.0,812846000.0,498390000.0,5.239,5.218,5.239,6844624000.0,6693960750.0,6844624000.0,17407828516.0,21.0,14.489,-1165637000.0,-12.531,1.0,956971000.0,0.645,0.0,314456000.0,25133964000.0,23282205250.0,0.0,2469086000.0,,,9419267000.0,,,9686139516.0,44422000.0,300743000.0,315762000.0,717792000.0,-190122000.0,802700000.0,-1211157000.0,-64526000.0,452879000.0,0.0,498390000.0,483439000.0,483439000.0,-194509000.0,28202000.0,0.326,462474000.0,494497000.0,237701000.0,0.393,1.415,20.036,19.904,12119615000.0,13259000.0,104.277,6.528,6.537,441730000.0,1813956000.0,1483802000.0,1483802000.0,0.0,0.03,0.072,0.035,0.548,0.0,92520000.0,1.0,92888950.0,93019654.0,96879036.0,15.951,17237109000.0,0.0,0.0,0.0,185.306,
28,SLG,MRT,2014-06-30,2014-06-30,2014-06-30,2021-08-06,-6196000.0,16717736000.0,15403736250.0,,,0.093,73.102,-1019964000.0,465328000.0,465328000.0,523327000.0,496642000.0,,1.33,8187017000.0,,,8187017000.0,223394000.0,378599000.0,65166000.0,0.017,1.883,781033000.0,1159632000.0,0.81,1159632000.0,781033000.0,470727000.0,4.95,4.93,4.95,6780122000.0,6553058500.0,6780122000.0,17056266968.0,22.0,14.708,-566887000.0,-6.112,1.0,908983000.0,0.635,0.0,310306000.0,24439425000.0,22217738250.0,0.0,2559646000.0,,,9016134000.0,,,10441960968.0,109134000.0,430248000.0,321835000.0,471791000.0,-171816000.0,559811000.0,-903754000.0,-268533000.0,453077000.0,0.0,470727000.0,455776000.0,455776000.0,-160967000.0,27045000.0,0.318,445662000.0,463321000.0,218452000.0,0.38,1.54,22.91,22.748,11957923000.0,13821000.0,112.603,7.29,7.292,415147000.0,1797580000.0,1432310000.0,1432310000.0,0.0,0.03,0.07,0.035,0.545,0.0,90740000.0,1.0,92732840.0,92748564.0,96663330.0,15.443,16717736000.0,0.0,0.0,0.0,180.248,
29,SLG,MRT,2014-03-31,2014-03-31,2014-03-31,2021-08-06,-14872000.0,15363289000.0,14824783500.0,,,0.095,71.691,-779262000.0,601654000.0,601654000.0,522675000.0,277558000.0,,1.192,7215960000.0,,,7215960000.0,259929000.0,366133000.0,65077000.0,0.016,1.708,570870000.0,937003000.0,0.667,937003000.0,570870000.0,258883000.0,2.501,2.491,2.501,6625692000.0,6416727000.0,6625692000.0,16182525713.0,28.0,17.271,-394467000.0,-4.268,1.0,882947000.0,0.628,0.0,311987000.0,21977595000.0,21315419250.0,0.0,2587559000.0,,,7897297000.0,,,9563689713.0,227058000.0,321660000.0,315284000.0,433450000.0,-161468000.0,373423000.0,-531160000.0,-30834000.0,384795000.0,0.0,258883000.0,228511000.0,228511000.0,-40587000.0,19240000.0,0.163,431511000.0,451436000.0,193775000.0,0.683,1.443,41.852,41.406,10586513000.0,29807000.0,103.556,6.804,6.809,446223000.0,1688211000.0,1405622000.0,1405622000.0,0.0,0.015,0.036,0.027,0.406,0.0,88382000.0,1.0,92352717.0,92420148.0,95917105.0,15.209,15363289000.0,0.0,0.0,0.0,166.233,
30,SLG,MRT,2013-12-31,2013-12-31,2013-12-31,2021-08-06,-15211000.0,14959001000.0,14619952500.0,,,0.094,72.785,-791166000.0,348743000.0,348743000.0,511616000.0,151283000.0,,1.169,6967579000.0,,,6967579000.0,263261000.0,357599000.0,61308000.0,0.016,1.533,446265000.0,803864000.0,0.586,803864000.0,446265000.0,135371000.0,1.132,1.132,1.132,6525405000.0,6364615500.0,6525405000.0,14824177879.0,33.0,18.441,-404963000.0,-4.517,1.0,859449000.0,0.627,0.0,310894000.0,21577837000.0,21049796750.0,0.0,2450106000.0,,,7627099000.0,,,8523000879.0,16708000.0,120061000.0,310790000.0,315737000.0,-148407000.0,258940000.0,-628435000.0,50342000.0,386203000.0,0.0,135371000.0,101330000.0,101330000.0,-40587000.0,15912000.0,0.074,414638000.0,444811000.0,220329000.0,1.354,1.306,84.111,83.989,10687540000.0,34041000.0,95.076,6.216,6.217,455431000.0,1619150000.0,1371065000.0,1371065000.0,0.0,0.007,0.016,0.021,0.325,0.0,86192000.0,1.0,89644384.0,89652897.0,92564923.0,15.293,14959001000.0,0.0,0.0,0.0,166.855,
31,SLG,MRT,2013-09-30,2013-09-30,2013-09-30,2021-08-06,-19249000.0,14574919000.0,14476776250.0,,,0.09,70.273,-347007000.0,565942000.0,565942000.0,489036000.0,134378000.0,,1.195,6867119000.0,,,6867119000.0,293393000.0,366422000.0,54824000.0,0.015,1.359,422321000.0,788743000.0,0.604,788743000.0,422321000.0,121877000.0,0.947,0.947,0.947,6281015000.0,6391441500.0,6281015000.0,14599428520.0,35.0,18.51,40082000.0,0.448,1.0,817565000.0,0.626,0.0,300444000.0,20876096000.0,20809882250.0,0.0,2458229000.0,,,7508229000.0,,,8171204520.0,46735000.0,250200000.0,-166647000.0,558662000.0,-143158000.0,242186000.0,-582540000.0,-237663000.0,387089000.0,0.0,121877000.0,84166000.0,84166000.0,0.0,12342000.0,0.064,409177000.0,408388000.0,223534000.0,1.435,1.301,97.084,96.55,10139703000.0,37870000.0,91.432,6.254,6.255,433769000.0,1636584000.0,1306601000.0,1306601000.0,0.0,0.006,0.013,0.02,0.323,0.0,84821000.0,1.0,89368824.0,89379864.0,92322011.0,14.619,14574919000.0,0.0,0.0,0.0,163.067,
32,SLG,MRT,2013-06-30,2013-06-30,2013-06-30,2021-08-06,-18622000.0,14401925000.0,14404281250.0,,,0.092,70.006,-481728000.0,329452000.0,329452000.0,501311000.0,117672000.0,,1.185,6757676000.0,,,6757676000.0,296930000.0,362540000.0,53604000.0,0.014,1.276,414648000.0,777188000.0,0.587,777188000.0,414648000.0,106771000.0,0.628,0.628,0.628,6234796000.0,6414165750.0,6234796000.0,14449149982.0,35.0,18.592,-123222000.0,-1.384,1.0,823519000.0,0.622,0.0,307877000.0,20830149000.0,20671400750.0,0.0,2339480000.0,,,7385236000.0,,,8078009982.0,-57830000.0,87792000.0,22010000.0,559905000.0,-141617000.0,231742000.0,-648078000.0,-248698000.0,358506000.0,0.0,106771000.0,54873000.0,54873000.0,0.0,10733000.0,0.041,410264000.0,413255000.0,192717000.0,2.032,1.296,147.213,144.528,10160569000.0,52066000.0,90.763,6.097,6.102,419445000.0,1631287000.0,1324830000.0,1324830000.0,0.0,0.004,0.009,0.02,0.313,0.0,84503000.0,1.0,89000728.0,89061164.0,91855621.0,14.876,14401925000.0,0.0,0.0,0.0,161.708,
33,SLG,MRT,2013-03-31,2013-03-31,2013-03-31,2021-08-06,-26117000.0,14543965000.0,14338578250.0,,,0.092,72.26,-574714000.0,350337000.0,350337000.0,501601000.0,204881000.0,,1.148,6721477000.0,,,6721477000.0,322317000.0,356022000.0,49803000.0,0.013,1.194,500405000.0,856427000.0,0.651,856427000.0,500405000.0,189920000.0,1.719,1.708,1.719,6417246000.0,6435919750.0,6417246000.0,14091176541.0,28.0,16.453,-195236000.0,-2.198,1.0,813820000.0,0.619,0.0,310485000.0,20915105000.0,20457913750.0,0.0,2539958000.0,,,7368562000.0,,,7859293541.0,86439000.0,118269000.0,90510000.0,829549000.0,-131376000.0,745248000.0,-1038287000.0,-513486000.0,379478000.0,0.0,189920000.0,149637000.0,149637000.0,0.0,14793000.0,0.114,404365000.0,409455000.0,201299000.0,0.695,1.225,52.522,51.555,10270331000.0,40451000.0,88.623,5.975,5.983,408369000.0,1665468000.0,1315421000.0,1315421000.0,0.0,0.01,0.023,0.024,0.38,0.0,83710000.0,1.0,88682604.0,88807564.0,91628255.0,14.812,14543965000.0,0.0,0.0,0.0,163.769,
34,SLG,MRT,2012-12-31,2012-12-31,2012-12-31,2021-08-06,-30649000.0,14386296000.0,14143015250.0,,,0.091,76.426,-692716000.0,326055000.0,326055000.0,501747000.0,209700000.0,,1.088,6557938000.0,,,6557938000.0,312995000.0,351539000.0,46253000.0,0.014,1.112,506086000.0,857625000.0,0.665,857625000.0,506086000.0,196405000.0,1.801,1.791,1.801,6632709000.0,6372195750.0,6632709000.0,12963823915.0,26.0,15.116,-345963000.0,-3.986,1.0,788305000.0,0.611,0.0,309681000.0,20618179000.0,20136052750.0,0.0,2402106000.0,,,7216736000.0,,,6926592915.0,51792000.0,91187000.0,299872000.0,717028000.0,-121238000.0,868442000.0,-1163403000.0,-491794000.0,346753000.0,0.0,196405000.0,155984000.0,155984000.0,0.0,13295000.0,0.121,400102000.0,388203000.0,218334000.0,0.617,1.044,44.406,43.802,10269630000.0,40421000.0,78.887,5.369,5.307,404133000.0,1701092000.0,1290052000.0,1290052000.0,0.0,0.011,0.024,0.025,0.392,0.0,82840000.0,1.0,87804347.0,86786538.0,90239772.0,14.865,14386296000.0,0.0,0.0,0.0,165.766,
35,SLG,MRT,2012-09-30,2012-09-30,2012-09-30,2021-08-06,-29281000.0,14284939000.0,13917404250.0,,,0.097,72.67,-675142000.0,305421000.0,305421000.0,525790000.0,199799000.0,,1.116,6342652000.0,,,6342652000.0,360752000.0,329703000.0,47698000.0,0.012,1.029,505556000.0,835259000.0,0.617,835259000.0,505556000.0,179395000.0,1.544,1.533,1.544,6371912000.0,6207905250.0,6371912000.0,13055615490.0,26.0,15.631,-335526000.0,-3.827,1.0,827197000.0,0.611,0.0,326161000.0,20322170000.0,19809404250.0,0.0,2113980000.0,,,7110271000.0,,,7218527490.0,-232142000.0,-50350000.0,525372000.0,337358000.0,-108181000.0,483982000.0,-1055740000.0,-250951000.0,339616000.0,0.0,179395000.0,138837000.0,138837000.0,0.0,18871000.0,0.103,390350000.0,436847000.0,195439000.0,0.666,1.133,51.993,53.372,10380304000.0,42091000.0,82.406,5.335,5.34,365664000.0,1728150000.0,1352987000.0,1352987000.0,0.0,0.01,0.022,0.026,0.374,0.0,80196000.0,1.0,87596610.0,87682397.0,91228908.0,15.431,14284939000.0,0.0,0.0,0.0,162.917,
36,SLG,MRT,2012-06-30,2012-06-30,2012-06-30,2021-08-06,-28413000.0,14139113000.0,13636830750.0,,,0.096,72.462,-541495000.0,395292000.0,395292000.0,503743000.0,187657000.0,,1.107,6232380000.0,,,6232380000.0,352151000.0,317984000.0,47463000.0,0.011,0.875,483467000.0,801451000.0,0.615,801451000.0,483467000.0,168362000.0,1.533,1.523,1.533,6321812000.0,6122063250.0,6321812000.0,13058210330.0,27.0,16.293,-213290000.0,-2.445,1.0,798856000.0,0.613,0.0,315105000.0,19976201000.0,19371259500.0,0.0,2019753000.0,,,6998546000.0,,,7192262330.0,-133430000.0,-91223000.0,393874000.0,515343000.0,-92086000.0,765534000.0,-1227169000.0,-511841000.0,328205000.0,0.0,168362000.0,138184000.0,138184000.0,0.0,18333000.0,0.106,379027000.0,419829000.0,189757000.0,0.571,1.138,52.048,53.869,10242225000.0,31140000.0,82.581,5.521,5.531,356221000.0,1741160000.0,1302599000.0,1302599000.0,0.0,0.01,0.023,0.025,0.371,0.0,78545000.0,1.0,87092973.0,87243212.0,90704219.0,14.931,14139113000.0,0.0,0.0,0.0,162.065,
37,SLG,MRT,2012-03-31,2012-03-31,2012-03-31,2021-08-06,-24376000.0,13761713000.0,13263072000.0,,,0.095,73.114,-752579000.0,232228000.0,232228000.0,489346000.0,618387000.0,,1.107,6098176000.0,,,6098176000.0,373573000.0,304995000.0,47996000.0,0.009,0.72,892900000.0,1197895000.0,0.953,1197895000.0,892900000.0,591781000.0,6.834,6.793,6.834,6162350000.0,6008884000.0,6162350000.0,12525606065.0,14.0,10.456,-465289000.0,-5.52,1.0,767423000.0,0.611,0.0,301119000.0,19627661000.0,18822994500.0,0.0,2048193000.0,,,6822003000.0,,,6697873065.0,-100344000.0,32689000.0,569261000.0,340500000.0,-77364000.0,674562000.0,-1062196000.0,-324079000.0,287290000.0,0.0,591781000.0,561602000.0,561602000.0,0.0,26209000.0,0.447,369339000.0,398084000.0,185760000.0,0.105,1.087,11.926,11.679,10135913000.0,30576000.0,79.813,5.329,5.353,337104000.0,1665547000.0,1256769000.0,1256769000.0,0.0,0.042,0.093,0.047,0.71,0.0,80278000.0,1.0,83919642.0,84284547.0,87616325.0,14.911,13761713000.0,0.0,0.0,0.0,163.277,
38,SLG,MRT,2011-12-31,2011-12-31,2011-12-31,2021-08-06,-28445000.0,13483852000.0,12683235250.0,,,0.098,73.421,-605856000.0,224776000.0,224776000.0,464011000.0,677122000.0,,1.144,6052509000.0,,,6052509000.0,357193000.0,292311000.0,46367000.0,0.008,0.566,932658000.0,1224969000.0,0.982,1224969000.0,932658000.0,647410000.0,7.585,7.544,7.585,5975547000.0,5742287250.0,5975547000.0,11147959009.0,12.0,9.101,-298738000.0,-3.671,1.0,782848000.0,0.628,0.0,285248000.0,19311585000.0,17920164250.0,0.0,1905198000.0,,,6833513000.0,,,5741013009.0,-194638000.0,162987000.0,520893000.0,-45604000.0,-64593000.0,232099000.0,-733855000.0,-320267000.0,307118000.0,0.0,647410000.0,617232000.0,617232000.0,0.0,29712000.0,0.495,356970000.0,425878000.0,189321000.0,0.075,0.961,9.301,9.042,10010548000.0,30178000.0,68.585,4.604,4.477,318082000.0,1704506000.0,1246859000.0,1246859000.0,0.0,0.049,0.107,0.052,0.748,0.0,80103000.0,1.0,83707054.0,81387096.0,83798724.0,15.32,13483852000.0,0.0,0.0,0.0,165.676,
39,SLG,MRT,2011-09-30,2011-09-30,2011-09-30,2021-08-06,-24462000.0,13162645000.0,12137345750.0,,,0.099,72.401,-583077000.0,496589000.0,496589000.0,445633000.0,677528000.0,,1.101,5903535000.0,,,5903535000.0,381211000.0,274599000.0,44312000.0,0.007,0.412,919331000.0,1193930000.0,0.997,1193930000.0,919331000.0,651812000.0,7.709,7.657,7.709,6028544000.0,5468171500.0,6028544000.0,10108848156.0,11.0,8.467,-278372000.0,-3.343,1.0,751698000.0,0.628,0.0,267519000.0,18569591000.0,17116730000.0,0.0,1873136000.0,,,6635292000.0,,,4969785156.0,123702000.0,205961000.0,521122000.0,174089000.0,-63061000.0,476691000.0,-657694000.0,-286228000.0,304705000.0,0.0,651812000.0,621633000.0,621633000.0,42016000.0,25716000.0,0.519,350001000.0,401697000.0,179829000.0,0.053,0.824,7.995,7.763,9548019000.0,30179000.0,59.847,4.151,4.162,300473000.0,1763403000.0,1197331000.0,1197331000.0,0.0,0.051,0.114,0.054,0.768,0.0,82070000.0,1.0,83041734.0,83266261.0,85583639.0,14.38,13162645000.0,0.0,0.0,0.0,158.079,
40,SLG,MRT,2011-06-30,2011-06-30,2011-06-30,2021-08-06,-21589000.0,12644078000.0,11493653250.0,,,0.105,72.272,-733579000.0,475599000.0,475599000.0,424896000.0,785606000.0,,1.061,5614662000.0,,,5614662000.0,300093000.0,258535000.0,43032000.0,0.005,0.412,1005591000.0,1264126000.0,1.045,1264126000.0,1005591000.0,756233000.0,9.098,9.036,9.098,5869095000.0,5158135000.0,5869095000.0,11443042859.0,11.0,9.052,-388327000.0,-4.782,1.0,784963000.0,0.649,0.0,249358000.0,17783141000.0,16176492250.0,0.0,1534416000.0,,,6224415000.0,,,6869068859.0,50652000.0,348250000.0,422909000.0,-189927000.0,-62423000.0,-1783000.0,-292817000.0,31790000.0,345252000.0,0.0,756233000.0,726054000.0,726054000.0,4320000.0,29373000.0,0.6,335313000.0,449650000.0,163918000.0,0.045,1.17,9.461,9.374,9601596000.0,30179000.0,85.288,5.678,5.725,275039000.0,1721440000.0,1209859000.0,1209859000.0,0.0,0.063,0.141,0.062,0.831,0.0,81644000.0,1.0,80539522.0,81208313.0,83571358.0,14.898,12644078000.0,0.0,0.0,0.0,155.699,
41,SLG,MRT,2011-03-31,2011-03-31,2011-03-31,2021-08-06,-13011000.0,11442366000.0,10934642250.0,,,0.106,66.053,-396298000.0,341844000.0,341844000.0,408334000.0,386918000.0,,1.115,4915818000.0,,,4915818000.0,294634000.0,248856000.0,43196000.0,0.005,0.412,604939000.0,853795000.0,0.734,853795000.0,604939000.0,366813000.0,4.425,4.395,4.425,5095963000.0,4861861750.0,5095963000.0,10733182270.0,18.0,12.571,-65263000.0,-0.846,1.0,754392000.0,0.649,0.0,238126000.0,16016340000.0,15352424000.0,0.0,1560327000.0,,,5682787000.0,,,5935628270.0,66355000.0,645531000.0,167887000.0,-443146000.0,-61831000.0,-377887000.0,113207000.0,-153792000.0,331035000.0,0.0,366813000.0,336634000.0,336634000.0,4320000.0,20105000.0,0.29,323959000.0,430433000.0,156609000.0,0.093,1.165,17.632,17.49,8307552000.0,30179000.0,77.394,5.105,5.135,253519000.0,1207504000.0,1162726000.0,1162726000.0,0.0,0.031,0.069,0.039,0.52,0.0,77569000.0,1.0,76693290.0,77149743.0,79328176.0,15.071,11442366000.0,0.0,0.0,0.0,148.314,
42,SLG,MRT,2010-12-31,2010-12-31,2010-12-31,2021-08-06,-22659000.0,11300294000.0,10702610750.0,,,0.101,64.294,-378759000.0,470503000.0,470503000.0,401714000.0,319156000.0,,1.193,5268057000.0,,,5268057000.0,307678000.0,240445000.0,38690000.0,0.006,0.412,531223000.0,771668000.0,0.712,771668000.0,531223000.0,300575000.0,3.571,3.551,3.571,4879084000.0,4722360000.0,4879084000.0,9504153768.0,18.0,12.316,-57701000.0,-0.76,1.0,682672000.0,0.63,0.0,230648000.0,16097848000.0,15090738750.0,0.0,1629394000.0,,,5818412000.0,,,5283388768.0,-10885000.0,588197000.0,14535000.0,-357106000.0,-58984000.0,-350758000.0,18815000.0,-150408000.0,321058000.0,0.0,300575000.0,270826000.0,270826000.0,0.0,18581000.0,0.25,312988000.0,369684000.0,165838000.0,0.115,1.083,19.508,19.457,7973771000.0,29749000.0,69.48,4.872,4.862,234666000.0,1172963000.0,1084386000.0,1084386000.0,0.0,0.025,0.057,0.035,0.49,0.0,75946000.0,1.0,76041903.0,75886602.0,77499536.0,14.29,11300294000.0,0.0,0.0,0.0,148.91,
43,SLG,MRT,2010-09-30,2010-09-30,2010-09-30,2021-08-06,-30936000.0,10587875000.0,10499431500.0,,,0.1,62.998,-302960000.0,424470000.0,424470000.0,388511000.0,304161000.0,,1.086,4645235000.0,,,4645235000.0,320712000.0,240608000.0,38019000.0,0.006,0.412,506390000.0,746998000.0,0.713,746998000.0,506390000.0,285670000.0,3.376,3.355,3.376,4788398000.0,4599698500.0,4788398000.0,9032242261.0,18.0,12.091,11488000.0,0.151,1.0,658647000.0,0.629,0.0,220720000.0,14808640000.0,14806011250.0,0.0,1757582000.0,,,5202544000.0,,,4953408261.0,-363269000.0,501893000.0,13977000.0,-561603000.0,-56354000.0,-544741000.0,-132976000.0,-326449000.0,314448000.0,0.0,285670000.0,258495000.0,258495000.0,-41167000.0,18491000.0,0.247,305751000.0,352896000.0,177221000.0,0.122,1.034,19.162,19.306,7727764000.0,27175000.0,65.178,4.73,4.731,227039000.0,1180667000.0,1047158000.0,1047158000.0,0.0,0.025,0.056,0.034,0.484,0.0,74507000.0,1.0,75998173.0,76009030.0,77518969.0,13.777,10587875000.0,0.0,0.0,0.0,139.298,
44,SLG,MRT,2010-06-30,2010-06-30,2010-06-30,2021-08-06,-30305000.0,10408034000.0,10485946250.0,,,0.093,61.767,-120943000.0,497092000.0,497092000.0,383224000.0,184188000.0,,1.098,4575926000.0,,,4575926000.0,325228000.0,240569000.0,39617000.0,0.007,0.412,398718000.0,639287000.0,0.657,639287000.0,398718000.0,169074000.0,1.873,1.863,1.873,4684002000.0,4494222250.0,4684002000.0,8746458482.0,22.0,13.682,154548000.0,2.038,1.0,590552000.0,0.606,0.0,229644000.0,14486868000.0,14789104000.0,0.0,1716151000.0,,,5141952000.0,,,4291099482.0,-337191000.0,391027000.0,14422000.0,-505082000.0,-53722000.0,-489032000.0,-123650000.0,-340354000.0,275491000.0,0.0,169074000.0,144475000.0,144475000.0,6495000.0,15114000.0,0.148,303245000.0,287307000.0,176536000.0,0.22,0.916,29.701,30.244,7500874000.0,24599000.0,56.646,4.407,4.411,213499000.0,1081895000.0,973776000.0,973776000.0,0.0,0.014,0.032,0.027,0.409,0.0,74902000.0,1.0,75752797.0,75833162.0,77528686.0,12.841,10408034000.0,0.0,0.0,0.0,137.249,
45,SLG,MRT,2010-03-31,2010-03-31,2010-03-31,2021-08-06,-21902000.0,10514240000.0,10532700250.0,,,0.092,60.013,-120471000.0,337972000.0,337972000.0,382278000.0,55266000.0,,1.183,4793331000.0,,,4793331000.0,344772000.0,237851000.0,39903000.0,0.007,0.412,271449000.0,509300000.0,0.523,509300000.0,271449000.0,42003000.0,0.257,0.247,0.257,4537956000.0,4421142500.0,4537956000.0,8928580754.0,33.0,17.531,165973000.0,2.195,1.0,591931000.0,0.608,0.0,229446000.0,14969599000.0,14870024500.0,0.0,1917940000.0,,,5370610000.0,,,4457219754.0,-266000000.0,-32025000.0,399921000.0,-539559000.0,-64715000.0,-150058000.0,-402386000.0,-232029000.0,286444000.0,0.0,42003000.0,19980000.0,19980000.0,7200000.0,13263000.0,0.021,298223000.0,293708000.0,169602000.0,1.603,0.982,223.084,229.343,7596931000.0,22023000.0,58.941,4.575,4.575,202799000.0,949083000.0,974209000.0,974209000.0,0.0,0.002,0.005,0.018,0.279,0.0,74469000.0,1.0,75621516.0,75616484.0,77498565.0,12.884,10514240000.0,0.0,0.0,0.0,139.047,
46,SLG,MRT,2009-12-31,2009-12-31,2009-12-31,2021-08-06,-33538000.0,10487577000.0,10529423500.0,,,0.093,64.767,-107030000.0,438210000.0,438210000.0,377734000.0,71665000.0,,1.251,4909571000.0,,,4909571000.0,349669000.0,235200000.0,39855000.0,0.014,0.7,290199000.0,525399000.0,0.537,525399000.0,290199000.0,57544000.0,0.556,0.556,0.556,4388438000.0,4279081750.0,4388438000.0,8086776999.0,28.0,15.392,168181000.0,2.482,1.0,600627000.0,0.614,0.0,232655000.0,14958938000.0,14930884750.0,0.0,1901774000.0,,,5489830000.0,,,3879699999.0,-383174000.0,-40924000.0,387757000.0,-593173000.0,-78321000.0,-313006000.0,-345379000.0,-192107000.0,275211000.0,0.0,57544000.0,37669000.0,37669000.0,-477000.0,14121000.0,0.039,294388000.0,306239000.0,156001000.0,1.259,0.884,102.995,92.996,7518678000.0,19875000.0,51.706,3.966,3.581,198034000.0,949669000.0,978361000.0,978361000.0,0.0,0.004,0.009,0.019,0.297,0.0,73992000.0,1.0,75033815.0,67757804.0,70001336.0,14.439,10487577000.0,0.0,0.0,0.0,154.78,
47,SLG,MRT,2009-09-30,2009-09-30,2009-09-30,2021-08-06,-42497000.0,10533934000.0,10653617500.0,,,0.095,58.49,-29501000.0,725427000.0,725427000.0,385029000.0,156755000.0,,1.268,4932504000.0,,,4932504000.0,368753000.0,230315000.0,40574000.0,0.022,0.988,392199000.0,622514000.0,0.613,622514000.0,392199000.0,139304000.0,2.13,2.13,2.13,4366493000.0,4169610250.0,4366493000.0,7584651650.0,19.0,12.184,267984000.0,3.59,1.0,629800000.0,0.621,0.0,252895000.0,14741011000.0,15128593500.0,0.0,1638630000.0,,,5538371000.0,,,3369151650.0,-77075000.0,314000.0,352210000.0,-649942000.0,-116519000.0,-466557000.0,91997000.0,116709000.0,297485000.0,0.0,139304000.0,119428000.0,119428000.0,-235328000.0,17451000.0,0.118,307256000.0,322544000.0,151803000.0,0.464,0.772,28.211,21.188,7529171000.0,19876000.0,45.13,3.32,3.32,197288000.0,973554000.0,1014829000.0,1014829000.0,0.0,0.011,0.029,0.026,0.386,0.0,88507000.0,1.0,74655099.0,74653582.0,76923350.0,13.594,10533934000.0,0.0,0.0,0.0,141.104,
48,SLG,MRT,2009-06-30,2009-06-30,2009-06-30,2021-08-06,-32285000.0,10595050000.0,10892941250.0,,,0.095,67.097,-33966000.0,763922000.0,763922000.0,388394000.0,185701000.0,,1.272,4979422000.0,,,4979422000.0,376143000.0,227207000.0,36737000.0,0.072,1.698,429826000.0,657033000.0,0.633,657033000.0,429826000.0,170651000.0,2.676,2.666,2.676,4391683000.0,4050867000.0,4391683000.0,6025608172.0,14.0,9.171,276821000.0,4.229,1.0,648979000.0,0.626,0.0,259175000.0,14810550000.0,15585060250.0,0.0,1512858000.0,,,5585591000.0,,,1313701172.0,623201000.0,15514000.0,303658000.0,135732000.0,-154100000.0,237021000.0,75393000.0,91572000.0,310787000.0,0.0,170651000.0,150775000.0,150775000.0,-245357000.0,15050000.0,0.145,306478000.0,342501000.0,155112000.0,0.635,0.299,8.713,8.823,7590963000.0,19876000.0,23.609,1.266,1.49,197870000.0,996051000.0,1037373000.0,1037373000.0,0.0,0.014,0.037,0.028,0.414,0.0,90558000.0,1.0,55643147.0,65453057.0,67764605.0,15.849,10595050000.0,0.0,0.0,0.0,161.873,
49,SLG,MRT,2009-03-31,2009-03-31,2009-03-31,2021-08-06,-53089000.0,10501133000.0,11031575500.0,,,0.098,71.453,-90092000.0,531055000.0,531055000.0,387049000.0,312124000.0,,1.489,5242962000.0,,,5242962000.0,401848000.0,228933000.0,34865000.0,0.217,2.408,568335000.0,797268000.0,0.741,797268000.0,568335000.0,292299000.0,4.847,4.837,4.847,3969713000.0,3939822250.0,3969713000.0,5418628565.0,10.0,6.796,240991000.0,4.338,1.0,689041000.0,0.64,0.0,276036000.0,15213040000.0,15986504250.0,0.0,1565839000.0,,,5912250000.0,,,618394565.0,386861000.0,409553000.0,-95301000.0,19096000.0,-178585000.0,-295313000.0,351091000.0,-24611000.0,331083000.0,0.0,292299000.0,272423000.0,272423000.0,-247628000.0,19825000.0,0.253,313763000.0,375278000.0,178097000.0,0.497,0.156,2.27,2.293,7614375000.0,19876000.0,11.115,0.575,0.574,199704000.0,989476000.0,1076090000.0,1076090000.0,0.0,0.025,0.069,0.036,0.528,0.0,98046000.0,1.0,55635298.0,55556832.0,57866437.0,19.369,10501133000.0,0.0,0.0,0.0,189.016,
50,SLG,MRT,2008-12-31,2008-12-31,2008-12-31,2021-08-06,-54747000.0,10984353000.0,11268550750.0,,,0.095,70.105,6656000.0,832843000.0,832843000.0,380407000.0,404048000.0,,1.624,5598263000.0,,,5598263000.0,427936000.0,229510000.0,34561000.0,0.106,2.83,672346000.0,901856000.0,0.847,901856000.0,672346000.0,380810000.0,6.402,6.381,6.402,3950552000.0,3913833500.0,3950552000.0,6553072387.0,10.0,7.266,302667000.0,5.371,1.0,684608000.0,0.643,0.0,291536000.0,15749773000.0,16441473000.0,0.0,1664867000.0,,,6415063000.0,,,1477423387.0,680925000.0,412460000.0,-144614000.0,365202000.0,-203134000.0,-11305000.0,396219000.0,-34273000.0,296011000.0,0.0,380810000.0,360935000.0,360935000.0,-359082000.0,23238000.0,0.339,318784000.0,365824000.0,177077000.0,0.442,0.374,4.093,4.164,7655244000.0,19875000.0,26.656,1.387,1.41,184119000.0,979939000.0,1065015000.0,1065015000.0,0.0,0.032,0.092,0.041,0.631,0.0,104583000.0,1.0,55426023.0,56351639.0,58879865.0,18.899,10984353000.0,0.0,0.0,0.0,194.925,
51,SLG,MRT,2008-09-30,2008-09-30,2008-09-30,2021-08-06,-13728000.0,11491229000.0,11379982000.0,,,0.089,68.919,132128000.0,816981000.0,816981000.0,383964000.0,473305000.0,,1.787,5892630000.0,,,5892630000.0,462734000.0,231039000.0,34105000.0,0.049,3.252,710352000.0,941391000.0,0.925,941391000.0,710352000.0,418466000.0,6.998,6.957,6.998,3891520000.0,3899245500.0,3891520000.0,9034868072.0,13.0,9.597,433784000.0,7.682,1.0,634265000.0,0.623,0.0,291886000.0,16566878000.0,16742362250.0,0.0,2066849000.0,,,6954987000.0,,,3768129072.0,613048000.0,-109974000.0,-163995000.0,839211000.0,-199847000.0,465082000.0,-153690000.0,-191191000.0,301656000.0,0.0,418466000.0,398591000.0,398591000.0,-263157000.0,54839000.0,0.391,294185000.0,340080000.0,222985000.0,0.465,0.968,9.454,9.53,7755813000.0,19875000.0,66.691,3.701,3.698,202328000.0,952912000.0,1018229000.0,1018229000.0,0.0,0.035,0.102,0.042,0.698,0.0,83257000.0,1.0,56501409.0,56465322.0,58994519.0,18.033,11491229000.0,0.0,0.0,0.0,203.509,
52,SLG,MRT,2008-06-30,2008-06-30,2008-06-30,2021-08-06,-7576000.0,11149587000.0,11136222000.0,,,0.089,69.651,402854000.0,155355000.0,155355000.0,378649000.0,543303000.0,,1.643,5422094000.0,,,5422094000.0,789525000.0,224004000.0,33595000.0,0.037,3.16,774612000.0,998616000.0,1.003,998616000.0,774612000.0,488207000.0,8.192,8.141,8.192,3947504000.0,3873893250.0,3947504000.0,10412282721.0,13.0,10.427,697686000.0,12.31,1.0,616518000.0,0.62,0.0,286405000.0,16416326000.0,16511810250.0,0.0,1972155000.0,,,6486249000.0,,,4828401721.0,-26733000.0,-224907000.0,-168889000.0,74732000.0,-197751000.0,-290080000.0,-31485000.0,-238712000.0,294832000.0,0.0,488207000.0,468332000.0,468332000.0,-345855000.0,55096000.0,0.471,289200000.0,327318000.0,200168000.0,0.386,1.223,10.31,10.392,8267327000.0,19875000.0,85.134,4.852,4.848,209082000.0,964704000.0,995167000.0,995167000.0,0.0,0.042,0.121,0.047,0.778,0.0,84561000.0,1.0,56715450.0,56675198.0,59284070.0,17.559,11149587000.0,0.0,0.0,0.0,196.728,
53,SLG,MRT,2008-03-31,2008-03-31,2008-03-31,2021-08-06,2143000.0,11449034000.0,10711911500.0,,,0.089,68.031,502490000.0,190920000.0,190920000.0,377823000.0,666153000.0,,1.775,5774801000.0,,,5774801000.0,808262000.0,220314000.0,34067000.0,0.037,3.067,895293000.0,1115607000.0,1.167,1115607000.0,895293000.0,619897000.0,10.426,10.292,10.426,3865758000.0,3831002250.0,3865758000.0,10384787057.0,12.0,9.309,794325000.0,13.979,1.0,578433000.0,0.605,0.0,275396000.0,17032915000.0,15885388250.0,0.0,2207650000.0,,,6861109000.0,,,4796602057.0,-452935000.0,-705095000.0,-195839000.0,33125000.0,-192629000.0,-359115000.0,-385655000.0,-144541000.0,291835000.0,0.0,619897000.0,600022000.0,600022000.0,-590703000.0,46256000.0,0.627,276522000.0,301911000.0,204284000.0,0.294,1.241,7.994,8.042,8277668000.0,19875000.0,83.847,5.016,4.982,208129000.0,871731000.0,956256000.0,956256000.0,0.0,0.056,0.157,0.056,0.936,0.0,83258000.0,1.0,57206383.0,56823860.0,59485201.0,16.828,11449034000.0,0.0,0.0,0.0,201.483,
54,SLG,MRT,2007-12-31,2007-12-31,2007-12-31,2021-08-06,4745000.0,11430078000.0,10256099250.0,,,0.095,68.193,-3260364000.0,151439000.0,151439000.0,361339000.0,682697000.0,,1.753,5674691000.0,,,5674691000.0,819022000.0,204831000.0,35021000.0,0.031,2.974,903171000.0,1108002000.0,1.137,1108002000.0,903171000.0,646230000.0,10.971,10.848,10.971,3892200000.0,3758254500.0,3892200000.0,10664307085.0,12.0,9.625,-2853659000.0,-49.997,1.0,613491000.0,0.629,0.0,256941000.0,16953330000.0,15118051750.0,0.0,2243338000.0,,,6823863000.0,,,5535826085.0,-71214000.0,-740594000.0,-137802000.0,1682101000.0,-181315000.0,1856418000.0,-2334337000.0,-447630000.0,406705000.0,0.0,646230000.0,626355000.0,626355000.0,-531068000.0,36467000.0,0.643,267302000.0,346189000.0,249935000.0,0.271,1.422,8.838,8.767,8240986000.0,19875000.0,96.187,5.679,5.632,198692000.0,777681000.0,974830000.0,974830000.0,0.0,0.061,0.167,0.06,0.926,0.0,93045000.0,1.0,57552630.0,57076488.0,60130375.0,17.079,11430078000.0,0.0,0.0,0.0,200.259,
55,SLG,MRT,2007-09-30,2007-09-30,2007-09-30,2021-08-06,6961000.0,10516189000.0,8556636500.0,,,0.102,65.633,-3477104000.0,217652000.0,217652000.0,306362000.0,577754000.0,,1.597,5346133000.0,,,5346133000.0,385840000.0,173304000.0,35789000.0,0.024,2.882,774455000.0,947759000.0,1.091,947759000.0,774455000.0,561115000.0,9.582,9.417,9.582,3790111000.0,3383925250.0,3790111000.0,11407252696.0,15.0,12.036,-3075384000.0,-53.256,1.0,562194000.0,0.647,0.0,213340000.0,15644670000.0,12403356750.0,0.0,1569756000.0,,,6051418000.0,,,6948959696.0,-78345000.0,-315029000.0,449588000.0,925792000.0,-158040000.0,1715868000.0,-2195933000.0,-489204000.0,401720000.0,0.0,561115000.0,541239000.0,541239000.0,-370181000.0,16639000.0,0.623,237706000.0,324488000.0,233399000.0,0.301,1.833,12.839,12.542,8090300000.0,19876000.0,120.177,8.001,7.99,216345000.0,709474000.0,868556000.0,868556000.0,0.0,0.063,0.16,0.062,0.892,0.0,98380000.0,1.0,57822522.0,57746925.0,60641461.0,15.041,10516189000.0,0.0,0.0,0.0,182.108,
56,SLG,MRT,2007-06-30,2007-06-30,2007-06-30,2021-08-06,9287000.0,9452345000.0,6984290750.0,,,0.108,65.299,-3793360000.0,211547000.0,211547000.0,266230000.0,597875000.0,,1.326,4669840000.0,,,4669840000.0,42382000.0,144463000.0,39475000.0,0.022,2.779,751797000.0,896260000.0,1.19,896260000.0,751797000.0,581236000.0,10.57,10.333,10.57,3775940000.0,2900911250.0,3775940000.0,11698587681.0,16.0,13.053,-3421321000.0,-59.166,1.0,486663000.0,0.646,0.0,170561000.0,13910638000.0,9922080250.0,0.0,1500807000.0,,,5006527000.0,,,7360803681.0,66116000.0,-224437000.0,771861000.0,1048017000.0,-137994000.0,2187744000.0,-2493667000.0,-378297000.0,372039000.0,0.0,581236000.0,561360000.0,561360000.0,-385189000.0,16639000.0,0.746,200085000.0,286578000.0,212544000.0,0.263,1.949,13.112,12.063,7257911000.0,19876000.0,127.505,9.777,9.793,164340000.0,652356000.0,752893000.0,752893000.0,0.0,0.08,0.194,0.076,0.999,0.0,89985000.0,1.0,57729460.0,57825628.0,61480964.0,13.02,9452345000.0,0.0,0.0,0.0,163.463,
57,SLG,MRT,2007-03-31,2007-03-31,2007-03-31,2021-08-06,11568000.0,9625785000.0,5544192500.0,,,0.113,64.945,-3841067000.0,627951000.0,627951000.0,220580000.0,361054000.0,,1.509,4965735000.0,,,4965735000.0,44082000.0,106605000.0,39103000.0,0.019,2.676,473909000.0,580514000.0,0.929,580514000.0,473909000.0,344415000.0,6.659,6.494,6.659,3574767000.0,2331052250.0,3574767000.0,9579261817.0,20.0,16.501,-3513575000.0,-63.833,1.0,404142000.0,0.647,0.0,129494000.0,13963569000.0,7792189250.0,0.0,1432281000.0,,,5394598000.0,,,8116938817.0,479193000.0,-176037000.0,811873000.0,1341408000.0,-123227000.0,2538900000.0,-2387199000.0,-291737000.0,327492000.0,0.0,344415000.0,324539000.0,324539000.0,-142593000.0,16639000.0,0.519,162621000.0,241521000.0,234258000.0,0.402,2.271,25.011,21.202,6974383000.0,19876000.0,141.183,12.993,12.439,171245000.0,428213000.0,624722000.0,624722000.0,0.0,0.059,0.139,0.061,0.759,0.0,79111000.0,1.0,57492340.0,55042831.0,59202452.0,11.35,9625785000.0,0.0,0.0,0.0,174.878,
58,SLG,MRT,2006-12-31,2006-12-31,2006-12-31,2021-08-06,13971000.0,4632227000.0,4008379250.0,,,0.113,55.272,-421691000.0,369450000.0,369450000.0,185613000.0,237358000.0,,0.881,1831773000.0,,,1831773000.0,43721000.0,80230000.0,27913000.0,0.019,2.573,310113000.0,390343000.0,0.865,390343000.0,310113000.0,220719000.0,4.631,4.508,4.631,2394883000.0,1808615250.0,2394883000.0,7576547725.0,24.0,19.41,-196047000.0,-4.525,1.0,265409000.0,0.588,0.0,89394000.0,6094550000.0,5579473750.0,0.0,1131095000.0,,,2109451000.0,,,6083789725.0,93074000.0,-125044000.0,814726000.0,-70002000.0,-112071000.0,654342000.0,-786912000.0,-56057000.0,225644000.0,0.0,220719000.0,200844000.0,200844000.0,-141909000.0,16639000.0,0.445,120373000.0,145036000.0,196036000.0,0.556,2.54,30.291,29.509,2775723000.0,19875000.0,136.655,13.489,13.128,138302000.0,322219000.0,451022000.0,451022000.0,0.0,0.05,0.111,0.056,0.688,0.0,57850000.0,1.0,44519476.0,43328655.0,47120021.0,10.409,4632227000.0,0.0,0.0,0.0,106.909,
59,SLG,MRT,2006-09-30,2006-09-30,2006-09-30,2021-08-06,13060000.0,4226806000.0,3677766750.0,,,0.115,42.235,-375911000.0,403926000.0,403926000.0,174042000.0,212193000.0,,1.206,1896684000.0,,,1896684000.0,63358000.0,71762000.0,28368000.0,0.021,2.47,289097000.0,360859000.0,0.851,360859000.0,289097000.0,212193000.0,4.456,4.323,4.456,1858055000.0,1574754750.0,1858055000.0,6811655239.0,24.0,18.876,-214197000.0,-4.869,1.0,250183000.0,0.59,0.0,76904000.0,5719564000.0,5251695000.0,0.0,896598000.0,,,2239912000.0,,,5112533239.0,162251000.0,97019000.0,290411000.0,208653000.0,-109996000.0,426384000.0,-425847000.0,22841000.0,161714000.0,0.0,212193000.0,192317000.0,192317000.0,-118424000.0,0.0,0.453,108532000.0,141651000.0,146770000.0,0.554,2.752,26.584,25.799,2485279000.0,19876000.0,114.959,12.051,11.922,126842000.0,327744000.0,424225000.0,424225000.0,0.0,0.052,0.122,0.055,0.681,0.0,52037000.0,1.0,44472494.0,43993261.0,47819607.0,9.643,4226806000.0,0.0,0.0,0.0,96.078,
60,SLG,MRT,2006-06-30,2006-06-30,2006-06-30,2021-08-06,20009000.0,3691952000.0,3459147750.0,,,0.119,35.66,-437687000.0,75847000.0,75847000.0,166363000.0,130834000.0,,1.397,1774969000.0,,,1774969000.0,49045000.0,67295000.0,30075000.0,0.021,2.408,204932000.0,272227000.0,0.664,272227000.0,204932000.0,130834000.0,2.676,2.614,2.676,1496504000.0,1470119250.0,1496504000.0,6359644739.0,31.0,23.362,-271488000.0,-6.469,1.0,243872000.0,0.594,0.0,74098000.0,5391074000.0,5053001500.0,0.0,905407000.0,,,2090786000.0,,,4729469739.0,12206000.0,100235000.0,21689000.0,219860000.0,-104746000.0,151214000.0,-305207000.0,12058000.0,166199000.0,0.0,130834000.0,110958000.0,110958000.0,-22070000.0,0.0,0.27,104864000.0,139008000.0,133327000.0,0.9,3.16,42.624,42.102,2259251000.0,19876000.0,112.664,11.529,11.525,117006000.0,236520000.0,410235000.0,410235000.0,0.0,0.032,0.075,0.041,0.5,0.0,51626000.0,1.0,41978397.0,41966406.0,45571216.0,9.775,3691952000.0,0.0,0.0,0.0,87.974,
61,SLG,MRT,2006-03-31,2006-03-31,2006-03-31,2021-08-06,19750000.0,3482532000.0,3324871000.0,,,0.117,35.661,-559142000.0,80024000.0,80024000.0,160174000.0,158244000.0,,1.275,1710199000.0,,,1710199000.0,30759000.0,66020000.0,28218000.0,0.022,2.347,230293000.0,296313000.0,0.762,296313000.0,230293000.0,158244000.0,3.376,3.293,3.376,1485019000.0,1448302250.0,1485019000.0,5834909493.0,25.0,19.692,-414862000.0,-9.962,1.0,228477000.0,0.588,0.0,72049000.0,5112707000.0,4855665000.0,0.0,999318000.0,,,1893838000.0,,,4361251493.0,3746000.0,62723000.0,21833000.0,499451000.0,-95996000.0,438508000.0,-579042000.0,-126945000.0,144280000.0,0.0,158244000.0,138368000.0,138368000.0,-53677000.0,0.0,0.356,99911000.0,128566000.0,116956000.0,0.695,2.937,31.519,30.942,2112153000.0,19876000.0,104.462,11.222,11.193,107589000.0,233392000.0,388651000.0,388651000.0,0.0,0.042,0.096,0.047,0.593,0.0,48963000.0,1.0,41749723.0,41642847.0,45286523.0,9.333,3482532000.0,0.0,0.0,0.0,83.629,
62,SLG,MRT,2005-12-31,2005-12-31,2005-12-31,2021-08-06,15316000.0,3309777000.0,3187478500.0,,,0.116,35.94,-424780000.0,84854000.0,84854000.0,150570000.0,157419000.0,,1.2,1558512000.0,,,1558512000.0,25691000.0,65218000.0,24556000.0,0.029,2.285,229171000.0,294389000.0,0.798,294389000.0,229171000.0,157419000.0,3.386,3.293,3.386,1459441000.0,1420624500.0,1459441000.0,4791031801.0,21.0,16.274,-286382000.0,-7.052,1.0,218114000.0,0.592,0.0,71752000.0,4783435000.0,4626034250.0,0.0,943265000.0,,,1751275000.0,,,3218571801.0,-11691000.0,24817000.0,24184000.0,391876000.0,-94740000.0,315585000.0,-465674000.0,-73150000.0,138398000.0,0.0,157419000.0,137544000.0,137544000.0,-53564000.0,0.0,0.373,93113000.0,125001000.0,134805000.0,0.675,2.205,23.4,23.219,2003627000.0,19875000.0,78.619,8.73,8.659,106723000.0,235540000.0,368684000.0,368684000.0,0.0,0.043,0.097,0.05,0.622,0.0,44215000.0,1.0,40938809.0,40608043.0,44213825.0,9.079,3309777000.0,0.0,0.0,0.0,81.505,
63,SLG,MRT,2005-09-30,2005-09-30,2005-09-30,2021-08-06,13691000.0,3352330000.0,3048004500.0,,,0.13,35.339,-296873000.0,70408000.0,70408000.0,164283000.0,248111000.0,,1.265,1642868000.0,,,1642868000.0,25596000.0,59285000.0,23962000.0,0.032,2.223,322161000.0,381446000.0,0.96,381446000.0,322161000.0,248111000.0,5.784,5.599,5.784,1439513000.0,1392734250.0,1439513000.0,4305971210.0,13.0,11.289,-95862000.0,-2.353,1.0,232883000.0,0.586,0.0,74050000.0,4924790000.0,4387134000.0,0.0,1059909000.0,,,1821699000.0,,,2859088210.0,-39600000.0,-125143000.0,119264000.0,397386000.0,-96240000.0,311557000.0,-521674000.0,-94865000.0,201011000.0,0.0,248111000.0,228235000.0,228235000.0,-134334000.0,0.0,0.575,94464000.0,138419000.0,121684000.0,0.384,1.986,12.527,12.132,1977824000.0,19876000.0,70.17,7.199,7.197,99509000.0,240178000.0,397166000.0,397166000.0,0.0,0.075,0.164,0.073,0.811,0.0,41585000.0,1.0,40745446.0,40734357.0,44379005.0,9.75,3352330000.0,0.0,0.0,0.0,82.297,
64,SLG,MRT,2005-06-30,2005-06-30,2005-06-30,2021-08-06,6118000.0,3154845000.0,2857778250.0,,,0.129,34.706,-418499000.0,64114000.0,64114000.0,155775000.0,230962000.0,,1.184,1510997000.0,,,1510997000.0,16406000.0,55660000.0,23588000.0,0.033,2.182,300401000.0,356061000.0,0.969,356061000.0,300401000.0,230962000.0,5.403,5.208,5.403,1409236000.0,1343929500.0,1409236000.0,3957167587.0,13.0,11.114,-249144000.0,-6.136,1.0,211661000.0,0.576,0.0,69439000.0,4601728000.0,4073598750.0,0.0,1035198000.0,,,1668824000.0,,,2695945587.0,-63067000.0,-161406000.0,192980000.0,472673000.0,-94804000.0,503279000.0,-735701000.0,-132061000.0,169355000.0,0.0,230962000.0,211212000.0,211212000.0,-135347000.0,0.0,0.575,84882000.0,126779000.0,110924000.0,0.404,1.913,12.764,12.286,1857571000.0,19750000.0,66.382,7.337,7.336,92053000.0,225498000.0,367436000.0,367436000.0,0.0,0.074,0.157,0.074,0.818,0.0,33741000.0,1.0,40612518.0,40605128.0,44214797.0,9.049,3154845000.0,0.0,0.0,0.0,77.696,
65,SLG,MRT,2005-03-31,2005-03-31,2005-03-31,2021-08-06,15164000.0,2932962000.0,2633220500.0,,,0.132,34.246,-309502000.0,70199000.0,70199000.0,148251000.0,218354000.0,,1.079,1331421000.0,,,1331421000.0,19558000.0,52629000.0,21870000.0,0.037,2.141,282624000.0,335253000.0,0.963,335253000.0,282624000.0,218354000.0,5.228,5.022,5.228,1374308000.0,1274880250.0,1374308000.0,3414149715.0,12.0,10.184,-148216000.0,-3.693,1.0,199840000.0,0.574,0.0,64270000.0,4194184000.0,3694763250.0,0.0,954293000.0,,,1483395000.0,,,2338196715.0,-5604000.0,43178000.0,193528000.0,152808000.0,-94476000.0,246405000.0,-413295000.0,-100189000.0,161286000.0,0.0,218354000.0,200127000.0,200127000.0,-101516000.0,0.0,0.575,76176000.0,123664000.0,104778000.0,0.41,1.701,11.684,11.067,1665847000.0,18227000.0,57.861,6.717,6.671,84767000.0,191616000.0,348091000.0,348091000.0,0.0,0.076,0.157,0.076,0.812,-4900000.0,27614000.0,1.0,40410918.0,40130964.0,43879579.0,8.674,2932962000.0,0.0,0.0,0.0,73.085,
66,SLG,MRT,2004-12-31,2004-12-31,2004-12-31,2021-08-06,5647000.0,2751881000.0,2473950750.0,,,0.133,35.414,-199152000.0,92212000.0,92212000.0,141555000.0,209430000.0,,0.986,1168165000.0,,,1168165000.0,18648000.0,49481000.0,22056000.0,0.034,2.1,271066000.0,320547000.0,0.974,320547000.0,271066000.0,209430000.0,5.074,4.889,5.074,1347880000.0,1189419500.0,1347880000.0,3539141621.0,13.0,11.041,-34694000.0,-0.912,1.0,187450000.0,0.57,0.0,61636000.0,3827834000.0,3474696000.0,0.0,907116000.0,,,1328937000.0,,,2459917621.0,-2751000.0,65123000.0,260334000.0,-71073000.0,-85240000.0,101836000.0,-269045000.0,-132889000.0,164458000.0,0.0,209430000.0,193172000.0,193172000.0,-102647000.0,0.0,0.587,76485000.0,110965000.0,115574000.0,0.414,1.825,12.734,12.282,1579866000.0,16258000.0,62.317,7.477,7.209,81577000.0,191182000.0,329005000.0,329005000.0,0.0,0.078,0.162,0.078,0.824,0.0,30279000.0,1.0,39474345.0,38060385.0,41856609.0,8.644,2751881000.0,0.0,0.0,0.0,72.303,
67,SLG,MRT,2004-09-30,2004-09-30,2004-09-30,2021-08-06,2548000.0,2591425000.0,2351440750.0,,,0.139,32.514,-375635000.0,69237000.0,69237000.0,141486000.0,115134000.0,,1.039,1148461000.0,,,1148461000.0,13156000.0,47161000.0,20473000.0,0.039,2.058,171569000.0,218730000.0,0.671,218730000.0,171569000.0,115134000.0,2.779,2.666,2.779,1244294000.0,1090145000.0,1244294000.0,2837546589.0,17.0,12.973,-263177000.0,-6.877,1.0,184293000.0,0.566,0.0,56435000.0,3670649000.0,3344832250.0,0.0,875461000.0,,,1292834000.0,,,2007774589.0,39622000.0,-287334000.0,313756000.0,334907000.0,-79404000.0,656406000.0,-759736000.0,-159759000.0,112458000.0,0.0,115134000.0,103220000.0,103220000.0,-8157000.0,0.0,0.317,72409000.0,111884000.0,103907000.0,0.741,1.614,19.451,19.187,1336316000.0,11914000.0,53.322,6.163,6.264,80779000.0,101730000.0,325779000.0,325779000.0,0.0,0.044,0.095,0.051,0.527,-1847000.0,29091000.0,1.0,37653892.0,38269289.0,42088833.0,8.513,2591425000.0,0.0,0.0,0.0,67.716,
68,SLG,MRT,2004-06-30,2004-06-30,2004-06-30,2021-08-06,6337000.0,2256614000.0,2144871250.0,,,0.147,30.18,-71913000.0,106913000.0,106913000.0,139237000.0,111625000.0,,0.944,936685000.0,,,936685000.0,8599000.0,43002000.0,23182000.0,0.042,2.027,163675000.0,206677000.0,0.654,206677000.0,163675000.0,111625000.0,2.882,2.768,2.882,1133039000.0,975042500.0,1133039000.0,2825403259.0,17.0,13.671,49712000.0,1.324,1.0,176594000.0,0.559,0.0,52050000.0,3086386000.0,3040730750.0,0.0,766954000.0,,,1069335000.0,,,1807371259.0,48235000.0,-240859000.0,239861000.0,156706000.0,-75767000.0,373179000.0,-446569000.0,-140741000.0,121625000.0,0.0,111625000.0,102330000.0,102330000.0,-11119000.0,0.0,0.324,68115000.0,108479000.0,96734000.0,0.703,1.595,17.662,16.713,1194728000.0,9295000.0,48.166,5.723,5.725,85667000.0,101691000.0,315831000.0,315831000.0,0.0,0.048,0.105,0.054,0.518,-1232000.0,26511000.0,1.0,37524078.0,37542497.0,41252245.0,8.413,2256614000.0,0.0,0.0,0.0,60.108,
69,SLG,MRT,2004-03-31,2004-03-31,2004-03-31,2021-08-06,-3704000.0,2295883000.0,2012113500.0,,,0.153,27.979,-26495000.0,70161000.0,70161000.0,137630000.0,80767000.0,,1.173,1088193000.0,,,1088193000.0,8623000.0,42724000.0,22776000.0,0.041,1.997,130081000.0,172805000.0,0.562,172805000.0,130081000.0,80767000.0,2.182,2.11,2.182,1032465000.0,856533250.0,1032465000.0,2871791522.0,22.0,16.619,75330000.0,2.041,1.0,169841000.0,0.552,0.0,49314000.0,3313915000.0,2878711500.0,0.0,876540000.0,,,1210662000.0,,,1825253522.0,-2226000.0,-369211000.0,240931000.0,288250000.0,-71492000.0,450050000.0,-554101000.0,-161877000.0,101825000.0,0.0,80767000.0,72487000.0,72487000.0,-10183000.0,0.0,0.236,66174000.0,103667000.0,86282000.0,0.915,1.768,25.18,22.499,1190547000.0,8280000.0,49.092,5.936,5.892,82419000.0,75603000.0,307471000.0,307471000.0,0.0,0.036,0.085,0.045,0.423,4284000.0,24848000.0,1.0,37180338.0,36901210.0,40818890.0,8.332,2295883000.0,0.0,0.0,0.0,62.217,
70,SLG,MRT,2003-12-31,2003-12-31,2003-12-31,2021-08-06,-961000.0,2261841000.0,1877097500.0,,,0.15,30.328,15329000.0,98088000.0,98088000.0,125640000.0,98159000.0,,1.321,1144626000.0,,,1144626000.0,8526000.0,41628000.0,21968000.0,0.047,1.966,142563000.0,184191000.0,0.654,184191000.0,142563000.0,98159000.0,2.882,2.738,2.882,950782000.0,761703250.0,950782000.0,2164416826.0,15.0,11.751,111450000.0,3.555,1.0,156030000.0,0.554,0.0,44404000.0,3308379000.0,2668263750.0,0.0,809053000.0,,,1256268000.0,,,1475320826.0,-19474000.0,-364108000.0,163782000.0,309012000.0,-70868000.0,393645000.0,-509240000.0,-126688000.0,96121000.0,0.0,98159000.0,90447000.0,90447000.0,-31647000.0,0.0,0.321,54915000.0,101115000.0,77648000.0,0.682,1.552,16.311,14.659,1189663000.0,7712000.0,42.248,5.238,4.702,82906000.0,78966000.0,281670000.0,281670000.0,0.0,0.048,0.119,0.053,0.506,0.0,17131000.0,1.0,34920610.0,31350190.0,37865084.0,8.985,2261841000.0,0.0,0.0,0.0,72.148,
71,SLG,MRT,2003-09-30,2003-09-30,2003-09-30,2021-08-06,-5382000.0,1765147000.0,1679929750.0,,,0.152,25.801,87026000.0,124810000.0,124810000.0,114250000.0,95128000.0,,1.182,813906000.0,,,813906000.0,9267000.0,36258000.0,21110000.0,0.052,1.935,137050000.0,173308000.0,0.677,173308000.0,137050000.0,95128000.0,2.861,2.707,2.861,783884000.0,680669000.0,783884000.0,1921785358.0,14.0,11.089,174764000.0,5.752,1.0,141639000.0,0.554,0.0,41922000.0,2454243000.0,2329767750.0,0.0,373775000.0,,,926791000.0,,,1209059358.0,721000.0,32073000.0,7381000.0,-25450000.0,-69596000.0,-93786000.0,6769000.0,-26724000.0,87738000.0,0.0,95128000.0,85620000.0,85620000.0,-34316000.0,0.0,0.335,51251000.0,90388000.0,79955000.0,0.676,1.542,14.121,12.99,1126523000.0,9508000.0,37.164,4.725,4.413,82451000.0,75405000.0,255889000.0,255889000.0,0.0,0.051,0.126,0.059,0.536,2272000.0,12547000.0,1.0,32533340.0,30382430.0,38074959.0,8.422,1765147000.0,0.0,0.0,0.0,58.098,
72,SLG,MRT,2003-06-30,2003-06-30,2003-06-30,2021-08-06,-12702000.0,1725583000.0,1605441000.0,,,0.15,21.821,30061000.0,78645000.0,78645000.0,104457000.0,92923000.0,,1.366,791371000.0,,,791371000.0,6464000.0,36814000.0,20872000.0,0.053,1.904,132330000.0,169144000.0,0.703,169144000.0,132330000.0,92923000.0,2.799,2.655,2.799,659002000.0,640989250.0,659002000.0,1800300317.0,14.0,10.644,129176000.0,4.277,1.0,136315000.0,0.566,0.0,39407000.0,2438309000.0,2214799500.0,0.0,345270000.0,,,900433000.0,,,1083995317.0,-3676000.0,26002000.0,7783000.0,-80901000.0,-68440000.0,-146619000.0,43828000.0,15922000.0,99115000.0,0.0,92923000.0,83216000.0,83216000.0,-30641000.0,0.0,0.346,49527000.0,86788000.0,77820000.0,0.68,1.645,13.026,12.829,1129640000.0,9707000.0,35.908,4.502,4.504,73227000.0,70680000.0,240772000.0,240772000.0,0.0,0.052,0.13,0.06,0.55,1835000.0,12713000.0,1.0,30188042.0,30200732.0,37718365.0,7.972,1725583000.0,0.0,0.0,0.0,57.137,
73,SLG,MRT,2003-03-31,2003-03-31,2003-03-31,2021-08-06,-11375000.0,1755819000.0,1544013750.0,,,0.145,21.892,18476000.0,83654000.0,83654000.0,94331000.0,93048000.0,,1.432,799959000.0,,,799959000.0,27337000.0,34113000.0,20928000.0,0.06,1.873,129702000.0,163815000.0,0.73,163815000.0,129702000.0,93048000.0,2.82,2.676,2.82,653145000.0,632110500.0,653145000.0,1422839414.0,11.0,8.686,120709000.0,4.046,1.0,130009000.0,0.58,0.0,36654000.0,2472124000.0,2115470250.0,0.0,332031000.0,,,935513000.0,,,941614414.0,12190000.0,-69073000.0,8072000.0,29325000.0,-69719000.0,-37394000.0,-52649000.0,20776000.0,102233000.0,0.0,93048000.0,83349000.0,83349000.0,-31608000.0,0.0,0.372,47639000.0,82370000.0,69551000.0,0.664,1.442,11.297,11.153,1196389000.0,9699000.0,31.452,4.197,4.183,71357000.0,69528000.0,224340000.0,224340000.0,0.0,0.054,0.132,0.061,0.578,2214000.0,13266000.0,1.0,29938378.0,29835393.0,37099426.0,7.519,1755819000.0,0.0,0.0,0.0,58.85,
74,SLG,MRT,2002-12-31,2002-12-31,2002-12-31,2021-08-06,-10740000.0,1473170000.0,1447055250.0,,,0.149,21.33,-26675000.0,87102000.0,87102000.0,87762000.0,74331000.0,,1.101,568327000.0,,,568327000.0,3096000.0,32790000.0,20948000.0,0.057,1.842,109752000.0,142542000.0,0.662,142542000.0,109752000.0,74331000.0,2.202,2.151,2.202,626645000.0,623415000.0,626645000.0,1487152599.0,14.0,10.433,75273000.0,2.562,1.0,127479000.0,0.592,0.0,35421000.0,1954395000.0,1955237500.0,0.0,364263000.0,,,690086000.0,,,959974599.0,44827000.0,-71150000.0,6647000.0,57861000.0,-66592000.0,-4793000.0,-52328000.0,42610000.0,101948000.0,0.0,74331000.0,64641000.0,64641000.0,-13441000.0,0.0,0.3,46072000.0,81407000.0,73259000.0,0.837,1.532,14.851,14.769,849108000.0,9690000.0,32.522,4.46,4.439,67186000.0,50058000.0,215241000.0,215241000.0,0.0,0.045,0.104,0.056,0.51,1419000.0,13282000.0,1.0,29517609.0,29378719.0,36714654.0,7.326,1473170000.0,0.0,0.0,0.0,50.144,
75,SLG,MRT,2002-09-30,2002-09-30,2002-09-30,2021-08-06,-8279000.0,1467192000.0,1421657000.0,,,0.161,21.195,-26700000.0,45988000.0,45988000.0,93662000.0,71167000.0,,1.096,573166000.0,,,573166000.0,3777000.0,36213000.0,19420000.0,0.057,1.811,105228000.0,141441000.0,0.616,141441000.0,105228000.0,71167000.0,2.1,2.048,2.1,625165000.0,619980750.0,625165000.0,1493091506.0,14.0,10.556,74433000.0,2.523,1.0,135890000.0,0.592,0.0,34061000.0,1994370000.0,1927531250.0,0.0,414963000.0,,,685487000.0,,,931973506.0,7459000.0,-55809000.0,6066000.0,85989000.0,-64678000.0,25529000.0,-119203000.0,-39379000.0,101133000.0,0.0,71167000.0,61483000.0,61483000.0,-7920000.0,0.0,0.268,50235000.0,85655000.0,65094000.0,0.862,1.491,15.158,15.065,847640000.0,9684000.0,31.637,4.06,4.065,67890000.0,47460000.0,229552000.0,229552000.0,0.0,0.043,0.099,0.055,0.458,2621000.0,13762000.0,1.0,29458336.0,29496288.0,36738945.0,7.782,1467192000.0,0.0,0.0,0.0,49.742,
76,SLG,MRT,2002-06-30,2002-06-30,2002-06-30,2021-08-06,-4709000.0,1479874000.0,1391401750.0,,,0.164,21.248,-8452000.0,54977000.0,54977000.0,92520000.0,67078000.0,,1.122,616095000.0,,,616095000.0,2920000.0,35075000.0,19261000.0,0.048,1.76,101794000.0,136869000.0,0.599,136869000.0,101794000.0,67078000.0,1.986,1.945,1.986,623487000.0,616287000.0,623487000.0,1535522104.0,15.0,11.219,84671000.0,2.885,1.0,136024000.0,0.595,0.0,34716000.0,2040992000.0,1880863500.0,0.0,421551000.0,,,699269000.0,,,1072314104.0,-23256000.0,-81975000.0,155932000.0,-20732000.0,-60785000.0,69510000.0,-185889000.0,-95311000.0,93123000.0,0.0,67078000.0,57403000.0,57403000.0,-6991000.0,0.0,0.251,50562000.0,85462000.0,58371000.0,0.886,1.72,18.68,18.474,881975000.0,9675000.0,36.69,4.692,4.711,68109000.0,43861000.0,228544000.0,228544000.0,0.0,0.041,0.093,0.054,0.445,2443000.0,14718000.0,1.0,29226109.0,29343739.0,32242162.0,7.789,1479874000.0,0.0,0.0,0.0,50.432,
77,SLG,MRT,2002-03-31,2002-03-31,2002-03-31,2021-08-06,-1709000.0,1367985000.0,1351606500.0,,,0.175,21.219,-48636000.0,49555000.0,49555000.0,94310000.0,66925000.0,,0.956,512763000.0,,,512763000.0,1676000.0,35392000.0,19019000.0,0.049,1.708,105991000.0,141383000.0,0.596,141383000.0,105991000.0,66925000.0,2.1,2.038,2.1,618363000.0,576754750.0,618363000.0,1480232870.0,14.0,10.47,40090000.0,1.376,1.0,142791000.0,0.602,0.0,39066000.0,1831193000.0,1837091500.0,0.0,316889000.0,,,590974000.0,,,1008239870.0,4351000.0,6767000.0,155198000.0,-43127000.0,-54639000.0,54083000.0,-138458000.0,-96897000.0,88726000.0,0.0,66925000.0,57258000.0,57258000.0,-5366000.0,0.0,0.241,50930000.0,91861000.0,55228000.0,0.813,1.63,17.609,16.467,887133000.0,9667000.0,34.58,4.252,4.25,64987000.0,41598000.0,237101000.0,237101000.0,0.0,0.042,0.099,0.058,0.447,1448000.0,15029000.0,1.0,29156347.0,29141637.0,31972045.0,8.136,1367985000.0,0.0,0.0,0.0,46.943,
78,SLG,MRT,2001-12-31,2001-12-31,2001-12-31,2021-08-06,-2911000.0,1371577000.0,1370488500.0,,,0.176,23.369,-322707000.0,51617000.0,51617000.0,96675000.0,63001000.0,,0.981,523610000.0,,,523610000.0,1381000.0,35845000.0,18829000.0,0.052,1.657,106870000.0,142715000.0,0.593,142715000.0,106870000.0,63001000.0,2.038,1.997,2.038,612908000.0,535867750.0,612908000.0,1381559831.0,13.0,9.681,-242119000.0,-9.231,1.0,144093000.0,0.598,0.0,43869000.0,1843570000.0,1916951750.0,0.0,320318000.0,,,601008000.0,,,920031831.0,2400000.0,-3815000.0,153659000.0,246328000.0,-53062000.0,341873000.0,-420061000.0,-137345000.0,80588000.0,0.0,63001000.0,53343000.0,53343000.0,-6103000.0,0.0,0.222,51219000.0,92874000.0,53475000.0,0.813,1.501,17.247,15.508,883599000.0,9658000.0,31.606,3.821,3.443,64146000.0,39684000.0,240768000.0,240768000.0,0.0,0.039,0.1,0.056,0.444,1627000.0,15374000.0,1.0,29109286.0,26227667.0,28962854.0,9.18,1371577000.0,0.0,0.0,0.0,52.295,
79,SLG,MRT,2001-09-30,2001-09-30,2001-09-30,2021-08-06,-4500000.0,1346171000.0,1317882750.0,,,0.185,22.034,-255131000.0,43095000.0,43095000.0,98025000.0,75388000.0,,0.947,504623000.0,,,504623000.0,1363000.0,34198000.0,18903000.0,0.05,1.606,121724000.0,155922000.0,0.64,155922000.0,121724000.0,75388000.0,2.676,2.511,2.676,610390000.0,496409000.0,610390000.0,1486510600.0,12.0,9.534,-184415000.0,-6.657,1.0,145643000.0,0.598,0.0,46336000.0,1807699000.0,1840948500.0,0.0,309520000.0,,,578190000.0,,,941299600.0,-8073000.0,-23391000.0,154299000.0,214234000.0,-50300000.0,311291000.0,-390080000.0,-104597000.0,70716000.0,0.0,75388000.0,65739000.0,65739000.0,-3376000.0,0.0,0.27,49082000.0,96561000.0,49528000.0,0.6,1.542,14.319,12.122,880225000.0,9649000.0,32.44,3.863,3.688,14112000.0,40116000.0,243668000.0,243668000.0,0.0,0.05,0.132,0.066,0.5,1632000.0,14375000.0,1.0,29016844.0,27702628.0,30483481.0,8.796,1346171000.0,0.0,0.0,0.0,48.594,
80,SLG,MRT,2001-06-30,2001-06-30,2001-06-30,2021-08-06,-1896000.0,1320693000.0,1269769500.0,,,0.193,19.385,-289658000.0,81258000.0,81258000.0,98754000.0,78439000.0,,1.506,626469000.0,,,626469000.0,1587000.0,34215000.0,20776000.0,0.05,1.575,125749000.0,159964000.0,0.654,159964000.0,125749000.0,78439000.0,2.882,2.696,2.882,465358000.0,453205000.0,465358000.0,1455934491.0,12.0,9.102,-220739000.0,-9.195,1.0,145993000.0,0.597,0.0,47310000.0,1865904000.0,1787127750.0,0.0,230259000.0,,,700787000.0,,,748813491.0,28425000.0,-2433000.0,4874000.0,326567000.0,-49486000.0,277677000.0,-318171000.0,-20582000.0,68919000.0,0.0,78439000.0,68797000.0,68797000.0,-2590000.0,0.0,0.281,47014000.0,98979000.0,47584000.0,0.546,1.609,10.884,10.824,891839000.0,9642000.0,31.194,3.06,3.06,8991000.0,38787000.0,244747000.0,244747000.0,0.0,0.054,0.152,0.07,0.514,845000.0,12799000.0,1.0,24004698.0,24005511.0,31270515.0,10.195,1320693000.0,0.0,0.0,0.0,55.016,
81,SLG,MRT,2001-03-31,2001-03-31,2001-03-31,2021-08-06,-2409000.0,1443513000.0,1229806750.0,,,0.191,18.998,-243303000.0,51523000.0,51523000.0,97211000.0,75889000.0,,1.835,758644000.0,,,758644000.0,2073000.0,33429000.0,20137000.0,0.055,1.544,120081000.0,153510000.0,0.654,153510000.0,120081000.0,75889000.0,2.779,2.624,2.779,454815000.0,443717250.0,454815000.0,1052131106.0,9.0,6.854,-189996000.0,-7.936,1.0,137554000.0,0.586,0.0,44192000.0,2150634000.0,1726054250.0,0.0,172574000.0,,,834748000.0,,,673728106.0,-2069000.0,4967000.0,4602000.0,266726000.0,-48688000.0,213759000.0,-269135000.0,-23044000.0,53307000.0,0.0,75889000.0,66255000.0,66255000.0,-2590000.0,0.0,0.282,45750000.0,91804000.0,48380000.0,0.556,1.481,10.169,10.166,1104997000.0,9634000.0,28.251,2.87,2.881,9986000.0,32894000.0,234765000.0,234765000.0,0.0,0.054,0.149,0.07,0.511,1632000.0,12321000.0,1.0,23847938.0,23940410.0,26626043.0,9.806,1443513000.0,0.0,0.0,0.0,60.296,
82,SLG,MRT,2000-12-31,2000-12-31,2000-12-31,2021-08-06,0.0,1161154000.0,1149912000.0,,,0.194,19.216,65610000.0,97616000.0,97616000.0,93754000.0,86217000.0,,1.213,476019000.0,,,476019000.0,1112000.0,31525000.0,19014000.0,0.053,1.513,126004000.0,157529000.0,0.708,157529000.0,126004000.0,86217000.0,3.232,3.015,3.232,455073000.0,435021250.0,455073000.0,1124162388.0,9.0,7.136,119416000.0,5.042,1.0,128777000.0,0.579,0.0,39787000.0,1539557000.0,1579440250.0,0.0,122697000.0,,,551981000.0,,,685464388.0,-10768000.0,-26385000.0,4361000.0,25309000.0,-47942000.0,-25875000.0,-38699000.0,-27769000.0,53806000.0,0.0,86217000.0,76591000.0,76591000.0,-2590000.0,0.0,0.344,43086000.0,85691000.0,50654000.0,0.468,1.506,8.95,8.916,828273000.0,9626000.0,28.817,3.08,3.067,54313000.0,31166000.0,222531000.0,222531000.0,0.0,0.067,0.176,0.08,0.566,1632000.0,11561000.0,1.0,23786765.0,23681952.0,30915864.0,9.397,1161154000.0,0.0,0.0,0.0,49.031,
83,SLG,MRT,2000-09-30,2000-09-30,2000-09-30,2021-08-06,0.0,1153718000.0,1127434000.0,,,0.2,18.413,-33534000.0,48647000.0,48647000.0,96198000.0,68817000.0,,1.288,487345000.0,,,487345000.0,1444000.0,32074000.0,18951000.0,0.051,1.482,108218000.0,140292000.0,0.621,140292000.0,108218000.0,69087000.0,2.491,2.398,2.491,437574000.0,422779000.0,437574000.0,1145339065.0,11.0,8.164,17998000.0,0.757,1.0,129818000.0,0.574,0.0,39131000.0,1592416000.0,1561106750.0,0.0,117478000.0,,,563724000.0,,,684571065.0,5655000.0,-29907000.0,3805000.0,74209000.0,-47539000.0,24161000.0,-70038000.0,-6597000.0,51532000.0,0.0,69087000.0,59466000.0,59466000.0,0.0,-270000.0,0.263,43127000.0,86691000.0,50082000.0,0.595,1.564,11.512,11.593,862021000.0,9621000.0,28.879,3.029,3.036,10096000.0,14633000.0,226016000.0,226016000.0,0.0,0.053,0.141,0.069,0.479,0.0,11053000.0,1.0,23704969.0,23764542.0,31091732.0,9.511,1153718000.0,0.0,0.0,0.0,48.548,
84,SLG,MRT,2000-06-30,2000-06-30,2000-06-30,2021-08-06,0.0,1160842000.0,1096564750.0,,,0.2,18.095,-18891000.0,46443000.0,46443000.0,95432000.0,60891000.0,,1.358,507211000.0,,,507211000.0,1838000.0,31662000.0,18104000.0,0.054,1.472,97366000.0,129028000.0,0.587,129028000.0,97366000.0,61161000.0,2.161,2.1,2.161,427407000.0,414770750.0,427407000.0,1088236990.0,11.0,8.434,31719000.0,1.343,1.0,124362000.0,0.566,0.0,36205000.0,1621610000.0,1514762000.0,0.0,148339000.0,,,580330000.0,,,647992990.0,5249000.0,-51920000.0,2852000.0,110832000.0,-47152000.0,60380000.0,-105741000.0,-34930000.0,50610000.0,0.0,61161000.0,51548000.0,51548000.0,0.0,-270000.0,0.235,42943000.0,81419000.0,51354000.0,0.681,1.516,12.571,12.73,857582000.0,9613000.0,27.51,2.948,2.956,7632000.0,7565000.0,219794000.0,219794000.0,0.0,0.047,0.124,0.064,0.443,787000.0,11492000.0,1.0,23554824.0,23619767.0,30843962.0,9.306,1160842000.0,0.0,0.0,0.0,49.147,
85,SLG,MRT,2000-03-31,2000-03-31,2000-03-31,2021-08-06,0.0,1123934000.0,1064254500.0,,,0.201,17.848,-121829000.0,48860000.0,48860000.0,93563000.0,56272000.0,,1.312,489104000.0,,,489104000.0,1480000.0,29638000.0,17510000.0,0.06,1.461,89405000.0,119043000.0,0.556,119043000.0,89405000.0,56542000.0,1.976,1.914,1.976,420031000.0,409234250.0,420031000.0,970443429.0,11.0,8.152,-69676000.0,-2.961,1.0,120546000.0,0.563,0.0,32863000.0,1564178000.0,1462300500.0,0.0,133396000.0,,,551019000.0,,,575462429.0,-11264000.0,-51783000.0,380000.0,200518000.0,-46810000.0,149449000.0,-212866000.0,-39254000.0,52153000.0,0.0,56542000.0,46937000.0,46937000.0,0.0,-270000.0,0.219,40711000.0,79835000.0,39767000.0,0.739,1.37,12.26,12.37,852796000.0,9605000.0,24.443,2.688,2.687,5525000.0,3418000.0,214109000.0,214109000.0,0.0,0.044,0.115,0.061,0.418,0.0,11073000.0,1.0,23543004.0,23533290.0,30637002.0,9.098,1123934000.0,0.0,0.0,0.0,47.759,
86,SLG,MRT,1999-12-31,1999-12-31,1999-12-31,2021-08-06,0.0,1071242000.0,1013347750.0,,,0.203,17.277,-223240000.0,55729000.0,55729000.0,91366000.0,42856000.0,,1.264,450710000.0,,,450710000.0,306000.0,27260000.0,18905000.0,0.065,1.451,71736000.0,98996000.0,0.481,98996000.0,71736000.0,43126000.0,1.41,1.41,1.41,406104000.0,405456750.0,406104000.0,903225018.0,13.0,9.124,-175227000.0,-7.455,1.0,114651000.0,0.557,0.0,28610000.0,1466223000.0,1367360750.0,0.0,48419000.0,,,513296000.0,,,526429018.0,15325000.0,-11839000.0,0.0,249607000.0,-46389000.0,195990000.0,-228678000.0,6401000.0,48013000.0,0.0,43126000.0,33528000.0,33528000.0,0.0,-270000.0,0.163,38182000.0,76469000.0,40725000.0,1.029,1.296,15.701,15.876,877718000.0,9598000.0,22.385,2.555,2.554,6210000.0,-9422000.0,206017000.0,206017000.0,0.0,0.033,0.083,0.052,0.348,0.0,10922000.0,1.0,23517387.0,23506084.0,25923542.0,8.764,1071242000.0,0.0,0.0,0.0,45.573,
87,SLG,MRT,1999-09-30,1999-09-30,1999-09-30,2021-08-06,0.0,1030241000.0,939986250.0,,,0.204,17.247,-190812000.0,36340000.0,36340000.0,87059000.0,41117000.0,,1.156,413136000.0,,,413136000.0,0.0,24395000.0,18481000.0,0.068,1.441,64134000.0,88529000.0,0.462,88529000.0,64134000.0,41117000.0,1.338,1.338,1.338,405541000.0,405137250.0,405541000.0,876095433.0,14.0,9.896,-147148000.0,-6.258,1.0,104391000.0,0.545,0.0,23017000.0,1407037000.0,1233262000.0,0.0,68321000.0,,,468894000.0,,,495932433.0,7433000.0,-13535000.0,-893000.0,240891000.0,-46354000.0,182616000.0,-218847000.0,-14500000.0,43664000.0,0.0,41117000.0,31574000.0,31574000.0,0.0,0.0,0.165,35837000.0,68554000.0,34936000.0,1.077,1.223,15.707,15.768,841877000.0,9543000.0,21.098,2.59,2.591,42935000.0,-9290000.0,191450000.0,191450000.0,0.0,0.034,0.078,0.052,0.335,0.0,10201000.0,1.0,23505915.0,23513857.0,25948805.0,8.142,1030241000.0,0.0,0.0,0.0,43.814,
88,SLG,MRT,1999-06-30,1999-06-30,1999-06-30,2021-08-06,0.0,1031601000.0,870908250.0,,,0.203,17.241,-284463000.0,37016000.0,37016000.0,82713000.0,40901000.0,,1.161,417179000.0,,,417179000.0,0.0,20577000.0,16847000.0,0.069,1.441,58565000.0,79142000.0,0.448,79142000.0,58565000.0,40901000.0,1.338,1.338,1.338,405261000.0,405256500.0,405261000.0,758592923.0,13.0,9.585,-256021000.0,-10.892,1.0,93835000.0,0.531,0.0,17664000.0,1411764000.0,1101874250.0,0.0,45615000.0,,,470545000.0,,,494480923.0,-28410000.0,-2141000.0,-1055000.0,305706000.0,-45021000.0,248884000.0,-305736000.0,-19132000.0,28442000.0,0.0,40901000.0,31324000.0,31324000.0,0.0,0.0,0.177,30821000.0,63014000.0,34165000.0,1.077,1.22,15.786,15.722,866305000.0,9577000.0,21.036,2.801,2.801,35997000.0,-8894000.0,176548000.0,176548000.0,0.0,0.036,0.077,0.053,0.332,0.0,8793000.0,1.0,23505915.0,23506084.0,25931315.0,7.511,1031601000.0,0.0,0.0,0.0,43.887,
89,SLG,MRT,1999-03-31,1999-03-31,1999-03-31,2021-08-06,0.0,920307000.0,781109500.0,,,0.204,17.226,-260689000.0,45274000.0,45274000.0,78193000.0,35975000.0,,0.89,309386000.0,,,309386000.0,0.0,18149000.0,17805000.0,0.074,1.441,50805000.0,68954000.0,0.433,68954000.0,50805000.0,35975000.0,1.235,1.235,1.235,404921000.0,405578000.0,404921000.0,607080247.0,12.0,8.804,-234966000.0,-9.996,1.0,81209000.0,0.509,0.0,14830000.0,1184419000.0,918974000.0,0.0,35650000.0,,,360388000.0,,,455048247.0,10786000.0,-6801000.0,242055000.0,-42465000.0,-38541000.0,263454000.0,-278391000.0,-10901000.0,25723000.0,0.0,35975000.0,27606000.0,27606000.0,0.0,0.0,0.173,26755000.0,54454000.0,31486000.0,1.167,1.124,16.484,15.675,772507000.0,8369000.0,19.359,2.855,2.855,32149000.0,-8811000.0,159402000.0,159402000.0,0.0,0.035,0.068,0.055,0.319,0.0,7366000.0,1.0,23505915.0,23506084.0,25907996.0,6.781,920307000.0,0.0,0.0,0.0,39.152,
90,SLG,MRT,1998-12-31,1998-12-31,1998-12-31,2021-08-06,0.0,777796000.0,690121250.0,,,0.195,21.176,-357243000.0,24871000.0,24871000.0,66431000.0,29452000.0,,0.547,176903000.0,,,176903000.0,0.0,15404000.0,16949000.0,0.065,1.441,42538000.0,57942000.0,0.431,57942000.0,42538000.0,29452000.0,1.225,1.225,1.225,404826000.0,348180500.0,404826000.0,645395478.0,15.0,11.139,-334578000.0,-17.501,1.0,68121000.0,0.506,0.0,13086000.0,929828000.0,832678750.0,0.0,37095000.0,,,221529000.0,,,517838478.0,-6546000.0,-8449000.0,242055000.0,33593000.0,-32144000.0,347382000.0,-376593000.0,-10901000.0,22665000.0,0.0,29452000.0,23482000.0,23482000.0,0.0,0.0,0.175,22405000.0,45716000.0,27183000.0,1.176,1.279,22.053,18.164,659744000.0,5970000.0,22.251,3.849,3.161,4196000.0,-8559000.0,134552000.0,134552000.0,0.0,0.034,0.067,0.051,0.316,0.0,5760000.0,1.0,23272720.0,19117155.0,21517123.0,7.038,777796000.0,0.0,0.0,0.0,40.686,
91,SLG,MRT,1998-09-30,1998-09-30,1998-09-30,2021-08-06,0.0,753929000.0,591366000.0,,,0.176,17.468,-420254000.0,20488000.0,20488000.0,53790000.0,22182000.0,,0.484,148045000.0,,,148045000.0,0.0,12683000.0,17666000.0,0.074,1.606,32801000.0,45484000.0,0.436,45484000.0,32801000.0,22182000.0,,,,406018000.0,291026000.0,406018000.0,507395531.0,15.0,11.155,-397567000.0,-17.104,1.0,50544000.0,0.484,0.0,10619000.0,881486000.0,725970000.0,0.0,33970000.0,,,196355000.0,,,499638531.0,-14387000.0,-6159000.0,242948000.0,87360000.0,-22906000.0,400240000.0,-437314000.0,-10901000.0,22687000.0,0.0,22182000.0,18558000.0,18558000.0,0.0,0.0,0.178,14712000.0,35832000.0,30263000.0,,1.231,26.923,,656060000.0,3624000.0,21.613,4.789,4.815,23081000.0,-7085000.0,104334000.0,104334000.0,0.0,0.031,0.064,0.045,0.314,0.0,2629000.0,1.0,23117728.0,23243740.0,,4.489,753929000.0,0.0,0.0,0.0,32.436,
92,SLG,MRT,1998-06-30,1998-06-30,1998-06-30,2021-08-06,0.0,672406000.0,,,,,22.792,-454923000.0,58715000.0,58715000.0,35869000.0,12108000.0,,0.284,66472000.0,,,66472000.0,0.0,8860000.0,16140000.0,0.054,1.245,20901000.0,29761000.0,0.415,29761000.0,20901000.0,12108000.0,,,,406547000.0,,406547000.0,559460997.0,27.0,18.798,-438665000.0,-24.592,1.0,35864000.0,0.5,0.0,8793000.0,680163000.0,,0.0,23201000.0,,,115389000.0,,,276576997.0,37908000.0,-61000.0,471814000.0,-63437000.0,-12621000.0,482903000.0,-461253000.0,-6269000.0,16258000.0,0.0,12108000.0,10917000.0,10917000.0,0.0,0.0,0.152,10355000.0,25509000.0,32414000.0,,0.68,25.335,,554260000.0,1191000.0,23.157,3.856,5.758,20639000.0,-6468000.0,71733000.0,71733000.0,0.0,,,,0.291,0.0,1495000.0,1.0,11943787.0,17837496.0,,4.021,672406000.0,0.0,0.0,0.0,37.696,
93,SLG,MRT,1998-03-31,1998-03-31,1998-03-31,2021-08-06,0.0,556354000.0,,,,,14.68,-385937000.0,23966000.0,23966000.0,19653000.0,6659000.0,,1.98,306850000.0,,,306850000.0,0.0,5237000.0,15452000.0,0.034,0.885,11943000.0,17180000.0,0.415,17180000.0,11943000.0,6659000.0,,,,175331000.0,,175331000.0,399472469.0,33.0,23.252,-371130000.0,-31.074,1.0,21780000.0,0.526,0.0,5284000.0,839238000.0,,0.0,17023000.0,,,347159000.0,,,314191469.0,10307000.0,0.0,228704000.0,183843000.0,-7484000.0,381437000.0,-385937000.0,0.0,14807000.0,0.0,6659000.0,6659000.0,6659000.0,0.0,0.0,0.161,6327000.0,15453000.0,23841000.0,,1.792,47.183,,481590000.0,0.0,26.306,7.583,7.583,17630000.0,-2800000.0,41433000.0,41433000.0,0.0,,,,0.288,0.0,1090000.0,1.0,11943787.0,11943485.0,,3.469,556354000.0,0.0,0.0,0.0,46.582,
94,SLG,MRT,1997-12-31,1997-12-31,1997-12-31,2021-08-06,0.0,382775000.0,,,,,14.753,-217165000.0,23092000.0,23092000.0,10575000.0,3685000.0,,0.98,143310000.0,,,143310000.0,0.0,2815000.0,11475000.0,0.02,0.525,5820000.0,8635000.0,0.372,8635000.0,5820000.0,3685000.0,0.309,0.309,0.309,176208000.0,,176208000.0,,,,-211452000.0,-17.704,1.0,12632000.0,0.544,0.0,2135000.0,502993000.0,,0.0,18226000.0,,,172661000.0,,,318862547.0,12782000.0,0.0,228704000.0,20236000.0,-2348000.0,224234000.0,-217165000.0,0.0,5713000.0,0.0,3685000.0,3685000.0,3685000.0,0.0,0.0,0.159,3763000.0,8869000.0,17324000.0,1.699,1.81,86.53,86.398,315018000.0,0.0,26.697,13.74,13.74,1463000.0,-2584000.0,23207000.0,23207000.0,0.0,,,,0.251,0.0,948000.0,1.0,11943787.0,11943485.0,12052309.0,1.943,382775000.0,0.0,0.0,0.0,32.049,
95,SLG,MRT,1997-09-30,1997-09-30,1997-09-30,2021-08-06,,,,,,,,,,,,,,,,,,,,,,0.0,0.0,,,,,,,,,,,,,,,,,,1.0,,,,,,,,,,,,,,,,,,,,,,,,,,,,,,,,,,,,,,,,26.635,,,,,,,,,,,,,,1.0,,11943485.0,,,,,,,,
96,SLG,MRT,1997-06-30,1997-06-30,1997-06-30,2021-08-06,,,,,,,,,,,,,,,,,,,,,,,0.0,,,,,,,,,,,,,,,,,,1.0,,,,,,,,,,,,,,,,,,,,,,,,,,,,,,,,,,,,,,,,,,,,,,,,,,,,,,1.0,,,,,,,,,,
97,SLG,MRT,1997-03-31,1997-03-31,1997-03-31,2021-08-06,,,,,,,,,,,,,,,,,,,,,,,0.0,,,,,,,,,,,,,,,,,,1.0,,,,,,,,,,,,,,,,,,,,,,,,,,,,,,,,,,,,,,,,,,,,,,,,,,,,,,1.0,,,,,,,,,,
98,SLG,MRT,1996-12-31,1997-01-01,1997-01-01,2021-08-06,,,,,,,,-10725000.0,,,3900000.0,8253000.0,,,,,,,,975000.0,,,0.0,9610000.0,10585000.0,1.04,10585000.0,9610000.0,8253000.0,,,,,,,,,,-10453000.0,,1.0,6282000.0,0.617,,1357000.0,,,,,,,,,,,-143000.0,0.0,0.0,9770000.0,0.0,11960000.0,-12375000.0,-1650000.0,272000.0,0.0,8253000.0,8253000.0,8253000.0,0.0,0.0,0.811,4225000.0,2057000.0,,,,,,,0.0,,,,,,10182000.0,10182000.0,0.0,,,,0.944,0.0,3250000.0,1.0,,,,,,,0.0,,,
99,SLG,MRT,1995-12-31,1995-12-31,1995-12-31,2021-08-06,,,,,,,,-690000.0,,,2878000.0,-3153000.0,,,,,,,,3768000.0,,,0.0,4632000.0,8400000.0,0.468,8400000.0,4632000.0,-3153000.0,,,,,,,,,,859000.0,,1.0,15074000.0,0.84,,7785000.0,,,,,,,,,,,985000.0,0.0,0.0,1000.0,0.0,126000.0,-690000.0,0.0,1549000.0,0.0,-3153000.0,-3153000.0,-3153000.0,0.0,0.0,-0.176,10442000.0,4632000.0,,,,,,,0.0,,,,,,17952000.0,17952000.0,0.0,,,,0.258,0.0,0.0,1.0,,,,,,,0.0,,,
